1106 1753
813 113 30 21 88

92 179 33 19 tet
140 178 46 20 kan
202 177 104 29 beviljas.
338 178 44 21 För
399 178 103 28 stämpel,
519 185 48 14 som
583 178 126 28 begagnats
726 177 32 21 till
775 179 68 19 rätte-

93 213 186 28 gångsfullmakt,
290 214 83 28 inlaga,
384 214 64 21 bevis
460 214 53 21 eller
525 221 73 14 annan
611 214 67 21 skrift
690 213 26 22 af
724 213 120 21 enahanda

93 248 165 27 beskaffenhet,
274 251 37 19 må
326 249 80 29 utbyte
423 250 59 21 dock
498 250 49 21 icke
563 250 90 20 tillåtas.

165 285 52 21 Den
232 286 139 20 lånsökande
383 286 7 20 i
401 285 109 22 Finlands
522 285 227 29 Hypoteksförening
760 291 83 22 genom

94 320 151 22 cirkulärbref
260 321 25 21 af
299 321 44 21 den
361 324 26 19 19
403 321 55 22 Juni
477 323 57 20 1860
550 321 95 28 tillagda
660 321 89 21 förmån
764 322 39 24 att,
816 320 29 22 då

95 356 25 21 af
140 357 84 21 honom
248 356 112 29 utgifven,
376 356 35 21 till
426 356 136 29 föreningen
578 357 58 21 stäld
654 357 137 25 skuldsedel,
808 356 37 21 för

94 392 92 21 hvilken
210 392 132 29 inteckning
366 392 76 22 blifvit
462 393 127 25 meddelad,
611 392 25 22 af
655 400 28 13 en
699 392 54 21 eller
769 399 76 14 annan

95 429 66 20 orsak
178 428 128 21 sedermera
321 429 49 20 icke
387 429 133 28 begagnats,
535 429 72 21 återfå
618 429 44 20 den
674 428 92 29 erlagda
776 430 69 20 stäm-

94 464 143 29 pelafgiften,
258 465 102 21 kommer
380 465 36 21 för
435 465 123 21 framtiden
575 467 33 18 att
623 464 130 22 bibehållas.
784 464 61 21 Ena-

95 500 75 21 handa
186 500 90 21 förmån
294 500 146 22 tillerkännes
454 499 86 30 jemväl
556 501 139 21 lånsökande
711 500 7 21 i
733 499 112 22 Finlands

94 536 67 21 Bank
178 537 42 21 och
236 536 111 22 Finlands
364 537 145 21 Statskontor
520 539 58 19 samt
589 537 71 21 andra
671 536 113 21 allmänna
794 536 51 21 kas-

96 580 43 18 sor,
156 572 28 22 då
201 572 38 22 det
254 572 45 26 lån,
315 572 71 22 hvarå
401 572 130 22 skuldsedel
547 572 120 26 utfärdats,
684 572 127 22 sedermera
823 571 26 22 af

96 616 28 14 en
140 608 54 22 eller
211 616 75 14 annan
303 608 129 28 anledning,
449 608 94 22 oaktadt
559 608 132 28 inteckning
708 608 76 22 därför
794 607 51 23 blif-

96 644 33 21 vit
144 644 128 26 meddelad,
289 644 49 21 icke
356 643 112 29 beviljats.
486 644 86 22 Sådant
582 644 142 22 förhållande
734 644 41 22 bör
787 644 59 21 dock

96 680 39 22 vid
156 680 80 27 hvarje
256 680 89 21 tillfälle
366 688 56 13 vara
438 680 123 29 behörigen
581 681 80 28 styrkt,
678 682 58 20 samt
752 680 95 22 ärendet

96 715 35 22 till
146 715 172 22 vederbörande
334 715 131 23 Guvernörs
482 716 125 28 afgörande
623 715 158 22 öfverlemnas.

426 841 20 21 V
462 845 58 18 KAP.

98 907 36 23 Om
155 906 113 30 påföljden
290 907 40 23 och
351 907 109 23 ansvaret
479 907 37 23 för
537 906 180 24 ötverträdelser
733 906 27 23 af
774 906 73 23 denna

167 942 130 29 förordning
314 944 59 22 samt
389 949 34 17 om
440 943 52 29 laga
508 943 93 23 domstol
618 943 6 22 i
641 943 68 22 dessa
726 942 48 23 mål.

441 1006 29 19 28
487 1003 19 28 &.

169 1052 103 21 Embets-
294 1052 42 21 och
352 1050 146 29 tjensteman,
514 1058 48 15 som
579 1051 38 21 vid
634 1050 102 22 skrifters
754 1052 93 19 emotta-

98 1087 81 28 gande,
201 1087 74 21 ehvad
292 1087 66 21 dessa
374 1087 128 21 sedermera
518 1087 107 21 insändas
641 1086 33 21 till
692 1093 75 14 annan
783 1093 64 21 myn-

98 1123 79 28 dighet
193 1123 54 21 eller
262 1123 57 26 icke,
331 1123 53 21 eller
395 1123 39 21 vid
446 1123 168 28 expeditioners
624 1122 137 21 utfärdande
772 1122 76 21 urakt-

98 1159 56 21 låter
177 1159 67 25 tillse,
264 1161 34 19 att
319 1159 115 21 desamma
456 1161 38 19 äro
511 1159 52 21 med
579 1158 95 28 behörig
690 1157 96 29 stämpel
803 1157 46 22 för-

99 1195 77 24 sedda,
198 1194 54 21 eller
275 1194 137 22 försummar
436 1197 34 18 att
485 1194 133 21 vidhäftade
634 1193 192 29 stämpelmärken
842 1193 7 21 i

98 1230 153 22 föreskrifven
267 1231 97 28 ordning
380 1230 122 26 makulera,
520 1231 52 21 böte
582 1229 79 29 hvarje
672 1232 60 26 gång
743 1230 44 21 han
800 1229 49 21 där-

98 1267 52 20 med
166 1266 106 22 beträdes
291 1266 67 29 tjugu
374 1267 64 21 mark
455 1267 42 20 och
512 1273 54 14 vare
583 1265 109 29 därjemte
708 1265 92 28 skyldig
816 1267 34 19 att

99 1304 85 20 ersätta
200 1303 29 21 all
246 1303 44 21 den
306 1303 82 21 förlust
403 1303 89 21 kronan
508 1304 30 27 på
549 1303 80 20 sådant
640 1304 45 19 sätt
695 1301 153 29 tillskyndats.

441 1383 29 20 29
487 1381 19 28 8.

171 1429 111 22 Beträdes
298 1428 120 29 försäljare
434 1430 53 20 med
502 1428 157 22 försummelse
670 1428 53 22 eller
734 1428 62 21 visar
805 1428 46 20 han

100 1465 98 28 ogenhet
207 1465 53 23 eller
270 1465 62 22 beter
343 1464 35 29 sig
388 1464 152 29 otillständigt
548 1467 60 19 emot
617 1464 157 25 allmänheten,
781 1463 70 22 varde
