1106 1753
260 119 28 19 20
461 117 24 23 U.
502 117 23 23 B.
541 129 29 3 —
587 117 64 28 Prop.
669 117 37 23 N:o
723 117 30 23 18.

230 181 43 22 och
298 182 14 22 å
334 181 46 23 den
404 182 75 23 andra
503 182 67 23 sidan
595 183 8 21 i
625 189 29 16 en
678 181 97 25 framtid
798 181 65 23 torde
887 181 96 24 komma

230 218 35 22 att
290 217 122 23 fortsättas
439 217 54 23 med
523 225 30 16 en
590 218 62 23 bana
682 218 34 23 till
743 218 125 24 Bottniska
898 217 84 23 vikens

230 253 62 27 kust,
309 253 36 23 för
373 253 96 23 hvilken
499 254 52 23 icke
579 254 74 23 häller
679 255 74 22 större
779 253 203 30 stigningsförhål-

229 289 71 22 lande
324 292 31 20 än
382 293 111 20 12:1000
519 290 96 23 komme
639 290 35 23 till
698 289 161 30 användning,
883 289 43 24 har
941 289 40 23 Ut-

232 325 88 22 skottet
346 325 62 23 velat
434 325 91 27 föreslå,
546 327 34 22 att
608 326 70 23 äfven
703 325 279 29 Suolahti—Suonnejoki

230 360 78 23 banan
326 361 73 22 måtte
413 361 94 23 utföras
523 361 43 23 med
582 362 232 28 maximistigningar
825 361 24 24 af
867 365 40 20 12:
919 364 62 20 1000.

230 396 83 23 Härtill
337 397 45 22 har
397 397 122 23 Utskottet
543 397 52 23 haft
611 397 27 23 så
655 397 96 29 mycket
767 399 73 22 större
857 397 58 27 skäl,
931 403 50 16 som

230 434 34 20 ett
280 433 26 22 år
324 436 56 20 1890
397 434 128 29 uppgjordt
541 433 88 29 förslag
646 433 35 23 för
701 433 132 23 sistnämda
849 433 63 23 bana
928 432 53 23 åda-

230 468 120 29 galägger,
369 470 35 21 att
422 470 34 22 ett
480 469 86 23 sådant
590 476 109 22 program
724 471 56 21 utan
798 469 120 29 svårighet
933 468 48 23 kan

229 504 119 29 praktiskt
364 505 156 29 genomföras.

301 540 52 23 Med
378 541 129 29 anledning
523 541 24 23 af
563 541 62 23 hvad
642 542 70 22 ofvan
730 541 89 23 anförts
835 540 37 24 får
887 540 93 24 Utskot-

230 578 34 21 tet
278 576 122 23 vördsamt
415 577 92 27 föreslå,
525 579 34 21 att
575 577 133 23 Ständerna
723 578 55 22 ville
797 577 100 23 besluta:

446 645 38 21 att
502 644 91 22 skenor
609 644 33 22 af
654 644 102 22 mindre
773 644 53 22 vikt
842 644 35 22 än
894 644 35 21 25
943 643 38 30 kg.

368 687 48 21 per
441 680 112 28 löpande
571 681 78 21 meter
666 680 40 22 för
723 681 30 21 de
770 679 211 29 normalspåriga

372 716 199 22 statsbanornas
587 716 114 28 räkning
715 716 113 22 härefter
839 716 54 22 icke
903 715 78 22 måtte

372 752 41 22 till
430 752 90 22 landet
536 752 115 26 införas;
668 753 68 21 samt

444 789 38 21 att
493 788 45 22 vid
548 788 31 22 de
588 794 36 16 nu
634 788 41 22 till
683 788 140 22 utförande
833 788 147 28 föreslagna

373 823 118 22 banorna
516 825 81 21 större
620 824 149 28 stigningar
793 824 35 22 än
845 824 136 22 12:1000

372 859 53 22 icke
442 859 78 22 måtte
537 860 103 22 komma
657 860 42 21 till
715 859 179 29 användning.

300 1008 8 22 I
321 1008 128 29 anledning
465 1008 67 22 däraf
543 1010 35 21 att
589 1008 344 30 expropriationskostnaderna
941 1008 39 23 vid

227 1040 91 26 statens
342 1044 256 29 järnvägsbyggnader
622 1046 131 21 successivt
777 1044 43 23 och
844 1044 77 22 starkt
936 1044 43 22 till-

227 1080 63 26 växt,
307 1079 138 23 framstälde
470 1080 132 23 Ständerna
619 1080 39 23 vid
678 1084 56 19 1900
753 1080 38 22 års
807 1079 113 29 landtdag
936 1079 43 24 för-

228 1115 53 28 slag
296 1121 37 16 om
352 1115 115 30 åtgärder,
487 1116 79 23 hvilka
581 1116 81 23 kunde
679 1116 54 23 leda
750 1116 34 22 till
801 1122 28 16 en
842 1115 138 29 minskning

228 1150 25 23 af
268 1151 69 22 dessa
362 1151 128 23 kostnader
513 1152 40 22 vid
576 1152 112 23 framtida
701 1151 255 30 järnvägsbyggnader
972 1152 7 21 i

227 1186 87 23 landet.
336 1187 9 22 I
362 1187 85 22 sådant
458 1187 112 23 afseende
581 1188 116 29 föreslogo
709 1187 140 27 Ständerna,
858 1187 20 29 ej
889 1187 91 22 mindre

227 1224 35 20 att
285 1222 35 23 för
345 1223 29 22 de
399 1225 104 21 närmast
527 1223 140 29 ifrågasatta
691 1223 120 23 banornas
832 1223 147 29 beläggande

227 1258 55 22 med
299 1259 80 22 arbete
396 1259 73 22 måtte
486 1259 130 29 uppställas
633 1260 77 22 såsom
727 1259 84 26 vilkor,
829 1260 34 21 att
874 1259 105 22 kommu-

226 1300 44 15 ner
286 1294 56 22 eller
366 1295 107 22 enskilda
497 1301 110 23 personer
622 1296 8 21 i
648 1295 81 29 förväg
745 1295 76 22 skulle
837 1294 90 23 utfästa
943 1295 36 28 sig

227 1330 35 21 att
279 1337 100 16 ansvara
404 1331 35 22 för
460 1331 39 22 det
516 1331 89 29 belopp,
623 1331 113 22 hvarmed
750 1331 119 29 jordlösen
887 1330 42 23 och
946 1337 32 15 er-

227 1366 109 29 sättning
352 1366 36 23 för
405 1366 24 23 af
442 1367 105 29 järnväg
564 1367 151 23 förorsakade
731 1366 153 29 olägenheter
899 1366 80 23 kunde

226 1401 97 22 komma
347 1403 35 21 att
406 1402 153 27 öfverskrida,
584 1403 62 22 hvad
669 1402 120 29 Styrelsen
813 1403 30 28 på
861 1402 76 29 grund
956 1402 23 22 af

226 1437 102 23 särskild
345 1438 126 29 värdering
487 1438 111 29 pröfvade
615 1439 94 28 skäligt,
727 1441 30 20 än
775 1438 43 22 ock
835 1438 41 26 att,
894 1437 35 23 för
944 1439 34 28 yt-

298 1485 187 24 Järnvägsutskottets
497 1487 110 17 betänkande
619 1487 34 17 N:o
666 1488 16 16 1.
