1106 1709
282 162 84 22 Ständ.
383 162 37 22 Sv.
436 175 28 3 —
478 162 76 28 Prop.
570 162 43 22 N:o
629 161 34 23 21.
842 162 13 21 3

170 222 294 56 Sporkörtebovillningen.
502 239 4 5 <
544 239 4 5 <
584 222 60 22 Fmk
707 222 98 28 36,000:
826 234 32 2 —

166 257 172 21 Maltskatten
336 253 13 38 .
376 274 4 4 .
417 274 4 4 .
500 274 46 4 aa
604 253 14 37 n"
690 257 116 27 600,000:
826 269 32 3 —

168 291 199 29 Stämpelskatten
420 308 4 4 =.
462 308 4 4 .
544 310 4 4 4
610 308 9 11 n
668 291 138 28 1,900,000:
825 303 34 3 —

473 338 95 21 Summa
586 337 60 22 Fmk
665 337 140 28 2,536,000:
825 350 33 2 —

168 406 217 22 Bruttoinkomsten
409 406 23 22 af
450 406 224 22 brännvinsskatten
692 406 36 22 för
746 406 26 21 är
793 406 64 21 1905

100 440 74 22 skulle
204 441 50 21 åter
283 440 75 29 enligt
386 440 88 29 nådiga
503 440 203 30 propositionerna
737 440 121 29 angående

99 475 72 29 sagda
190 476 64 21 skatt
272 475 42 22 och
332 475 120 29 angäende
466 474 300 23 kommunikationsfonden
778 475 80 29 uppgä

99 510 37 22 till
168 510 130 28 6,175,000
330 510 71 28 mark,
432 510 82 22 hvaraf
544 509 313 23 kommunikationsfondens

99 544 69 22 andel
185 544 109 30 utgjorde
312 544 134 28 4,515,000
465 545 72 21 mark.

167 579 11 21 I
197 578 105 30 enlighet
319 579 53 22 med
391 578 39 22 det
448 579 71 22 ofvan
532 578 98 23 anförda
641 578 70 23 hafva
724 578 133 22 Ständerna

99 614 35 21 för
152 614 36 21 sin
207 613 37 22 del
263 613 105 29 godkänt
386 621 29 14 en
433 614 25 22 sä
477 613 113 29 lydande:

375 680 127 27 Förordning
518 678 108 30 angäende
642 680 58 21 skatt
714 679 37 22 för
764 679 93 22 tillverk-

306 714 46 28 ning
368 714 26 22 af
407 714 107 27 brännvin,
528 714 108 27 bevillning
646 713 36 23 för
692 713 131 27 tillverkning
835 712 26 23 af

306 748 150 28 maltdrycker,
473 748 109 28 bevillning
593 748 36 22 för
639 748 97 28 spelkort
746 748 111 22 äfvensom

306 783 202 27 stämpelbevillning
534 783 65 22 under
624 788 77 17 senare
727 782 81 24 hälften
835 782 26 22 af

306 816 26 23 är
345 817 65 22 1905.

375 885 62 21 Skatt
454 885 35 27 för
508 885 136 27 tillverkning
655 884 29 28 af
692 884 116 28 brännvin,
822 884 34 22 be-

305 920 93 27 villning
416 920 34 27 för
469 920 137 27 tillverkning
624 919 28 28 af
660 919 148 28 maltdrycker,
822 919 34 21 be-

304 954 94 28 villning
424 954 36 28 för
483 954 92 28 spelkort
597 954 112 27 äfvensom
729 954 127 28 stämpelbe-

304 989 94 27 villning
424 989 55 21 skall
505 989 70 21 under
595 995 74 14 senare
686 988 83 28 hälften
789 988 29 28 af
832 988 26 21 är

304 1024 61 20 1905
392 1024 96 27 erläggas
514 1023 67 28 enligt
598 1023 24 21 de
639 1023 100 27 grunder,
757 1030 47 14 som
821 1022 36 28 för

304 1058 53 20 ären
385 1058 61 26 1901,
474 1058 66 27 1902,
568 1058 60 20 1903
651 1057 38 21 och
706 1058 58 20 1904
780 1058 77 27 finnas

304 1092 101 28 stadgade
422 1092 10 21 i
448 1092 83 28 nådiga
548 1092 184 28 förordningarna
749 1092 28 27 af
791 1092 41 21 den
844 1092 14 20 4

304 1127 39 21 och
362 1128 27 19 21
407 1127 107 21 december
532 1127 60 20 1900
604 1126 110 28 angående
726 1126 60 21 dessa
798 1126 57 21 skat-

305 1163 42 24 ter;
366 1161 38 21 och
422 1162 59 21 skola
498 1161 147 28 stadgandena
662 1161 9 21 i
683 1161 116 27 åberopade
810 1160 46 28 för-

304 1196 121 28 ordningar
443 1196 88 27 jämväl
547 1196 10 20 i
574 1195 70 28 öfriga
662 1196 58 20 delar
738 1196 65 20 lända
825 1195 34 21 till

302 1230 137 28 efterrättelse
466 1230 54 28 från
540 1230 41 21 den
605 1231 11 19 1
628 1230 48 28 juli
693 1230 59 20 1905
770 1230 34 21 till
820 1231 36 19 ut-

304 1264 85 28 gången
406 1269 26 23 af
448 1265 68 27 sagda
534 1265 31 21 år.

374 1299 153 21 Inkomsterna
554 1299 28 27 af
601 1298 163 28 ofvannämnda
782 1298 74 22 bevill-

304 1334 146 27 ningsskatter
482 1334 112 28 äfvensom
626 1334 24 20 de
677 1334 81 27 anslag,
784 1333 74 21 hvilka

304 1368 54 28 från
381 1368 61 21 dessa
468 1368 118 22 inkomster
608 1367 58 28 utgå,
684 1368 58 20 skola
760 1367 98 28 bokföras

304 1402 70 21 under
400 1410 87 14 samma
514 1402 76 28 fonder
613 1402 38 21 och
674 1402 52 27 efter
744 1401 114 22 enahanda

302 1437 98 27 grunder
416 1444 47 14 som
482 1437 83 21 hittills.

167 1498 114 22 Finlands
301 1498 101 22 Ständer
420 1498 135 22 framhärda
574 1501 42 19 etc.

164 1561 156 28 Helsingfors,
340 1561 45 21 den
408 1562 29 20 15
458 1562 60 28 april
539 1562 71 22 1905.

226 1638 118 22 Helsingfors
357 1638 51 18 1905.
432 1625 118 39 Helsingfors
563 1638 164 22 Gentraltryckeri.
