1103 1753
289 160 84 23 Ständ.
391 160 38 22 Sv.
446 173 27 2 —
488 160 74 29 Prop.
578 160 41 23 N:o
635 160 39 22 29.
847 161 12 20 5

106 231 54 22 icke
188 237 89 23 genom
303 233 35 20 ett
356 231 7 22 i
383 231 184 22 administrativ
595 232 50 28 väg
668 231 93 22 fattadt
778 231 83 22 beslut

107 266 36 22 till
160 265 79 30 något
257 265 39 23 för
315 265 79 30 sagda
413 265 61 23 fond
493 266 156 22 främmande
674 265 118 23 ändamål
820 272 41 15 an-

107 300 105 23 vändas.

176 334 87 29 Enligt
283 333 156 23 Ständernas
457 335 76 22 tanke
551 335 81 29 ligger
651 335 130 29 synnerlig
809 335 53 28 vigt

108 369 79 29 därpå
208 370 35 21 att
261 370 34 20 ett
313 368 128 24 finansielt
459 370 121 28 vederlag
607 369 39 22 för
663 369 199 29 upprätthållan-

109 404 41 22 det
176 403 26 23 af
228 403 211 23 försvarskrafter
465 404 93 22 varder
579 404 118 29 gällande
716 404 89 22 endast
823 404 40 21 för

109 445 30 15 en
167 438 64 26 kort,
260 438 144 28 begränsad
432 439 35 22 tid
495 439 45 22 och
565 440 36 20 att
628 438 188 29 uppställandet
838 438 25 22 af

109 474 103 27 trupper
231 472 78 29 enligt
327 472 86 23 därför
433 473 88 23 afsedd
546 473 7 22 i
578 473 209 29 grundlagsenlig
808 472 55 22 ord-

108 508 62 28 ning
189 507 86 22 stiftad
293 506 43 30 lag
354 507 54 23 icke
431 508 100 22 utöfver
554 508 42 22 det
625 508 162 28 nödvändiga
816 507 47 22 för-

109 542 92 28 dröjes.

178 576 11 22 I
208 576 167 23 betraktande
393 576 74 22 däraf
486 578 35 21 att
548 577 49 22 den
624 576 143 30 föreslagna
795 576 69 22 utbe-

109 611 130 29 talningen
258 611 25 21 af
301 610 84 23 finska
404 612 145 22 statsmedel
567 612 75 28 utgör
660 618 31 15 en
707 610 156 30 provisorisk

109 646 97 29 åtgärd,
219 652 52 16 som
291 646 28 21 är
337 646 132 22 föranledd
497 646 26 22 af
551 646 81 22 Eders
656 646 140 28 Kejserliga
815 646 49 21 Ma-

109 680 88 29 jestäts
216 680 93 29 nådiga
337 680 70 22 bifall
435 680 36 22 till
500 680 154 23 Ständernas
679 680 186 28 framställning

109 721 40 15 om
168 714 162 23 inställandet
349 714 25 23 af
387 714 189 30 tillämpningen
591 715 24 22 af
635 715 65 22 1901
716 715 41 22 års
777 715 88 21 värne-

110 749 233 29 pliktsförordning,
373 749 71 22 finna
464 749 143 22 Ständerna
640 755 30 16 en
706 749 159 28 utbetalning

110 783 86 22 kunna
216 783 158 29 godkännas,
394 790 56 15 men
470 784 89 22 endast
577 783 39 23 för
635 790 30 15 en
685 783 35 22 tid
740 783 25 22 af
777 785 35 20 ett
829 783 35 25 år,

110 818 61 22 enär
184 817 32 29 på
239 817 82 30 grund
345 818 25 22 af
391 818 168 29 landtdagens
578 818 117 29 plötsliga
714 817 151 26 afslutande,

111 853 105 22 hvarom
235 852 141 23 Ständerna
397 853 64 22 först
479 853 81 22 under
578 853 170 29 förgärdagen
767 851 100 24 erhållit

111 887 150 26 kännedom,
281 887 47 22 och
346 887 8 22 i
374 887 136 30 anledning
529 887 26 22 af
570 887 31 22 de
623 887 141 22 finansiella
777 893 90 22 propo-

112 921 149 22 sitionernas
293 921 98 22 sentida
421 921 207 23 öfverlämnande
659 922 25 22 ät
715 921 150 26 Ständerna,

111 956 85 29 någon
227 956 149 29 fullständig
403 956 223 29 budgetreglering
649 957 20 28 ej
690 956 97 22 kunnat
805 962 62 22 upp-

112 991 75 28 göras
202 992 64 21 samt
277 991 92 28 frägan
383 991 79 28 gäller
476 993 34 20 ett
523 991 38 22 för
574 991 120 22 Finlands
708 990 160 29 statsbudget

113 1025 27 22 sä
158 1025 145 29 betydande
321 1025 101 28 belopp.

182 1059 55 22 Med
257 1059 119 23 afseende
395 1060 62 22 härä
478 1060 46 22 och
542 1060 76 28 jämte
637 1060 42 22 det
699 1059 142 23 Ständerna
861 1059 6 21 i

112 1094 203 28 underdänighet
334 1094 131 22 hemställa
486 1096 35 20 att
540 1094 42 22 det
600 1094 62 22 efter
680 1094 144 22 införandet
843 1093 26 23 af

114 1128 64 22 1901
202 1128 40 22 ärs
262 1128 309 30 värnepliktsförfattning
589 1128 130 30 päbjudna
741 1135 50 22 nya
820 1128 48 22 for-

113 1162 107 23 muläret
238 1162 39 23 för
296 1162 237 30 krigsmannaeden,
552 1163 77 22 hvars
642 1163 110 22 innehäll
765 1164 28 21 är
804 1162 64 22 oför-

113 1197 77 29 enligt
212 1198 57 21 med
297 1198 193 28 trohetsplikten
519 1199 52 21 mot
597 1198 121 22 Finlands
736 1198 78 28 lagar,
833 1196 36 23 till

112 1232 63 28 följd
194 1232 91 22 hvaraf
304 1232 77 22 edens
401 1232 152 29 afläggande
573 1232 77 22 vällat
676 1232 105 28 mycken
807 1238 62 16 sam-

113 1266 115 26 vetsnöd,
248 1266 77 22 mätte
343 1266 158 23 omedelbart
519 1268 106 21 ersättas
644 1266 56 22 med
720 1273 30 15 en
769 1266 30 22 ed
829 1272 40 16 en-

113 1300 46 29 ligt
178 1300 91 22 sädant
287 1301 121 22 formulär
427 1308 53 15 som
500 1301 136 29 stadgades
655 1301 28 22 är
707 1301 73 26 1817,
805 1301 65 21 samt

115 1334 142 23 Ständerna
285 1336 56 21 med
364 1336 97 22 visshet
484 1337 100 25 emotse,
605 1337 36 21 att
658 1336 7 21 i
684 1335 111 29 enlighet
813 1334 56 23 med

115 1369 156 23 Ständernas
291 1370 119 22 anhällan
429 1370 8 22 i
455 1370 166 22 förenämnda
639 1370 176 29 underdäniga
829 1376 41 22 pe-

114 1403 71 22 tition
205 1403 25 22 af
248 1403 49 23 den
317 1404 31 22 31
369 1404 132 22 december
517 1404 67 23 1904
597 1404 88 29 nädigt
697 1403 173 23 förordnande

114 1437 114 23 utfärdas
247 1438 88 22 därom
355 1440 36 20 att
409 1438 32 22 de
460 1439 7 21 i
488 1438 136 29 anledning
643 1438 25 22 af
687 1438 64 22 1901
767 1438 42 22 års
822 1438 49 22 för-

115 1472 108 29 fattning
241 1472 40 22 för
299 1472 174 23 uteblifvande
492 1473 57 22 från
567 1473 104 28 uppbåd
690 1473 60 22 eller
768 1473 7 21 i
793 1472 78 29 öfrigt
