1106 1753
255 125 13 19 4
563 123 43 21 N:o
625 125 24 20 19

300 193 34 26 13)
351 194 72 19 sättet
438 191 44 22 och
497 191 67 22 tiden
579 191 38 22 för
631 191 104 22 revision
751 191 26 22 af
785 190 128 29 styrelsens
922 190 67 22 redo-

227 225 95 29 visning
338 226 44 21 och
397 225 156 30 förvaltning;

299 261 35 27 14)
349 260 60 21 huru
431 260 99 22 kallelse
553 260 37 21 till
614 260 223 28 föreningsstämma
855 260 44 21 och
915 259 73 22 andra

227 294 248 29 tillkännagifvanden
490 295 67 22 skola
573 294 139 29 delegarene
727 293 128 28 meddelas;

299 329 34 27 15)
356 329 60 22 huru
438 329 78 22 beslut
543 337 37 14 om
607 329 101 28 ändring
731 329 26 21 af
778 329 127 27 stadgarna
927 327 61 22 skall

227 363 93 21 komma
336 363 37 21 till
388 364 79 27 stånd;

299 399 34 26 16)
350 398 40 21 det
406 398 65 22 antal
487 398 44 22 och
546 398 93 28 belopp,
656 398 96 22 hvartill
767 397 115 22 tecknade
898 396 90 22 försäk-

227 431 80 29 ringar
330 432 56 21 böra
408 433 80 28 uppgå
510 432 74 22 innan
607 432 140 28 föreningen
765 432 38 21 får
822 432 111 28 begynna
951 431 37 21 sin

226 466 156 28 verksamhet,
402 466 121 22 äfvensom
545 466 40 22 det
604 466 65 22 antal
688 466 43 22 och
748 466 91 28 belopp,
855 465 132 22 hvarunder

227 500 102 29 löpande
344 501 161 28 försäkringar
520 501 53 21 icke
588 502 38 21 må
641 501 78 29 nedgå
734 503 58 19 utan
803 502 35 20 att
849 500 138 28 föreningen

227 535 61 21 skall
302 536 120 28 upplösas;

299 570 35 28 17)
349 570 9 21 i
372 570 82 21 hvilka
470 570 73 22 andra
559 570 43 22 fall
618 570 44 22 och
675 571 30 27 på
716 570 63 22 hvad
790 572 48 19 sätt
847 568 140 29 föreningen

226 604 39 22 må
280 604 116 28 upplösas,
413 607 60 19 samt
488 605 60 21 huru
565 605 28 21 de
604 604 77 22 medel
692 605 67 21 skola
770 604 126 28 användas,
907 603 81 22 hvilka

228 639 88 21 återstå
338 638 73 22 sedan
433 639 152 28 föreningens
609 639 110 29 samtliga
735 638 156 22 förbindelser
906 637 82 22 blifvit

227 672 137 29 fullgjorda.

582 743 49 26 83.

296 781 155 23 Stadfästelse
475 783 26 21 af
521 783 265 28 brandstodsförenings
810 781 95 29 stadgar
921 781 68 22 sökes

227 816 27 21 af
276 816 51 21 dess
350 817 100 28 stiftare,
473 817 93 22 hvilkas
589 817 66 22 antal
673 817 42 22 bör
729 824 58 15 vara
802 817 71 21 minst
888 819 41 25 tre,
945 815 42 22 hos

227 850 153 22 Guvernören
393 851 8 21 i
412 851 40 22 det
461 851 46 28 län,
519 852 42 21 der
571 851 152 29 föreningens
735 851 98 28 styrelse
845 851 60 21 skall
915 850 73 22 hafva

228 884 42 21 sitt
292 888 61 24 säte;
377 885 44 22 och
443 886 136 21 ankommer
601 886 40 21 det
660 887 14 20 &
693 886 159 27 Guvernören,
873 885 60 22 efter
949 885 40 21 det

225 919 320 29 Försäkringsinspektörens
568 920 112 28 yttrande
703 920 8 21 i
735 919 97 22 ärendet
854 919 133 28 inhemtats,

226 955 36 19 att
278 953 8 22 i
302 955 72 20 saken
391 954 61 21 fatta
467 954 84 28 beslut,
567 954 78 22 derest
661 955 140 28 föreningen
817 957 26 18 är
859 953 82 22 afsedd
954 955 36 20 att

226 988 73 21 verka
314 988 84 22 endast
412 989 64 21 inom
492 989 72 28 sagda
575 989 46 28 län,
631 997 54 14 men
696 989 9 21 i
715 991 73 19 annat
799 989 43 21 fall
851 989 72 28 jemte
935 990 55 26 eget

225 1022 125 21 utlätande
368 1023 100 21 insända
487 1023 160 29 ansökningen
665 1023 38 22 till
719 1023 116 22 Senatens
851 1022 136 29 afgörande.

295 1057 50 21 Har
360 1057 252 29 brandstodsförening
627 1057 155 23 härförinnan
793 1057 118 27 inrättats,
922 1056 66 22 skola

226 1090 153 29 föreningens
407 1092 96 28 stadgar
530 1091 96 29 bringas
649 1092 8 21 i
681 1091 231 22 öfverenstämmelse
935 1090 53 22 med

228 1124 182 22 föreskrifterna
428 1126 9 21 i
455 1126 77 21 denna
546 1126 140 28 förordning
702 1126 43 21 och
760 1126 65 21 inom
840 1125 41 21 tvä
896 1125 26 21 är
937 1124 52 22 här-

226 1158 62 22 efter
304 1160 153 21 fastställelse
473 1160 14 21 å
502 1160 128 29 stadgarna
641 1160 117 28 utverkas,
770 1160 41 21 vid
825 1160 110 27 äfventyr
946 1161 41 25 att,

226 1192 78 22 derest
319 1194 85 22 sådant
419 1194 146 28 försummas,
581 1202 48 20 nya
644 1194 107 29 delegare
767 1194 53 22 icke
835 1194 26 21 få
876 1193 112 29 intagasi

225 1227 143 29 föreningen
382 1228 75 22 innan
477 1228 84 22 sädant
577 1228 68 22 skett.

294 1260 110 30 Ändring
424 1263 27 21 af
469 1262 264 29 brandstodsförenings
754 1262 97 29 stadgar
866 1269 55 21 eger
935 1261 54 22 icke

224 1296 115 28 giltighet
353 1296 74 22 innan
443 1296 150 22 stadfästelse
610 1297 55 21 derä
680 1297 104 21 vunnits.

294 1330 110 22 Befinnes
427 1331 90 28 förslag
539 1331 38 21 till
599 1331 97 29 stadgar
715 1331 58 21 eller
793 1330 100 28 ändring
909 1330 27 21 af
950 1330 38 21 de-

225 1370 89 15 samma
334 1364 197 22 öfverenstämma
549 1365 54 21 med
621 1365 40 28 lag
681 1365 44 21 och
746 1365 78 21 denna
843 1364 145 28 förordning,

224 1398 39 21 mä
279 1398 150 22 stadfästelse
444 1399 53 21 icke
511 1402 92 25 vägras.
