1106 1750
264 128 26 20 14

332 191 37 21 En
384 191 61 22 blick
460 193 31 26 på
507 191 45 21 den
568 190 109 23 officiella
693 190 130 22 statistiken
835 189 118 29 angående
965 189 44 21 för-

262 226 218 29 säkringsväsendet
496 226 62 22 visar
574 229 32 19 att
622 227 28 21 de
660 226 9 21 i
679 225 99 22 Finland
790 225 140 29 opererande
941 225 69 28 ryska

262 262 42 22 och
320 262 122 22 utländska
458 262 270 29 lifförsäkringsbolagen
745 265 61 18 ännu
822 261 113 22 behärska
950 267 35 19 en,
1003 260 7 21 i

258 297 133 29 jämförelse
414 299 54 21 med
483 298 175 22 förhållandena
673 298 8 21 i
696 299 72 21 andra
783 297 81 22 länder
879 296 131 29 betydande

262 334 37 21 del
323 334 23 21 af
365 334 247 29 försäkringsrörelsen
627 334 8 21 i
651 334 52 22 dess
722 334 84 22 helhet.
839 333 102 22 Orsaken
959 332 50 21 här-

261 370 35 21 till
316 373 46 18 står
377 370 160 29 förnämligast
553 373 33 19 att
602 370 66 22 sökas
684 370 8 21 i
708 373 34 19 att
757 370 45 21 den
818 368 119 23 inhemska
952 368 58 21 före-

261 406 159 28 tagsamheten
440 406 170 29 jämförelsevis
634 409 52 18 sent
708 408 70 27 ägnat
802 405 36 28 sig
856 407 23 19 åt
897 404 113 22 lifförsäk-

261 441 182 29 ringsbranchen
464 442 41 21 och
524 444 33 19 att
572 445 30 26 på
619 442 62 21 detta
697 441 93 22 område
805 441 47 22 tills
868 441 79 21 vidare
973 447 37 14 en-

262 477 51 22 dast
336 480 39 19 två
398 478 78 22 finska
498 478 70 29 bolag
590 478 141 22 konkurrera
756 477 53 22 med
829 479 32 20 ett
877 479 57 19 stort
949 475 62 22 antal

262 513 74 22 delvis
359 514 92 29 mycket
471 515 37 20 väl
524 513 133 22 inarbetade
673 513 123 22 utländska
812 513 115 22 anstalter.
959 511 51 22 Om-

261 549 129 29 fattningen
416 550 23 21 af
463 550 28 21 de
511 550 123 21 utländska
648 549 111 29 bolagens
776 549 146 22 verksamhet
937 547 7 22 i
959 550 52 19 vårt

261 585 54 22 land
338 586 102 28 framgår
464 586 72 22 delvis
561 594 26 13 ur
610 585 101 29 följande
728 586 23 22 af
767 583 243 30 Försäkringsinspek-

261 623 65 20 tören
351 621 119 23 Utskottet
490 622 135 22 meddelade
640 622 119 29 uppgifter
774 622 37 21 för
826 620 110 30 perioden
954 622 56 20 1894

261 659 95 23 —1908,
381 657 99 21 rörande
502 657 28 21 de
546 657 124 22 utländska
686 657 28 28 (ej
732 657 78 28 ryska)
826 656 111 28 bolagens
953 663 57 14 sam-

262 692 154 22 manräknade
440 693 178 28 premiebelopp,
643 693 111 28 afdragen
778 693 36 21 för
829 691 130 23 utbetalade
975 691 35 22 lif-

262 728 156 29 försäkringar
442 729 43 22 och
512 729 279 28 förvaltningskostnader
818 729 119 21 äfvensom
973 727 38 22 det

262 764 128 22 öfverskott
406 765 24 21 af
445 765 135 28 premierna,
593 773 48 14 som
652 765 88 22 kunnat
750 765 36 21 till
797 771 60 22 resp.
869 763 141 22 främmande

262 799 54 22 land
350 800 115 22 afsändas.
504 801 89 22 Härvid
618 801 42 22 bör
686 801 59 22 dock
774 801 97 25 märkas,
899 802 32 19 att
961 799 50 22 sist-

261 836 101 21 nämnda
385 836 129 22 öfverskott
536 836 50 22 icke
607 839 67 26 utgör
690 844 41 14 ren
746 836 70 26 vinst,
832 839 57 18 utan
904 835 41 22 bör
961 835 50 21 här-

261 871 61 22 ifrån
336 872 134 29 ytterligare
482 873 135 21 frånräknas
626 872 183 29 afsättningarna
812 867 44 38 till
859 871 152 28 försäkrings-

261 907 87 22 fonden
371 908 43 21 och
440 908 111 22 särskilda
575 909 161 21 omkostnader
752 908 8 21 i
775 907 139 26 hemlandet,
933 907 79 21 hvilka

261 943 50 22 icke
327 943 79 22 kunna
420 944 36 21 till
471 944 107 29 beloppet
594 944 136 29 kalkyleras.

643 1040 80 17 Summa
732 1039 114 18 utbetalade
852 1039 62 17 lifför-
938 1047 68 21 Öfver-

530 1064 89 18 Premier.
646 1064 100 23 säkringar
760 1069 24 12 m.
798 1063 20 18 fl.
831 1062 83 25 utgifter
929 1056 11 43 —
945 1074 58 18 skott.

721 1088 7 16 i
740 1087 90 17 Finland.

548 1142 56 32 Fmk
754 1142 49 32 Fmk
952 1145 49 17 Fmk

262 1201 62 18 1894.
352 1216 2 2 oo
381 1216 3 3 co
412 1216 32 3 co.
501 1216 3 3 0.
531 1201 92 21 1,803,146
749 1200 77 21 820,141
936 1198 77 21 983,005

262 1225 45 18 1895
324 1239 2 5 .
351 1239 3 4 .
442 1239 62 5 0.
530 1225 94 21 1,787,616
751 1223 77 22 911,179
937 1222 76 21 876,437

262 1249 45 17 1896
322 1263 2 3 .
381 1263 3 4 <
411 1264 3 3 so
441 1264 3 3 so
471 1263 3 4 vo
501 1263 3 3 +
532 1249 91 21 1,930,597
733 1247 94 22 1,286,078
937 1246 76 21 644,519

262 1272 44 18 1897
324 1287 1 3 .
354 1287 1 3 .
382 1287 33 3 co.
444 1287 1 3 0
501 1287 3 3 0.
530 1273 94 20 2,026,910
751 1271 77 21 873,853
921 1270 92 22 1,153,057

262 1297 62 17 1898.
352 1311 2 3 .
382 1311 2 3 .
412 1311 2 3 .
442 1312 3 2 .
472 1312 2 2 .
501 1311 3 3 .
530 1296 93 22 2,168,679
732 1291 100 32 1,183,354
937 1294 76 21 985,315

262 1320 45 17 1899
325 1335 1 3 .
351 1335 3 3 .
382 1335 2 3 .
412 1335 2 3 .
441 1335 3 4 .
472 1335 2 3 .
501 1335 3 3 .
530 1320 93 21 2,226,317
733 1319 95 22 1,436,899
937 1317 77 22 789,418

262 1344 62 18 1900.
354 1359 1 3 <
382 1359 2 3 co
412 1359 2 3 co
442 1359 3 3 co
470 1358 4 5 .
500 1359 4 3 -
530 1344 92 21 2,404,621
733 1343 95 22 1,459,573
937 1341 77 22 945,048

262 1368 63 17 1901.
352 1383 3 3 .
382 1383 2 3 .
412 1383 3 4 .
442 1383 3 4 .
472 1383 3 3 .
501 1383 3 2 «
530 1368 94 21 2,235,623
733 1367 95 21 1,673,995
937 1365 77 21 561,648

262 1391 45 18 1902
324 1407 1 2 .
352 1407 3 2 .
382 1407 3 2 .
412 1407 3 2 .
442 1407 3 2 .
472 1407 3 2 .
501 1407 3 2 .
530 1391 94 22 2,262,068
734 1391 94 21 1,390,862
937 1389 78 21 871,206

262 1416 63 18 1903.
382 1431 33 3 ooo
442 1431 33 3 co.
501 1431 3 2 .
530 1416 94 21 2.224,695
733 1402 94 40 1,405,151
937 1412 78 23 819,544
