1103 1753
329 148 30 23 U.
372 149 28 21 B.
418 161 26 2 —
460 148 73 28 Prop.
550 148 43 22 N:o
609 147 37 23 24.
845 147 25 21 11

115 218 51 21 bara
181 217 119 28 olägenhet,
311 224 46 15 som
369 218 67 21 borde
446 218 48 21 med
507 218 36 21 det
554 219 97 20 snaraste
661 217 126 27 afhjälpas».
809 216 63 22 Hvad

115 251 148 22 anskaffandet
280 251 23 22 af
322 252 52 27 skäp
400 251 100 22 beträffar
525 251 106 22 förefaller
647 252 36 21 det
698 251 113 22 Utskottet
825 257 47 15 som

116 293 35 15 om
167 287 70 27 dylika
257 287 49 21 med
327 287 42 26 god
390 287 51 26 vilja
455 286 98 21 öfverallt
568 286 39 21 lätt
625 286 69 21 skulle
709 285 72 22 kunna
797 285 6 21 i
819 285 53 21 folk-

117 321 111 21 skolornas
245 321 135 26 slöjdlokaler
396 321 115 21 tillverkas.

187 355 11 21 I
214 354 138 22 förenämnda
367 355 114 21 berättelse
497 355 108 21 meddelas
621 357 32 19 att
667 354 21 21 få
702 353 117 22 bibliothek
837 354 36 20 äro

118 389 124 21 försäkrade
254 392 45 18 mot
315 389 86 21 eldfara.
430 389 34 21 Då
479 390 36 20 det
531 396 62 20 synes
610 389 49 27 föga
674 388 74 27 troligt
757 391 31 18 att
801 389 70 20 staten

118 424 7 20 i
140 423 101 21 händelse
257 424 66 26 något
338 423 116 21 bibliothek
471 423 68 21 skulle
551 430 76 20 genom
641 423 33 21 eld
684 422 110 26 förstöras,
805 421 69 22 skulle

118 464 51 15 vara
194 458 59 26 villig
271 460 32 18 att
325 457 96 22 anskaffa
443 460 30 19 ett
496 460 47 25 nytt
566 458 117 21 bibliothek
705 458 7 20 i
728 458 35 20 det
779 457 95 21 brunnas

119 492 61 22 ställe
195 498 62 15 anser
274 492 112 22 Utskottet
401 494 36 24 att,
457 492 2 21 i
475 493 41 21 den
532 492 102 22 händelse
645 492 160 22 vederbörande
815 491 59 21 kom-

119 533 51 15 mun
186 526 69 22 skulle
271 528 65 26 vägra
351 529 32 19 att
398 527 87 27 erlägga
500 527 36 22 det
552 527 120 27 obetydliga
688 527 77 26 belopp
791 524 84 23 hvartill

120 560 297 28 brandförsäkringspremien
433 562 68 21 skulle
517 562 60 26 stiga,
594 562 68 21 medel
678 561 69 21 härtill
767 560 66 22 borde
855 558 23 22 af

119 595 218 27 biblioteksanslagen
353 596 72 21 kunna
440 596 115 22 användas.
591 596 104 21 Utskottet
716 595 37 28 får
773 594 50 22 med
835 600 41 14 an-

121 630 89 27 ledning
232 630 29 28 af
279 630 35 21 det
337 631 68 27 sagda
427 632 118 27 yttermera
559 630 83 28 förnya
657 630 39 21 sitt
710 629 113 22 uttalande
839 628 38 21 vid

120 665 100 21 sednaste
236 665 106 28 landtdag
357 666 94 21 rörande
467 665 154 21 bibliothekens
637 665 134 26 lånerörelse,
786 663 89 27 anskaf-

120 699 78 26 fandet
216 699 29 27 af
257 699 92 28 bokskåp
361 700 39 20 och
415 700 126 27 försäkring
556 702 45 18 mot
616 700 92 26 eldfara.

191 734 36 21 Uti
243 734 112 21 Utskottet
370 734 38 21 har
423 734 73 22 väckts
511 734 60 27 fråga
586 740 34 15 om
636 733 136 22 anskaffande
794 732 23 22 af
832 734 44 19 sär-

122 767 72 22 skilda
210 768 117 21 bibliothek
342 768 32 21 för
389 768 182 22 folkskoleelever.
601 768 33 21 Då
650 768 30 21 uti
695 768 72 21 landet
781 766 96 22 emeller-

122 802 30 21 tid
168 801 69 22 finnes
252 802 6 21 i
274 802 36 22 det
325 805 107 19 närmaste
448 803 62 25 2,000
524 802 171 26 lånebibliothek,
710 802 22 21 af
746 802 70 21 hvilka
826 800 51 22 flere

118 837 36 19 äro
170 836 6 21 i
192 839 31 19 ett
238 837 95 21 utmärkt
345 837 64 26 skick,
425 837 38 21 och
479 837 71 21 hvilka
575 837 123 27 isynnerhet
721 842 76 21 genom
819 835 54 21 folk-

118 870 270 28 upplysningssällskapets
401 871 128 27 förmedling
540 872 31 20 till
579 872 104 26 betydligt
695 871 98 21 nedsatta
804 870 69 27 priser

118 904 79 22 erhålla
213 905 41 27 god
269 905 112 27 litteratur,
397 906 66 21 borde
479 906 36 21 det
530 906 46 21 icke
598 912 51 15 vara
671 905 59 22 svårt
751 905 32 21 för
799 911 26 15 en
840 904 33 21 för

118 939 46 21 sina
181 939 81 21 elevers
277 940 85 26 andliga
377 940 122 28 utveckling
521 941 113 21 ömmande
649 940 68 21 lärare
732 942 31 19 att
778 938 95 23 anskaffa

117 973 35 21 för
167 974 122 26 ungdomen
305 974 88 27 lämplig
408 974 84 26 läsning
507 977 51 19 utan
574 974 66 27 något
655 976 69 19 större
735 974 82 21 besvär.
839 974 33 21 En

117 1008 57 26 dylik
197 1008 59 27 långt
280 1008 81 22 drifven
385 1009 172 21 omtänksamhet
581 1008 47 22 från
645 1011 80 19 statens
741 1009 45 21 sida
801 1008 72 21 kunde

117 1042 109 27 lätteligen
248 1042 6 21 i
276 1043 78 26 många
375 1043 127 21 kommuner
525 1043 149 21 åstadkomma
693 1043 128 26 likgiltighet
841 1042 32 21 för

117 1076 192 21 lånebibliotheken
331 1077 39 21 och
391 1077 101 27 möjligen
515 1077 83 22 befästa
619 1077 40 21 den
683 1076 136 28 uppfattning
841 1079 32 18 att

117 1112 70 19 staten
211 1117 51 15 vore
285 1111 85 27 skyldig
391 1113 32 20 att
444 1112 109 21 utsträcka
569 1112 32 21 sin
618 1111 131 22 omvårdnad
764 1111 61 21 äfven
841 1111 32 21 till

117 1144 80 21 sådana
211 1145 150 27 inrättningar.

186 1181 11 21 I
212 1180 115 27 anledning
341 1181 23 21 af
377 1181 56 21 hvad
449 1181 90 21 sålunda
553 1180 81 23 anförts
650 1181 31 22 får
698 1181 116 25 Utskottet,
826 1186 46 15 som

116 1215 72 22 funnit
211 1216 36 21 det
268 1215 79 22 äskade
369 1216 97 27 anslaget
489 1215 22 22 af
531 1216 76 26 25,000
628 1216 60 21 mark
710 1223 35 14 om
760 1216 46 21 året
821 1214 51 22 fort-

116 1249 88 22 farande
219 1256 50 15 vara
285 1250 127 27 tillräckligt,
428 1250 110 21 vördsamt
552 1250 79 21 föreslå

391 1314 32 19 att
453 1313 126 21 Ständerna
608 1313 50 21 ville
684 1313 116 27 godkänna
825 1313 46 21 det-

323 1354 92 14 samma.

186 1495 141 18 Statsutskottets
339 1496 112 17 betänkande
463 1496 37 18 N:o
514 1497 16 17 9.
