1103 1756
249 160 14 20 8
436 159 84 24 Ständ.
537 161 39 22 Sv.
592 174 28 3 —
637 161 75 28 Prop.
729 161 41 23 N:o
785 161 37 23 24.

252 230 272 31 Skolöfverstyrelsens
551 232 129 29 pröfning,
705 233 141 23 understöd
864 233 50 22 kan
933 233 78 22 bevil-

250 265 41 29 jas
311 265 26 23 ät
354 265 206 24 folkskollärares
580 267 75 28 sjuka
674 267 116 30 familjer.
830 267 141 24 Ständerna
983 267 26 23 få

251 300 88 23 därför
357 300 8 22 i
384 301 204 28 underdånighet
607 302 100 22 anmäla

526 372 37 21 att
588 371 148 23 Ständerna
761 371 41 22 till
825 371 139 22 understöd
983 370 27 23 åt

455 405 77 29 sjuka
560 405 198 23 folkskollärare
785 406 46 22 och
859 406 151 22 lärarinnor

456 439 41 23 för
524 439 30 23 år
582 441 74 22 1905
680 440 106 29 beviljat
814 441 33 22 ett
871 440 91 29 anslag
981 439 33 23 af

456 475 104 28 45,000
579 475 82 22 mark.

321 594 144 23 Ständerna
484 595 25 22 få
528 596 56 22 med
604 595 190 30 godkännande
808 595 26 22 af
846 595 94 29 nådiga
952 601 56 22 pro-

248 629 158 28 positionens
425 629 95 30 förslag
539 630 186 29 underdånigst
744 629 100 23 anmäla

524 700 37 21 att
580 699 155 26 Ständerna,
754 698 87 23 såsom
860 698 93 29 bidrag
967 698 41 23 till

454 733 164 28 uppförande
638 733 32 22 af
686 733 172 22 folkskolehus
871 733 45 22 och
929 733 78 28 slöjd-

456 767 96 23 lokaler
577 768 41 22 för
636 767 31 23 år
687 768 74 23 1905
782 767 108 29 beviljat
912 769 32 21 ett
962 774 45 16 an-

454 802 58 30 slag
530 802 32 23 af
579 803 126 26 150,000
724 802 82 23 mark.

317 940 124 29 Anslaget
465 940 41 22 till
530 940 121 23 bibliotek
676 940 40 22 för
744 940 198 23 folkskollärare
960 940 45 22 och

247 974 153 22 lärarinnor
418 974 11 22 i
445 975 262 22 landskommunerna
729 974 47 22 har
795 975 96 29 utgjort
910 974 95 26 25,000

246 1008 73 22 mark
338 1015 40 15 om
398 1009 61 22 året.
498 1009 82 23 Sedan
598 1016 106 16 numera
723 1009 91 29 hvarje
832 1009 120 22 kommun
969 1015 36 16 er-

246 1042 73 23 hållit
337 1043 43 22 sitt
403 1044 124 22 särskilda
550 1044 122 22 bibliotek
698 1044 114 22 kommer
830 1044 88 22 dessas
937 1043 68 22 antal

243 1077 56 23 icke
318 1077 88 23 vidare
426 1079 35 21 att
479 1078 152 22 nämnvärdt
649 1078 70 26 ökas,
734 1078 47 22 och
794 1084 76 22 synes
883 1078 42 22 det
937 1078 68 28 förty

245 1111 55 23 icke
319 1112 84 22 finnas
423 1112 135 30 anledning
578 1114 36 21 att
632 1114 62 28 göra
714 1112 87 30 någon
820 1112 109 29 ändring
941 1112 8 22 i
962 1112 43 22 det

245 1146 151 22 nuvarande
423 1146 264 30 biblioteksanslagets
720 1147 101 28 belopp.
860 1146 143 22 Ständerna

244 1180 25 22 få
295 1180 87 23 därför
400 1181 8 22 i
427 1181 204 29 underdånighet
655 1181 99 23 anmäla
780 1182 36 21 att
840 1181 31 22 de
890 1180 114 30 godkänt

244 1215 205 29 propositionens
467 1216 95 28 förslag

520 1285 37 21 att
581 1284 207 29 ifrågavarande
809 1283 93 29 anslag
921 1283 82 22 under

452 1318 30 23 år
501 1319 73 22 1905
590 1318 77 30 utgår
685 1318 58 22 med
762 1318 107 26 25,000
887 1317 81 23 mark.

313 1433 124 29 Anslaget
456 1433 40 23 för
515 1433 269 29 fortsättningskurser
802 1433 47 22 har
865 1432 86 23 hittills
963 1434 38 20 ut-

242 1467 69 29 gjort
330 1467 97 27 40,000
445 1468 71 22 mark
541 1475 39 15 om
604 1468 61 22 året.
703 1467 42 23 Uti
764 1467 49 22 den
832 1467 94 29 nådiga
944 1473 56 22 pro-
