1106 1756
258 116 26 19 10

256 179 232 29 stämpelbevillning,
499 180 107 29 upptagit
620 180 143 22 främmande
774 182 56 20 stats
843 179 98 23 domstol
952 180 55 21 eller

256 215 137 29 myndighet
408 216 71 22 bland
495 216 59 26 dem,
572 223 49 15 som
638 216 72 28 enligt
726 216 13 29 &
751 219 12 19 5
775 223 55 15 vore
842 216 102 22 befriade
955 216 52 21 från

256 252 171 28 stämpelafgift.

327 287 263 29 Bevillningsutskottet,
608 295 48 14 som
675 288 36 21 för
727 288 36 21 sin
779 288 37 21 del
832 288 8 21 i
853 288 88 28 princip
957 287 50 21 haft

255 322 58 22 intet
324 325 32 19 att
368 323 74 21 erinra
452 326 62 19 emot
524 324 39 21 det
577 323 8 22 i
600 324 44 21 den
656 323 84 29 nådiga
756 323 172 29 propositionen
938 322 69 22 fram-

255 358 69 29 lagda
339 359 118 29 förslaget,
481 360 41 21 har
545 360 71 21 likväl
640 362 76 19 ansett
732 362 32 19 att
780 359 138 29 stadgandet
933 358 74 29 ifråga

255 394 71 22 borde
350 395 76 28 gifvas
450 402 30 14 en
504 395 72 22 sådan
604 395 130 29 affattning,
764 398 33 18 att
821 395 45 21 den
889 394 118 29 medgifna

256 430 198 29 stämpelfriheten
476 431 73 22 skulle
570 438 43 22 ega
636 439 50 14 rum
702 431 50 22 icke
768 431 59 22 blott
843 431 34 22 uti
892 430 29 23 de
935 430 72 22 hand-

256 466 132 29 räcknings-
405 467 43 22 och
466 467 246 28 delgifningsärender,
730 475 48 14 som
790 469 30 26 på
832 467 76 28 grund
917 467 23 21 af
950 469 56 20 1896

256 505 36 19 års
308 503 143 22 konvention
467 503 77 22 kunde
560 503 148 26 förekomma,
717 506 56 19 utan
790 503 69 22 äfven
875 503 8 21 i
899 503 107 25 ärenden,

256 546 49 14 som
321 539 117 22 eventuelt
455 539 90 22 komme
557 542 32 19 att
599 539 143 29 handläggas
754 539 53 22 med
822 539 147 28 tillämpning
984 538 23 21 af

256 574 45 22 den
309 575 100 22 väntade
425 583 47 21 nya
487 575 114 22 traktaten
617 576 119 27 angående
753 574 253 29 rättegångsväsendet.

256 609 81 23 Såsom
354 610 44 22 den
415 610 116 29 själfklara
546 611 195 28 förutsättningen
758 611 84 21 härvid
857 611 42 21 har
914 610 93 22 Utskot-

256 648 33 19 tet
312 645 120 27 betraktat,
458 649 32 19 att
514 647 27 21 de
564 647 23 22 af
610 647 172 22 konventionen
803 647 55 21 eller
873 646 134 22 konventio-

255 689 73 14 nerna
343 682 137 22 föranledda
494 683 274 28 lagstiftningsåtgärder,
780 690 49 14 som
840 682 91 29 påkalla
942 681 65 22 Stän-

256 717 83 22 dernas
355 718 147 26 medverkan,
519 719 72 21 varda
606 719 96 22 föremål
726 719 36 22 för
778 718 72 29 nådig
865 717 143 30 proposition

256 753 35 22 till
306 754 190 22 nästkommande
511 755 117 28 landtdag.
653 755 12 21 I
681 755 71 28 öfrigt
767 755 41 21 har
824 754 117 21 Utskottet
952 753 55 22 kon-

257 792 95 19 staterat
368 798 35 19 en,
420 791 116 22 sannolikt
551 793 30 26 på
596 791 100 28 tryckfel
711 790 115 22 beroende
843 790 86 22 olikhet
940 789 67 22 emel-

257 825 39 22 lan
319 826 273 29 författningsförslagets
615 827 76 28 begge
714 829 81 23 texter,
819 826 7 21 i
851 826 39 21 det
914 828 33 19 att
963 825 44 22 den

257 861 100 22 svenska
372 862 84 21 hänför
471 862 142 22 främmande
630 865 55 19 stats
698 862 99 22 domstol
813 862 43 21 och
871 861 137 29 myndighet

256 897 34 21 uti
305 905 32 13 nu
352 897 177 28 ifrågavarande
544 898 132 21 hänseende
692 898 34 21 till
743 905 87 14 samma
843 897 104 28 kategori
959 904 48 15 som

256 932 254 30 Fattigvårdsstyrelse,
532 934 94 21 hvilken
651 933 170 28 inskränkning
842 933 103 21 däremot
957 933 50 21 icke

257 969 126 22 återfinnes
399 969 8 21 i
424 970 45 21 den
484 969 77 22 finska
576 972 84 19 texten.
692 969 120 22 Utskottet
827 969 42 21 har
884 969 9 20 i
909 969 38 21 sitt
963 969 44 20 för-

257 1004 51 29 slag
322 1004 100 29 vidtagit
437 1005 65 21 häraf
518 1005 106 28 påkallad
640 1005 99 22 rättelse.

328 1040 40 22 Ett
390 1041 63 22 inom
476 1041 174 22 Bondeståndet
673 1041 69 22 väckt
765 1041 89 28 förslag
874 1040 8 21 i
898 1040 61 29 syfte
975 1042 33 19 att

258 1076 45 21 den
318 1076 36 22 för
370 1077 188 28 innebyggarene
570 1077 8 21 i
588 1077 173 29 Lappmarkens
772 1077 73 21 härad
856 1079 59 18 samt
923 1076 84 21 Kuola-

254 1111 61 29 järvi
342 1113 42 21 och
410 1113 118 21 Kuusamo
555 1113 97 21 socknar
677 1113 121 28 medgifna
822 1112 108 21 befrielse
957 1112 51 21 från

257 1148 231 29 stämpelskyldighet
503 1148 71 22 borde
590 1149 128 21 utsträckas
732 1148 87 29 jemväl
834 1147 35 22 till
879 1147 129 22 befolknin-

256 1191 46 20 gen
310 1183 8 22 i
326 1183 91 29 Kajana
424 1184 78 26 härad,
514 1185 46 20 kan
568 1184 118 22 Utskottet
696 1184 50 21 icke
757 1184 122 28 tillstyrka.
896 1183 79 22 Kändt
984 1186 24 18 är

256 1219 138 29 visserligen
406 1223 33 18 att
447 1228 29 13 en
488 1223 47 18 stor
546 1220 37 21 del
592 1221 24 20 af
626 1221 72 27 sagda
708 1219 144 28 befolkning,
864 1219 8 21 i
883 1219 126 28 synnerhet

256 1255 34 21 uti
305 1255 108 22 häradets
429 1256 105 29 nordliga
550 1256 44 26 del,
606 1256 74 22 lefver
695 1256 75 21 under
786 1255 68 22 hårdt
865 1255 143 21 ekonomiskt

256 1290 108 29 betryck;
382 1299 53 14 men
451 1292 75 21 denna
542 1292 170 28 omständighet
729 1291 82 29 gifver,
827 1291 72 28 enligt
915 1290 93 22 Utskot-

256 1329 45 18 tets
317 1327 157 26 förmenande,
492 1331 24 18 så
532 1328 91 28 mycket
638 1327 90 22 mindre
744 1326 127 29 anledning
886 1326 35 21 till
931 1329 77 25 någon

256 1362 279 29 undantagsbestämning
558 1363 36 22 för
614 1363 62 22 detta
699 1363 79 26 härad,
796 1369 49 14 som
862 1362 28 21 de
906 1362 63 27 lager
985 1362 24 21 af

256 1397 175 30 befolkningen,
448 1399 89 21 hvilkas
561 1399 122 28 fattigdom
706 1402 24 18 är
754 1398 62 21 känd
833 1397 55 22 eller
903 1397 104 28 intygad,
