1103 1756
234 157 14 20 6
417 157 84 23 Ständ.
518 157 39 23 Sv.
572 171 28 4 —
616 158 73 28 Prop.
703 158 43 23 N:o
762 158 37 22 24.

235 228 42 22 ten
301 228 81 23 under
407 229 27 22 är
461 229 67 22 1905
551 229 131 23 äfvensom
701 231 53 21 mot
773 229 225 30 anslagsbeloppet

236 263 27 21 af
276 263 127 26 450,000
415 264 74 22 mark
502 264 42 22 till
557 264 244 29 löneförhöjningar
814 263 27 23 ät
854 264 49 22 den
917 265 81 28 egent-

237 297 55 28 liga
319 297 239 30 lärarepersonalen
583 299 46 22 vid
654 299 176 22 folkskolorna
851 298 38 29 pä
909 298 88 23 landet

235 331 123 23 likaledes
377 332 39 22 för
439 333 28 22 är
494 333 66 22 1905
579 333 80 22 hafva
679 333 142 22 Ständerna
840 333 54 22 icke
913 333 85 22 funnit

236 365 57 23 skäl
320 366 36 23 till
384 367 174 30 anmärkning,
582 367 106 23 hvarför
708 367 145 23 Ständerna
871 367 126 23 underdä-

236 400 70 29 nigst
325 401 98 22 anmäla

512 471 37 22 att
561 469 148 24 Ständerna
721 470 117 29 godkänt
854 470 141 23 desamma.

306 606 49 23 Vid
383 607 175 23 beräknandet
586 608 25 22 af
639 608 93 29 anslag
752 608 42 23 till
812 608 139 29 pensioner
969 607 28 23 ät

235 641 51 22 den
303 641 127 30 egentliga
449 642 240 29 lärarepersonalen
708 643 46 22 vid
773 643 175 22 folkskolorna
957 641 38 30 pä

236 675 90 23 landet
343 676 47 22 har
408 677 36 22 uti
463 677 49 22 den
531 677 94 29 nädiga
644 677 191 29 propositionen
854 677 54 22 icke
926 677 71 29 följts

236 716 96 16 samma
351 711 112 28 grunder
477 718 52 16 som
543 711 115 30 tidigare.
690 712 38 22 De
740 711 93 30 gjorda
846 711 149 30 kalkylerna

237 751 78 22 synas
334 745 100 29 grunda
453 746 39 29 sig
510 746 33 29 pä
563 747 155 28 antagandet
738 748 36 21 att
792 746 204 28 pensionsberät-

236 779 87 29 tigade
351 780 82 22 lärare
460 781 46 22 och
525 781 143 22 lärarinnor
686 781 136 23 framdeles
842 781 53 22 icke
915 780 82 23 skulle

236 814 8 21 i
264 820 95 16 samma
378 815 148 29 proportion
545 822 53 16 som
620 816 88 22 hittills
722 816 158 22 kvarstanna
892 815 8 22 i
914 816 83 28 tjenst.

236 848 39 22 De
302 849 221 29 pensionsbelopp,
547 850 87 22 hvilka
661 850 82 22 under
762 850 29 22 är
811 850 67 22 1905
898 849 99 23 komme

238 884 37 20 att
292 882 134 28 utbetalas,
446 884 8 22 i
472 884 122 22 händelse
614 884 48 22 alla
682 884 31 23 de
732 884 84 22 lärare
834 884 46 22 och
893 884 105 22 lärarin-

236 924 54 19 nor,
309 924 53 16 som
385 918 81 22 under
490 919 68 22 detta
583 919 28 22 är
630 919 86 28 uppnä
735 918 201 29 pensionsälder,
955 918 42 22 be-

236 958 87 23 gagna
342 952 39 29 sig
400 953 25 22 af
443 953 38 22 sin
500 954 50 21 rätt
568 955 36 21 att
622 954 58 22 med
698 953 46 22 full
763 953 107 29 pension
889 960 30 14 ur
935 953 63 29 tjen-

237 987 56 21 sten
314 986 67 30 afgä,
401 988 91 28 utgöra
511 988 78 28 enligt
615 987 274 29 Skolöfverstyrelsens
908 987 90 23 beräk-

236 1020 63 30 ning
318 1022 185 28 sammanlagdt
524 1022 93 26 12,500
636 1022 80 22 mark.
754 1022 39 22 Då
813 1022 42 22 det
874 1022 42 22 vid
933 1022 64 22 före-

236 1055 100 29 gäende
355 1056 153 29 landtdagar
526 1056 80 29 följda
625 1056 242 30 beräkningssättet,
887 1063 53 15 som
959 1057 39 21 ut-

236 1089 56 29 gätt
310 1090 57 22 frän
386 1090 43 22 det
447 1091 155 29 antagandet
621 1092 36 21 att
676 1091 98 29 ärligen
794 1090 203 29 proportionsvis

237 1130 96 16 samma
359 1125 67 22 antal
451 1125 143 29 öfveräriga
614 1126 82 22 lärare
716 1126 47 22 och
782 1125 142 22 lärarinnor
942 1125 56 22 icke

235 1158 120 30 begagna
375 1159 39 29 sig
433 1159 25 22 af
476 1160 38 22 sin
533 1160 50 22 rätt
602 1160 36 22 till
665 1160 116 28 pension,
801 1160 67 22 visat
886 1160 39 28 sig
943 1159 54 22 icke

235 1192 66 24 blott
328 1200 63 16 vara
419 1194 151 29 fullkomligt
596 1194 111 29 tillfylles
735 1196 63 20 utan
816 1194 37 22 till
876 1194 45 22 och
939 1193 58 23 med

235 1227 80 23 hafva
335 1228 74 28 gifvit
428 1228 147 27 öfverskott,
595 1228 138 30 föreligger
752 1229 64 21 intet
834 1228 56 22 skäl
909 1229 35 21 att
962 1234 37 16 nu

235 1262 146 29 öfvergifva
395 1262 146 23 detsamma.
569 1263 173 22 Pensionerna
756 1263 26 22 ät
795 1262 204 22 folkskollärare-

235 1296 154 28 personalen
417 1297 33 28 pä
477 1297 86 23 landet
590 1298 132 28 uppgingo
747 1297 45 23 vid
813 1297 68 22 1904
900 1296 41 22 ärs
961 1298 38 20 ut-

235 1330 71 30 gäng
325 1330 36 23 till
380 1331 8 21 i
406 1331 76 23 rundt
502 1332 33 21 tal
554 1332 97 26 60,000
669 1332 79 22 mark.
785 1331 57 22 Med
855 1331 95 22 fästadt
963 1330 35 22 af-

235 1365 94 22 seende
349 1365 62 23 därä
433 1367 35 21 att
485 1366 135 28 pensioner
636 1366 101 22 komma
751 1367 37 21 att
800 1365 109 29 beviljas
922 1365 76 22 äfven

235 1399 99 22 sädana
353 1400 82 22 lärare
454 1400 46 22 och
527 1400 149 26 lärarinnor,
694 1400 89 22 hvilka
801 1400 55 22 före
875 1399 123 29 uppnädd

233 1434 195 27 pensionsälder
438 1435 39 22 för
487 1435 138 29 sjuklighet
635 1435 67 29 afgä,
713 1435 87 22 kunde
808 1435 189 22 ofvannämnda

235 1474 99 16 summa
355 1469 25 22 af
400 1469 91 26 12,500
516 1469 71 22 mark
608 1469 121 23 afrundas
749 1469 81 29 uppät
850 1469 35 22 till
906 1469 93 26 13,000
