1106 1756
262 128 32 35 46
570 133 41 21 N:o
634 133 27 21 25

105 316 115 33 Stämpelaf-
238 307 2 24 |
351 317 52 21 med
419 317 98 28 stämpel
532 317 51 22 frän
598 318 13 20 2
628 317 36 21 till
679 318 43 21 200
732 317 71 28 mark,
811 319 56 19 utan

100 340 42 41 gift
153 344 31 33 för
196 344 26 18 af
239 366 1 3 i
352 350 106 22 afseende
475 351 58 25 derå,
550 359 37 14 om
601 352 58 21 visst
673 352 70 21 värde
753 352 8 21 i
771 351 96 29 pennin-

105 373 118 24 handlingar
410 389 8 3 N
549 386 16 21 ler
609 386 57 21 icke:
683 386 58 21 dock
781 386 60 20 stämpl.

100 402 83 18 eiällen
190 408 33 12 6n=
352 392 42 22 gar
409 394 24 13 är
448 388 73 19 utsatt
537 394 54 13 eller
606 394 61 19 icke;
699 393 27 15 dock
757 388 110 26 stämplas

128 418 68 34 skilda.
351 420 215 22 fidoikommissbref
589 420 72 29 enligt
676 420 191 28 nästföregäende

238 457 2 4 |
352 455 74 28 punkt
441 463 18 14 a.

421 489 145 22 Testamente
581 489 36 22 till
633 489 69 28 fader,
718 490 84 27 moder,
816 489 51 22 bro-

352 524 45 28 der,
413 523 136 28 halfbroder,
571 526 79 26 syster,
665 523 130 30 halfsyster,
812 524 55 21 eller
880 543 2 10 !

351 558 99 27 broders,
474 557 147 29 halfbroders,
638 561 84 26 systers
739 559 55 21 eller
809 557 57 22 half-

352 595 85 26 systers
463 593 127 28 afkomling
615 593 82 28 drager
719 593 97 28 stämpel
834 580 26 45 50
880 584 2 10 |

351 627 70 28 penni
446 627 36 22 för
506 627 79 28 hvarje
609 627 58 22 fulla
693 628 42 21 100
756 627 65 22 mark
844 627 38 21 afj|

352 662 153 28 egendomens
520 662 76 21 värde.

420 696 145 22 Testamente
588 696 36 21 till
647 696 66 21 make
729 697 55 20 eller
799 695 67 22 maka

351 731 55 21 eller
421 730 169 29 bröstarfvinge
606 730 117 22 äfvensom
738 731 37 21 till
785 730 81 21 under-
880 734 1 14 |

351 765 196 29 visningsanstalt,
570 765 171 29 vetenskapligt
760 765 106 21 ändamål

351 801 56 20 eller
431 800 57 21 from
516 799 96 22 stiftelse
637 802 59 19 samt
721 800 45 21 alla
792 799 74 28 öfriga

350 837 158 25 testamenten,
533 842 84 21 genom
643 834 79 22 hvilka
745 834 120 29 egendom,

351 877 48 14 som
415 869 8 20 i
437 869 98 21 kontant
551 869 54 21 eller
615 868 68 22 värde
697 869 20 28 ej
729 869 90 28 uppgår
829 868 37 21 till

351 904 42 21 100
408 903 69 27 mark,
492 903 127 28 bortgifves
653 921 4 3 .
687 921 4 3 .

236 935 2 23 |
249 938 127 28 Transport-
397 938 54 21 eller
470 937 178 28 öfverlätelsebref
660 938 13 21 &
687 916 178 53 kronorusthäll,

315 973 179 21 kronohemman
514 972 42 21 och
575 972 70 21 andra
659 972 207 28 kronolägenheter

316 1006 26 22 af
361 1007 61 21 hvad
444 1014 70 14 namn
529 1007 28 21 de
571 1013 54 14 vara
640 1007 43 28 mä,
700 1007 111 27 stämplas
826 1006 40 21 vid

316 1041 129 29 ansökning
461 1049 37 14 om
513 1041 126 21 immission
655 1041 14 21 &
680 1041 65 28 dylik
755 1041 112 28 lägenhet

236 1071 1 29 i
315 1077 73 20 såsom
405 1075 120 28 Köpebref
537 1075 38 22 vid
591 1075 90 29 lagfart.

265 1110 132 29 Jpplagsbevis
407 1111 109 28 stämplas
527 1110 75 21 såsom
613 1117 74 14 annan
695 1110 87 28 bilaga;
794 1117 23 14 se
825 1109 14 21 4
847 1111 19 25 $.

235 1113 2 62 |
250 1145 179 28 Ursprungsbevis
445 1145 54 21 eller
515 1144 114 27 Certifikat,
639 1144 118 21 utfärdadt
769 1143 23 22 af
799 1144 67 21 brän-

235 1184 1 32 |
313 1179 186 21 vinstillverkare
517 1179 55 21 eller
587 1178 184 29 -återförsäljare,
788 1177 77 22 äfven-

235 1211 1 29 |
314 1221 49 14 som
386 1213 113 22 certifikat
517 1213 56 22 eller
587 1213 91 22 faktura
693 1213 36 22 för
743 1220 74 20 varor,
834 1212 31 22 af-

235 1241 1 40 |
314 1247 70 22 sedda
401 1250 34 19 att
450 1248 52 21 med
518 1247 133 22 tullförmän
665 1247 87 22 införas
763 1247 37 21 till
810 1247 55 28 Kej-

234 1276 2 41 |
314 1282 129 21 saredömet
481 1300 4 3 .
515 1299 4 4 .
550 1299 3 4 .
587 1300 1 3 —
651 1299 146 4 s.
819 1281 47 27 fria

234 1318 2 31 |
314 1317 30 21 Se
359 1316 9 21 i
383 1316 72 29 öfrigt
469 1317 13 20 3
498 1319 19 24 $.

250 1350 100 22 Warrant
365 1351 109 28 stämplas
490 1351 73 21 säsom
578 1350 166 29 Förskrifning.

250 1385 62 21 Vexel
326 1385 110 28 stämplas
453 1386 73 21 såsom
540 1381 167 64 Förskrifning.

244 1418 209 29 Äktenskapsförord
480 1437 3 4 .
514 1437 3 4 .

247 1452 187 29 Öfverlätelsebref,
449 1454 48 22 lika
511 1437 51 39 sed
577 1437 123 46 Köpebref.
