<?xml version="1.0" encoding="UTF-8"?>
<alto xmlns="http://www.loc.gov/standards/alto/ns-v3#" xmlns:xlink="http://www.w3.org/1999/xlink" xmlns:xsi="http://www.w3.org/2001/XMLSchema-instance" xsi:schemaLocation="http://www.loc.gov/standards/alto/ns-v3# http://www.loc.gov/alto/v3/alto-3-0.xsd">
	<Description>
		<MeasurementUnit>pixel</MeasurementUnit>
		<sourceImageInformation>
			<fileName>/tmp/tess_7afuziwg_input.PNG</fileName>
		</sourceImageInformation>
		<OCRProcessing ID="OCR_0">
			<ocrProcessingStep>
				<processingSoftware>
					<softwareName>tesseract 5.3.4</softwareName>
				</processingSoftware>
			</ocrProcessingStep>
		</OCRProcessing>
	</Description>
	<Layout>
		<Page WIDTH="1106" HEIGHT="1748" PHYSICAL_IMG_NR="0" ID="page_0">
			<PrintSpace HPOS="0" VPOS="0" WIDTH="1106" HEIGHT="1748">
				<ComposedBlock ID="cblock_0" HPOS="814" VPOS="128" WIDTH="27" HEIGHT="19">
					<TextBlock ID="block_0" HPOS="814" VPOS="128" WIDTH="27" HEIGHT="19">
						<TextLine ID="line_0" HPOS="814" VPOS="128" WIDTH="27" HEIGHT="19">
							<String ID="string_0" HPOS="814" VPOS="128" WIDTH="27" HEIGHT="19" WC="0.96" CONTENT="18"/>
						</TextLine>
					</TextBlock>
				</ComposedBlock>
				<ComposedBlock ID="cblock_1" HPOS="91" VPOS="189" WIDTH="760" HEIGHT="1286">
					<TextBlock ID="block_1" HPOS="91" VPOS="189" WIDTH="754" HEIGHT="424">
						<TextLine ID="line_1" HPOS="91" VPOS="189" WIDTH="751" HEIGHT="30">
							<String ID="string_1" HPOS="91" VPOS="189" WIDTH="70" HEIGHT="30" WC="0.96" CONTENT="bolag"/><SP WIDTH="23" VPOS="189" HPOS="161"/>
							<String ID="string_2" HPOS="184" VPOS="192" WIDTH="63" HEIGHT="19" WC="0.96" CONTENT="utom"/><SP WIDTH="15" VPOS="192" HPOS="247"/>
							<String ID="string_3" HPOS="262" VPOS="189" WIDTH="9" HEIGHT="22" WC="0.96" CONTENT="i"/><SP WIDTH="14" VPOS="189" HPOS="271"/>
							<String ID="string_4" HPOS="285" VPOS="189" WIDTH="127" HEIGHT="27" WC="0.96" CONTENT="Danmark,"/><SP WIDTH="16" VPOS="189" HPOS="412"/>
							<String ID="string_5" HPOS="428" VPOS="190" WIDTH="94" HEIGHT="22" WC="0.93" CONTENT="hvarest"/><SP WIDTH="24" VPOS="190" HPOS="522"/>
							<String ID="string_6" HPOS="546" VPOS="189" WIDTH="251" HEIGHT="30" WC="0.88" CONTENT="skattelagstiftningen"/><SP WIDTH="15" VPOS="189" HPOS="797"/>
							<String ID="string_7" HPOS="812" VPOS="192" WIDTH="30" HEIGHT="26" WC="0.96" CONTENT="på"/>
						</TextLine>
						<TextLine ID="line_2" HPOS="93" VPOS="225" WIDTH="750" HEIGHT="29">
							<String ID="string_8" HPOS="93" VPOS="225" WIDTH="63" HEIGHT="22" WC="0.96" CONTENT="detta"/><SP WIDTH="23" VPOS="225" HPOS="156"/>
							<String ID="string_9" HPOS="179" VPOS="225" WIDTH="92" HEIGHT="22" WC="0.96" CONTENT="område"/><SP WIDTH="23" VPOS="225" HPOS="271"/>
							<String ID="string_10" HPOS="294" VPOS="225" WIDTH="73" HEIGHT="22" WC="0.96" CONTENT="under"/><SP WIDTH="24" VPOS="225" HPOS="367"/>
							<String ID="string_11" HPOS="391" VPOS="228" WIDTH="91" HEIGHT="19" WC="0.96" CONTENT="senaste"/><SP WIDTH="23" VPOS="228" HPOS="482"/>
							<String ID="string_12" HPOS="505" VPOS="226" WIDTH="34" HEIGHT="21" WC="0.96" CONTENT="tid"/><SP WIDTH="23" VPOS="226" HPOS="539"/>
							<String ID="string_13" HPOS="562" VPOS="226" WIDTH="88" HEIGHT="28" WC="0.96" CONTENT="antagit"/><SP WIDTH="15" VPOS="226" HPOS="650"/>
							<String ID="string_14" HPOS="665" VPOS="233" WIDTH="30" HEIGHT="14" WC="0.93" CONTENT="en"/><SP WIDTH="15" VPOS="233" HPOS="695"/>
							<String ID="string_15" HPOS="710" VPOS="225" WIDTH="133" HEIGHT="29" WC="0.91" CONTENT="utprägladt"/>
						</TextLine>
						<TextLine ID="line_3" HPOS="92" VPOS="261" WIDTH="751" HEIGHT="30">
							<String ID="string_16" HPOS="92" VPOS="261" WIDTH="126" HEIGHT="29" WC="0.92" CONTENT="prohibitiv"/><SP WIDTH="15" VPOS="261" HPOS="218"/>
							<String ID="string_17" HPOS="233" VPOS="261" WIDTH="107" HEIGHT="29" WC="0.94" CONTENT="riktning."/><SP WIDTH="32" VPOS="261" HPOS="340"/>
							<String ID="string_18" HPOS="372" VPOS="262" WIDTH="36" HEIGHT="21" WC="0.96" CONTENT="De"/><SP WIDTH="16" VPOS="262" HPOS="408"/>
							<String ID="string_19" HPOS="424" VPOS="269" WIDTH="46" HEIGHT="22" WC="0.96" CONTENT="nya"/><SP WIDTH="14" VPOS="269" HPOS="470"/>
							<String ID="string_20" HPOS="484" VPOS="262" WIDTH="88" HEIGHT="22" WC="0.93" CONTENT="danska"/><SP WIDTH="11" VPOS="262" HPOS="572"/>
							<String ID="string_21" HPOS="583" VPOS="262" WIDTH="169" HEIGHT="29" WC="0.91" CONTENT="skattelagarna"/><SP WIDTH="10" VPOS="262" HPOS="752"/>
							<String ID="string_22" HPOS="762" VPOS="262" WIDTH="24" HEIGHT="21" WC="0.96" CONTENT="af"/><SP WIDTH="11" VPOS="262" HPOS="786"/>
							<String ID="string_23" HPOS="797" VPOS="261" WIDTH="46" HEIGHT="22" WC="0.96" CONTENT="den"/>
						</TextLine>
						<TextLine ID="line_4" HPOS="95" VPOS="297" WIDTH="748" HEIGHT="30">
							<String ID="string_24" HPOS="95" VPOS="301" WIDTH="25" HEIGHT="18" WC="0.96" CONTENT="15"/><SP WIDTH="17" VPOS="301" HPOS="120"/>
							<String ID="string_25" HPOS="137" VPOS="298" WIDTH="45" HEIGHT="29" WC="0.96" CONTENT="Maj"/><SP WIDTH="19" VPOS="298" HPOS="182"/>
							<String ID="string_26" HPOS="201" VPOS="300" WIDTH="55" HEIGHT="20" WC="0.96" CONTENT="1903"/><SP WIDTH="19" VPOS="300" HPOS="256"/>
							<String ID="string_27" HPOS="275" VPOS="297" WIDTH="65" HEIGHT="22" WC="0.95" CONTENT="ställa"/><SP WIDTH="16" VPOS="297" HPOS="340"/>
							<String ID="string_28" HPOS="356" VPOS="297" WIDTH="96" HEIGHT="22" WC="0.96" CONTENT="sålunda"/><SP WIDTH="16" VPOS="297" HPOS="452"/>
							<String ID="string_29" HPOS="468" VPOS="298" WIDTH="45" HEIGHT="21" WC="0.96" CONTENT="den"/><SP WIDTH="16" VPOS="298" HPOS="513"/>
							<String ID="string_30" HPOS="529" VPOS="298" WIDTH="119" HEIGHT="21" WC="0.93" CONTENT="inhemska"/><SP WIDTH="15" VPOS="298" HPOS="648"/>
							<String ID="string_31" HPOS="663" VPOS="297" WIDTH="180" HEIGHT="29" WC="0.91" CONTENT="lifförsäkrings-"/>
						</TextLine>
						<TextLine ID="line_5" HPOS="93" VPOS="333" WIDTH="751" HEIGHT="29">
							<String ID="string_32" HPOS="93" VPOS="334" WIDTH="103" HEIGHT="21" WC="0.95" CONTENT="rörelsen"/><SP WIDTH="15" VPOS="334" HPOS="196"/>
							<String ID="string_33" HPOS="211" VPOS="333" WIDTH="8" HEIGHT="22" WC="0.93" CONTENT="i"/><SP WIDTH="12" VPOS="333" HPOS="219"/>
							<String ID="string_34" HPOS="231" VPOS="333" WIDTH="290" HEIGHT="29" WC="0.91" CONTENT="beskattningshänseende"/><SP WIDTH="11" VPOS="333" HPOS="521"/>
							<String ID="string_35" HPOS="532" VPOS="333" WIDTH="34" HEIGHT="22" WC="0.93" CONTENT="uti"/><SP WIDTH="10" VPOS="333" HPOS="566"/>
							<String ID="string_36" HPOS="576" VPOS="333" WIDTH="162" HEIGHT="29" WC="0.91" CONTENT="förmånligare"/><SP WIDTH="12" VPOS="333" HPOS="738"/>
							<String ID="string_37" HPOS="750" VPOS="333" WIDTH="52" HEIGHT="29" WC="0.96" CONTENT="läge"/><SP WIDTH="12" VPOS="333" HPOS="802"/>
							<String ID="string_38" HPOS="814" VPOS="336" WIDTH="30" HEIGHT="18" WC="0.95" CONTENT="än"/>
						</TextLine>
						<TextLine ID="line_6" HPOS="94" VPOS="369" WIDTH="750" HEIGHT="26">
							<String ID="string_39" HPOS="94" VPOS="369" WIDTH="45" HEIGHT="22" WC="0.96" CONTENT="den"/><SP WIDTH="23" VPOS="369" HPOS="139"/>
							<String ID="string_40" HPOS="162" VPOS="369" WIDTH="132" HEIGHT="26" WC="0.96" CONTENT="utländska;"/><SP WIDTH="24" VPOS="369" HPOS="294"/>
							<String ID="string_41" HPOS="318" VPOS="372" WIDTH="33" HEIGHT="19" WC="0.96" CONTENT="ett"/><SP WIDTH="23" VPOS="372" HPOS="351"/>
							<String ID="string_42" HPOS="374" VPOS="369" WIDTH="150" HEIGHT="26" WC="0.96" CONTENT="förhållande,"/><SP WIDTH="25" VPOS="369" HPOS="524"/>
							<String ID="string_43" HPOS="549" VPOS="377" WIDTH="49" HEIGHT="14" WC="0.96" CONTENT="som"/><SP WIDTH="20" VPOS="377" HPOS="598"/>
							<String ID="string_44" HPOS="618" VPOS="369" WIDTH="69" HEIGHT="22" WC="0.96" CONTENT="också"/><SP WIDTH="26" VPOS="369" HPOS="687"/>
							<String ID="string_45" HPOS="713" VPOS="369" WIDTH="131" HEIGHT="22" WC="0.93" CONTENT="framkallat"/>
						</TextLine>
						<TextLine ID="line_7" HPOS="93" VPOS="405" WIDTH="751" HEIGHT="29">
							<String ID="string_46" HPOS="93" VPOS="405" WIDTH="128" HEIGHT="29" WC="0.96" CONTENT="högljudda"/><SP WIDTH="25" VPOS="405" HPOS="221"/>
							<String ID="string_47" HPOS="246" VPOS="407" WIDTH="113" HEIGHT="26" WC="0.96" CONTENT="protester"/><SP WIDTH="25" VPOS="407" HPOS="359"/>
							<String ID="string_48" HPOS="384" VPOS="405" WIDTH="53" HEIGHT="22" WC="0.96" CONTENT="från"/><SP WIDTH="25" VPOS="405" HPOS="437"/>
							<String ID="string_49" HPOS="462" VPOS="405" WIDTH="126" HEIGHT="26" WC="0.88" CONTENT="utländskt,"/><SP WIDTH="26" VPOS="405" HPOS="588"/>
							<String ID="string_50" HPOS="614" VPOS="405" WIDTH="108" HEIGHT="22" WC="0.96" CONTENT="särskildt"/><SP WIDTH="26" VPOS="405" HPOS="722"/>
							<String ID="string_51" HPOS="748" VPOS="405" WIDTH="96" HEIGHT="22" WC="0.96" CONTENT="svenskt"/>
						</TextLine>
						<TextLine ID="line_8" HPOS="93" VPOS="441" WIDTH="752" HEIGHT="29">
							<String ID="string_52" HPOS="93" VPOS="441" WIDTH="53" HEIGHT="21" WC="0.95" CONTENT="håll."/><SP WIDTH="32" VPOS="441" HPOS="146"/>
							<String ID="string_53" HPOS="178" VPOS="441" WIDTH="109" HEIGHT="22" WC="0.96" CONTENT="Förutom"/><SP WIDTH="17" VPOS="441" HPOS="287"/>
							<String ID="string_54" HPOS="304" VPOS="441" WIDTH="76" HEIGHT="22" WC="0.96" CONTENT="denna"/><SP WIDTH="14" VPOS="441" HPOS="380"/>
							<String ID="string_55" HPOS="394" VPOS="441" WIDTH="164" HEIGHT="22" WC="0.96" CONTENT="inkomstskatt"/><SP WIDTH="19" VPOS="441" HPOS="558"/>
							<String ID="string_56" HPOS="577" VPOS="441" WIDTH="105" HEIGHT="29" WC="0.95" CONTENT="erlägges"/><SP WIDTH="18" VPOS="441" HPOS="682"/>
							<String ID="string_57" HPOS="700" VPOS="441" WIDTH="8" HEIGHT="21" WC="0.96" CONTENT="i"/><SP WIDTH="17" VPOS="441" HPOS="708"/>
							<String ID="string_58" HPOS="725" VPOS="441" WIDTH="120" HEIGHT="22" WC="0.95" CONTENT="Danmark"/>
						</TextLine>
						<TextLine ID="line_9" HPOS="95" VPOS="476" WIDTH="750" HEIGHT="30">
							<String ID="string_59" HPOS="95" VPOS="477" WIDTH="71" HEIGHT="22" WC="0.96" CONTENT="sedan"/><SP WIDTH="17" VPOS="477" HPOS="166"/>
							<String ID="string_60" HPOS="183" VPOS="477" WIDTH="109" HEIGHT="28" WC="0.93" CONTENT="gammalt"/><SP WIDTH="15" VPOS="477" HPOS="292"/>
							<String ID="string_61" HPOS="307" VPOS="477" WIDTH="165" HEIGHT="29" WC="0.91" CONTENT="stämpelafgift"/><SP WIDTH="16" VPOS="477" HPOS="472"/>
							<String ID="string_62" HPOS="488" VPOS="477" WIDTH="36" HEIGHT="22" WC="0.96" CONTENT="för"/><SP WIDTH="16" VPOS="477" HPOS="524"/>
							<String ID="string_63" HPOS="540" VPOS="477" WIDTH="44" HEIGHT="22" WC="0.96" CONTENT="alla"/><SP WIDTH="15" VPOS="477" HPOS="584"/>
							<String ID="string_64" HPOS="599" VPOS="477" WIDTH="156" HEIGHT="29" WC="0.96" CONTENT="försäkringar"/><SP WIDTH="16" VPOS="477" HPOS="755"/>
							<String ID="string_65" HPOS="771" VPOS="485" WIDTH="50" HEIGHT="14" WC="0.96" CONTENT="som"/><SP WIDTH="16" VPOS="485" HPOS="821"/>
							<String ID="string_66" HPOS="837" VPOS="476" WIDTH="8" HEIGHT="21" WC="0.96" CONTENT="i"/>
						</TextLine>
						<TextLine ID="line_10" HPOS="94" VPOS="513" WIDTH="751" HEIGHT="29">
							<String ID="string_67" HPOS="94" VPOS="513" WIDTH="80" HEIGHT="22" WC="0.96" CONTENT="landet"/><SP WIDTH="14" VPOS="513" HPOS="174"/>
							<String ID="string_68" HPOS="188" VPOS="513" WIDTH="101" HEIGHT="26" WC="0.96" CONTENT="tecknas,"/><SP WIDTH="11" VPOS="513" HPOS="289"/>
							<String ID="string_69" HPOS="300" VPOS="521" WIDTH="55" HEIGHT="14" WC="0.96" CONTENT="vare"/><SP WIDTH="11" VPOS="521" HPOS="355"/>
							<String ID="string_70" HPOS="366" VPOS="513" WIDTH="36" HEIGHT="28" WC="0.92" CONTENT="sig"/><SP WIDTH="16" VPOS="513" HPOS="402"/>
							<String ID="string_71" HPOS="418" VPOS="514" WIDTH="312" HEIGHT="28" WC="0.89" CONTENT="försäkringshandlingarna"/><SP WIDTH="11" VPOS="514" HPOS="730"/>
							<String ID="string_72" HPOS="741" VPOS="513" WIDTH="104" HEIGHT="21" WC="0.96" CONTENT="utfärdas"/>
						</TextLine>
						<TextLine ID="line_11" HPOS="96" VPOS="549" WIDTH="749" HEIGHT="29">
							<String ID="string_73" HPOS="96" VPOS="549" WIDTH="22" HEIGHT="21" WC="0.96" CONTENT="af"/><SP WIDTH="24" VPOS="549" HPOS="118"/>
							<String ID="string_74" HPOS="142" VPOS="549" WIDTH="119" HEIGHT="21" WC="0.93" CONTENT="inhemska"/><SP WIDTH="23" VPOS="549" HPOS="261"/>
							<String ID="string_75" HPOS="284" VPOS="549" WIDTH="233" HEIGHT="29" WC="0.90" CONTENT="försäkringsgifvare"/><SP WIDTH="24" VPOS="549" HPOS="517"/>
							<String ID="string_76" HPOS="541" VPOS="550" WIDTH="54" HEIGHT="21" WC="0.96" CONTENT="eller"/><SP WIDTH="24" VPOS="550" HPOS="595"/>
							<String ID="string_77" HPOS="619" VPOS="550" WIDTH="23" HEIGHT="21" WC="0.96" CONTENT="af"/><SP WIDTH="16" VPOS="550" HPOS="642"/>
							<String ID="string_78" HPOS="658" VPOS="549" WIDTH="84" HEIGHT="22" WC="0.96" CONTENT="ombud"/><SP WIDTH="16" VPOS="549" HPOS="742"/>
							<String ID="string_79" HPOS="758" VPOS="549" WIDTH="37" HEIGHT="21" WC="0.89" CONTENT="för"/><SP WIDTH="15" VPOS="549" HPOS="795"/>
							<String ID="string_80" HPOS="810" VPOS="550" WIDTH="35" HEIGHT="20" WC="0.89" CONTENT="ut-"/>
						</TextLine>
						<TextLine ID="line_12" HPOS="95" VPOS="585" WIDTH="372" HEIGHT="28">
							<String ID="string_81" HPOS="95" VPOS="585" WIDTH="98" HEIGHT="21" WC="0.91" CONTENT="ländska"/><SP WIDTH="15" VPOS="585" HPOS="193"/>
							<String ID="string_82" HPOS="208" VPOS="585" WIDTH="259" HEIGHT="28" WC="0.92" CONTENT="försäkringsanstalter."/>
						</TextLine>
					</TextBlock>
					<TextBlock ID="block_2" HPOS="96" VPOS="620" WIDTH="755" HEIGHT="711">
						<TextLine ID="line_13" HPOS="167" VPOS="620" WIDTH="680" HEIGHT="30">
							<String ID="string_83" HPOS="167" VPOS="621" WIDTH="12" HEIGHT="21" WC="0.96" CONTENT="I"/><SP WIDTH="25" VPOS="621" HPOS="179"/>
							<String ID="string_84" HPOS="204" VPOS="620" WIDTH="89" HEIGHT="29" WC="0.93" CONTENT="Sverige"/><SP WIDTH="20" VPOS="620" HPOS="293"/>
							<String ID="string_85" HPOS="313" VPOS="621" WIDTH="41" HEIGHT="21" WC="0.95" CONTENT="har"/><SP WIDTH="20" VPOS="621" HPOS="354"/>
							<String ID="string_86" HPOS="374" VPOS="621" WIDTH="165" HEIGHT="29" WC="0.95" CONTENT="utvecklingen"/><SP WIDTH="16" VPOS="621" HPOS="539"/>
							<String ID="string_87" HPOS="555" VPOS="623" WIDTH="49" HEIGHT="27" WC="0.96" CONTENT="gått"/><SP WIDTH="14" VPOS="623" HPOS="604"/>
							<String ID="string_88" HPOS="618" VPOS="621" WIDTH="8" HEIGHT="21" WC="0.96" CONTENT="i"/><SP WIDTH="16" VPOS="621" HPOS="626"/>
							<String ID="string_89" HPOS="642" VPOS="621" WIDTH="94" HEIGHT="22" WC="0.96" CONTENT="alldeles"/><SP WIDTH="16" VPOS="621" HPOS="736"/>
							<String ID="string_90" HPOS="752" VPOS="622" WIDTH="95" HEIGHT="20" WC="0.96" CONTENT="motsatt"/>
						</TextLine>
						<TextLine ID="line_14" HPOS="96" VPOS="656" WIDTH="750" HEIGHT="29">
							<String ID="string_91" HPOS="96" VPOS="656" WIDTH="109" HEIGHT="29" WC="0.95" CONTENT="riktning."/><SP WIDTH="26" VPOS="656" HPOS="205"/>
							<String ID="string_92" HPOS="231" VPOS="656" WIDTH="41" HEIGHT="22" WC="0.95" CONTENT="Uti"/><SP WIDTH="17" VPOS="656" HPOS="272"/>
							<String ID="string_93" HPOS="289" VPOS="657" WIDTH="62" HEIGHT="21" WC="0.96" CONTENT="detta"/><SP WIDTH="15" VPOS="657" HPOS="351"/>
							<String ID="string_94" HPOS="366" VPOS="657" WIDTH="56" HEIGHT="21" WC="0.96" CONTENT="land"/><SP WIDTH="14" VPOS="657" HPOS="422"/>
							<String ID="string_95" HPOS="436" VPOS="657" WIDTH="42" HEIGHT="21" WC="0.96" CONTENT="har"/><SP WIDTH="16" VPOS="657" HPOS="478"/>
							<String ID="string_96" HPOS="494" VPOS="657" WIDTH="112" HEIGHT="21" WC="0.96" CONTENT="alltsedan"/><SP WIDTH="16" VPOS="657" HPOS="606"/>
							<String ID="string_97" HPOS="622" VPOS="660" WIDTH="24" HEIGHT="18" WC="0.96" CONTENT="år"/><SP WIDTH="19" VPOS="660" HPOS="646"/>
							<String ID="string_98" HPOS="665" VPOS="660" WIDTH="54" HEIGHT="19" WC="0.96" CONTENT="1857"/><SP WIDTH="17" VPOS="660" HPOS="719"/>
							<String ID="string_99" HPOS="736" VPOS="656" WIDTH="110" HEIGHT="22" WC="0.96" CONTENT="utländsk"/>
						</TextLine>
						<TextLine ID="line_15" HPOS="96" VPOS="692" WIDTH="750" HEIGHT="29">
							<String ID="string_100" HPOS="96" VPOS="692" WIDTH="233" HEIGHT="28" WC="0.90" CONTENT="försäkringsgifvare"/><SP WIDTH="23" VPOS="692" HPOS="329"/>
							<String ID="string_101" HPOS="352" VPOS="692" WIDTH="50" HEIGHT="22" WC="0.96" CONTENT="haft"/><SP WIDTH="23" VPOS="692" HPOS="402"/>
							<String ID="string_102" HPOS="425" VPOS="695" WIDTH="33" HEIGHT="19" WC="0.96" CONTENT="att"/><SP WIDTH="23" VPOS="695" HPOS="458"/>
							<String ID="string_103" HPOS="481" VPOS="693" WIDTH="54" HEIGHT="21" WC="0.96" CONTENT="med"/><SP WIDTH="23" VPOS="693" HPOS="535"/>
							<String ID="string_104" HPOS="558" VPOS="692" WIDTH="96" HEIGHT="29" WC="0.96" CONTENT="stämpel"/><SP WIDTH="18" VPOS="692" HPOS="654"/>
							<String ID="string_105" HPOS="672" VPOS="692" WIDTH="62" HEIGHT="22" WC="0.93" CONTENT="förse"/><SP WIDTH="16" VPOS="692" HPOS="734"/>
							<String ID="string_106" HPOS="750" VPOS="692" WIDTH="96" HEIGHT="28" WC="0.91" CONTENT="premie-"/>
						</TextLine>
						<TextLine ID="line_16" HPOS="96" VPOS="728" WIDTH="750" HEIGHT="29">
							<String ID="string_107" HPOS="96" VPOS="728" WIDTH="108" HEIGHT="26" WC="0.96" CONTENT="kvittens,"/><SP WIDTH="28" VPOS="728" HPOS="204"/>
							<String ID="string_108" HPOS="232" VPOS="736" WIDTH="48" HEIGHT="14" WC="0.96" CONTENT="som"/><SP WIDTH="26" VPOS="736" HPOS="280"/>
							<String ID="string_109" HPOS="306" VPOS="728" WIDTH="8" HEIGHT="22" WC="0.96" CONTENT="i"/><SP WIDTH="23" VPOS="728" HPOS="314"/>
							<String ID="string_110" HPOS="337" VPOS="728" WIDTH="58" HEIGHT="22" WC="0.93" CONTENT="riket"/><SP WIDTH="28" VPOS="728" HPOS="395"/>
							<String ID="string_111" HPOS="423" VPOS="728" WIDTH="121" HEIGHT="22" WC="0.88" CONTENT="utlemnas."/><SP WIDTH="41" VPOS="728" HPOS="544"/>
							<String ID="string_112" HPOS="585" VPOS="728" WIDTH="186" HEIGHT="29" WC="0.87" CONTENT="Ursprungligen"/><SP WIDTH="31" VPOS="728" HPOS="771"/>
							<String ID="string_113" HPOS="802" VPOS="728" WIDTH="44" HEIGHT="21" WC="0.30" CONTENT="till"/>
						</TextLine>
						<TextLine ID="line_17" HPOS="96" VPOS="763" WIDTH="749" HEIGHT="29">
							<String ID="string_114" HPOS="96" VPOS="764" WIDTH="101" HEIGHT="21" WC="0.96" CONTENT="kommet"/><SP WIDTH="22" VPOS="764" HPOS="197"/>
							<String ID="string_115" HPOS="219" VPOS="764" WIDTH="8" HEIGHT="21" WC="0.96" CONTENT="i"/><SP WIDTH="20" VPOS="764" HPOS="227"/>
							<String ID="string_116" HPOS="247" VPOS="764" WIDTH="61" HEIGHT="28" WC="0.95" CONTENT="syfte"/><SP WIDTH="24" VPOS="764" HPOS="308"/>
							<String ID="string_117" HPOS="332" VPOS="766" WIDTH="32" HEIGHT="19" WC="0.96" CONTENT="att"/><SP WIDTH="16" VPOS="766" HPOS="364"/>
							<String ID="string_118" HPOS="380" VPOS="764" WIDTH="103" HEIGHT="28" WC="0.96" CONTENT="utjämna"/><SP WIDTH="16" VPOS="764" HPOS="483"/>
							<String ID="string_119" HPOS="499" VPOS="764" WIDTH="141" HEIGHT="22" WC="0.96" CONTENT="olikheterna"/><SP WIDTH="15" VPOS="764" HPOS="640"/>
							<String ID="string_120" HPOS="655" VPOS="764" WIDTH="34" HEIGHT="21" WC="0.93" CONTENT="uti"/><SP WIDTH="15" VPOS="764" HPOS="689"/>
							<String ID="string_121" HPOS="704" VPOS="763" WIDTH="141" HEIGHT="22" WC="0.92" CONTENT="beskattnin-"/>
						</TextLine>
						<TextLine ID="line_18" HPOS="97" VPOS="799" WIDTH="750" HEIGHT="29">
							<String ID="string_122" HPOS="97" VPOS="806" WIDTH="46" HEIGHT="22" WC="0.96" CONTENT="gen"/><SP WIDTH="19" VPOS="806" HPOS="143"/>
							<String ID="string_123" HPOS="162" VPOS="800" WIDTH="23" HEIGHT="21" WC="0.96" CONTENT="af"/><SP WIDTH="23" VPOS="800" HPOS="185"/>
							<String ID="string_124" HPOS="208" VPOS="800" WIDTH="46" HEIGHT="21" WC="0.96" CONTENT="den"/><SP WIDTH="22" VPOS="800" HPOS="254"/>
							<String ID="string_125" HPOS="276" VPOS="799" WIDTH="120" HEIGHT="22" WC="0.96" CONTENT="inhemska"/><SP WIDTH="24" VPOS="799" HPOS="396"/>
							<String ID="string_126" HPOS="420" VPOS="800" WIDTH="42" HEIGHT="21" WC="0.96" CONTENT="och"/><SP WIDTH="25" VPOS="800" HPOS="462"/>
							<String ID="string_127" HPOS="487" VPOS="800" WIDTH="122" HEIGHT="22" WC="0.93" CONTENT="utländska"/><SP WIDTH="25" VPOS="800" HPOS="609"/>
							<String ID="string_128" HPOS="634" VPOS="799" WIDTH="213" HEIGHT="29" WC="0.90" CONTENT="försäkringsrörel-"/>
						</TextLine>
						<TextLine ID="line_19" HPOS="98" VPOS="835" WIDTH="749" HEIGHT="29">
							<String ID="string_129" HPOS="98" VPOS="842" WIDTH="46" HEIGHT="19" WC="0.95" CONTENT="sen,"/><SP WIDTH="26" VPOS="842" HPOS="144"/>
							<String ID="string_130" HPOS="170" VPOS="835" WIDTH="72" HEIGHT="21" WC="0.93" CONTENT="erhöll"/><SP WIDTH="25" VPOS="835" HPOS="242"/>
							<String ID="string_131" HPOS="267" VPOS="835" WIDTH="159" HEIGHT="29" WC="0.92" CONTENT="ifrågakomna"/><SP WIDTH="15" VPOS="835" HPOS="426"/>
							<String ID="string_132" HPOS="441" VPOS="836" WIDTH="125" HEIGHT="25" WC="0.96" CONTENT="föreskrift,"/><SP WIDTH="18" VPOS="836" HPOS="566"/>
							<String ID="string_133" HPOS="584" VPOS="836" WIDTH="71" HEIGHT="21" WC="0.96" CONTENT="sedan"/><SP WIDTH="16" VPOS="836" HPOS="655"/>
							<String ID="string_134" HPOS="671" VPOS="836" WIDTH="76" HEIGHT="21" WC="0.92" CONTENT="denna"/><SP WIDTH="14" VPOS="836" HPOS="747"/>
							<String ID="string_135" HPOS="761" VPOS="835" WIDTH="86" HEIGHT="21" WC="0.91" CONTENT="likstäl-"/>
						</TextLine>
						<TextLine ID="line_20" HPOS="96" VPOS="871" WIDTH="751" HEIGHT="29">
							<String ID="string_136" HPOS="96" VPOS="871" WIDTH="74" HEIGHT="28" WC="0.96" CONTENT="lighet"/><SP WIDTH="24" VPOS="871" HPOS="170"/>
							<String ID="string_137" HPOS="194" VPOS="879" WIDTH="83" HEIGHT="20" WC="0.95" CONTENT="genom"/><SP WIDTH="23" VPOS="879" HPOS="277"/>
							<String ID="string_138" HPOS="300" VPOS="871" WIDTH="138" HEIGHT="22" WC="0.96" CONTENT="förändrade"/><SP WIDTH="26" VPOS="871" HPOS="438"/>
							<String ID="string_139" HPOS="464" VPOS="872" WIDTH="172" HEIGHT="28" WC="0.93" CONTENT="bestämningar"/><SP WIDTH="18" VPOS="872" HPOS="636"/>
							<String ID="string_140" HPOS="654" VPOS="874" WIDTH="13" HEIGHT="19" WC="0.92" CONTENT="&amp;"/><SP WIDTH="16" VPOS="874" HPOS="667"/>
							<String ID="string_141" HPOS="683" VPOS="871" WIDTH="105" HEIGHT="29" WC="0.92" CONTENT="stämpel-"/><SP WIDTH="16" VPOS="871" HPOS="788"/>
							<String ID="string_142" HPOS="804" VPOS="871" WIDTH="43" HEIGHT="22" WC="0.96" CONTENT="och"/>
						</TextLine>
						<TextLine ID="line_21" HPOS="96" VPOS="907" WIDTH="752" HEIGHT="29">
							<String ID="string_143" HPOS="96" VPOS="907" WIDTH="330" HEIGHT="29" WC="0.90" CONTENT="bevillningslagstiftningens"/><SP WIDTH="25" VPOS="907" HPOS="426"/>
							<String ID="string_144" HPOS="451" VPOS="908" WIDTH="93" HEIGHT="21" WC="0.95" CONTENT="område"/><SP WIDTH="26" VPOS="908" HPOS="544"/>
							<String ID="string_145" HPOS="570" VPOS="908" WIDTH="77" HEIGHT="22" WC="0.95" CONTENT="blifvit"/><SP WIDTH="25" VPOS="908" HPOS="647"/>
							<String ID="string_146" HPOS="672" VPOS="907" WIDTH="95" HEIGHT="26" WC="0.96" CONTENT="rubbad,"/><SP WIDTH="27" VPOS="907" HPOS="767"/>
							<String ID="string_147" HPOS="794" VPOS="907" WIDTH="54" HEIGHT="22" WC="0.96" CONTENT="med"/>
						</TextLine>
						<TextLine ID="line_22" HPOS="98" VPOS="943" WIDTH="751" HEIGHT="30">
							<String ID="string_148" HPOS="98" VPOS="946" WIDTH="55" HEIGHT="19" WC="0.96" CONTENT="åren"/><SP WIDTH="16" VPOS="946" HPOS="153"/>
							<String ID="string_149" HPOS="169" VPOS="943" WIDTH="45" HEIGHT="22" WC="0.96" CONTENT="den"/><SP WIDTH="16" VPOS="943" HPOS="214"/>
							<String ID="string_150" HPOS="230" VPOS="943" WIDTH="52" HEIGHT="21" WC="0.96" CONTENT="från"/><SP WIDTH="15" VPOS="943" HPOS="282"/>
							<String ID="string_151" HPOS="297" VPOS="943" WIDTH="81" HEIGHT="29" WC="0.96" CONTENT="början"/><SP WIDTH="16" VPOS="943" HPOS="378"/>
							<String ID="string_152" HPOS="394" VPOS="943" WIDTH="19" HEIGHT="29" WC="0.93" CONTENT="ej"/><SP WIDTH="19" VPOS="943" HPOS="413"/>
							<String ID="string_153" HPOS="432" VPOS="944" WIDTH="98" HEIGHT="22" WC="0.92" CONTENT="afsedda"/><SP WIDTH="16" VPOS="944" HPOS="530"/>
							<String ID="string_154" HPOS="546" VPOS="944" WIDTH="146" HEIGHT="29" WC="0.96" CONTENT="egenskapen"/><SP WIDTH="16" VPOS="944" HPOS="692"/>
							<String ID="string_155" HPOS="708" VPOS="946" WIDTH="33" HEIGHT="19" WC="0.96" CONTENT="att"/><SP WIDTH="11" VPOS="946" HPOS="741"/>
							<String ID="string_156" HPOS="752" VPOS="943" WIDTH="97" HEIGHT="29" WC="0.96" CONTENT="erbjuda"/>
						</TextLine>
						<TextLine ID="line_23" HPOS="98" VPOS="979" WIDTH="751" HEIGHT="29">
							<String ID="string_157" HPOS="98" VPOS="980" WIDTH="76" HEIGHT="28" WC="0.96" CONTENT="skydd"/><SP WIDTH="11" VPOS="980" HPOS="174"/>
							<String ID="string_158" HPOS="185" VPOS="980" WIDTH="36" HEIGHT="21" WC="0.96" CONTENT="för"/><SP WIDTH="11" VPOS="980" HPOS="221"/>
							<String ID="string_159" HPOS="232" VPOS="980" WIDTH="46" HEIGHT="21" WC="0.96" CONTENT="den"/><SP WIDTH="10" VPOS="980" HPOS="278"/>
							<String ID="string_160" HPOS="288" VPOS="980" WIDTH="120" HEIGHT="21" WC="0.92" CONTENT="inhemska"/><SP WIDTH="10" VPOS="980" HPOS="408"/>
							<String ID="string_161" HPOS="418" VPOS="980" WIDTH="253" HEIGHT="28" WC="0.92" CONTENT="försäkringsrörelsen."/><SP WIDTH="25" VPOS="980" HPOS="671"/>
							<String ID="string_162" HPOS="696" VPOS="980" WIDTH="36" HEIGHT="21" WC="0.89" CONTENT="Då"/><SP WIDTH="10" VPOS="980" HPOS="732"/>
							<String ID="string_163" HPOS="742" VPOS="980" WIDTH="8" HEIGHT="21" WC="0.88" CONTENT="i"/><SP WIDTH="10" VPOS="980" HPOS="750"/>
							<String ID="string_164" HPOS="760" VPOS="982" WIDTH="54" HEIGHT="19" WC="0.96" CONTENT="mån"/><SP WIDTH="10" VPOS="982" HPOS="814"/>
							<String ID="string_165" HPOS="824" VPOS="979" WIDTH="25" HEIGHT="21" WC="0.95" CONTENT="af"/>
						</TextLine>
						<TextLine ID="line_24" HPOS="98" VPOS="1016" WIDTH="751" HEIGHT="28">
							<String ID="string_166" HPOS="98" VPOS="1016" WIDTH="40" HEIGHT="20" WC="0.96" CONTENT="det"/><SP WIDTH="18" VPOS="1016" HPOS="138"/>
							<String ID="string_167" HPOS="156" VPOS="1016" WIDTH="100" HEIGHT="21" WC="0.93" CONTENT="svenska"/><SP WIDTH="13" VPOS="1016" HPOS="256"/>
							<String ID="string_168" HPOS="269" VPOS="1016" WIDTH="297" HEIGHT="28" WC="0.91" CONTENT="lifförsäkringsväsendets"/><SP WIDTH="13" VPOS="1016" HPOS="566"/>
							<String ID="string_169" HPOS="579" VPOS="1016" WIDTH="133" HEIGHT="28" WC="0.96" CONTENT="utveckling"/><SP WIDTH="12" VPOS="1016" HPOS="712"/>
							<String ID="string_170" HPOS="724" VPOS="1018" WIDTH="32" HEIGHT="20" WC="0.96" CONTENT="ett"/><SP WIDTH="10" VPOS="1018" HPOS="756"/>
							<String ID="string_171" HPOS="766" VPOS="1016" WIDTH="83" HEIGHT="21" WC="0.96" CONTENT="sådant"/>
						</TextLine>
						<TextLine ID="line_25" HPOS="98" VPOS="1051" WIDTH="751" HEIGHT="29">
							<String ID="string_172" HPOS="98" VPOS="1051" WIDTH="77" HEIGHT="29" WC="0.95" CONTENT="skydd"/><SP WIDTH="23" VPOS="1051" HPOS="175"/>
							<String ID="string_173" HPOS="198" VPOS="1051" WIDTH="48" HEIGHT="22" WC="0.95" CONTENT="blef"/><SP WIDTH="24" VPOS="1051" HPOS="246"/>
							<String ID="string_174" HPOS="270" VPOS="1052" WIDTH="40" HEIGHT="20" WC="0.96" CONTENT="allt"/><SP WIDTH="15" VPOS="1052" HPOS="310"/>
							<String ID="string_175" HPOS="325" VPOS="1052" WIDTH="89" HEIGHT="21" WC="0.93" CONTENT="mindre"/><SP WIDTH="15" VPOS="1052" HPOS="414"/>
							<String ID="string_176" HPOS="429" VPOS="1052" WIDTH="115" HEIGHT="28" WC="0.91" CONTENT="behöfligt"/><SP WIDTH="16" VPOS="1052" HPOS="544"/>
							<String ID="string_177" HPOS="560" VPOS="1052" WIDTH="42" HEIGHT="21" WC="0.96" CONTENT="och"/><SP WIDTH="17" VPOS="1052" HPOS="602"/>
							<String ID="string_178" HPOS="619" VPOS="1052" WIDTH="52" HEIGHT="22" WC="0.96" CONTENT="dess"/><SP WIDTH="16" VPOS="1052" HPOS="671"/>
							<String ID="string_179" HPOS="687" VPOS="1051" WIDTH="162" HEIGHT="22" WC="0.94" CONTENT="bibehållande"/>
						</TextLine>
						<TextLine ID="line_26" HPOS="98" VPOS="1087" WIDTH="751" HEIGHT="29">
							<String ID="string_180" HPOS="98" VPOS="1087" WIDTH="118" HEIGHT="21" WC="0.96" CONTENT="dessutom"/><SP WIDTH="23" VPOS="1087" HPOS="216"/>
							<String ID="string_181" HPOS="239" VPOS="1087" WIDTH="98" HEIGHT="22" WC="0.93" CONTENT="befanns"/><SP WIDTH="25" VPOS="1087" HPOS="337"/>
							<String ID="string_182" HPOS="362" VPOS="1088" WIDTH="85" HEIGHT="28" WC="0.92" CONTENT="egnadt"/><SP WIDTH="24" VPOS="1088" HPOS="447"/>
							<String ID="string_183" HPOS="471" VPOS="1090" WIDTH="33" HEIGHT="19" WC="0.96" CONTENT="att"/><SP WIDTH="20" VPOS="1090" HPOS="504"/>
							<String ID="string_184" HPOS="524" VPOS="1088" WIDTH="105" HEIGHT="22" WC="0.96" CONTENT="försvåra"/><SP WIDTH="15" VPOS="1088" HPOS="629"/>
							<String ID="string_185" HPOS="644" VPOS="1088" WIDTH="28" HEIGHT="21" WC="0.96" CONTENT="de"/><SP WIDTH="17" VPOS="1088" HPOS="672"/>
							<String ID="string_186" HPOS="689" VPOS="1088" WIDTH="99" HEIGHT="21" WC="0.93" CONTENT="svenska"/><SP WIDTH="15" VPOS="1088" HPOS="788"/>
							<String ID="string_187" HPOS="803" VPOS="1088" WIDTH="46" HEIGHT="20" WC="0.92" CONTENT="för-"/>
						</TextLine>
						<TextLine ID="line_27" HPOS="99" VPOS="1122" WIDTH="750" HEIGHT="30">
							<String ID="string_188" HPOS="99" VPOS="1122" WIDTH="218" HEIGHT="29" WC="0.91" CONTENT="säkringsbolagens"/><SP WIDTH="21" VPOS="1122" HPOS="317"/>
							<String ID="string_189" HPOS="338" VPOS="1124" WIDTH="148" HEIGHT="21" WC="0.96" CONTENT="verksamhet"/><SP WIDTH="23" VPOS="1124" HPOS="486"/>
							<String ID="string_190" HPOS="509" VPOS="1124" WIDTH="7" HEIGHT="21" WC="0.96" CONTENT="i"/><SP WIDTH="16" VPOS="1124" HPOS="516"/>
							<String ID="string_191" HPOS="532" VPOS="1124" WIDTH="110" HEIGHT="26" WC="0.95" CONTENT="utlandet,"/><SP WIDTH="16" VPOS="1124" HPOS="642"/>
							<String ID="string_192" HPOS="658" VPOS="1124" WIDTH="102" HEIGHT="28" WC="0.93" CONTENT="föreslog"/><SP WIDTH="14" VPOS="1124" HPOS="760"/>
							<String ID="string_193" HPOS="774" VPOS="1124" WIDTH="75" HEIGHT="27" WC="0.92" CONTENT="Rege-"/>
						</TextLine>
						<TextLine ID="line_28" HPOS="99" VPOS="1158" WIDTH="750" HEIGHT="30">
							<String ID="string_194" HPOS="99" VPOS="1159" WIDTH="82" HEIGHT="28" WC="0.96" CONTENT="ringen"/><SP WIDTH="24" VPOS="1159" HPOS="181"/>
							<String ID="string_195" HPOS="205" VPOS="1158" WIDTH="7" HEIGHT="22" WC="0.90" CONTENT="i"/><SP WIDTH="23" VPOS="1158" HPOS="212"/>
							<String ID="string_196" HPOS="235" VPOS="1159" WIDTH="144" HEIGHT="28" WC="0.96" CONTENT="proposition"/><SP WIDTH="20" VPOS="1159" HPOS="379"/>
							<String ID="string_197" HPOS="399" VPOS="1160" WIDTH="34" HEIGHT="20" WC="0.96" CONTENT="till"/><SP WIDTH="18" VPOS="1160" HPOS="433"/>
							<String ID="string_198" HPOS="451" VPOS="1162" WIDTH="59" HEIGHT="20" WC="0.96" CONTENT="1904"/><SP WIDTH="16" VPOS="1162" HPOS="510"/>
							<String ID="string_199" HPOS="526" VPOS="1162" WIDTH="36" HEIGHT="18" WC="0.96" CONTENT="års"/><SP WIDTH="16" VPOS="1162" HPOS="562"/>
							<String ID="string_200" HPOS="578" VPOS="1160" WIDTH="105" HEIGHT="28" WC="0.93" CONTENT="Riksdag"/><SP WIDTH="16" VPOS="1160" HPOS="683"/>
							<String ID="string_201" HPOS="699" VPOS="1160" WIDTH="102" HEIGHT="20" WC="0.92" CONTENT="skattens"/><SP WIDTH="17" VPOS="1160" HPOS="801"/>
							<String ID="string_202" HPOS="818" VPOS="1159" WIDTH="31" HEIGHT="21" WC="0.93" CONTENT="af-"/>
						</TextLine>
						<TextLine ID="line_29" HPOS="98" VPOS="1194" WIDTH="752" HEIGHT="30">
							<String ID="string_203" HPOS="98" VPOS="1194" WIDTH="112" HEIGHT="29" WC="0.90" CONTENT="lyftande,"/><SP WIDTH="24" VPOS="1194" HPOS="210"/>
							<String ID="string_204" HPOS="234" VPOS="1194" WIDTH="89" HEIGHT="22" WC="0.96" CONTENT="hvilket"/><SP WIDTH="23" VPOS="1194" HPOS="323"/>
							<String ID="string_205" HPOS="346" VPOS="1195" WIDTH="70" HEIGHT="22" WC="0.96" CONTENT="äfven"/><SP WIDTH="24" VPOS="1195" HPOS="416"/>
							<String ID="string_206" HPOS="440" VPOS="1196" WIDTH="23" HEIGHT="21" WC="0.96" CONTENT="af"/><SP WIDTH="23" VPOS="1196" HPOS="463"/>
							<String ID="string_207" HPOS="486" VPOS="1196" WIDTH="136" HEIGHT="28" WC="0.96" CONTENT="Riksdagen"/><SP WIDTH="24" VPOS="1196" HPOS="622"/>
							<String ID="string_208" HPOS="646" VPOS="1195" WIDTH="142" HEIGHT="29" WC="0.95" CONTENT="godkändes;"/><SP WIDTH="18" VPOS="1195" HPOS="788"/>
							<String ID="string_209" HPOS="806" VPOS="1194" WIDTH="44" HEIGHT="22" WC="0.96" CONTENT="och"/>
						</TextLine>
						<TextLine ID="line_30" HPOS="98" VPOS="1230" WIDTH="751" HEIGHT="30">
							<String ID="string_210" HPOS="98" VPOS="1231" WIDTH="42" HEIGHT="21" WC="0.96" CONTENT="har"/><SP WIDTH="22" VPOS="1231" HPOS="140"/>
							<String ID="string_211" HPOS="162" VPOS="1230" WIDTH="8" HEIGHT="21" WC="0.95" CONTENT="i"/><SP WIDTH="24" VPOS="1230" HPOS="170"/>
							<String ID="string_212" HPOS="194" VPOS="1230" WIDTH="102" HEIGHT="28" WC="0.95" CONTENT="enlighet"/><SP WIDTH="20" VPOS="1230" HPOS="296"/>
							<String ID="string_213" HPOS="316" VPOS="1231" WIDTH="95" HEIGHT="21" WC="0.96" CONTENT="härmed"/><SP WIDTH="23" VPOS="1231" HPOS="411"/>
							<String ID="string_214" HPOS="434" VPOS="1239" WIDTH="31" HEIGHT="13" WC="0.91" CONTENT="nu"/><SP WIDTH="17" VPOS="1239" HPOS="465"/>
							<String ID="string_215" HPOS="482" VPOS="1231" WIDTH="176" HEIGHT="29" WC="0.93" CONTENT="ifrågavarande"/><SP WIDTH="20" VPOS="1231" HPOS="658"/>
							<String ID="string_216" HPOS="678" VPOS="1230" WIDTH="171" HEIGHT="30" WC="0.90" CONTENT="stämpelafgift,"/>
						</TextLine>
						<TextLine ID="line_31" HPOS="96" VPOS="1266" WIDTH="755" HEIGHT="29">
							<String ID="string_217" HPOS="96" VPOS="1266" WIDTH="90" HEIGHT="28" WC="0.90" CONTENT="jemlikt"/><SP WIDTH="16" VPOS="1266" HPOS="186"/>
							<String ID="string_218" HPOS="202" VPOS="1266" WIDTH="138" HEIGHT="28" WC="0.96" CONTENT="kungörelse"/><SP WIDTH="17" VPOS="1266" HPOS="340"/>
							<String ID="string_219" HPOS="357" VPOS="1267" WIDTH="23" HEIGHT="21" WC="0.96" CONTENT="af"/><SP WIDTH="16" VPOS="1267" HPOS="380"/>
							<String ID="string_220" HPOS="396" VPOS="1267" WIDTH="45" HEIGHT="21" WC="0.96" CONTENT="den"/><SP WIDTH="19" VPOS="1267" HPOS="441"/>
							<String ID="string_221" HPOS="460" VPOS="1270" WIDTH="10" HEIGHT="19" WC="0.95" CONTENT="1"/><SP WIDTH="17" VPOS="1270" HPOS="470"/>
							<String ID="string_222" HPOS="487" VPOS="1267" WIDTH="49" HEIGHT="21" WC="0.95" CONTENT="Juli"/><SP WIDTH="18" VPOS="1267" HPOS="536"/>
							<String ID="string_223" HPOS="554" VPOS="1270" WIDTH="62" HEIGHT="23" WC="0.96" CONTENT="1904,"/><SP WIDTH="10" VPOS="1270" HPOS="616"/>
							<String ID="string_224" HPOS="626" VPOS="1267" WIDTH="100" HEIGHT="28" WC="0.96" CONTENT="upphört"/><SP WIDTH="16" VPOS="1267" HPOS="726"/>
							<String ID="string_225" HPOS="742" VPOS="1269" WIDTH="32" HEIGHT="19" WC="0.96" CONTENT="att"/><SP WIDTH="15" VPOS="1269" HPOS="774"/>
							<String ID="string_226" HPOS="789" VPOS="1266" WIDTH="62" HEIGHT="28" WC="0.96" CONTENT="gälla"/>
						</TextLine>
						<TextLine ID="line_32" HPOS="98" VPOS="1302" WIDTH="293" HEIGHT="29">
							<String ID="string_227" HPOS="98" VPOS="1302" WIDTH="52" HEIGHT="21" WC="0.96" CONTENT="från"/><SP WIDTH="17" VPOS="1302" HPOS="150"/>
							<String ID="string_228" HPOS="167" VPOS="1302" WIDTH="63" HEIGHT="21" WC="0.96" CONTENT="detta"/><SP WIDTH="16" VPOS="1302" HPOS="230"/>
							<String ID="string_229" HPOS="246" VPOS="1305" WIDTH="36" HEIGHT="18" WC="0.95" CONTENT="års"/><SP WIDTH="16" VPOS="1305" HPOS="282"/>
							<String ID="string_230" HPOS="298" VPOS="1302" WIDTH="93" HEIGHT="29" WC="0.96" CONTENT="ingång."/>
						</TextLine>
					</TextBlock>
					<TextBlock ID="block_3" HPOS="98" VPOS="1338" WIDTH="753" HEIGHT="137">
						<TextLine ID="line_33" HPOS="171" VPOS="1338" WIDTH="680" HEIGHT="29">
							<String ID="string_231" HPOS="171" VPOS="1338" WIDTH="49" HEIGHT="21" WC="0.96" CONTENT="Hos"/><SP WIDTH="12" VPOS="1338" HPOS="220"/>
							<String ID="string_232" HPOS="232" VPOS="1345" WIDTH="45" HEIGHT="19" WC="0.96" CONTENT="oss,"/><SP WIDTH="13" VPOS="1345" HPOS="277"/>
							<String ID="string_233" HPOS="290" VPOS="1338" WIDTH="40" HEIGHT="22" WC="0.93" CONTENT="där"/><SP WIDTH="10" VPOS="1338" HPOS="330"/>
							<String ID="string_234" HPOS="340" VPOS="1338" WIDTH="249" HEIGHT="29" WC="0.91" CONTENT="försäkringsrörelsen"/><SP WIDTH="10" VPOS="1338" HPOS="589"/>
							<String ID="string_235" HPOS="599" VPOS="1338" WIDTH="50" HEIGHT="22" WC="0.96" CONTENT="icke"/><SP WIDTH="11" VPOS="1338" HPOS="649"/>
							<String ID="string_236" HPOS="660" VPOS="1342" WIDTH="24" HEIGHT="18" WC="0.96" CONTENT="är"/><SP WIDTH="11" VPOS="1342" HPOS="684"/>
							<String ID="string_237" HPOS="695" VPOS="1338" WIDTH="156" HEIGHT="22" WC="0.96" CONTENT="underkastad"/>
						</TextLine>
						<TextLine ID="line_34" HPOS="98" VPOS="1374" WIDTH="753" HEIGHT="29">
							<String ID="string_238" HPOS="98" VPOS="1376" WIDTH="78" HEIGHT="26" WC="0.93" CONTENT="någon"/><SP WIDTH="24" VPOS="1376" HPOS="176"/>
							<String ID="string_239" HPOS="200" VPOS="1374" WIDTH="173" HEIGHT="29" WC="0.91" CONTENT="stämpelafgift,"/><SP WIDTH="25" VPOS="1374" HPOS="373"/>
							<String ID="string_240" HPOS="398" VPOS="1374" WIDTH="94" HEIGHT="29" WC="0.95" CONTENT="erlägga"/><SP WIDTH="25" VPOS="1374" HPOS="492"/>
							<String ID="string_241" HPOS="517" VPOS="1375" WIDTH="28" HEIGHT="21" WC="0.95" CONTENT="de"/><SP WIDTH="16" VPOS="1375" HPOS="545"/>
							<String ID="string_242" HPOS="561" VPOS="1374" WIDTH="123" HEIGHT="22" WC="0.93" CONTENT="utländska"/><SP WIDTH="15" VPOS="1374" HPOS="684"/>
							<String ID="string_243" HPOS="699" VPOS="1374" WIDTH="152" HEIGHT="28" WC="0.92" CONTENT="försäkrings-"/>
						</TextLine>
						<TextLine ID="line_35" HPOS="98" VPOS="1409" WIDTH="753" HEIGHT="30">
							<String ID="string_244" HPOS="98" VPOS="1409" WIDTH="100" HEIGHT="29" WC="0.96" CONTENT="bolagen"/><SP WIDTH="16" VPOS="1409" HPOS="198"/>
							<String ID="string_245" HPOS="214" VPOS="1410" WIDTH="132" HEIGHT="22" WC="0.96" CONTENT="kommunal"/><SP WIDTH="16" VPOS="1410" HPOS="346"/>
							<String ID="string_246" HPOS="362" VPOS="1411" WIDTH="170" HEIGHT="26" WC="0.96" CONTENT="inkomstskatt,"/><SP WIDTH="17" VPOS="1411" HPOS="532"/>
							<String ID="string_247" HPOS="549" VPOS="1411" WIDTH="117" HEIGHT="21" WC="0.96" CONTENT="beräknad"/><SP WIDTH="16" VPOS="1411" HPOS="666"/>
							<String ID="string_248" HPOS="682" VPOS="1411" WIDTH="72" HEIGHT="28" WC="0.96" CONTENT="enligt"/><SP WIDTH="11" VPOS="1411" HPOS="754"/>
							<String ID="string_249" HPOS="765" VPOS="1417" WIDTH="86" HEIGHT="14" WC="0.94" CONTENT="samma"/>
						</TextLine>
						<TextLine ID="line_36" HPOS="100" VPOS="1446" WIDTH="630" HEIGHT="29">
							<String ID="string_250" HPOS="100" VPOS="1446" WIDTH="101" HEIGHT="28" WC="0.96" CONTENT="grunder"/><SP WIDTH="17" VPOS="1446" HPOS="201"/>
							<String ID="string_251" HPOS="218" VPOS="1453" WIDTH="48" HEIGHT="14" WC="0.96" CONTENT="som"/><SP WIDTH="16" VPOS="1453" HPOS="266"/>
							<String ID="string_252" HPOS="282" VPOS="1446" WIDTH="36" HEIGHT="22" WC="0.96" CONTENT="för"/><SP WIDTH="16" VPOS="1446" HPOS="318"/>
							<String ID="string_253" HPOS="334" VPOS="1446" WIDTH="121" HEIGHT="22" WC="0.93" CONTENT="inhemska"/><SP WIDTH="15" VPOS="1446" HPOS="455"/>
							<String ID="string_254" HPOS="470" VPOS="1446" WIDTH="260" HEIGHT="29" WC="0.91" CONTENT="försäkringsanstalter."/>
						</TextLine>
					</TextBlock>
				</ComposedBlock>
			</PrintSpace>
		</Page>
	</Layout>
</alto>
