<?xml version="1.0" encoding="UTF-8"?>
<alto xmlns="http://www.loc.gov/standards/alto/ns-v3#" xmlns:xlink="http://www.w3.org/1999/xlink" xmlns:xsi="http://www.w3.org/2001/XMLSchema-instance" xsi:schemaLocation="http://www.loc.gov/standards/alto/ns-v3# http://www.loc.gov/alto/v3/alto-3-0.xsd">
	<Description>
		<MeasurementUnit>pixel</MeasurementUnit>
		<sourceImageInformation>
			<fileName>/tmp/tess_80353srw_input.PNG</fileName>
		</sourceImageInformation>
		<OCRProcessing ID="OCR_0">
			<ocrProcessingStep>
				<processingSoftware>
					<softwareName>tesseract 5.3.4</softwareName>
				</processingSoftware>
			</ocrProcessingStep>
		</OCRProcessing>
	</Description>
	<Layout>
		<Page WIDTH="1106" HEIGHT="1753" PHYSICAL_IMG_NR="0" ID="page_0">
			<PrintSpace HPOS="0" VPOS="0" WIDTH="1106" HEIGHT="1753">
				<ComposedBlock ID="cblock_0" HPOS="266" VPOS="144" WIDTH="409" HEIGHT="22">
					<TextBlock ID="block_0" HPOS="266" VPOS="144" WIDTH="409" HEIGHT="22">
						<TextLine ID="line_0" HPOS="266" VPOS="144" WIDTH="409" HEIGHT="22">
							<String ID="string_0" HPOS="266" VPOS="144" WIDTH="14" HEIGHT="20" WC="0.97" CONTENT="4"/><SP WIDTH="311" VPOS="144" HPOS="280"/>
							<String ID="string_1" HPOS="591" VPOS="145" WIDTH="39" HEIGHT="20" WC="0.95" CONTENT="N:o"/><SP WIDTH="18" VPOS="145" HPOS="630"/>
							<String ID="string_2" HPOS="648" VPOS="145" WIDTH="27" HEIGHT="21" WC="0.95" CONTENT="23"/>
						</TextLine>
					</TextBlock>
				</ComposedBlock>
				<ComposedBlock ID="cblock_1" HPOS="237" VPOS="213" WIDTH="758" HEIGHT="370">
					<TextBlock ID="block_1" HPOS="237" VPOS="213" WIDTH="758" HEIGHT="227">
						<TextLine ID="line_1" HPOS="238" VPOS="213" WIDTH="757" HEIGHT="28">
							<String ID="string_3" HPOS="238" VPOS="213" WIDTH="53" HEIGHT="21" WC="0.89" CONTENT="året,"/><SP WIDTH="24" VPOS="213" HPOS="291"/>
							<String ID="string_4" HPOS="315" VPOS="213" WIDTH="92" HEIGHT="21" WC="0.90" CONTENT="hvartill"/><SP WIDTH="22" VPOS="213" HPOS="407"/>
							<String ID="string_5" HPOS="429" VPOS="213" WIDTH="102" HEIGHT="22" WC="0.92" CONTENT="kommer"/><SP WIDTH="22" VPOS="213" HPOS="531"/>
							<String ID="string_6" HPOS="553" VPOS="213" WIDTH="261" HEIGHT="28" WC="0.90" CONTENT="utskänkningsskatten"/><SP WIDTH="27" VPOS="213" HPOS="814"/>
							<String ID="string_7" HPOS="841" VPOS="213" WIDTH="48" HEIGHT="21" WC="0.93" CONTENT="med"/><SP WIDTH="28" VPOS="213" HPOS="889"/>
							<String ID="string_8" HPOS="917" VPOS="213" WIDTH="78" HEIGHT="28" WC="0.92" CONTENT="20,000"/>
						</TextLine>
						<TextLine ID="line_2" HPOS="238" VPOS="247" WIDTH="757" HEIGHT="28">
							<String ID="string_9" HPOS="238" VPOS="247" WIDTH="63" HEIGHT="21" WC="0.95" CONTENT="mark"/><SP WIDTH="24" VPOS="247" HPOS="301"/>
							<String ID="string_10" HPOS="325" VPOS="247" WIDTH="41" HEIGHT="21" WC="0.93" CONTENT="och"/><SP WIDTH="23" VPOS="247" HPOS="366"/>
							<String ID="string_11" HPOS="389" VPOS="247" WIDTH="171" HEIGHT="28" WC="0.92" CONTENT="kontrollafgift"/><SP WIDTH="23" VPOS="247" HPOS="560"/>
							<String ID="string_12" HPOS="583" VPOS="248" WIDTH="50" HEIGHT="21" WC="0.92" CONTENT="från"/><SP WIDTH="23" VPOS="248" HPOS="633"/>
							<String ID="string_13" HPOS="656" VPOS="247" WIDTH="235" HEIGHT="28" WC="0.90" CONTENT="distillöringsverken"/><SP WIDTH="25" VPOS="247" HPOS="891"/>
							<String ID="string_14" HPOS="916" VPOS="247" WIDTH="79" HEIGHT="27" WC="0.90" CONTENT="70,000"/>
						</TextLine>
						<TextLine ID="line_3" HPOS="237" VPOS="281" WIDTH="756" HEIGHT="22">
							<String ID="string_15" HPOS="237" VPOS="281" WIDTH="63" HEIGHT="20" WC="0.92" CONTENT="mark"/><SP WIDTH="17" VPOS="281" HPOS="300"/>
							<String ID="string_16" HPOS="317" VPOS="281" WIDTH="118" HEIGHT="21" WC="0.92" CONTENT="äfvensom"/><SP WIDTH="15" VPOS="281" HPOS="435"/>
							<String ID="string_17" HPOS="450" VPOS="281" WIDTH="43" HEIGHT="21" WC="0.93" CONTENT="den"/><SP WIDTH="16" VPOS="281" HPOS="493"/>
							<String ID="string_18" HPOS="509" VPOS="281" WIDTH="298" HEIGHT="22" WC="0.87" CONTENT="kommunikationsfonden"/><SP WIDTH="15" VPOS="281" HPOS="807"/>
							<String ID="string_19" HPOS="822" VPOS="281" WIDTH="171" HEIGHT="21" WC="0.92" CONTENT="tillkommande"/>
						</TextLine>
						<TextLine ID="line_4" HPOS="238" VPOS="315" WIDTH="755" HEIGHT="29">
							<String ID="string_20" HPOS="238" VPOS="315" WIDTH="64" HEIGHT="21" WC="0.96" CONTENT="andel"/><SP WIDTH="18" VPOS="315" HPOS="302"/>
							<String ID="string_21" HPOS="320" VPOS="315" WIDTH="25" HEIGHT="21" WC="0.93" CONTENT="af"/><SP WIDTH="12" VPOS="315" HPOS="345"/>
							<String ID="string_22" HPOS="357" VPOS="315" WIDTH="179" HEIGHT="29" WC="0.91" CONTENT="utskänknings-"/><SP WIDTH="25" VPOS="315" HPOS="536"/>
							<String ID="string_23" HPOS="561" VPOS="316" WIDTH="42" HEIGHT="21" WC="0.93" CONTENT="och"/><SP WIDTH="16" VPOS="316" HPOS="603"/>
							<String ID="string_24" HPOS="619" VPOS="316" WIDTH="292" HEIGHT="28" WC="0.91" CONTENT="utminuteringsbolagens"/><SP WIDTH="15" VPOS="316" HPOS="911"/>
							<String ID="string_25" HPOS="926" VPOS="315" WIDTH="67" HEIGHT="22" WC="0.96" CONTENT="vinst,"/>
						</TextLine>
						<TextLine ID="line_5" HPOS="237" VPOS="350" WIDTH="756" HEIGHT="28">
							<String ID="string_26" HPOS="237" VPOS="356" WIDTH="49" HEIGHT="14" WC="0.96" CONTENT="som"/><SP WIDTH="16" VPOS="356" HPOS="286"/>
							<String ID="string_27" HPOS="302" VPOS="350" WIDTH="45" HEIGHT="20" WC="0.93" CONTENT="kan"/><SP WIDTH="14" VPOS="350" HPOS="347"/>
							<String ID="string_28" HPOS="361" VPOS="350" WIDTH="136" HEIGHT="27" WC="0.96" CONTENT="uppskattas"/><SP WIDTH="15" VPOS="350" HPOS="497"/>
							<String ID="string_29" HPOS="512" VPOS="351" WIDTH="8" HEIGHT="20" WC="0.93" CONTENT="i"/><SP WIDTH="16" VPOS="351" HPOS="520"/>
							<String ID="string_30" HPOS="536" VPOS="351" WIDTH="108" HEIGHT="20" WC="0.95" CONTENT="medeltal"/><SP WIDTH="16" VPOS="351" HPOS="644"/>
							<String ID="string_31" HPOS="660" VPOS="351" WIDTH="36" HEIGHT="20" WC="0.96" CONTENT="till"/><SP WIDTH="12" VPOS="351" HPOS="696"/>
							<String ID="string_32" HPOS="708" VPOS="351" WIDTH="107" HEIGHT="27" WC="0.93" CONTENT="omkring"/><SP WIDTH="8" VPOS="351" HPOS="815"/>
							<String ID="string_33" HPOS="823" VPOS="350" WIDTH="92" HEIGHT="26" WC="0.91" CONTENT="900,000"/><SP WIDTH="8" VPOS="350" HPOS="915"/>
							<String ID="string_34" HPOS="923" VPOS="350" WIDTH="70" HEIGHT="27" WC="0.96" CONTENT="mark,"/>
						</TextLine>
						<TextLine ID="line_6" HPOS="237" VPOS="383" WIDTH="758" HEIGHT="29">
							<String ID="string_35" HPOS="237" VPOS="383" WIDTH="90" HEIGHT="22" WC="0.92" CONTENT="hvadan"/><SP WIDTH="23" VPOS="383" HPOS="327"/>
							<String ID="string_36" HPOS="350" VPOS="384" WIDTH="51" HEIGHT="21" WC="0.93" CONTENT="hela"/><SP WIDTH="23" VPOS="384" HPOS="401"/>
							<String ID="string_37" HPOS="424" VPOS="384" WIDTH="130" HEIGHT="22" WC="0.91" CONTENT="inkomsten"/><SP WIDTH="23" VPOS="384" HPOS="554"/>
							<String ID="string_38" HPOS="577" VPOS="385" WIDTH="91" HEIGHT="21" WC="0.92" CONTENT="komme"/><SP WIDTH="20" VPOS="385" HPOS="668"/>
							<String ID="string_39" HPOS="688" VPOS="387" WIDTH="33" HEIGHT="19" WC="0.93" CONTENT="att"/><SP WIDTH="15" VPOS="387" HPOS="721"/>
							<String ID="string_40" HPOS="736" VPOS="385" WIDTH="78" HEIGHT="27" WC="0.88" CONTENT="uppgä"/><SP WIDTH="15" VPOS="385" HPOS="814"/>
							<String ID="string_41" HPOS="829" VPOS="384" WIDTH="34" HEIGHT="21" WC="0.93" CONTENT="till"/><SP WIDTH="17" VPOS="384" HPOS="863"/>
							<String ID="string_42" HPOS="880" VPOS="384" WIDTH="115" HEIGHT="28" WC="0.91" CONTENT="5,825,000"/>
						</TextLine>
						<TextLine ID="line_7" HPOS="237" VPOS="418" WIDTH="185" HEIGHT="22">
							<String ID="string_43" HPOS="237" VPOS="418" WIDTH="64" HEIGHT="21" WC="0.94" CONTENT="mark"/><SP WIDTH="16" VPOS="418" HPOS="301"/>
							<String ID="string_44" HPOS="317" VPOS="426" WIDTH="35" HEIGHT="13" WC="0.92" CONTENT="om"/><SP WIDTH="17" VPOS="426" HPOS="352"/>
							<String ID="string_45" HPOS="369" VPOS="419" WIDTH="53" HEIGHT="21" WC="0.95" CONTENT="året."/>
						</TextLine>
					</TextBlock>
					<TextBlock ID="block_2" HPOS="237" VPOS="452" WIDTH="757" HEIGHT="131">
						<TextLine ID="line_8" HPOS="306" VPOS="452" WIDTH="688" HEIGHT="30">
							<String ID="string_46" HPOS="306" VPOS="452" WIDTH="147" HEIGHT="22" WC="0.90" CONTENT="Beträffande"/><SP WIDTH="16" VPOS="452" HPOS="453"/>
							<String ID="string_47" HPOS="469" VPOS="454" WIDTH="177" HEIGHT="28" WC="0.95" CONTENT="användningen"/><SP WIDTH="18" VPOS="454" HPOS="646"/>
							<String ID="string_48" HPOS="664" VPOS="454" WIDTH="41" HEIGHT="20" WC="0.96" CONTENT="och"/><SP WIDTH="17" VPOS="454" HPOS="705"/>
							<String ID="string_49" HPOS="722" VPOS="453" WIDTH="158" HEIGHT="27" WC="0.96" CONTENT="fördelningen"/><SP WIDTH="18" VPOS="453" HPOS="880"/>
							<String ID="string_50" HPOS="898" VPOS="452" WIDTH="22" HEIGHT="21" WC="0.93" CONTENT="af"/><SP WIDTH="10" VPOS="452" HPOS="920"/>
							<String ID="string_51" HPOS="930" VPOS="452" WIDTH="64" HEIGHT="21" WC="0.92" CONTENT="brän-"/>
						</TextLine>
						<TextLine ID="line_9" HPOS="238" VPOS="487" WIDTH="756" HEIGHT="29">
							<String ID="string_52" HPOS="238" VPOS="487" WIDTH="142" HEIGHT="21" WC="0.92" CONTENT="vinsskatten"/><SP WIDTH="23" VPOS="487" HPOS="380"/>
							<String ID="string_53" HPOS="403" VPOS="487" WIDTH="73" HEIGHT="21" WC="0.92" CONTENT="under"/><SP WIDTH="21" VPOS="487" HPOS="476"/>
							<String ID="string_54" HPOS="497" VPOS="488" WIDTH="174" HEIGHT="28" WC="0.93" CONTENT="ifrågavarande"/><SP WIDTH="23" VPOS="488" HPOS="671"/>
							<String ID="string_55" HPOS="694" VPOS="488" WIDTH="154" HEIGHT="28" WC="0.85" CONTENT="finansperiod"/><SP WIDTH="22" VPOS="488" HPOS="848"/>
							<String ID="string_56" HPOS="870" VPOS="488" WIDTH="39" HEIGHT="20" WC="0.96" CONTENT="vill"/><SP WIDTH="21" VPOS="488" HPOS="909"/>
							<String ID="string_57" HPOS="930" VPOS="487" WIDTH="64" HEIGHT="21" WC="0.96" CONTENT="Hans"/>
						</TextLine>
						<TextLine ID="line_10" HPOS="238" VPOS="521" WIDTH="756" HEIGHT="29">
							<String ID="string_58" HPOS="238" VPOS="521" WIDTH="129" HEIGHT="28" WC="0.96" CONTENT="Kejserliga"/><SP WIDTH="14" VPOS="521" HPOS="367"/>
							<String ID="string_59" HPOS="381" VPOS="522" WIDTH="108" HEIGHT="28" WC="0.96" CONTENT="Majestät"/><SP WIDTH="15" VPOS="522" HPOS="489"/>
							<String ID="string_60" HPOS="504" VPOS="522" WIDTH="33" HEIGHT="21" WC="0.93" CONTENT="till"/><SP WIDTH="19" VPOS="522" HPOS="537"/>
							<String ID="string_61" HPOS="556" VPOS="522" WIDTH="138" HEIGHT="22" WC="0.91" CONTENT="Ständernas"/><SP WIDTH="16" VPOS="522" HPOS="694"/>
							<String ID="string_62" HPOS="710" VPOS="522" WIDTH="129" HEIGHT="28" WC="0.93" CONTENT="antagande"/><SP WIDTH="16" VPOS="522" HPOS="839"/>
							<String ID="string_63" HPOS="855" VPOS="522" WIDTH="139" HEIGHT="20" WC="0.74" CONTENT="öfvarlemna"/>
						</TextLine>
						<TextLine ID="line_11" HPOS="237" VPOS="555" WIDTH="101" HEIGHT="28">
							<String ID="string_64" HPOS="237" VPOS="555" WIDTH="101" HEIGHT="28" WC="0.95" CONTENT="följande"/>
						</TextLine>
					</TextBlock>
				</ComposedBlock>
				<ComposedBlock ID="cblock_2" HPOS="374" VPOS="654" WIDTH="621" HEIGHT="165">
					<TextBlock ID="block_3" HPOS="374" VPOS="654" WIDTH="621" HEIGHT="165">
						<TextLine ID="line_12" HPOS="445" VPOS="654" WIDTH="549" HEIGHT="28">
							<String ID="string_65" HPOS="445" VPOS="655" WIDTH="78" HEIGHT="27" WC="0.90" CONTENT="Förslag"/><SP WIDTH="15" VPOS="655" HPOS="523"/>
							<String ID="string_66" HPOS="538" VPOS="656" WIDTH="26" HEIGHT="20" WC="0.93" CONTENT="till"/><SP WIDTH="16" VPOS="656" HPOS="564"/>
							<String ID="string_67" HPOS="580" VPOS="655" WIDTH="58" HEIGHT="27" WC="0.93" CONTENT="Nädig"/><SP WIDTH="14" VPOS="655" HPOS="638"/>
							<String ID="string_68" HPOS="652" VPOS="656" WIDTH="110" HEIGHT="26" WC="0.92" CONTENT="förordning"/><SP WIDTH="15" VPOS="656" HPOS="762"/>
							<String ID="string_69" HPOS="777" VPOS="655" WIDTH="100" HEIGHT="27" WC="0.93" CONTENT="angäende"/><SP WIDTH="12" VPOS="655" HPOS="877"/>
							<String ID="string_70" HPOS="889" VPOS="655" WIDTH="36" HEIGHT="21" WC="0.93" CONTENT="den"/><SP WIDTH="10" VPOS="655" HPOS="925"/>
							<String ID="string_71" HPOS="935" VPOS="654" WIDTH="59" HEIGHT="26" WC="0.93" CONTENT="skatt,"/>
						</TextLine>
						<TextLine ID="line_13" HPOS="375" VPOS="689" WIDTH="620" HEIGHT="27">
							<String ID="string_72" HPOS="375" VPOS="695" WIDTH="42" HEIGHT="15" WC="0.96" CONTENT="som"/><SP WIDTH="16" VPOS="695" HPOS="417"/>
							<String ID="string_73" HPOS="433" VPOS="690" WIDTH="31" HEIGHT="21" WC="0.93" CONTENT="för"/><SP WIDTH="14" VPOS="690" HPOS="464"/>
							<String ID="string_74" HPOS="478" VPOS="690" WIDTH="115" HEIGHT="26" WC="0.92" CONTENT="tillverkning"/><SP WIDTH="16" VPOS="690" HPOS="593"/>
							<String ID="string_75" HPOS="609" VPOS="690" WIDTH="21" HEIGHT="21" WC="0.93" CONTENT="af"/><SP WIDTH="15" VPOS="690" HPOS="630"/>
							<String ID="string_76" HPOS="645" VPOS="689" WIDTH="78" HEIGHT="22" WC="0.93" CONTENT="bränvin"/><SP WIDTH="17" VPOS="689" HPOS="723"/>
							<String ID="string_77" HPOS="740" VPOS="690" WIDTH="4" HEIGHT="20" WC="0.95" CONTENT="i"/><SP WIDTH="16" VPOS="690" HPOS="744"/>
							<String ID="string_78" HPOS="760" VPOS="689" WIDTH="76" HEIGHT="22" WC="0.96" CONTENT="Finland"/><SP WIDTH="11" VPOS="689" HPOS="836"/>
							<String ID="string_79" HPOS="847" VPOS="689" WIDTH="46" HEIGHT="21" WC="0.92" CONTENT="skall"/><SP WIDTH="11" VPOS="689" HPOS="893"/>
							<String ID="string_80" HPOS="904" VPOS="689" WIDTH="91" HEIGHT="26" WC="0.92" CONTENT="erläggas"/>
						</TextLine>
						<TextLine ID="line_14" HPOS="375" VPOS="722" WIDTH="620" HEIGHT="28">
							<String ID="string_81" HPOS="375" VPOS="723" WIDTH="61" HEIGHT="22" WC="0.83" CONTENT="under"/><SP WIDTH="22" VPOS="723" HPOS="436"/>
							<String ID="string_82" HPOS="458" VPOS="723" WIDTH="51" HEIGHT="22" WC="0.83" CONTENT="tiden"/><SP WIDTH="23" VPOS="723" HPOS="509"/>
							<String ID="string_83" HPOS="532" VPOS="724" WIDTH="42" HEIGHT="21" WC="0.91" CONTENT="frän"/><SP WIDTH="24" VPOS="724" HPOS="574"/>
							<String ID="string_84" HPOS="598" VPOS="723" WIDTH="36" HEIGHT="22" WC="0.96" CONTENT="den"/><SP WIDTH="19" VPOS="723" HPOS="634"/>
							<String ID="string_85" HPOS="653" VPOS="723" WIDTH="7" HEIGHT="22" WC="0.94" CONTENT="1"/><SP WIDTH="16" VPOS="723" HPOS="660"/>
							<String ID="string_86" HPOS="676" VPOS="723" WIDTH="31" HEIGHT="27" WC="0.94" CONTENT="juli"/><SP WIDTH="16" VPOS="723" HPOS="707"/>
							<String ID="string_87" HPOS="723" VPOS="723" WIDTH="51" HEIGHT="22" WC="0.96" CONTENT="1905"/><SP WIDTH="15" VPOS="723" HPOS="774"/>
							<String ID="string_88" HPOS="789" VPOS="723" WIDTH="26" HEIGHT="22" WC="0.93" CONTENT="till"/><SP WIDTH="16" VPOS="723" HPOS="815"/>
							<String ID="string_89" HPOS="831" VPOS="723" WIDTH="95" HEIGHT="27" WC="0.90" CONTENT="utgängen"/><SP WIDTH="11" VPOS="723" HPOS="926"/>
							<String ID="string_90" HPOS="937" VPOS="723" WIDTH="20" HEIGHT="21" WC="0.97" CONTENT="af"/><SP WIDTH="15" VPOS="723" HPOS="957"/>
							<String ID="string_91" HPOS="972" VPOS="722" WIDTH="23" HEIGHT="21" WC="0.96" CONTENT="är"/>
						</TextLine>
						<TextLine ID="line_15" HPOS="375" VPOS="757" WIDTH="619" HEIGHT="28">
							<String ID="string_92" HPOS="375" VPOS="757" WIDTH="56" HEIGHT="28" WC="0.93" CONTENT="1907,"/><SP WIDTH="21" VPOS="757" HPOS="431"/>
							<String ID="string_93" HPOS="452" VPOS="758" WIDTH="99" HEIGHT="22" WC="0.92" CONTENT="äfvensom"/><SP WIDTH="21" VPOS="758" HPOS="551"/>
							<String ID="string_94" HPOS="572" VPOS="765" WIDTH="30" HEIGHT="15" WC="0.92" CONTENT="om"/><SP WIDTH="20" VPOS="765" HPOS="602"/>
							<String ID="string_95" HPOS="622" VPOS="759" WIDTH="180" HEIGHT="21" WC="0.92" CONTENT="bränvinsskattens"/><SP WIDTH="15" VPOS="759" HPOS="802"/>
							<String ID="string_96" HPOS="817" VPOS="757" WIDTH="126" HEIGHT="22" WC="0.91" CONTENT="användande"/><SP WIDTH="16" VPOS="757" HPOS="943"/>
							<String ID="string_97" HPOS="959" VPOS="757" WIDTH="35" HEIGHT="21" WC="0.96" CONTENT="och"/>
						</TextLine>
						<TextLine ID="line_16" HPOS="374" VPOS="792" WIDTH="114" HEIGHT="27">
							<String ID="string_98" HPOS="374" VPOS="792" WIDTH="114" HEIGHT="27" WC="0.96" CONTENT="fördelning."/>
						</TextLine>
					</TextBlock>
				</ComposedBlock>
				<ComposedBlock ID="cblock_3" HPOS="589" VPOS="873" WIDTH="57" HEIGHT="26">
					<TextBlock ID="block_4" HPOS="589" VPOS="873" WIDTH="57" HEIGHT="26">
						<TextLine ID="line_17" HPOS="589" VPOS="873" WIDTH="57" HEIGHT="26">
							<String ID="string_99" HPOS="589" VPOS="873" WIDTH="57" HEIGHT="26" WC="0.38" CONTENT="Los"/>
						</TextLine>
					</TextBlock>
				</ComposedBlock>
				<ComposedBlock ID="cblock_4" HPOS="237" VPOS="934" WIDTH="758" HEIGHT="338">
					<TextBlock ID="block_5" HPOS="237" VPOS="934" WIDTH="758" HEIGHT="338">
						<TextLine ID="line_18" HPOS="307" VPOS="934" WIDTH="687" HEIGHT="23">
							<String ID="string_100" HPOS="307" VPOS="935" WIDTH="67" HEIGHT="21" WC="0.95" CONTENT="Skatt"/><SP WIDTH="16" VPOS="935" HPOS="374"/>
							<String ID="string_101" HPOS="390" VPOS="935" WIDTH="36" HEIGHT="21" WC="0.95" CONTENT="för"/><SP WIDTH="16" VPOS="935" HPOS="426"/>
							<String ID="string_102" HPOS="442" VPOS="935" WIDTH="61" HEIGHT="21" WC="0.96" CONTENT="inom"/><SP WIDTH="19" VPOS="935" HPOS="503"/>
							<String ID="string_103" HPOS="522" VPOS="935" WIDTH="76" HEIGHT="21" WC="0.93" CONTENT="landet"/><SP WIDTH="19" VPOS="935" HPOS="598"/>
							<String ID="string_104" HPOS="617" VPOS="935" WIDTH="135" HEIGHT="22" WC="0.92" CONTENT="tillverkadt"/><SP WIDTH="15" VPOS="935" HPOS="752"/>
							<String ID="string_105" HPOS="767" VPOS="935" WIDTH="97" HEIGHT="21" WC="0.96" CONTENT="bränvin"/><SP WIDTH="16" VPOS="935" HPOS="864"/>
							<String ID="string_106" HPOS="880" VPOS="934" WIDTH="56" HEIGHT="21" WC="0.93" CONTENT="skall"/><SP WIDTH="18" VPOS="934" HPOS="936"/>
							<String ID="string_107" HPOS="954" VPOS="941" WIDTH="40" HEIGHT="14" WC="0.92" CONTENT="un-"/>
						</TextLine>
						<TextLine ID="line_19" HPOS="238" VPOS="968" WIDTH="756" HEIGHT="29">
							<String ID="string_108" HPOS="238" VPOS="969" WIDTH="39" HEIGHT="21" WC="0.96" CONTENT="der"/><SP WIDTH="14" VPOS="969" HPOS="277"/>
							<String ID="string_109" HPOS="291" VPOS="969" WIDTH="63" HEIGHT="21" WC="0.93" CONTENT="tiden"/><SP WIDTH="24" VPOS="969" HPOS="354"/>
							<String ID="string_110" HPOS="378" VPOS="969" WIDTH="51" HEIGHT="21" WC="0.96" CONTENT="från"/><SP WIDTH="23" VPOS="969" HPOS="429"/>
							<String ID="string_111" HPOS="452" VPOS="969" WIDTH="43" HEIGHT="22" WC="0.95" CONTENT="den"/><SP WIDTH="20" VPOS="969" HPOS="495"/>
							<String ID="string_112" HPOS="515" VPOS="970" WIDTH="11" HEIGHT="20" WC="0.96" CONTENT="1"/><SP WIDTH="18" VPOS="970" HPOS="526"/>
							<String ID="string_113" HPOS="544" VPOS="969" WIDTH="43" HEIGHT="28" WC="0.96" CONTENT="juli"/><SP WIDTH="17" VPOS="969" HPOS="587"/>
							<String ID="string_114" HPOS="604" VPOS="969" WIDTH="56" HEIGHT="22" WC="0.96" CONTENT="1905"/><SP WIDTH="16" VPOS="969" HPOS="660"/>
							<String ID="string_115" HPOS="676" VPOS="970" WIDTH="36" HEIGHT="21" WC="0.93" CONTENT="till"/><SP WIDTH="15" VPOS="970" HPOS="712"/>
							<String ID="string_116" HPOS="727" VPOS="970" WIDTH="116" HEIGHT="27" WC="0.96" CONTENT="utgången"/><SP WIDTH="18" VPOS="970" HPOS="843"/>
							<String ID="string_117" HPOS="861" VPOS="969" WIDTH="25" HEIGHT="20" WC="0.96" CONTENT="af"/><SP WIDTH="13" VPOS="969" HPOS="886"/>
							<String ID="string_118" HPOS="899" VPOS="969" WIDTH="24" HEIGHT="20" WC="0.95" CONTENT="år"/><SP WIDTH="16" VPOS="969" HPOS="923"/>
							<String ID="string_119" HPOS="939" VPOS="968" WIDTH="55" HEIGHT="21" WC="0.96" CONTENT="1907"/>
						</TextLine>
						<TextLine ID="line_20" HPOS="237" VPOS="1003" WIDTH="756" HEIGHT="28">
							<String ID="string_120" HPOS="237" VPOS="1004" WIDTH="56" HEIGHT="27" WC="0.95" CONTENT="utgå"/><SP WIDTH="16" VPOS="1004" HPOS="293"/>
							<String ID="string_121" HPOS="309" VPOS="1003" WIDTH="50" HEIGHT="21" WC="0.93" CONTENT="med"/><SP WIDTH="17" VPOS="1003" HPOS="359"/>
							<String ID="string_122" HPOS="376" VPOS="1003" WIDTH="105" HEIGHT="22" WC="0.92" CONTENT="ättiofem"/><SP WIDTH="17" VPOS="1003" HPOS="481"/>
							<String ID="string_123" HPOS="498" VPOS="1004" WIDTH="68" HEIGHT="27" WC="0.95" CONTENT="penni"/><SP WIDTH="16" VPOS="1004" HPOS="566"/>
							<String ID="string_124" HPOS="582" VPOS="1003" WIDTH="36" HEIGHT="22" WC="0.93" CONTENT="för"/><SP WIDTH="14" VPOS="1003" HPOS="618"/>
							<String ID="string_125" HPOS="632" VPOS="1004" WIDTH="78" HEIGHT="27" WC="0.96" CONTENT="hvarje"/><SP WIDTH="17" VPOS="1004" HPOS="710"/>
							<String ID="string_126" HPOS="727" VPOS="1004" WIDTH="51" HEIGHT="21" WC="0.96" CONTENT="liter"/><SP WIDTH="11" VPOS="1004" HPOS="778"/>
							<String ID="string_127" HPOS="789" VPOS="1003" WIDTH="23" HEIGHT="22" WC="0.93" CONTENT="af"/><SP WIDTH="10" VPOS="1003" HPOS="812"/>
							<String ID="string_128" HPOS="822" VPOS="1003" WIDTH="171" HEIGHT="27" WC="0.40" CONTENT="normalstyrka,"/>
						</TextLine>
						<TextLine ID="line_21" HPOS="237" VPOS="1037" WIDTH="757" HEIGHT="29">
							<String ID="string_129" HPOS="237" VPOS="1037" WIDTH="110" HEIGHT="22" WC="0.91" CONTENT="hvarmed"/><SP WIDTH="22" VPOS="1037" HPOS="347"/>
							<String ID="string_130" HPOS="369" VPOS="1037" WIDTH="84" HEIGHT="22" WC="0.91" CONTENT="förstäs"/><SP WIDTH="24" VPOS="1037" HPOS="453"/>
							<String ID="string_131" HPOS="477" VPOS="1038" WIDTH="80" HEIGHT="21" WC="0.91" CONTENT="sädant"/><SP WIDTH="23" VPOS="1038" HPOS="557"/>
							<String ID="string_132" HPOS="580" VPOS="1038" WIDTH="102" HEIGHT="28" WC="0.91" CONTENT="bränvin,"/><SP WIDTH="24" VPOS="1038" HPOS="682"/>
							<String ID="string_133" HPOS="706" VPOS="1046" WIDTH="47" HEIGHT="13" WC="0.93" CONTENT="som"/><SP WIDTH="20" VPOS="1046" HPOS="753"/>
							<String ID="string_134" HPOS="773" VPOS="1038" WIDTH="127" HEIGHT="20" WC="0.91" CONTENT="innehäller"/><SP WIDTH="15" VPOS="1038" HPOS="900"/>
							<String ID="string_135" HPOS="915" VPOS="1037" WIDTH="79" HEIGHT="20" WC="0.92" CONTENT="femtio"/>
						</TextLine>
						<TextLine ID="line_22" HPOS="237" VPOS="1072" WIDTH="758" HEIGHT="28">
							<String ID="string_136" HPOS="237" VPOS="1072" WIDTH="175" HEIGHT="28" WC="0.95" CONTENT="volymprocent"/><SP WIDTH="15" VPOS="1072" HPOS="412"/>
							<String ID="string_137" HPOS="427" VPOS="1072" WIDTH="91" HEIGHT="22" WC="0.96" CONTENT="alkohol"/><SP WIDTH="18" VPOS="1072" HPOS="518"/>
							<String ID="string_138" HPOS="536" VPOS="1072" WIDTH="40" HEIGHT="21" WC="0.96" CONTENT="vid"/><SP WIDTH="19" VPOS="1072" HPOS="576"/>
							<String ID="string_139" HPOS="595" VPOS="1077" WIDTH="17" HEIGHT="17" WC="0.96" CONTENT="+"/><SP WIDTH="18" VPOS="1077" HPOS="612"/>
							<String ID="string_140" HPOS="630" VPOS="1072" WIDTH="26" HEIGHT="21" WC="0.93" CONTENT="15"/><SP WIDTH="16" VPOS="1072" HPOS="656"/>
							<String ID="string_141" HPOS="672" VPOS="1072" WIDTH="81" HEIGHT="28" WC="0.93" CONTENT="grader"/><SP WIDTH="16" VPOS="1072" HPOS="753"/>
							<String ID="string_142" HPOS="769" VPOS="1073" WIDTH="11" HEIGHT="20" WC="0.89" CONTENT="&amp;"/><SP WIDTH="17" VPOS="1073" HPOS="780"/>
							<String ID="string_143" HPOS="797" VPOS="1072" WIDTH="67" HEIGHT="21" WC="0.92" CONTENT="Celsii"/><SP WIDTH="12" VPOS="1072" HPOS="864"/>
							<String ID="string_144" HPOS="876" VPOS="1075" WIDTH="119" HEIGHT="17" WC="0.92" CONTENT="termome-"/>
						</TextLine>
						<TextLine ID="line_23" HPOS="238" VPOS="1105" WIDTH="757" HEIGHT="30">
							<String ID="string_145" HPOS="238" VPOS="1110" WIDTH="39" HEIGHT="17" WC="0.87" CONTENT="ter."/><SP WIDTH="32" VPOS="1110" HPOS="277"/>
							<String ID="string_146" HPOS="309" VPOS="1106" WIDTH="80" HEIGHT="21" WC="0.93" CONTENT="Denna"/><SP WIDTH="15" VPOS="1106" HPOS="389"/>
							<String ID="string_147" HPOS="404" VPOS="1106" WIDTH="64" HEIGHT="22" WC="0.96" CONTENT="skatt"/><SP WIDTH="16" VPOS="1106" HPOS="468"/>
							<String ID="string_148" HPOS="484" VPOS="1107" WIDTH="104" HEIGHT="28" WC="0.95" CONTENT="erlägges"/><SP WIDTH="14" VPOS="1107" HPOS="588"/>
							<String ID="string_149" HPOS="602" VPOS="1106" WIDTH="36" HEIGHT="22" WC="0.96" CONTENT="för"/><SP WIDTH="15" VPOS="1106" HPOS="638"/>
							<String ID="string_150" HPOS="653" VPOS="1107" WIDTH="50" HEIGHT="21" WC="0.96" CONTENT="hela"/><SP WIDTH="17" VPOS="1107" HPOS="703"/>
							<String ID="string_151" HPOS="720" VPOS="1107" WIDTH="38" HEIGHT="21" WC="0.96" CONTENT="det"/><SP WIDTH="18" VPOS="1107" HPOS="758"/>
							<String ID="string_152" HPOS="776" VPOS="1107" WIDTH="6" HEIGHT="20" WC="0.93" CONTENT="i"/><SP WIDTH="18" VPOS="1107" HPOS="782"/>
							<String ID="string_153" HPOS="800" VPOS="1106" WIDTH="105" HEIGHT="21" WC="0.93" CONTENT="afseende"/><SP WIDTH="16" VPOS="1106" HPOS="905"/>
							<String ID="string_154" HPOS="921" VPOS="1106" WIDTH="13" HEIGHT="20" WC="0.89" CONTENT="å"/><SP WIDTH="16" VPOS="1106" HPOS="934"/>
							<String ID="string_155" HPOS="950" VPOS="1105" WIDTH="45" HEIGHT="21" WC="0.92" CONTENT="till-"/>
						</TextLine>
						<TextLine ID="line_24" HPOS="237" VPOS="1140" WIDTH="758" HEIGHT="30">
							<String ID="string_156" HPOS="237" VPOS="1141" WIDTH="113" HEIGHT="27" WC="0.91" CONTENT="verkning"/><SP WIDTH="23" VPOS="1141" HPOS="350"/>
							<String ID="string_157" HPOS="373" VPOS="1140" WIDTH="137" HEIGHT="30" WC="0.90" CONTENT="öfvertagna"/><SP WIDTH="22" VPOS="1140" HPOS="510"/>
							<String ID="string_158" HPOS="532" VPOS="1141" WIDTH="108" HEIGHT="28" WC="0.93" CONTENT="beloppet"/><SP WIDTH="23" VPOS="1141" HPOS="640"/>
							<String ID="string_159" HPOS="663" VPOS="1142" WIDTH="42" HEIGHT="20" WC="0.92" CONTENT="och"/><SP WIDTH="23" VPOS="1142" HPOS="705"/>
							<String ID="string_160" HPOS="728" VPOS="1141" WIDTH="111" HEIGHT="21" WC="0.92" CONTENT="inbetalas"/><SP WIDTH="23" VPOS="1141" HPOS="839"/>
							<String ID="string_161" HPOS="862" VPOS="1140" WIDTH="36" HEIGHT="20" WC="0.92" CONTENT="till"/><SP WIDTH="23" VPOS="1140" HPOS="898"/>
							<String ID="string_162" HPOS="921" VPOS="1140" WIDTH="74" HEIGHT="20" WC="0.92" CONTENT="länets"/>
						</TextLine>
						<TextLine ID="line_25" HPOS="238" VPOS="1175" WIDTH="757" HEIGHT="29">
							<String ID="string_163" HPOS="238" VPOS="1175" WIDTH="90" HEIGHT="28" WC="0.91" CONTENT="ränteri,"/><SP WIDTH="23" VPOS="1175" HPOS="328"/>
							<String ID="string_164" HPOS="351" VPOS="1175" WIDTH="60" HEIGHT="21" WC="0.93" CONTENT="dock"/><SP WIDTH="24" VPOS="1175" HPOS="411"/>
							<String ID="string_165" HPOS="435" VPOS="1175" WIDTH="78" HEIGHT="29" WC="0.92" CONTENT="hvarje"/><SP WIDTH="20" VPOS="1175" HPOS="513"/>
							<String ID="string_166" HPOS="533" VPOS="1178" WIDTH="63" HEIGHT="26" WC="0.92" CONTENT="gäng"/><SP WIDTH="15" VPOS="1178" HPOS="596"/>
							<String ID="string_167" HPOS="611" VPOS="1175" WIDTH="20" HEIGHT="28" WC="0.92" CONTENT="ej"/><SP WIDTH="17" VPOS="1175" HPOS="631"/>
							<String ID="string_168" HPOS="648" VPOS="1175" WIDTH="35" HEIGHT="22" WC="0.96" CONTENT="för"/><SP WIDTH="15" VPOS="1175" HPOS="683"/>
							<String ID="string_169" HPOS="698" VPOS="1175" WIDTH="88" HEIGHT="21" WC="0.96" CONTENT="mindre"/><SP WIDTH="17" VPOS="1175" HPOS="786"/>
							<String ID="string_170" HPOS="803" VPOS="1178" WIDTH="27" HEIGHT="18" WC="0.93" CONTENT="än"/><SP WIDTH="17" VPOS="1178" HPOS="830"/>
							<String ID="string_171" HPOS="847" VPOS="1177" WIDTH="88" HEIGHT="19" WC="0.91" CONTENT="ettusen"/><SP WIDTH="17" VPOS="1177" HPOS="935"/>
							<String ID="string_172" HPOS="952" VPOS="1178" WIDTH="43" HEIGHT="16" WC="0.93" CONTENT="tre-"/>
						</TextLine>
						<TextLine ID="line_26" HPOS="239" VPOS="1208" WIDTH="755" HEIGHT="29">
							<String ID="string_173" HPOS="239" VPOS="1210" WIDTH="87" HEIGHT="20" WC="0.93" CONTENT="hundra"/><SP WIDTH="23" VPOS="1210" HPOS="326"/>
							<String ID="string_174" HPOS="349" VPOS="1210" WIDTH="59" HEIGHT="27" WC="0.93" CONTENT="liter,"/><SP WIDTH="25" VPOS="1210" HPOS="408"/>
							<String ID="string_175" HPOS="433" VPOS="1210" WIDTH="95" HEIGHT="21" WC="0.95" CONTENT="såframt"/><SP WIDTH="18" VPOS="1210" HPOS="528"/>
							<String ID="string_176" HPOS="546" VPOS="1210" WIDTH="59" HEIGHT="21" WC="0.96" CONTENT="skatt"/><SP WIDTH="17" VPOS="1210" HPOS="605"/>
							<String ID="string_177" HPOS="622" VPOS="1210" WIDTH="36" HEIGHT="20" WC="0.93" CONTENT="för"/><SP WIDTH="15" VPOS="1210" HPOS="658"/>
							<String ID="string_178" HPOS="673" VPOS="1210" WIDTH="69" HEIGHT="20" WC="0.96" CONTENT="sådan"/><SP WIDTH="16" VPOS="1210" HPOS="742"/>
							<String ID="string_179" HPOS="758" VPOS="1209" WIDTH="137" HEIGHT="28" WC="0.95" CONTENT="myckenhet"/><SP WIDTH="16" VPOS="1209" HPOS="895"/>
							<String ID="string_180" HPOS="911" VPOS="1209" WIDTH="22" HEIGHT="20" WC="0.93" CONTENT="af"/><SP WIDTH="15" VPOS="1209" HPOS="933"/>
							<String ID="string_181" HPOS="948" VPOS="1208" WIDTH="46" HEIGHT="20" WC="0.84" CONTENT="till-"/>
						</TextLine>
						<TextLine ID="line_27" HPOS="238" VPOS="1244" WIDTH="307" HEIGHT="28">
							<String ID="string_182" HPOS="238" VPOS="1244" WIDTH="142" HEIGHT="28" WC="0.91" CONTENT="verkningen"/><SP WIDTH="16" VPOS="1244" HPOS="380"/>
							<String ID="string_183" HPOS="396" VPOS="1247" WIDTH="26" HEIGHT="18" WC="0.93" CONTENT="är"/><SP WIDTH="17" VPOS="1247" HPOS="422"/>
							<String ID="string_184" HPOS="439" VPOS="1244" WIDTH="106" HEIGHT="28" WC="0.89" CONTENT="ogulden."/>
						</TextLine>
					</TextBlock>
				</ComposedBlock>
				<ComposedBlock ID="cblock_5" HPOS="586" VPOS="1326" WIDTH="62" HEIGHT="24">
					<TextBlock ID="block_6" HPOS="586" VPOS="1326" WIDTH="62" HEIGHT="24">
						<TextLine ID="line_28" HPOS="586" VPOS="1326" WIDTH="62" HEIGHT="24">
							<String ID="string_185" HPOS="586" VPOS="1326" WIDTH="12" HEIGHT="13" WC="0.89" CONTENT="2"/><SP WIDTH="31" VPOS="1326" HPOS="598"/>
							<String ID="string_186" HPOS="629" VPOS="1326" WIDTH="19" HEIGHT="24" WC="0.82" CONTENT="8"/>
						</TextLine>
					</TextBlock>
				</ComposedBlock>
				<ComposedBlock ID="cblock_6" HPOS="237" VPOS="1380" WIDTH="757" HEIGHT="63">
					<TextBlock ID="block_7" HPOS="237" VPOS="1380" WIDTH="757" HEIGHT="63">
						<TextLine ID="line_29" HPOS="309" VPOS="1380" WIDTH="685" HEIGHT="23">
							<String ID="string_187" HPOS="309" VPOS="1381" WIDTH="30" HEIGHT="21" WC="0.93" CONTENT="Ur"/><SP WIDTH="16" VPOS="1381" HPOS="339"/>
							<String ID="string_188" HPOS="355" VPOS="1381" WIDTH="202" HEIGHT="22" WC="0.92" CONTENT="bränvinsskatten"/><SP WIDTH="17" VPOS="1381" HPOS="557"/>
							<String ID="string_189" HPOS="574" VPOS="1382" WIDTH="64" HEIGHT="21" WC="0.96" CONTENT="skola"/><SP WIDTH="16" VPOS="1382" HPOS="638"/>
							<String ID="string_190" HPOS="654" VPOS="1382" WIDTH="71" HEIGHT="20" WC="0.96" CONTENT="under"/><SP WIDTH="16" VPOS="1382" HPOS="725"/>
							<String ID="string_191" HPOS="741" VPOS="1382" WIDTH="52" HEIGHT="20" WC="0.96" CONTENT="åren"/><SP WIDTH="17" VPOS="1382" HPOS="793"/>
							<String ID="string_192" HPOS="810" VPOS="1382" WIDTH="61" HEIGHT="20" WC="0.92" CONTENT="1905."/><SP WIDTH="21" VPOS="1382" HPOS="871"/>
							<String ID="string_193" HPOS="892" VPOS="1381" WIDTH="52" HEIGHT="20" WC="0.95" CONTENT="1906"/><SP WIDTH="9" VPOS="1381" HPOS="944"/>
							<String ID="string_194" HPOS="953" VPOS="1380" WIDTH="41" HEIGHT="21" WC="0.96" CONTENT="och"/>
						</TextLine>
						<TextLine ID="line_30" HPOS="237" VPOS="1415" WIDTH="135" HEIGHT="28">
							<String ID="string_195" HPOS="237" VPOS="1415" WIDTH="56" HEIGHT="21" WC="0.96" CONTENT="1907"/><SP WIDTH="15" VPOS="1415" HPOS="293"/>
							<String ID="string_196" HPOS="308" VPOS="1416" WIDTH="64" HEIGHT="27" WC="0.95" CONTENT="utgå:"/>
						</TextLine>
					</TextBlock>
				</ComposedBlock>
			</PrintSpace>
		</Page>
	</Layout>
</alto>
