1106 1756
261 118 13 19 8

261 181 85 22 skottet
365 184 56 20 trott
437 182 35 29 sig
487 182 57 22 böra
559 182 84 23 föreslå
659 185 33 19 att
707 182 82 22 härvid
805 182 36 22 för
857 182 76 22 denna
949 184 62 26 gång

260 217 64 29 finge
340 217 62 22 bero.

333 252 126 30 Stämning.
483 254 62 22 Enär
561 254 140 22 tvifvelsmål
717 255 112 28 försports
845 254 86 26 därom,
942 254 67 21 huru-

260 288 55 22 vida
331 289 122 29 stämning,
470 290 98 21 tecknad
585 293 12 18 &
613 290 127 29 behörigen
755 290 106 22 karterad
873 289 136 29 stämnings-

260 325 109 26 ansökan,
386 325 71 22 borde
480 326 134 28 ytterligare
629 326 74 22 förses
719 326 53 22 med
788 326 103 28 stämpel,
907 326 42 21 har
965 326 45 21 den

260 360 85 29 nådiga
367 361 180 29 propositionen,
573 362 53 21 med
651 362 129 22 beaktande
797 362 24 21 af
837 364 32 19 ett
883 362 63 21 inom
961 361 48 22 lan-

261 396 50 22 dets
328 396 134 22 domarekår
477 397 140 22 härutinnan
632 398 98 21 uttaladt
746 397 179 29 önskningsmål,
943 397 8 21 i
964 398 45 21 för-

260 432 225 30 fattningsförslaget
499 433 83 29 intagit
598 436 32 19 ett
645 434 136 29 uttryckligt
792 434 127 28 stadgande
930 434 7 21 i
949 433 60 29 syfte

260 471 33 19 att
316 469 72 21 sådan
411 469 116 29 stämning
545 469 78 23 blefve
639 469 133 30 stämpelfri.
805 470 68 21 Emot
889 470 62 21 detta
966 469 43 22 till-

259 504 55 29 lägg
329 505 43 21 har
387 505 118 22 Utskottet
520 505 59 22 intet
594 509 33 18 att
643 506 114 21 anmärka.

601 593 12 19 5
634 591 18 27 8.

330 649 63 21 Enär
419 649 101 29 önskligt
545 657 55 14 vore
624 652 33 19 att
679 650 8 21 i
711 650 45 21 mål
777 650 42 21 och
836 649 107 26 ärenden,
960 657 49 14 som

258 684 124 29 handlagts
406 686 53 21 med
482 685 147 29 tillämpning
653 686 23 21 af
692 686 45 21 den
752 686 8 21 i
775 685 68 28 Haag
859 685 46 22 den
922 688 27 19 14
965 686 44 21 No-

258 720 96 22 vember
372 724 55 19 1896
444 721 81 22 mellan
543 722 69 28 ryska
627 722 59 21 riket
702 722 43 21 och
761 721 112 22 särskilda
884 721 71 22 andra
966 724 43 19 sta-

258 759 36 18 ter
310 757 114 22 afslutade
440 758 178 26 konventionen,
631 761 24 18 så
672 760 57 19 stort
744 757 199 28 tillmötesgående
960 764 49 15 som

259 792 91 29 möjligt
373 793 92 22 visades
489 793 98 22 domstol
610 793 8 22 i
643 796 69 19 annat
727 793 62 26 land,
807 793 40 22 har
864 793 45 22 den
924 793 85 28 nådiga

258 829 174 28 propositionen
459 829 106 29 upptagit
591 829 144 28 stadganden
762 829 86 26 därom,
875 832 33 18 att
941 829 68 21 främ-

258 864 84 22 mande
359 867 81 20 staters
458 865 123 22 domstolar
597 865 43 22 och
649 865 74 28 öfriga
733 865 179 28 myndigheter
903 860 11 37 i
923 865 86 21 sådana

258 900 44 21 mål
320 901 43 21 och
379 901 101 22 ärenden
503 909 55 14 vore
578 901 103 22 befriade
702 901 52 22 från
771 901 237 28 stämpelskyldighet.

258 935 129 29 Angående
410 937 28 21 de
463 937 201 28 omständigheter,
689 944 49 15 som
754 939 36 19 stå
805 936 8 21 i
829 936 111 22 samband
957 937 52 21 med

258 971 183 23 konventionens
459 973 209 28 offentliggörande
678 973 127 25 härstädes,
814 975 48 19 tror
872 972 36 29 sig
916 972 93 22 Utskot-

257 1009 34 20 tet
306 1007 56 22 böra
378 1009 76 21 erinra
469 1016 36 15 om
524 1009 108 28 följande.

331 1043 77 22 Sedan
433 1045 30 21 K.
491 1045 100 22 Senaten
614 1045 9 21 i
646 1045 126 28 anledning
796 1045 24 20 af
846 1045 67 21 väckt
944 1044 65 28 fråga

258 1086 37 14 om
321 1079 174 28 publicerandet
525 1081 8 21 i
563 1081 79 21 landet
671 1081 23 21 af
724 1079 152 23 förenämnda
906 1079 102 22 konven-

257 1115 49 21 tion
321 1115 43 22 hos
387 1116 66 22 Hans
471 1116 130 29 Kejserliga
619 1117 108 28 Majestät
745 1117 8 21 i
768 1115 186 29 underdånighet
971 1123 37 14 an-

257 1151 57 21 mält
329 1153 33 20 att
378 1159 30 14 en
423 1152 39 22 del
476 1153 33 21 uti
519 1153 172 21 konventionen
701 1152 116 29 ingående
828 1151 179 28 bestämningar,

256 1189 31 26 på
303 1187 77 28 grund
403 1188 24 21 af
449 1188 187 29 lagstiftningens
659 1189 8 20 i
690 1188 99 22 Finland
815 1189 142 28 ståndpunkt
974 1187 34 22 uti

256 1221 161 30 ifrågakomna
439 1224 132 22 hänseende
589 1224 120 29 påkallade
727 1223 113 22 särskilda
856 1224 35 21 för
906 1224 102 21 konven-

257 1257 91 23 tionens
376 1259 146 30 tillämpning
553 1260 85 29 nödiga
667 1259 274 30 lagstiftningsåtgärder,
967 1260 41 21 har

257 1293 65 22 Hans
338 1294 133 30 Kejserliga
481 1296 112 28 Majestät,
604 1296 72 28 enligt
692 1295 233 22 Statssekretariatets
942 1295 66 22 skrif-

256 1329 64 22 velse
337 1330 25 21 af
376 1331 46 21 den
438 1334 29 19 30
483 1333 46 26 (17)
546 1331 61 22 Mars
626 1335 63 22 1901,
703 1331 72 29 jemte
792 1331 39 21 det
842 1331 76 28 Nådig
928 1331 80 21 befall-

256 1364 58 29 ning
330 1367 119 27 angående
466 1367 182 22 konventionens
661 1367 146 28 publicering
818 1366 7 21 i
836 1366 100 21 Finland
946 1367 62 21 med-

257 1400 101 27 delades,
374 1403 73 20 täckts
464 1402 8 22 i
487 1403 71 21 nåder
569 1403 71 21 tillåta
651 1403 100 22 Senaten
763 1405 33 19 att
807 1402 104 22 utarbeta
921 1402 88 29 förslag

256 1435 36 22 till
309 1437 45 22 den
369 1437 9 22 i
394 1441 77 19 ämnet
486 1439 119 28 påkallade
621 1439 154 28 lagstiftning,
796 1438 79 22 hvilka
890 1438 94 29 förslag,
1000 1438 8 21 i
