1095 1753
442 139 40 21 N:o
504 139 28 21 25
808 137 27 21 53

457 207 28 21 24
499 209 19 26 8.

178 259 133 22 Uraktläter
325 258 118 29 försäljare
459 259 108 28 antingen
581 261 33 19 att
624 259 85 28 begära
719 257 145 28 inventering

111 294 54 21 eller
181 295 34 20 att
229 293 62 21 inom
307 295 73 19 utsatt
394 293 34 21 tid
443 293 95 22 insända
551 293 153 28 redovisning,
715 292 59 21 skall
784 291 81 22 sädant

111 335 64 14 anses
194 328 75 21 säsom
287 327 57 22 hade
358 327 47 22 han
420 327 78 22 försält
514 328 42 21 allt
570 327 40 22 det
624 326 180 29 stämpelförräd,
819 326 46 21 han

111 362 127 28 emottagit,
255 364 58 19 samt
327 361 120 29 betalning
463 361 74 22 derför
552 362 41 21 hos
608 361 82 21 honom
705 360 100 22 utsökas.

456 460 28 20 25
499 461 18 26 8.

178 512 12 20 I
204 511 108 22 händelse
328 511 22 21 af
365 511 79 21 balans
461 512 54 21 eller
530 511 115 22 bristande
657 510 144 29 redogörelse
812 517 53 21 eger

109 546 88 22 kronan
219 546 41 22 hos
283 546 28 21 de
333 549 101 25 antagna
453 545 146 29 försäljarene
618 553 85 14 samma
717 544 148 23 förmånsrätt

109 580 36 22 för
159 580 80 22 värdet
255 580 23 21 af
293 580 145 22 oredovisadt
453 580 178 29 stämpelförråd,
648 587 47 14 som
711 580 42 21 hos
766 580 98 20 kronans

109 614 170 29 uppbördsmän
295 614 8 21 i
318 614 130 22 allmänhet.

457 684 27 21 26
500 686 19 25 8.

177 735 36 20 Då
232 735 190 28 stämpelpapper,
442 735 93 22 ämnadt
553 736 36 21 till
609 735 135 28 expedition,
762 735 42 21 hos
820 741 45 14 em-

108 769 107 22 betsverk
230 769 55 22 eller
301 769 137 28 tjensteman
455 777 82 20 genom
551 769 157 28 misskrifning
719 770 55 21 eller
785 775 80 15 annor-

108 804 61 21 ledes
185 803 143 29 förderfvats,
344 804 56 21 eller
415 804 29 21 då
459 805 68 21 redan
543 803 174 23 underskrifven
728 804 42 21 och
781 806 84 25 stämp-

108 838 38 21 lad
169 838 131 28 expedition
322 838 23 22 af
363 846 76 13 annan
458 839 66 22 orsak
542 839 50 22 icke
607 839 78 21 blifvit
699 839 112 28 utgifven,
828 838 37 21 må

108 873 81 21 sådant
204 873 184 28 stämpelpapper
404 873 55 21 eller
475 873 70 22 sådan
560 873 130 28 expedition
701 872 23 22 af
735 873 43 21 den
789 871 76 22 derför

108 907 120 28 ansvarige
246 907 183 28 tjenstemannen
447 907 114 28 insändas,
579 908 69 28 jemte
663 907 105 27 reversal,
783 908 82 27 uppta-

107 941 75 28 gande
198 941 87 22 antalet
299 941 109 28 stämplar
423 941 27 22 af
462 941 80 30 hvarje
557 943 50 28 slag
622 942 42 22 och
675 942 70 27 valör,
756 941 37 21 till
803 941 62 21 läne-

107 976 113 28 styrelsen
238 975 36 22 för
292 977 33 20 att
343 975 41 22 der
398 976 95 29 utbytas
508 979 61 20 emot
584 984 45 21 nya
645 976 109 29 stämplar
768 975 26 22 af
806 977 59 20 mot-

107 1010 111 22 svarande
235 1010 75 22 värde.
339 1003 22 28 Å
380 1011 166 28 länestyrelsen
561 1011 131 22 ankommer
707 1010 108 29 derjemte
831 1011 35 20 att

106 1044 118 28 medgifva
241 1045 81 28 utbyte
337 1044 23 22 af
375 1046 111 28 stämplar
501 1046 37 21 till
553 1045 84 22 sådana
651 1045 162 28 expeditioner,
829 1044 36 21 för

106 1079 79 21 hvilka
209 1079 129 29 afgifterna,
360 1079 9 21 i
392 1080 114 22 anseende
524 1080 36 22 till
577 1080 124 28 fattigdom
720 1080 55 21 eller
790 1086 73 14 annan

106 1114 53 27 laga
175 1113 73 28 orsak,
265 1113 19 29 ej
301 1114 88 21 kunnat
404 1114 42 21 hos
462 1114 123 28 sakegaren
602 1114 66 22 utfås.

174 1268 125 22 Förefaller
321 1268 163 29 misskrifning
506 1269 39 22 vid
567 1270 195 28 stämpelpappers
781 1271 84 19 använ-

105 1302 74 22 dande
195 1302 26 22 af
233 1302 90 22 enskild
338 1310 88 21 person,
444 1304 57 21 eller
515 1304 41 21 har
570 1304 45 21 han
631 1303 24 21 af
663 1303 128 29 uppenbart
801 1302 64 22 miss-

105 1339 42 26 tag
162 1336 117 30 begagnat
291 1338 187 28 stämpelpapper
489 1338 55 22 eller
554 1337 180 29 stämpelmärke,
745 1337 29 21 då
785 1337 81 22 sådant

104 1371 52 21 icke
171 1370 128 30 erfordrats,
316 1372 55 21 eller
387 1372 104 22 användt
505 1372 71 28 högre
592 1372 102 28 stämpel,
709 1374 28 19 än
748 1370 117 23 föreskrif-

104 1407 39 19 vet
159 1408 30 25 är,
205 1406 38 20 må
258 1405 104 22 tillstånd
377 1405 36 22 till
429 1405 55 23 dess
498 1406 127 29 utbytande
640 1406 67 21 sökas
721 1406 42 21 hos
778 1406 87 21 Guver-

104 1441 70 24 vören
192 1439 8 21 i
219 1440 68 28 länet,
305 1439 95 22 hvilken
418 1447 56 22 eger
490 1440 80 29 pröfva
586 1440 42 23 och
643 1440 84 29 afgöra,
743 1447 38 14 om
795 1440 69 28 utby-
