1103 1745
831 121 12 20 3

167 184 69 22 Hvad
261 184 119 22 Utskottet
399 184 8 21 i
428 184 61 22 detta
515 184 109 22 afseende
648 187 55 18 trott
728 184 36 29 sig
788 185 57 21 böra

96 220 90 26 föreslå,
204 220 101 29 grundar
321 220 36 29 sig
373 223 29 26 på
417 220 101 29 följande
534 220 79 21 motiv.

437 292 13 29 8
465 295 21 19 2.

167 340 53 21 Den
243 340 33 21 uti
297 340 262 28 författningsförslaget
581 340 114 28 ingående
711 339 134 22 klassindel-

97 375 56 29 ning
177 375 23 22 af
215 375 90 22 landets
322 375 130 26 domstolar,
469 376 147 21 embetsverk
632 376 43 21 och
691 375 73 29 öfriga
780 383 64 21 myn-

98 412 104 28 digheter
213 415 24 18 är
246 412 250 22 öfverensstämmande
512 412 52 22 med
576 412 160 21 motsvarande
747 412 97 21 förteck-

97 447 57 28 ning
169 447 33 21 uti
221 447 263 28 stämpelförordningen
503 447 24 22 af
543 447 45 22 den
603 450 27 19 21
648 447 127 22 December
789 450 56 19 1900

96 483 8 21 i
121 483 75 28 öfrigt,
212 485 64 20 utom
291 483 145 22 beträffande
450 483 28 22 de
488 483 175 28 uteslutningar,
681 490 47 15 som
739 483 105 28 betingas

97 519 24 21 af
143 519 77 21 finska
243 519 125 21 militärens
384 519 141 28 upplösning
541 519 120 21 äfvensom
676 519 169 28 indragningen

97 555 24 21 af
135 555 77 21 finska
226 555 157 26 kadettkåren,
399 555 265 28 befälhafvarstyrelsen,
676 554 169 29 krigskommis-

99 590 91 22 sariatet
206 598 28 13 m.
251 590 24 22 fl.
292 591 99 21 militära
406 591 167 28 myndigheter.

448 675 51 28 83.

168 723 36 21 De
220 723 149 25 föreskrifter,
392 730 48 14 som
460 723 127 21 meddelats
606 722 74 21 under
698 722 147 28 paragrafens

97 758 8 21 i
121 758 121 22 alfabetisk
262 758 99 29 ordning
379 758 122 29 uppstälda
524 758 111 26 rubriker,
667 758 124 21 återfinnas
812 757 34 22 till

99 797 83 18 största
198 794 67 21 delen
284 794 33 21 uti
333 801 31 14 nu
383 794 105 28 gällande
505 793 239 29 stämpelförordning,
756 794 43 21 och
811 793 36 22 fär

99 829 117 22 Utskottet
225 830 42 21 här
277 830 113 28 redogöra
401 830 36 21 för
449 830 29 21 de
487 837 83 21 genom
581 829 171 29 propositionen
761 829 54 22 eller
824 829 23 21 af

98 865 118 22 Utskottet
231 865 145 22 beträffande
391 865 76 22 denna
477 865 108 29 paragraf
596 865 110 28 vidtagna
717 865 129 28 ändringar.

170 901 74 22 Bevis.
271 901 110 22 Förutom
400 901 28 22 de
444 901 33 22 uti
493 901 106 28 gällande
616 901 232 28 stämpelförordning

99 937 150 29 uppräknade
264 937 161 28 kategorierna
440 937 41 22 har
497 937 74 22 under
587 937 76 21 denna
679 937 77 21 rubrik
773 939 74 19 säsom

99 973 141 28 stämpelfria
263 973 117 28 upptagits
404 973 89 28 ,Bevis,
515 973 122 21 utfärdade
653 973 23 21 af
691 973 156 21 föreständare

99 1009 36 21 för
156 1008 250 29 dissenterförsamling
422 1008 54 22 eller
492 1009 54 21 med
568 1008 97 22 förande
686 1008 22 21 af
732 1008 116 28 offentligt

98 1045 183 28 personregister
289 1044 136 22 ombetrodd
434 1044 53 21 civil
493 1044 144 29 myndighet,
642 1044 205 29 kontraktsproste-

99 1080 96 26 embete,
211 1081 185 25 kronolänsman,
413 1080 181 29 pastorsembete
605 1080 43 21 och
658 1080 189 29 postsparbank*,

99 1116 126 29 hvarjemte
249 1117 138 28 stadgandet
411 1124 36 13 om
471 1116 68 21 dessa
562 1116 65 22 bevis
647 1116 33 21 uti
700 1117 13 28 &
730 1119 12 19 5
758 1116 23 21 af
797 1116 50 21 äbe-

99 1152 85 29 ropade
200 1152 137 29 förordning
355 1152 122 21 uteslutits.
509 1153 84 22 Denna
608 1152 138 22 förändrade
761 1152 87 28 redige-

99 1187 59 29 ring,
174 1188 95 21 hvilken
284 1188 50 22 icke
350 1188 92 21 beröres
453 1188 34 21 uti
502 1188 151 29 inledningen
664 1188 34 21 till
710 1188 44 21 den
764 1188 85 28 nådiga

99 1223 179 29 propositionen,
296 1231 69 22 synes
385 1231 56 15 vara
467 1224 122 22 föranledd
611 1224 71 26 däraf,
699 1226 33 19 att
746 1224 102 22 tvifvels-

99 1259 46 22 mål
160 1259 41 22 vid
217 1260 276 28 stämpelförordningens
515 1260 145 29 tillämpning
674 1263 91 26 yppats,
781 1260 68 21 huru-

99 1295 55 21 vida
169 1295 66 21 bevis
251 1296 24 20 af
291 1296 88 28 antydd
395 1295 162 22 beskaffenhet
568 1299 39 18 äro
618 1296 44 21 fria
676 1296 53 21 från
745 1296 104 28 stämpel-

101 1330 67 29 afgift
184 1330 19 29 ej
220 1330 59 22 blott
294 1331 40 21 vid
350 1331 154 27 utfärdandet,
521 1334 56 19 utan
594 1332 69 21 äfven
678 1334 42 18 när
735 1332 28 20 de
774 1334 75 18 såsom

99 1367 77 28 bilaga
198 1367 79 29 åtfölja
300 1368 144 28 handlingar,
461 1375 50 14 som
531 1369 42 20 hos
591 1369 97 21 domstol
705 1368 53 21 eller
774 1375 76 14 annan

100 1403 137 28 myndighet
252 1406 91 26 upptes.
359 1403 119 22 Utskottet
487 1404 58 21 skall
561 1405 42 20 här
614 1404 75 21 nedan
701 1404 39 22 vid
750 1404 99 22 behand-

100 1439 80 28 lingen
197 1439 24 22 af
237 1439 14 29 8
269 1443 11 18 7
298 1440 141 21 återkomma
453 1440 35 21 till
505 1441 76 21 denna
596 1440 72 28 fråga.
