1106 1753
320 173 89 32 Bilaga
427 173 43 26 N:o
489 174 31 25 III

93 256 36 22 till
153 256 266 29 Bevillningsutskottets
443 257 145 22 betänkande
604 257 43 22 N:o
663 259 13 20 2
692 257 9 21 i

95 292 125 29 anledning
239 292 23 21 af
280 293 53 21 nåd.
349 299 65 22 prop.
431 293 60 21 N:ris
507 295 36 24 21,
560 295 28 20 22
605 293 43 21 och
663 295 36 20 25.

391 466 280 27 Bevillningsutskottets
695 466 149 22 betänkande

308 502 42 22 N:o
380 518 8 11 ,
403 502 10 21 i
429 502 127 27 anledning
572 502 27 22 af
621 502 65 22 Hans
710 502 135 28 Kejserliga

306 537 123 29 Majestäts
447 536 87 28 nådiga
546 538 149 28 proposition
707 538 42 22 N:o
761 538 30 22 25
806 544 38 16 an-

307 572 89 28 gående
413 574 240 28 stämpelbevillning.

166 675 177 22 Ofvannämnda
366 675 85 29 nådiga
474 675 142 29 proposition
638 676 42 21 har
700 675 23 22 af
739 675 106 28 samtliga

94 710 74 22 Stånd
183 710 138 29 hänskjutits
338 710 64 22 såväl
417 710 35 22 till
469 710 69 22 Stats-
555 718 49 14 som
619 711 35 21 till
664 710 181 29 Bevillningsut-

94 747 96 25 skottet;
208 746 42 22 och
265 746 41 22 har
322 746 118 22 Utskottet
455 746 74 22 tillika
545 746 90 22 erhållit
651 747 36 21 del
704 747 24 21 af
743 746 28 22 de
787 749 58 19 utta-

94 782 92 26 landen,
206 782 79 22 hvilka
300 782 8 21 i
323 782 89 22 Preste-
429 782 43 22 och
488 782 181 22 Bondestånden
685 782 104 29 afgifvits
805 782 41 22 vid

96 818 106 21 ärendets
226 818 87 21 remiss.
345 817 62 22 Från
430 818 322 28 Ekonomiedepartementets
768 818 8 21 i
791 817 54 29 Kej-

95 853 85 29 serliga
199 853 99 22 Senaten
319 854 75 21 kansli
414 854 41 21 har
471 854 119 21 Utskottet
606 854 111 28 därjämte
732 856 29 26 pä
777 854 68 28 begä-

94 896 42 15 ran
152 890 44 20 fått
212 891 114 27 emottaga
339 889 19 29 ej
375 890 90 21 mindre
481 890 93 21 afskrift
590 890 23 21 af
629 890 38 21 det
683 890 40 21 vid
739 890 106 21 ärendets

95 925 167 29 föredragning
282 925 8 21 i
305 925 130 29 Kejserliga
452 925 101 22 Senaten
569 926 66 21 förda
651 925 120 29 protokoll,
787 925 59 22 utvi-

96 961 72 21 sande
184 963 32 20 att
224 964 77 25 någon
310 961 144 28 omröstning
463 961 82 22 därvid
555 961 50 21 icke
617 964 38 26 egt
663 969 56 18 rum,
729 964 29 18 än
766 962 43 20 ock
817 961 29 21 de

95 997 126 29 yttranden
243 997 90 21 landets
358 997 132 26 domstolar,
514 997 161 29 myndigheter
691 997 43 21 och
750 997 96 21 embets-

95 1033 64 25 verk,
176 1036 30 25 på
222 1033 120 26 anmodan,
360 1033 93 28 afgifvit
469 1040 37 14 om
522 1033 143 21 föreskrifter
685 1033 33 21 uti
741 1032 105 29 gällande

96 1068 241 29 stämpelförordning,
361 1068 79 22 hvilka
463 1071 66 26 synts
554 1069 103 20 erfordra
678 1068 98 28 ändring
791 1068 56 22 eller

96 1103 179 30 förtydligande.
308 1104 113 28 Slutligen
444 1104 43 21 har
503 1104 118 22 Utskottet
635 1104 50 21 haft
700 1104 97 28 tillgång
813 1104 34 21 till

96 1139 29 22 de
151 1140 37 21 för
210 1140 65 21 tiden
298 1140 52 21 från
373 1140 45 21 den
436 1143 11 19 1
463 1140 97 21 Januari
579 1143 54 19 1902
649 1140 35 21 till
700 1147 85 14 samma
802 1140 45 28 dag

98 1178 56 20 1903
179 1176 24 21 af
224 1175 90 22 landets
338 1176 163 29 myndigheter
523 1177 96 20 rörande
641 1176 206 29 stämpelafgiftens

96 1211 85 28 belopp
197 1211 62 22 inom
276 1211 61 22 olika
353 1211 137 22 skattetitlar
501 1212 129 21 aflemnade
641 1211 138 28 detaljerade
791 1218 56 21 upp-

97 1247 76 28 gifter,
193 1247 79 22 hvilka
287 1247 62 29 legat
365 1247 34 22 till
416 1247 75 28 grund
512 1248 37 21 för
567 1248 45 21 den
627 1247 33 22 uti
676 1247 172 29 propositionen

96 1283 136 22 meddelade
239 1283 150 26 summariska
395 1283 143 28 öfversigten
547 1284 23 21 af
581 1283 266 28 stämpelbevillningens

97 1319 95 22 resultat
215 1319 36 22 för
275 1321 24 20 år
317 1322 55 19 1902
390 1319 119 22 äfvensom
527 1320 45 21 den
589 1319 74 21 därtill
679 1319 83 28 fogade
779 1318 70 21 detal-

94 1354 80 29 jerade
194 1355 155 28 utredningen
365 1355 146 22 beträffande
529 1355 44 22 den
589 1358 10 18 &
618 1355 35 21 arf
668 1355 98 28 pälagda
782 1357 67 18 stäm-

96 1390 131 29 pelskatten
242 1391 36 21 för
295 1391 72 28 sagda
383 1393 30 19 år.
