1106 1753
265 147 15 20 4
574 148 40 21 N:o
631 148 28 21 24

307 210 55 22 1905
388 228 4 4 .
422 228 4 3 .
457 228 4 4 .
506 210 203 28 —90,000+12,500
716 220 28 10 =
753 210 94 28 102,500
865 211 64 21 mark

306 244 56 22 1906
388 262 3 4 .
422 262 4 4 .
457 262 4 4 .
493 245 93 28 102,500
595 245 26 28 +
631 245 78 28 12,500
716 245 129 28 =115,000
863 240 13 37 —
892 261 5 3 »

306 279 56 22 1907
387 296 4 4 .
422 297 4 3 .
456 296 4 4 .
492 279 93 28 115,000
593 280 27 26 4
629 280 79 27 12,500
716 279 130 28 =127,500
865 265 12 46 —
892 289 8 9 >

614 320 94 22 Summa
724 316 16 37 —
752 320 95 28 345,000
859 320 70 21 mark.

306 382 82 21 Senast
410 382 136 22 församlade
570 383 98 21 Ständer
689 383 69 21 hafva
780 383 36 21 uti
837 383 63 21 deras
919 390 51 14 svar
985 383 13 20 å

236 416 172 28 propositionen
423 417 8 21 i
447 420 77 18 ämnet
540 417 42 21 och
597 417 8 21 i
620 417 166 28 sammanhang
801 417 52 21 med
869 417 81 28 frägan
961 425 36 14 om

235 451 149 22 nästberörda
400 452 80 27 anslag
496 452 84 21 uttalat
595 452 39 21 det
649 451 157 28 underdäniga
817 452 179 28 önskningsmä!,

236 487 35 19 att
293 485 37 21 till
352 485 109 29 pröfning
483 487 71 20 mätte
576 488 122 26 upptagas,
716 486 114 21 huruvida
849 486 42 21 och
909 486 8 21 i
937 486 61 21 hvad

235 520 55 20 män
311 527 32 14 nu
365 521 107 27 gällande
492 520 141 21 föreskrifter
650 520 118 28 angäende
784 520 69 29 slöjd-
869 520 42 22 och
926 520 70 21 hand-

236 554 272 29 arbetsundervisningen
533 555 38 21 vid
595 555 27 21 de
647 555 127 21 folkskolor
796 556 30 27 pä
849 555 83 28 landet,
957 555 39 21 vid

235 588 80 22 hvilka
338 589 81 21 endast
442 589 89 28 gvinlig
554 590 55 21 eller
632 589 80 22 endast
730 589 88 28 manlig
837 590 72 21 lärare
924 589 72 21 finnes

236 623 96 28 anstäld,
348 623 70 22 borde
438 623 102 29 undergå
559 623 133 28 förändring
708 624 7 21 i
732 623 60 29 syfte
808 627 35 18 att
858 624 43 21 den
916 623 81 22 under-

236 657 100 28 visning,
354 657 95 22 hvarom
469 658 8 21 i
496 658 51 21 dem
568 658 99 28 stadgas,
684 658 7 21 i
707 658 177 22 vidsträcktaste
899 659 53 20 män
967 659 30 27 pä

237 694 34 18 ett
286 692 115 28 praktiskt
416 694 47 20 sätt
477 693 77 20 kunde
570 692 150 28 genomföras.

305 726 52 21 Med
379 726 124 28 anledning
522 726 66 22 häraf
602 726 42 22 har
659 722 184 33 Öfverstyrelsen
857 726 35 22 för
907 727 89 21 skolvä-

236 760 80 21 sendet
336 760 35 22 uti
392 760 127 22 infordradt
536 761 126 27 utlätande,
682 762 29 27 pä
727 761 130 21 företeende
873 761 50 21 skäl
939 760 57 22 före-

237 794 81 28 slagit:

305 831 34 19 att
362 829 68 21 lönen
453 829 35 21 för
506 830 63 21 såväl
589 830 131 28 slöjdlärare
736 837 50 14 som
800 829 195 21 handarbetslära-

235 863 67 21 rinna
318 863 74 21 skulle
407 863 125 22 fastställas
548 864 36 21 till
600 864 70 21 minst
686 864 42 21 150
742 864 71 28 mark,
824 864 94 21 hvartill
929 866 66 19 stats-

236 897 80 21 verket
331 898 8 20 i
354 898 79 28 hvarje
449 898 41 21 fall
505 898 95 28 bidroge
616 898 52 21 med
683 898 28 22 75
726 898 73 28 mark;
816 898 42 22 och

305 934 35 18 att
365 932 295 28 kompetensfordringarna
686 932 36 22 för
743 932 252 22 handarbetslärarinna

234 966 71 21 borde
320 969 104 19 närmare
439 967 143 28 bestämmas,
599 967 194 28 hufvudsakligen
803 968 8 20 i
822 967 173 21 öfverensstäm-

234 1001 72 21 melse
321 1001 52 21 med
388 1001 61 22 hvad
465 1001 77 22 härom
557 1001 72 22 finnes
646 1002 106 28 stadgadt
768 1001 141 21 beträffande
927 1002 68 28 slöjd-

234 1035 113 27 lärarene;
364 1039 60 18 samt

305 1071 34 19 att
348 1070 86 28 nädiga
446 1070 179 28 kungörelserna
636 1070 23 21 af
667 1070 44 21 den
722 1070 26 21 13
759 1070 61 21 Mars
832 1070 55 21 1895
899 1070 42 21 och
951 1070 44 21 den

234 1103 15 21 8
264 1103 60 22 Mars
341 1104 56 21 1898
413 1105 73 21 skulle
502 1105 7 20 i
526 1105 102 28 enlighet
644 1105 91 21 dermed
750 1104 88 21 ändras.

305 1138 70 21 Detta
391 1139 83 21 ärende
489 1139 41 21 har
545 1142 61 18 ännu
616 1139 50 21 icke
677 1139 8 21 i
697 1139 99 21 Senaten
807 1139 188 21 slutbehandlats.

233 1270 21 21 4.
279 1270 69 27 Anslag
364 1270 27 22 till
407 1270 175 28 löneförhöjningar
601 1271 21 21 ät
642 1271 36 21 den
698 1271 96 27 egentliga
814 1271 179 26 läraropersonalen

466 1311 28 21 vid
510 1311 130 21 folkskolorna
655 1311 25 26 pä
696 1310 70 22 landet.

303 1378 80 21 Under
398 1378 166 29 förutsättning
580 1381 34 19 att
630 1379 44 21 alla
685 1378 27 22 de
723 1379 72 21 lärare
806 1378 44 22 och
860 1378 133 27 lärarinnor,

233 1411 80 22 hvilka
328 1411 36 22 för
379 1412 141 21 närvarande
537 1415 38 18 äro
591 1412 105 21 anstälda
710 1412 39 22 vid
761 1412 66 21 dessa
837 1411 158 29 befattningar

234 1458 27 3 —
277 1446 52 21 med
344 1446 120 28 undantag
478 1447 72 21 likväl
571 1446 22 21 af
612 1447 56 27 dem,
693 1454 49 14 som
760 1446 48 22 före
827 1447 24 20 är
868 1446 55 21 1905
939 1446 55 21 eller
