1109 1753
245 173 14 20 4

247 236 110 28 stegring,
375 243 49 14 som
443 237 72 22 redan
534 237 66 28 långt
616 237 97 29 tidigare
729 237 54 22 kom
799 237 34 21 till
850 236 150 29 återförsälja-

247 279 66 14 renes
337 272 137 27 kännedom,
498 281 42 14 var
565 276 32 19 att
621 276 116 26 åtgången
758 273 23 21 af
803 273 100 28 spelkort
927 273 74 20 under

247 307 64 22 tiden
326 308 49 21 före
393 308 45 21 den
454 309 135 22 emotsedda
605 309 164 29 förhöjningen
785 308 114 29 betydligt
915 310 86 26 stegra-

248 344 40 21 des
305 344 43 21 och
364 346 33 19 att
413 345 28 20 de
457 345 74 21 under
553 345 76 21 denna
644 345 34 21 tid
694 345 120 28 uppköpta
834 345 109 21 förråden
958 344 44 21 till-

248 379 117 29 godosågo
382 380 180 22 konsumtionen
577 381 66 28 långt
658 381 24 21 in
698 384 30 25 på
744 383 25 19 år
787 383 62 19 1902.
874 380 36 21 Då
927 380 75 21 seder-

248 423 63 13 mera
331 416 136 21 förberörda
488 417 235 21 öfverenskommelse
740 417 57 21 efter
814 416 73 22 skedd
902 418 100 26 uppsäg-

248 451 57 29 ning
320 451 9 21 i
343 451 49 22 Juli
413 453 85 21 månad
523 456 57 19 1903
605 453 120 28 upphörde
747 455 32 19 att
800 452 65 28 gälla,
883 452 119 22 åstadkom

250 487 45 21 den
310 488 132 28 påräknade
458 488 164 29 förhöjningen
635 489 22 21 af
668 488 105 22 rabatten
787 489 36 21 för
835 488 168 28 återförsäljare

250 530 29 14 en
295 523 107 22 minskad
418 524 142 29 efterfrågan
577 525 74 21 under
666 525 63 21 förra
744 525 89 21 hälften
849 524 23 22 af
889 524 115 28 sistsagda

250 562 31 23 år,
298 560 120 21 hvaremot
434 568 28 13 en
479 561 106 28 ansenlig
606 561 87 28 ökning
709 561 8 21 i
732 560 177 22 konsumtionen
930 560 74 21 under

249 595 65 21 tiden
331 596 57 21 efter
404 596 95 28 ringens
515 597 142 29 upplösning
673 600 24 18 är
713 599 33 19 att
761 596 134 22 förmärkas.

319 631 55 22 Med
396 632 110 22 afseende
526 633 55 22 härä
601 633 66 21 torde
691 632 168 23 ärsinkomsten
879 632 36 22 för
938 634 66 19 stats-

251 667 80 22 verket
353 668 23 21 af
399 667 178 30 ifrägavarande
600 669 129 28 bevillning
752 669 50 22 icke
825 669 78 21 kunna
928 668 76 21 ansläs

251 703 72 28 högre
340 706 29 18 än
385 703 39 22 det
438 704 8 21 i
460 704 85 29 nådiga
561 704 174 30 propositionen
749 704 131 22 beräknade
895 704 110 28 beloppet

251 742 82 23 36,000
348 740 71 21 mark.

322 775 33 21 På
379 776 71 21 ofvan
466 777 98 21 anförda
580 777 101 29 grunder
697 778 35 20 får
748 776 258 28 Bevillningsutskottet

253 811 119 21 vördsamt
387 811 92 27 föreslå,

471 910 32 20 att
515 909 86 22 landets
617 909 126 29 Höglofliga
759 908 98 23 Ständer
873 908 73 26 måtte,
959 908 49 21 med

395 945 169 27 godkännande
581 945 28 27 af
618 946 44 21 den
678 944 87 30 nådiga
776 944 174 29 propositionen,
967 950 40 16 an-

397 982 53 27 taga
466 988 29 15 en
511 980 124 29 sålydande

472 1120 137 29 Förordning
631 1125 34 18 om
687 1120 42 23 den
746 1119 123 29 bevillning,
886 1124 48 17 som
952 1117 56 24 skall

400 1156 106 29 erläggas
528 1155 39 24 för
585 1155 106 30 spelkort.

472 1246 111 21 Förutom
600 1245 45 22 den
661 1253 83 20 genom
760 1245 85 28 nådiga
855 1244 156 28 kungörelsen

401 1283 23 20 af
441 1282 47 21 den
506 1285 28 19 22
550 1282 57 22 Juni
628 1285 55 19 1859
703 1281 120 22 faststälda
845 1279 167 30 stämpelafgift

400 1319 37 21 för
461 1319 110 28 spelkort,
588 1318 104 28 erlägges
713 1317 36 22 för
768 1317 80 28 hvarje
872 1316 90 21 kortlek
982 1323 30 14 en

400 1354 213 29 bevillningsafgift
629 1354 23 21 af
667 1353 73 22 sextio
755 1353 78 29 penni.

475 1391 113 21 Senatens
612 1386 14 37 —
630 1390 287 28 Ekonomiedepartement
958 1396 54 20 eger

401 1426 109 22 meddela
531 1426 150 29 erforderliga
701 1425 144 22 föreskrifter
865 1424 147 22 beträffande

399 1461 141 30 uppbörden
554 1462 44 21 och
608 1461 181 28 redovisningen
799 1461 24 21 af
833 1459 178 29 ifrågavarande

400 1498 138 28 bevillning.
