1081 1753
428 137 41 24 N:o
491 139 29 22 25
796 138 30 22 55

96 209 52 22 från
165 207 159 30 befattningen
348 209 65 21 skild.
447 204 146 27 Öfverträdar
611 208 119 29 försäljare
749 207 107 23 förbudet

97 244 8 21 i
123 243 28 22 23
170 245 19 26 &,
208 250 95 15 ansvare
317 243 46 22 han
378 243 77 22 derför
469 244 75 21 såsom
559 243 36 22 för
610 243 67 28 olaga
691 242 108 29 uppbörd
813 241 43 22 och

97 278 69 21 varde
183 277 67 22 äfven
265 278 9 21 i
290 278 63 21 detta
367 277 41 22 fall
423 277 52 22 från
489 277 161 29 befattningen
665 277 66 22 skild.

443 367 30 47 80
484 367 25 47 8.

168 433 66 21 Huru
252 432 45 22 den
316 433 58 21 skall
392 432 96 29 straffas,
507 440 54 21 som,
578 432 36 22 för
629 434 34 20 att
677 432 84 22 bereda
776 432 36 28 sig
828 432 30 21 el-

100 468 34 20 ler
155 474 75 14 annan
252 470 73 26 nytta,
349 468 54 21 eller
426 468 70 21 skada
519 474 80 21 annan,
621 466 101 29 eftergör
740 467 55 22 eller
813 466 46 22 för-

100 500 86 22 falskar
208 502 183 28 stämpelpapper
414 502 55 21 eller
487 501 184 29 stämpelmärke;
690 502 55 21 eller
762 504 43 26 gör
824 501 35 28 sig

101 536 55 21 eller
171 543 76 14 annan
262 536 182 28 förfalskningen
459 536 37 22 till
511 536 68 28 godo;
595 536 55 21 eller
665 538 43 26 gör
722 536 59 22 bruk
795 535 23 23 af
829 536 31 21 el-

101 570 33 22 ler
157 572 70 20 sätter
248 570 9 21 i
280 571 91 28 omlopp
395 570 53 22 äkta
470 571 185 28 stämpelpapper
676 571 56 21 eller
752 570 108 29 stämpel-

102 605 84 27 märke,
206 612 48 14 som
268 605 84 21 honom
367 605 128 29 veterligen
510 605 68 21 redan
594 604 35 22 för
645 605 40 21 sitt
701 604 105 22 ändamål
822 612 38 15 an-

103 639 89 28 vändts;
209 640 60 27 eller,
285 639 36 22 för
336 642 34 19 att
384 639 83 22 bereda
483 640 35 28 sig
534 640 55 21 eller
603 647 75 14 annan
693 642 73 26 nytta,
777 646 83 22 genom

103 674 85 28 oriktig
206 673 94 29 uppgift
318 674 55 21 eller
388 676 69 19 annat
473 674 61 28 svek,
551 674 159 28 undandrager
725 674 56 21 eller
795 674 67 21 söker

102 707 150 29 undandraga
266 708 88 21 kronan
369 708 168 28 stämpelskatt:
553 708 78 21 derom
647 707 64 30 skiljs
727 708 8 21 i
746 708 116 21 allmänna

104 741 144 30 Strafflagen.

451 806 27 21 31
495 807 19 26 8.

173 851 175 22 Vederbörande
364 851 107 28 åklagare
487 851 89 29 åligger
591 851 39 22 vid
646 851 167 29 tjensteansvar
828 853 34 20 att

105 886 29 28 på
152 885 39 22 det
206 888 169 26 noggrannaste
390 886 59 21 vaka
465 885 64 22 öfver
545 886 74 21 denna
633 885 148 29 förordnings
796 885 67 22 efter-

105 919 77 22 lefnad
198 920 42 21 och
256 920 162 21 öfverträdelse
433 920 65 21 deraf
512 921 103 28 lagligen
631 920 78 22 beifra.

454 1019 28 20 32
498 1020 20 26 8.

175 1058 77 28 Böter,
268 1066 50 14 som
333 1058 73 29 enligt
421 1058 75 22 denna
511 1058 135 28 förordning
661 1058 99 28 ädömas,
771 1058 94 22 tillfalla

106 1093 94 21 kronan.

177 1127 87 21 Saknas
280 1128 100 28 tillgäng
395 1128 36 21 till
443 1128 108 21 böternas
561 1127 57 22 fulla
628 1127 120 29 gäldande,
759 1127 106 22 förvand-

107 1162 34 22 las
156 1162 28 22 de
200 1162 58 22 efter
273 1162 84 22 allmän
373 1162 117 29 Strafflag.

455 1236 29 22 33
499 1238 20 26 8.

177 1270 55 28 Ätal
250 1276 35 22 för
303 1277 62 21 brott
381 1279 61 19 emot
457 1276 75 22 denna
547 1276 133 29 förordning
695 1279 114 26 upptages
825 1276 42 22 och

109 1310 102 22 afdömes
235 1311 22 21 af
280 1311 43 21 den
341 1314 53 24 rätt,
413 1311 40 21 der
471 1311 86 22 brottet
572 1310 77 22 blifvit
664 1311 135 29 uppenbart,
815 1318 51 14 men

108 1346 120 28 uppdagas
243 1346 86 21 brottet
343 1346 40 20 vid
399 1346 143 21 embetsverk
553 1346 54 21 eller
618 1345 42 22 ock
670 1345 41 21 hos
723 1345 144 29 tjensteman,

110 1387 48 14 som
182 1380 19 27 ej
226 1387 54 20 eger
301 1380 118 27 domsrätt,
439 1380 98 21 förvisas
555 1380 71 21 mälet
643 1380 37 20 till
697 1379 171 22 vederbörande

110 1413 171 22 underdomsto]
304 1414 29 27 pä
356 1414 83 27 stället,
459 1416 34 19 att
512 1414 40 21 der
569 1413 23 22 af
611 1413 84 22 allmän
711 1413 107 28 åklagare
833 1414 36 20 ut-

110 1447 66 22 föras.
