1100 1756
264 129 13 19 6

263 192 71 21 kallas
366 192 52 22 från
449 192 123 29 kartering.
604 193 66 21 Inom
696 193 118 21 Utskottet
839 192 41 22 har
903 191 109 29 därjemte

264 228 135 22 framhållits
417 229 39 21 det
471 229 94 28 obilliga
580 229 7 21 i
603 231 34 19 att
653 229 103 28 antydda
767 229 168 27 stämpeltunga
947 227 65 21 drab-

263 264 59 21 bade
338 263 59 23 blott
412 264 186 22 leverantörerna
614 265 23 21 af
653 267 103 19 trävaror
773 265 69 21 äfven
857 264 7 21 i
881 264 28 22 de
929 263 84 22 minsta

263 299 91 29 partier,
372 300 83 21 medan
471 300 104 22 däremot
591 300 233 22 öfverenskommelse
840 307 36 14 om
892 299 120 29 upphand-

263 335 49 29 ling
328 336 23 21 af
368 336 71 22 andra
454 336 185 22 förrådsartiklar
650 336 71 29 enligt
731 336 41 22 vid
783 336 230 28 Jernvägsstyrelsen

263 371 152 22 häfdvunnen
437 372 77 28 praxis
530 372 7 21 i
553 372 80 28 regeln
649 373 87 21 skedde
752 380 82 21 genom
851 371 162 29 skriftvexling

263 410 59 18 samt
346 408 96 21 sålunda
466 408 149 28 undandroge
633 408 35 28 sig
684 408 29 22 all
729 408 167 28 stämpelskatt;
914 408 41 21 och
971 408 41 20 har

262 446 30 26 på
316 444 75 28 grund
414 444 67 22 häraf
503 444 130 29 föreslagits
657 446 33 20 att
707 444 85 22 sådana
808 444 113 26 kontrakt,
938 444 30 21 då
984 443 28 22 de

262 479 70 29 lydde
350 483 12 18 å
378 480 89 22 mindre
482 481 85 28 belopp
584 483 29 19 än
631 484 63 23 1,000
715 481 71 25 mark,
797 481 71 22 borde
880 487 54 14 vara
946 482 66 19 stäm-

262 515 88 28 pelfria.
382 516 129 22 Utskottets
531 517 76 21 flertal
622 517 41 21 har
679 517 71 21 likväl
766 517 24 21 af
805 516 142 29 principiella
963 515 49 22 skäl

263 554 75 19 ansett
354 554 71 26 något
439 553 260 28 undantagsstadgande
715 553 34 21 uti
765 560 31 13 nu
815 552 97 21 berörda
924 551 87 22 afseen-

263 587 28 22 de
307 587 50 22 icke
373 588 56 21 böra
445 588 172 29 ifrågakomma.

334 623 171 24 Notariatbevis.
529 624 80 21 Under
625 624 166 29 förutsättning
807 627 32 18 att
857 624 39 21 det
910 623 7 22 i
927 623 85 29 nådiga

262 659 143 29 proposition
420 655 14 39 —
445 660 35 21 till
520 660 157 22 innevarande
703 660 111 29 landtdag
840 659 172 23 öfverlämnade

262 695 87 29 förslag
379 696 35 21 till
444 697 137 27 notariatlag
607 697 36 21 för
669 696 221 22 Storfurstendömet
912 695 100 22 Finland

261 731 83 22 vinner
360 731 140 22 Ständernas
527 732 174 29 godkännande,
728 733 42 21 har
795 732 34 21 uti
851 732 111 28 förslaget
977 731 35 22 till

262 768 235 28 stämpelförordning
519 768 103 29 inryckts
646 768 144 22 föreskrifter
806 768 79 21 därom
902 770 32 19 att
949 767 63 22 vissa

261 803 72 26 bevis,
350 804 91 21 hvilkas
457 804 137 21 utfärdande
610 805 77 20 kunde
704 805 121 22 ankomma
841 803 63 22 såväl
920 806 13 19 å
948 806 64 19 nota-

262 839 46 22 rius
324 839 106 29 publicus
447 847 48 14 som
511 843 13 18 å
539 840 88 21 notarie
640 840 72 21 borde
722 840 54 22 med
788 839 96 29 stämpel
894 839 116 28 beläggas.

261 875 124 26 Utskottet,
413 883 48 14 som
488 879 24 18 är
537 883 54 14 ense
619 876 77 21 därom
723 878 33 19 att
781 877 77 27 någon
878 875 134 21 härutöfver

261 911 112 21 utsträckt
390 911 156 29 stämpelpligt
561 912 36 21 för
613 911 216 22 notariaturkunder
845 911 50 21 icke
911 911 8 21 i
934 913 78 26 någon

260 947 111 22 händelse
394 947 43 22 bör
456 948 36 21 för
509 948 75 21 denna
601 951 62 25 gång
678 948 172 28 ifrågakomma,
867 947 41 21 har
923 947 37 21 för
976 947 36 21 sin

262 983 36 21 del
322 983 95 21 anslutit
441 983 35 29 sig
496 983 35 22 till
547 983 45 22 den
613 984 86 28 nådiga
714 983 186 29 propositionens
916 983 93 28 förslag.

261 1019 78 21 Skulle
357 1019 45 21 den
417 1019 85 28 nådiga
518 1019 173 29 propositionen
707 1019 119 28 angående
846 1019 130 21 införandet
988 1019 23 20 af

260 1057 33 19 ett
316 1055 99 21 ordnadt
439 1055 211 22 notariatsväsende
666 1055 49 22 icke
732 1055 24 22 af
772 1055 129 21 Ständerna
916 1054 40 22 vid
972 1056 38 27 pä-

261 1091 88 28 gående
376 1091 123 28 Landtdag
524 1091 97 26 bifallas,
649 1091 70 22 borde
744 1090 118 29 sjelffallet
882 1090 129 28 samtliga
997 1086 17 38 i

261 1125 115 24 Utskottets
401 1127 230 28 författningsförslag
661 1127 111 28 ingående
802 1125 139 28 föreskrifter
972 1127 38 22 och

260 1162 171 28 hänvisningar,
455 1170 45 14 som
524 1163 69 27 hafva
617 1163 103 27 afseende
736 1163 14 21 å
766 1163 44 21 den
826 1162 122 22 emotsedda
964 1169 46 21 nya

259 1197 178 29 lagstiftningen,
465 1199 38 21 och
529 1199 74 21 hvilka
625 1198 124 27 återfinnas
765 1199 8 21 i
788 1199 14 27 $
818 1198 14 21 3
848 1198 72 21 under
936 1197 74 22 rubri-

259 1234 69 21 kerna
353 1233 105 28 Afskrift,
482 1234 169 27 Notariatbevis,
675 1234 119 27 Protokoll,
816 1233 85 28 Utdrag
918 1233 38 22 och
972 1233 38 22 Ut-

259 1269 66 28 skrift
340 1272 59 20 samt
415 1271 33 21 uti
471 1271 8 21 2
494 1278 63 15 mom.
575 1270 28 28 af
616 1271 27 20 17
658 1271 15 27 $
689 1278 29 14 ur
731 1271 106 27 förslaget
853 1269 61 28 utgå.

330 1306 138 22 Resolution.
499 1306 53 22 Med
579 1307 165 21 föranledande
770 1306 24 21 af
817 1308 33 19 ett
872 1305 50 22 utaf
938 1305 71 21 Polis-

258 1341 133 22 kammaren
417 1341 8 22 i
451 1342 153 21 Tammerfors
625 1342 98 21 uttaladt
740 1341 174 28 önskningsmål
930 1341 79 21 därom

259 1379 33 19 att
315 1377 70 21 äfven
409 1377 72 22 andra
495 1378 202 28 kringvandrande
714 1377 198 29 gatumusikanter
928 1379 29 18 än
973 1376 35 26 de,

258 1419 50 14 som
333 1413 55 21 idka
413 1413 194 28 positivspelning
631 1413 72 22 borde
732 1413 94 28 åläggas
843 1412 165 29 stämpelskatt,

257 1449 42 21 har
324 1449 63 22 inom
413 1449 118 22 Utskottet
551 1450 110 28 påyrkats
677 1452 32 19 att
723 1449 87 29 jemväl
826 1447 182 23 tillståndsbevis
