<?xml version="1.0" encoding="UTF-8"?>
<alto xmlns="http://www.loc.gov/standards/alto/ns-v3#" xmlns:xlink="http://www.w3.org/1999/xlink" xmlns:xsi="http://www.w3.org/2001/XMLSchema-instance" xsi:schemaLocation="http://www.loc.gov/standards/alto/ns-v3# http://www.loc.gov/alto/v3/alto-3-0.xsd">
	<Description>
		<MeasurementUnit>pixel</MeasurementUnit>
		<sourceImageInformation>
			<fileName>/tmp/tess_6rj1816y_input.PNG</fileName>
		</sourceImageInformation>
		<OCRProcessing ID="OCR_0">
			<ocrProcessingStep>
				<processingSoftware>
					<softwareName>tesseract 5.3.4</softwareName>
				</processingSoftware>
			</ocrProcessingStep>
		</OCRProcessing>
	</Description>
	<Layout>
		<Page WIDTH="1098" HEIGHT="1753" PHYSICAL_IMG_NR="0" ID="page_0">
			<PrintSpace HPOS="0" VPOS="0" WIDTH="1098" HEIGHT="1753">
				<ComposedBlock ID="cblock_0" HPOS="320" VPOS="154" WIDTH="319" HEIGHT="28">
					<TextBlock ID="block_0" HPOS="320" VPOS="154" WIDTH="319" HEIGHT="28">
						<TextLine ID="line_0" HPOS="320" VPOS="154" WIDTH="319" HEIGHT="28">
							<String ID="string_0" HPOS="320" VPOS="154" WIDTH="28" HEIGHT="22" WC="0.87" CONTENT="U."/><SP WIDTH="19" VPOS="154" HPOS="348"/>
							<String ID="string_1" HPOS="367" VPOS="154" WIDTH="26" HEIGHT="22" WC="0.89" CONTENT="B."/><SP WIDTH="17" VPOS="154" HPOS="393"/>
							<String ID="string_2" HPOS="410" VPOS="166" WIDTH="28" HEIGHT="3" WC="0.89" CONTENT="—"/><SP WIDTH="15" VPOS="166" HPOS="438"/>
							<String ID="string_3" HPOS="453" VPOS="154" WIDTH="74" HEIGHT="28" WC="0.94" CONTENT="Prop."/><SP WIDTH="17" VPOS="154" HPOS="527"/>
							<String ID="string_4" HPOS="544" VPOS="154" WIDTH="40" HEIGHT="22" WC="0.95" CONTENT="N:o"/><SP WIDTH="16" VPOS="154" HPOS="584"/>
							<String ID="string_5" HPOS="600" VPOS="154" WIDTH="39" HEIGHT="22" WC="0.96" CONTENT="29."/>
						</TextLine>
					</TextBlock>
				</ComposedBlock>
				<ComposedBlock ID="cblock_1" HPOS="314" VPOS="491" WIDTH="552" HEIGHT="199">
					<TextBlock ID="block_1" HPOS="314" VPOS="491" WIDTH="552" HEIGHT="199">
						<TextLine ID="line_1" HPOS="383" VPOS="491" WIDTH="482" HEIGHT="23">
							<String ID="string_6" HPOS="383" VPOS="491" WIDTH="261" HEIGHT="23" WC="0.91" CONTENT="Statsutskottets"/><SP WIDTH="28" VPOS="491" HPOS="644"/>
							<String ID="string_7" HPOS="672" VPOS="491" WIDTH="193" HEIGHT="22" WC="0.96" CONTENT="betänkande"/>
						</TextLine>
						<TextLine ID="line_2" HPOS="314" VPOS="525" WIDTH="550" HEIGHT="29">
							<String ID="string_8" HPOS="314" VPOS="526" WIDTH="42" HEIGHT="22" WC="0.95" CONTENT="N:o"/><SP WIDTH="21" VPOS="526" HPOS="356"/>
							<String ID="string_9" HPOS="377" VPOS="526" WIDTH="28" HEIGHT="21" WC="0.95" CONTENT="10"/><SP WIDTH="21" VPOS="526" HPOS="405"/>
							<String ID="string_10" HPOS="426" VPOS="525" WIDTH="8" HEIGHT="22" WC="0.95" CONTENT="i"/><SP WIDTH="19" VPOS="525" HPOS="434"/>
							<String ID="string_11" HPOS="453" VPOS="525" WIDTH="136" HEIGHT="28" WC="0.96" CONTENT="anledning"/><SP WIDTH="15" VPOS="525" HPOS="589"/>
							<String ID="string_12" HPOS="604" VPOS="525" WIDTH="28" HEIGHT="22" WC="0.96" CONTENT="af"/><SP WIDTH="15" VPOS="525" HPOS="632"/>
							<String ID="string_13" HPOS="647" VPOS="525" WIDTH="65" HEIGHT="23" WC="0.96" CONTENT="Hans"/><SP WIDTH="16" VPOS="525" HPOS="712"/>
							<String ID="string_14" HPOS="728" VPOS="525" WIDTH="136" HEIGHT="29" WC="0.96" CONTENT="Kejserliga"/>
						</TextLine>
						<TextLine ID="line_3" HPOS="314" VPOS="559" WIDTH="552" HEIGHT="29">
							<String ID="string_15" HPOS="314" VPOS="560" WIDTH="125" HEIGHT="28" WC="0.93" CONTENT="Majestäts"/><SP WIDTH="24" VPOS="560" HPOS="439"/>
							<String ID="string_16" HPOS="463" VPOS="559" WIDTH="91" HEIGHT="28" WC="0.96" CONTENT="nådiga"/><SP WIDTH="16" VPOS="559" HPOS="554"/>
							<String ID="string_17" HPOS="570" VPOS="560" WIDTH="154" HEIGHT="28" WC="0.96" CONTENT="proposition"/><SP WIDTH="16" VPOS="560" HPOS="724"/>
							<String ID="string_18" HPOS="740" VPOS="559" WIDTH="126" HEIGHT="28" WC="0.96" CONTENT="angående"/>
						</TextLine>
						<TextLine ID="line_4" HPOS="316" VPOS="594" WIDTH="550" HEIGHT="27">
							<String ID="string_19" HPOS="316" VPOS="594" WIDTH="43" HEIGHT="22" WC="0.96" CONTENT="det"/><SP WIDTH="23" VPOS="594" HPOS="359"/>
							<String ID="string_20" HPOS="382" VPOS="594" WIDTH="87" HEIGHT="27" WC="0.96" CONTENT="bidrag"/><SP WIDTH="25" VPOS="594" HPOS="469"/>
							<String ID="string_21" HPOS="494" VPOS="594" WIDTH="41" HEIGHT="22" WC="0.95" CONTENT="till"/><SP WIDTH="15" VPOS="594" HPOS="535"/>
							<String ID="string_22" HPOS="550" VPOS="594" WIDTH="109" HEIGHT="22" WC="0.93" CONTENT="militära"/><SP WIDTH="16" VPOS="594" HPOS="659"/>
							<String ID="string_23" HPOS="675" VPOS="594" WIDTH="122" HEIGHT="26" WC="0.92" CONTENT="ändamäl,"/><SP WIDTH="16" VPOS="594" HPOS="797"/>
							<String ID="string_24" HPOS="813" VPOS="600" WIDTH="53" HEIGHT="16" WC="0.96" CONTENT="som"/>
						</TextLine>
						<TextLine ID="line_5" HPOS="314" VPOS="628" WIDTH="552" HEIGHT="22">
							<String ID="string_25" HPOS="314" VPOS="628" WIDTH="64" HEIGHT="22" WC="0.96" CONTENT="skall"/><SP WIDTH="17" VPOS="628" HPOS="378"/>
							<String ID="string_26" HPOS="395" VPOS="628" WIDTH="28" HEIGHT="22" WC="0.96" CONTENT="af"/><SP WIDTH="13" VPOS="628" HPOS="423"/>
							<String ID="string_27" HPOS="436" VPOS="628" WIDTH="79" HEIGHT="22" WC="0.93" CONTENT="finska"/><SP WIDTH="13" VPOS="628" HPOS="515"/>
							<String ID="string_28" HPOS="528" VPOS="628" WIDTH="148" HEIGHT="22" WC="0.91" CONTENT="statsverket"/><SP WIDTH="10" VPOS="628" HPOS="676"/>
							<String ID="string_29" HPOS="686" VPOS="628" WIDTH="41" HEIGHT="22" WC="0.92" CONTENT="till"/><SP WIDTH="10" VPOS="628" HPOS="727"/>
							<String ID="string_30" HPOS="737" VPOS="628" WIDTH="129" HEIGHT="22" WC="0.90" CONTENT="riksskatt-"/>
						</TextLine>
						<TextLine ID="line_6" HPOS="314" VPOS="662" WIDTH="276" HEIGHT="28">
							<String ID="string_31" HPOS="314" VPOS="662" WIDTH="142" HEIGHT="22" WC="0.95" CONTENT="kammaren"/><SP WIDTH="16" VPOS="662" HPOS="456"/>
							<String ID="string_32" HPOS="472" VPOS="662" WIDTH="118" HEIGHT="28" WC="0.96" CONTENT="erläggas."/>
						</TextLine>
					</TextBlock>
				</ComposedBlock>
				<ComposedBlock ID="cblock_2" HPOS="108" VPOS="733" WIDTH="767" HEIGHT="753">
					<TextBlock ID="block_2" HPOS="108" VPOS="733" WIDTH="760" HEIGHT="127">
						<TextLine ID="line_7" HPOS="178" VPOS="733" WIDTH="689" HEIGHT="30">
							<String ID="string_33" HPOS="178" VPOS="734" WIDTH="89" HEIGHT="22" WC="0.96" CONTENT="Denna"/><SP WIDTH="19" VPOS="734" HPOS="267"/>
							<String ID="string_34" HPOS="286" VPOS="733" WIDTH="94" HEIGHT="30" WC="0.96" CONTENT="nådiga"/><SP WIDTH="19" VPOS="733" HPOS="380"/>
							<String ID="string_35" HPOS="399" VPOS="734" WIDTH="157" HEIGHT="28" WC="0.96" CONTENT="proposition"/><SP WIDTH="14" VPOS="734" HPOS="556"/>
							<String ID="string_36" HPOS="570" VPOS="734" WIDTH="46" HEIGHT="22" WC="0.96" CONTENT="har"/><SP WIDTH="14" VPOS="734" HPOS="616"/>
							<String ID="string_37" HPOS="630" VPOS="733" WIDTH="26" HEIGHT="23" WC="0.96" CONTENT="af"/><SP WIDTH="10" VPOS="733" HPOS="656"/>
							<String ID="string_38" HPOS="666" VPOS="734" WIDTH="115" HEIGHT="29" WC="0.95" CONTENT="samtliga"/><SP WIDTH="11" VPOS="734" HPOS="781"/>
							<String ID="string_39" HPOS="792" VPOS="733" WIDTH="75" HEIGHT="23" WC="0.96" CONTENT="stånd"/>
						</TextLine>
						<TextLine ID="line_8" HPOS="109" VPOS="768" WIDTH="759" HEIGHT="29">
							<String ID="string_40" HPOS="109" VPOS="769" WIDTH="49" HEIGHT="22" WC="0.96" CONTENT="den"/><SP WIDTH="20" VPOS="769" HPOS="158"/>
							<String ID="string_41" HPOS="178" VPOS="769" WIDTH="14" HEIGHT="22" WC="0.95" CONTENT="7"/><SP WIDTH="21" VPOS="769" HPOS="192"/>
							<String ID="string_42" HPOS="213" VPOS="768" WIDTH="172" HEIGHT="23" WC="0.96" CONTENT="innevarande"/><SP WIDTH="20" VPOS="768" HPOS="385"/>
							<String ID="string_43" HPOS="405" VPOS="768" WIDTH="64" HEIGHT="29" WC="0.95" CONTENT="april"/><SP WIDTH="18" VPOS="768" HPOS="469"/>
							<String ID="string_44" HPOS="487" VPOS="768" WIDTH="83" HEIGHT="23" WC="0.96" CONTENT="blifvit"/><SP WIDTH="12" VPOS="768" HPOS="570"/>
							<String ID="string_45" HPOS="582" VPOS="769" WIDTH="144" HEIGHT="22" WC="0.95" CONTENT="remitterad"/><SP WIDTH="14" VPOS="769" HPOS="726"/>
							<String ID="string_46" HPOS="740" VPOS="769" WIDTH="36" HEIGHT="22" WC="0.93" CONTENT="till"/><SP WIDTH="15" VPOS="769" HPOS="776"/>
							<String ID="string_47" HPOS="791" VPOS="769" WIDTH="77" HEIGHT="22" WC="0.89" CONTENT="Stats-"/>
						</TextLine>
						<TextLine ID="line_9" HPOS="108" VPOS="803" WIDTH="760" HEIGHT="26">
							<String ID="string_48" HPOS="108" VPOS="803" WIDTH="129" HEIGHT="26" WC="0.96" CONTENT="utskottet,"/><SP WIDTH="28" VPOS="803" HPOS="237"/>
							<String ID="string_49" HPOS="265" VPOS="809" WIDTH="53" HEIGHT="16" WC="0.96" CONTENT="som"/><SP WIDTH="29" VPOS="809" HPOS="318"/>
							<String ID="string_50" HPOS="347" VPOS="803" WIDTH="80" HEIGHT="22" WC="0.93" CONTENT="tillika"/><SP WIDTH="28" VPOS="803" HPOS="427"/>
							<String ID="string_51" HPOS="455" VPOS="803" WIDTH="132" HEIGHT="22" WC="0.90" CONTENT="anmodats"/><SP WIDTH="29" VPOS="803" HPOS="587"/>
							<String ID="string_52" HPOS="616" VPOS="804" WIDTH="35" HEIGHT="21" WC="0.96" CONTENT="att"/><SP WIDTH="22" VPOS="804" HPOS="651"/>
							<String ID="string_53" HPOS="673" VPOS="803" WIDTH="112" HEIGHT="22" WC="0.93" CONTENT="inhämta"/><SP WIDTH="19" VPOS="803" HPOS="785"/>
							<String ID="string_54" HPOS="804" VPOS="804" WIDTH="64" HEIGHT="21" WC="0.91" CONTENT="utta-"/>
						</TextLine>
						<TextLine ID="line_10" HPOS="109" VPOS="837" WIDTH="656" HEIGHT="23">
							<String ID="string_55" HPOS="109" VPOS="837" WIDTH="75" HEIGHT="22" WC="0.95" CONTENT="lande"/><SP WIDTH="19" VPOS="837" HPOS="184"/>
							<String ID="string_56" HPOS="203" VPOS="837" WIDTH="8" HEIGHT="22" WC="0.96" CONTENT="i"/><SP WIDTH="19" VPOS="837" HPOS="211"/>
							<String ID="string_57" HPOS="230" VPOS="837" WIDTH="79" HEIGHT="22" WC="0.96" CONTENT="saken"/><SP WIDTH="20" VPOS="837" HPOS="309"/>
							<String ID="string_58" HPOS="329" VPOS="837" WIDTH="25" HEIGHT="22" WC="0.96" CONTENT="af"/><SP WIDTH="20" VPOS="837" HPOS="354"/>
							<String ID="string_59" HPOS="374" VPOS="837" WIDTH="131" HEIGHT="22" WC="0.93" CONTENT="Särskilda"/><SP WIDTH="19" VPOS="837" HPOS="505"/>
							<String ID="string_60" HPOS="524" VPOS="837" WIDTH="241" HEIGHT="23" WC="0.91" CONTENT="Besvärsutskottet."/>
						</TextLine>
					</TextBlock>
					<TextBlock ID="block_3" HPOS="110" VPOS="871" WIDTH="761" HEIGHT="264">
						<TextLine ID="line_11" HPOS="181" VPOS="871" WIDTH="687" HEIGHT="30">
							<String ID="string_61" HPOS="181" VPOS="871" WIDTH="192" HEIGHT="23" WC="0.96" CONTENT="Statsutskottet"/><SP WIDTH="27" VPOS="871" HPOS="373"/>
							<String ID="string_62" HPOS="400" VPOS="872" WIDTH="47" HEIGHT="21" WC="0.96" CONTENT="har"/><SP WIDTH="19" VPOS="872" HPOS="447"/>
							<String ID="string_63" HPOS="466" VPOS="872" WIDTH="81" HEIGHT="22" WC="0.96" CONTENT="under"/><SP WIDTH="19" VPOS="872" HPOS="547"/>
							<String ID="string_64" HPOS="566" VPOS="872" WIDTH="82" HEIGHT="22" WC="0.96" CONTENT="denna"/><SP WIDTH="20" VPOS="872" HPOS="648"/>
							<String ID="string_65" HPOS="668" VPOS="872" WIDTH="50" HEIGHT="29" WC="0.92" CONTENT="dag"/><SP WIDTH="20" VPOS="872" HPOS="718"/>
							<String ID="string_66" HPOS="738" VPOS="871" WIDTH="130" HEIGHT="30" WC="0.90" CONTENT="emottagit"/>
						</TextLine>
						<TextLine ID="line_12" HPOS="111" VPOS="906" WIDTH="758" HEIGHT="29">
							<String ID="string_67" HPOS="111" VPOS="906" WIDTH="132" HEIGHT="23" WC="0.93" CONTENT="Särskilda"/><SP WIDTH="19" VPOS="906" HPOS="243"/>
							<String ID="string_68" HPOS="262" VPOS="906" WIDTH="249" HEIGHT="23" WC="0.92" CONTENT="Besvärsutskottets"/><SP WIDTH="25" VPOS="906" HPOS="511"/>
							<String ID="string_69" HPOS="536" VPOS="906" WIDTH="102" HEIGHT="29" WC="0.91" CONTENT="bilagda"/><SP WIDTH="19" VPOS="906" HPOS="638"/>
							<String ID="string_70" HPOS="657" VPOS="907" WIDTH="117" HEIGHT="28" WC="0.96" CONTENT="yttrande"/><SP WIDTH="19" VPOS="907" HPOS="774"/>
							<String ID="string_71" HPOS="793" VPOS="907" WIDTH="8" HEIGHT="22" WC="0.93" CONTENT="i"/><SP WIDTH="19" VPOS="907" HPOS="801"/>
							<String ID="string_72" HPOS="820" VPOS="906" WIDTH="49" HEIGHT="22" WC="0.92" CONTENT="frå-"/>
						</TextLine>
						<TextLine ID="line_13" HPOS="110" VPOS="941" WIDTH="759" HEIGHT="29">
							<String ID="string_73" HPOS="110" VPOS="948" WIDTH="58" HEIGHT="22" WC="0.90" CONTENT="gan."/><SP WIDTH="39" VPOS="948" HPOS="168"/>
							<String ID="string_74" HPOS="207" VPOS="941" WIDTH="39" HEIGHT="22" WC="0.96" CONTENT="Då"/><SP WIDTH="18" VPOS="941" HPOS="246"/>
							<String ID="string_75" HPOS="264" VPOS="941" WIDTH="123" HEIGHT="22" WC="0.96" CONTENT="utskottet"/><SP WIDTH="19" VPOS="941" HPOS="387"/>
							<String ID="string_76" HPOS="406" VPOS="941" WIDTH="107" HEIGHT="22" WC="0.96" CONTENT="sålunda"/><SP WIDTH="20" VPOS="941" HPOS="513"/>
							<String ID="string_77" HPOS="533" VPOS="941" WIDTH="53" HEIGHT="22" WC="0.96" CONTENT="icke"/><SP WIDTH="20" VPOS="941" HPOS="586"/>
							<String ID="string_78" HPOS="606" VPOS="941" WIDTH="106" HEIGHT="29" WC="0.96" CONTENT="tidigare"/><SP WIDTH="19" VPOS="941" HPOS="712"/>
							<String ID="string_79" HPOS="731" VPOS="942" WIDTH="32" HEIGHT="21" WC="0.96" CONTENT="än"/><SP WIDTH="17" VPOS="942" HPOS="763"/>
							<String ID="string_80" HPOS="780" VPOS="941" WIDTH="33" HEIGHT="28" WC="0.93" CONTENT="på"/><SP WIDTH="14" VPOS="941" HPOS="813"/>
							<String ID="string_81" HPOS="827" VPOS="941" WIDTH="42" HEIGHT="22" WC="0.92" CONTENT="da-"/>
						</TextLine>
						<TextLine ID="line_14" HPOS="111" VPOS="975" WIDTH="758" HEIGHT="29">
							<String ID="string_82" HPOS="111" VPOS="982" WIDTH="49" HEIGHT="22" WC="0.95" CONTENT="gen"/><SP WIDTH="28" VPOS="982" HPOS="160"/>
							<String ID="string_83" HPOS="188" VPOS="976" WIDTH="54" HEIGHT="22" WC="0.93" CONTENT="före"/><SP WIDTH="27" VPOS="976" HPOS="242"/>
							<String ID="string_84" HPOS="269" VPOS="975" WIDTH="170" HEIGHT="29" WC="0.90" CONTENT="landtdagens"/><SP WIDTH="29" VPOS="975" HPOS="439"/>
							<String ID="string_85" HPOS="468" VPOS="975" WIDTH="143" HEIGHT="22" WC="0.90" CONTENT="afslutande"/><SP WIDTH="27" VPOS="975" HPOS="611"/>
							<String ID="string_86" HPOS="638" VPOS="976" WIDTH="98" HEIGHT="22" WC="0.93" CONTENT="kunnat"/><SP WIDTH="19" VPOS="976" HPOS="736"/>
							<String ID="string_87" HPOS="755" VPOS="977" WIDTH="114" HEIGHT="27" WC="0.92" CONTENT="upptaga"/>
						</TextLine>
						<TextLine ID="line_15" HPOS="112" VPOS="1009" WIDTH="758" HEIGHT="29">
							<String ID="string_88" HPOS="112" VPOS="1010" WIDTH="49" HEIGHT="22" WC="0.96" CONTENT="den"/><SP WIDTH="26" VPOS="1010" HPOS="161"/>
							<String ID="string_89" HPOS="187" VPOS="1010" WIDTH="94" HEIGHT="28" WC="0.96" CONTENT="nådiga"/><SP WIDTH="28" VPOS="1010" HPOS="281"/>
							<String ID="string_90" HPOS="309" VPOS="1010" WIDTH="192" HEIGHT="28" WC="0.95" CONTENT="propositionen"/><SP WIDTH="28" VPOS="1010" HPOS="501"/>
							<String ID="string_91" HPOS="529" VPOS="1010" WIDTH="36" HEIGHT="22" WC="0.96" CONTENT="till"/><SP WIDTH="24" VPOS="1010" HPOS="565"/>
							<String ID="string_92" HPOS="589" VPOS="1010" WIDTH="162" HEIGHT="28" WC="0.96" CONTENT="behandling,"/><SP WIDTH="20" VPOS="1010" HPOS="751"/>
							<String ID="string_93" HPOS="771" VPOS="1017" WIDTH="41" HEIGHT="15" WC="0.96" CONTENT="ser"/><SP WIDTH="19" VPOS="1017" HPOS="812"/>
							<String ID="string_94" HPOS="831" VPOS="1009" WIDTH="39" HEIGHT="29" WC="0.96" CONTENT="sig"/>
						</TextLine>
						<TextLine ID="line_16" HPOS="113" VPOS="1044" WIDTH="757" HEIGHT="22">
							<String ID="string_95" HPOS="113" VPOS="1044" WIDTH="123" HEIGHT="22" WC="0.93" CONTENT="utskottet"/><SP WIDTH="19" VPOS="1044" HPOS="236"/>
							<String ID="string_96" HPOS="255" VPOS="1044" WIDTH="144" HEIGHT="22" WC="0.91" CONTENT="nödsakadt"/><SP WIDTH="19" VPOS="1044" HPOS="399"/>
							<String ID="string_97" HPOS="418" VPOS="1045" WIDTH="35" HEIGHT="20" WC="0.96" CONTENT="att"/><SP WIDTH="20" VPOS="1045" HPOS="453"/>
							<String ID="string_98" HPOS="473" VPOS="1044" WIDTH="90" HEIGHT="22" WC="0.96" CONTENT="endast"/><SP WIDTH="18" VPOS="1044" HPOS="563"/>
							<String ID="string_99" HPOS="581" VPOS="1044" WIDTH="7" HEIGHT="21" WC="0.96" CONTENT="i"/><SP WIDTH="19" VPOS="1044" HPOS="588"/>
							<String ID="string_100" HPOS="607" VPOS="1045" WIDTH="92" HEIGHT="21" WC="0.97" CONTENT="största"/><SP WIDTH="18" VPOS="1045" HPOS="699"/>
							<String ID="string_101" HPOS="717" VPOS="1044" WIDTH="101" HEIGHT="22" WC="0.96" CONTENT="korthet"/><SP WIDTH="12" VPOS="1044" HPOS="818"/>
							<String ID="string_102" HPOS="830" VPOS="1044" WIDTH="40" HEIGHT="21" WC="0.96" CONTENT="för"/>
						</TextLine>
						<TextLine ID="line_17" HPOS="112" VPOS="1075" WIDTH="759" HEIGHT="32">
							<String ID="string_103" HPOS="112" VPOS="1079" WIDTH="138" HEIGHT="22" WC="0.96" CONTENT="ständerna"/><SP WIDTH="29" VPOS="1079" HPOS="250"/>
							<String ID="string_104" HPOS="279" VPOS="1078" WIDTH="142" HEIGHT="29" WC="0.96" CONTENT="framlägga"/><SP WIDTH="29" VPOS="1078" HPOS="421"/>
							<String ID="string_105" HPOS="450" VPOS="1078" WIDTH="39" HEIGHT="22" WC="0.96" CONTENT="sin"/><SP WIDTH="27" VPOS="1078" HPOS="489"/>
							<String ID="string_106" HPOS="516" VPOS="1078" WIDTH="164" HEIGHT="29" WC="0.96" CONTENT="uppfattning"/><SP WIDTH="31" VPOS="1078" HPOS="680"/>
							<String ID="string_107" HPOS="711" VPOS="1075" WIDTH="160" HEIGHT="26" WC="0.95" CONTENT="beträffande"/>
						</TextLine>
						<TextLine ID="line_18" HPOS="111" VPOS="1113" WIDTH="494" HEIGHT="22">
							<String ID="string_108" HPOS="111" VPOS="1113" WIDTH="43" HEIGHT="22" WC="0.96" CONTENT="det"/><SP WIDTH="18" VPOS="1113" HPOS="154"/>
							<String ID="string_109" HPOS="172" VPOS="1113" WIDTH="8" HEIGHT="22" WC="0.96" CONTENT="i"/><SP WIDTH="19" VPOS="1113" HPOS="180"/>
							<String ID="string_110" HPOS="199" VPOS="1113" WIDTH="146" HEIGHT="22" WC="0.95" CONTENT="densamma"/><SP WIDTH="19" VPOS="1113" HPOS="345"/>
							<String ID="string_111" HPOS="364" VPOS="1113" WIDTH="111" HEIGHT="22" WC="0.96" CONTENT="berörda"/><SP WIDTH="20" VPOS="1113" HPOS="475"/>
							<String ID="string_112" HPOS="495" VPOS="1113" WIDTH="110" HEIGHT="22" WC="0.96" CONTENT="ärendet."/>
						</TextLine>
					</TextBlock>
					<TextBlock ID="block_4" HPOS="111" VPOS="1147" WIDTH="763" HEIGHT="269">
						<TextLine ID="line_19" HPOS="181" VPOS="1147" WIDTH="691" HEIGHT="29">
							<String ID="string_113" HPOS="181" VPOS="1147" WIDTH="119" HEIGHT="22" WC="0.96" CONTENT="Rörande"/><SP WIDTH="19" VPOS="1147" HPOS="300"/>
							<String ID="string_114" HPOS="319" VPOS="1147" WIDTH="49" HEIGHT="22" WC="0.96" CONTENT="den"/><SP WIDTH="19" VPOS="1147" HPOS="368"/>
							<String ID="string_115" HPOS="387" VPOS="1147" WIDTH="117" HEIGHT="29" WC="0.96" CONTENT="rättsliga"/><SP WIDTH="11" VPOS="1147" HPOS="504"/>
							<String ID="string_116" HPOS="515" VPOS="1147" WIDTH="80" HEIGHT="26" WC="0.96" CONTENT="sidan,"/><SP WIDTH="19" VPOS="1147" HPOS="595"/>
							<String ID="string_117" HPOS="614" VPOS="1147" WIDTH="110" HEIGHT="22" WC="0.96" CONTENT="ansluter"/><SP WIDTH="13" VPOS="1147" HPOS="724"/>
							<String ID="string_118" HPOS="737" VPOS="1147" WIDTH="39" HEIGHT="28" WC="0.93" CONTENT="sig"/><SP WIDTH="18" VPOS="1147" HPOS="776"/>
							<String ID="string_119" HPOS="794" VPOS="1147" WIDTH="78" HEIGHT="22" WC="0.90" CONTENT="Stats-"/>
						</TextLine>
						<TextLine ID="line_20" HPOS="111" VPOS="1181" WIDTH="759" HEIGHT="28">
							<String ID="string_120" HPOS="111" VPOS="1181" WIDTH="123" HEIGHT="23" WC="0.96" CONTENT="utskottet"/><SP WIDTH="27" VPOS="1181" HPOS="234"/>
							<String ID="string_121" HPOS="261" VPOS="1181" WIDTH="36" HEIGHT="23" WC="0.96" CONTENT="till"/><SP WIDTH="29" VPOS="1181" HPOS="297"/>
							<String ID="string_122" HPOS="326" VPOS="1181" WIDTH="131" HEIGHT="23" WC="0.92" CONTENT="Särskilda"/><SP WIDTH="19" VPOS="1181" HPOS="457"/>
							<String ID="string_123" HPOS="476" VPOS="1181" WIDTH="248" HEIGHT="23" WC="0.91" CONTENT="Besvärsutskottets"/><SP WIDTH="18" VPOS="1181" HPOS="724"/>
							<String ID="string_124" HPOS="742" VPOS="1181" WIDTH="128" HEIGHT="28" WC="0.96" CONTENT="yttrande,"/>
						</TextLine>
						<TextLine ID="line_21" HPOS="112" VPOS="1215" WIDTH="759" HEIGHT="30">
							<String ID="string_125" HPOS="112" VPOS="1216" WIDTH="47" HEIGHT="22" WC="0.96" CONTENT="och"/><SP WIDTH="29" VPOS="1216" HPOS="159"/>
							<String ID="string_126" HPOS="188" VPOS="1223" WIDTH="74" HEIGHT="15" WC="0.96" CONTENT="anser"/><SP WIDTH="28" VPOS="1223" HPOS="262"/>
							<String ID="string_127" HPOS="290" VPOS="1216" WIDTH="49" HEIGHT="22" WC="0.96" CONTENT="den"/><SP WIDTH="27" VPOS="1216" HPOS="339"/>
							<String ID="string_128" HPOS="366" VPOS="1216" WIDTH="147" HEIGHT="29" WC="0.96" CONTENT="föreslagna"/><SP WIDTH="19" VPOS="1216" HPOS="513"/>
							<String ID="string_129" HPOS="532" VPOS="1216" WIDTH="190" HEIGHT="29" WC="0.96" CONTENT="utbetalningen"/><SP WIDTH="20" VPOS="1216" HPOS="722"/>
							<String ID="string_130" HPOS="742" VPOS="1216" WIDTH="25" HEIGHT="22" WC="0.96" CONTENT="af"/><SP WIDTH="19" VPOS="1216" HPOS="767"/>
							<String ID="string_131" HPOS="786" VPOS="1215" WIDTH="85" HEIGHT="23" WC="0.96" CONTENT="finska"/>
						</TextLine>
						<TextLine ID="line_22" HPOS="112" VPOS="1250" WIDTH="758" HEIGHT="29">
							<String ID="string_132" HPOS="112" VPOS="1251" WIDTH="153" HEIGHT="26" WC="0.90" CONTENT="statsmedel,"/><SP WIDTH="21" VPOS="1251" HPOS="265"/>
							<String ID="string_133" HPOS="286" VPOS="1251" WIDTH="81" HEIGHT="22" WC="0.96" CONTENT="såsom"/><SP WIDTH="21" VPOS="1251" HPOS="367"/>
							<String ID="string_134" HPOS="388" VPOS="1251" WIDTH="143" HEIGHT="28" WC="0.96" CONTENT="utgörande"/><SP WIDTH="21" VPOS="1251" HPOS="531"/>
							<String ID="string_135" HPOS="552" VPOS="1257" WIDTH="30" HEIGHT="16" WC="0.95" CONTENT="en"/><SP WIDTH="19" VPOS="1257" HPOS="582"/>
							<String ID="string_136" HPOS="601" VPOS="1251" WIDTH="156" HEIGHT="28" WC="0.96" CONTENT="provisorisk"/><SP WIDTH="13" VPOS="1251" HPOS="757"/>
							<String ID="string_137" HPOS="770" VPOS="1250" WIDTH="100" HEIGHT="29" WC="0.96" CONTENT="åtgärd,"/>
						</TextLine>
						<TextLine ID="line_23" HPOS="112" VPOS="1285" WIDTH="760" HEIGHT="29">
							<String ID="string_138" HPOS="112" VPOS="1285" WIDTH="134" HEIGHT="22" WC="0.91" CONTENT="föranledd"/><SP WIDTH="17" VPOS="1285" HPOS="246"/>
							<String ID="string_139" HPOS="263" VPOS="1285" WIDTH="25" HEIGHT="22" WC="0.93" CONTENT="af"/><SP WIDTH="19" VPOS="1285" HPOS="288"/>
							<String ID="string_140" HPOS="307" VPOS="1285" WIDTH="30" HEIGHT="22" WC="0.90" CONTENT="H."/><SP WIDTH="21" VPOS="1285" HPOS="337"/>
							<String ID="string_141" HPOS="358" VPOS="1285" WIDTH="30" HEIGHT="22" WC="0.90" CONTENT="K."/><SP WIDTH="21" VPOS="1285" HPOS="388"/>
							<String ID="string_142" HPOS="409" VPOS="1285" WIDTH="32" HEIGHT="22" WC="0.91" CONTENT="M."/><SP WIDTH="20" VPOS="1285" HPOS="441"/>
							<String ID="string_143" HPOS="461" VPOS="1285" WIDTH="96" HEIGHT="29" WC="0.95" CONTENT="nådiga"/><SP WIDTH="18" VPOS="1285" HPOS="557"/>
							<String ID="string_144" HPOS="575" VPOS="1285" WIDTH="70" HEIGHT="22" WC="0.96" CONTENT="bifall"/><SP WIDTH="20" VPOS="1285" HPOS="645"/>
							<String ID="string_145" HPOS="665" VPOS="1285" WIDTH="35" HEIGHT="22" WC="0.93" CONTENT="till"/><SP WIDTH="16" VPOS="1285" HPOS="700"/>
							<String ID="string_146" HPOS="716" VPOS="1285" WIDTH="156" HEIGHT="22" WC="0.92" CONTENT="Ständernas"/>
						</TextLine>
						<TextLine ID="line_24" HPOS="112" VPOS="1318" WIDTH="761" HEIGHT="30">
							<String ID="string_147" HPOS="112" VPOS="1319" WIDTH="187" HEIGHT="29" WC="0.96" CONTENT="framställning"/><SP WIDTH="27" VPOS="1319" HPOS="299"/>
							<String ID="string_148" HPOS="326" VPOS="1326" WIDTH="41" HEIGHT="15" WC="0.93" CONTENT="om"/><SP WIDTH="27" VPOS="1326" HPOS="367"/>
							<String ID="string_149" HPOS="394" VPOS="1319" WIDTH="164" HEIGHT="23" WC="0.87" CONTENT="inställandet"/><SP WIDTH="28" VPOS="1319" HPOS="558"/>
							<String ID="string_150" HPOS="586" VPOS="1319" WIDTH="26" HEIGHT="22" WC="0.96" CONTENT="af"/><SP WIDTH="24" VPOS="1319" HPOS="612"/>
							<String ID="string_151" HPOS="636" VPOS="1319" WIDTH="191" HEIGHT="29" WC="0.96" CONTENT="tillämpningen"/><SP WIDTH="21" VPOS="1319" HPOS="827"/>
							<String ID="string_152" HPOS="848" VPOS="1318" WIDTH="25" HEIGHT="23" WC="0.96" CONTENT="af"/>
						</TextLine>
						<TextLine ID="line_25" HPOS="115" VPOS="1353" WIDTH="759" HEIGHT="30">
							<String ID="string_153" HPOS="115" VPOS="1353" WIDTH="119" HEIGHT="23" WC="0.91" CONTENT="1901-års"/><SP WIDTH="20" VPOS="1353" HPOS="234"/>
							<String ID="string_154" HPOS="254" VPOS="1354" WIDTH="317" HEIGHT="29" WC="0.91" CONTENT="värnepliktsförordning,"/><SP WIDTH="19" VPOS="1354" HPOS="571"/>
							<String ID="string_155" HPOS="590" VPOS="1355" WIDTH="85" HEIGHT="21" WC="0.96" CONTENT="kunna"/><SP WIDTH="15" VPOS="1355" HPOS="675"/>
							<String ID="string_156" HPOS="690" VPOS="1353" WIDTH="24" HEIGHT="23" WC="0.93" CONTENT="af"/><SP WIDTH="14" VPOS="1353" HPOS="714"/>
							<String ID="string_157" HPOS="728" VPOS="1353" WIDTH="146" HEIGHT="23" WC="0.91" CONTENT="Ständerna"/>
						</TextLine>
						<TextLine ID="line_26" HPOS="113" VPOS="1388" WIDTH="159" HEIGHT="28">
							<String ID="string_158" HPOS="113" VPOS="1388" WIDTH="159" HEIGHT="28" WC="0.96" CONTENT="godkännas."/>
						</TextLine>
					</TextBlock>
					<TextBlock ID="block_5" HPOS="112" VPOS="1422" WIDTH="763" HEIGHT="64">
						<TextLine ID="line_27" HPOS="183" VPOS="1422" WIDTH="691" HEIGHT="29">
							<String ID="string_159" HPOS="183" VPOS="1422" WIDTH="146" HEIGHT="22" WC="0.95" CONTENT="Emellertid"/><SP WIDTH="19" VPOS="1422" HPOS="329"/>
							<String ID="string_160" HPOS="348" VPOS="1422" WIDTH="47" HEIGHT="22" WC="0.96" CONTENT="har"/><SP WIDTH="18" VPOS="1422" HPOS="395"/>
							<String ID="string_161" HPOS="413" VPOS="1422" WIDTH="34" HEIGHT="28" WC="0.96" CONTENT="på"/><SP WIDTH="19" VPOS="1422" HPOS="447"/>
							<String ID="string_162" HPOS="466" VPOS="1423" WIDTH="85" HEIGHT="28" WC="0.96" CONTENT="grund"/><SP WIDTH="21" VPOS="1423" HPOS="551"/>
							<String ID="string_163" HPOS="572" VPOS="1422" WIDTH="24" HEIGHT="22" WC="0.93" CONTENT="af"/><SP WIDTH="19" VPOS="1422" HPOS="596"/>
							<String ID="string_164" HPOS="615" VPOS="1422" WIDTH="168" HEIGHT="29" WC="0.92" CONTENT="landtdagens"/><SP WIDTH="15" VPOS="1422" HPOS="783"/>
							<String ID="string_165" HPOS="798" VPOS="1422" WIDTH="76" HEIGHT="28" WC="0.90" CONTENT="plöts-"/>
						</TextLine>
						<TextLine ID="line_28" HPOS="112" VPOS="1455" WIDTH="763" HEIGHT="31">
							<String ID="string_166" HPOS="112" VPOS="1456" WIDTH="53" HEIGHT="29" WC="0.92" CONTENT="liga"/><SP WIDTH="31" VPOS="1456" HPOS="165"/>
							<String ID="string_167" HPOS="196" VPOS="1456" WIDTH="151" HEIGHT="26" WC="0.91" CONTENT="afslutande,"/><SP WIDTH="21" VPOS="1456" HPOS="347"/>
							<String ID="string_168" HPOS="368" VPOS="1456" WIDTH="107" HEIGHT="23" WC="0.92" CONTENT="hvarom"/><SP WIDTH="19" VPOS="1456" HPOS="475"/>
							<String ID="string_169" HPOS="494" VPOS="1457" WIDTH="65" HEIGHT="22" WC="0.96" CONTENT="först"/><SP WIDTH="12" VPOS="1457" HPOS="559"/>
							<String ID="string_170" HPOS="571" VPOS="1457" WIDTH="81" HEIGHT="22" WC="0.96" CONTENT="under"/><SP WIDTH="12" VPOS="1457" HPOS="652"/>
							<String ID="string_171" HPOS="664" VPOS="1457" WIDTH="132" HEIGHT="29" WC="0.93" CONTENT="gårdagen"/><SP WIDTH="11" VPOS="1457" HPOS="796"/>
							<String ID="string_172" HPOS="807" VPOS="1455" WIDTH="68" HEIGHT="23" WC="0.92" CONTENT="med-"/>
						</TextLine>
					</TextBlock>
				</ComposedBlock>
				<ComposedBlock ID="cblock_3" HPOS="182" VPOS="1505" WIDTH="390" HEIGHT="19">
					<TextBlock ID="block_6" HPOS="182" VPOS="1505" WIDTH="390" HEIGHT="19">
						<TextLine ID="line_29" HPOS="182" VPOS="1505" WIDTH="390" HEIGHT="19">
							<String ID="string_173" HPOS="182" VPOS="1505" WIDTH="164" HEIGHT="18" WC="0.91" CONTENT="Statsutskottets"/><SP WIDTH="13" VPOS="1505" HPOS="346"/>
							<String ID="string_174" HPOS="359" VPOS="1506" WIDTH="121" HEIGHT="17" WC="0.96" CONTENT="betänkande"/><SP WIDTH="13" VPOS="1506" HPOS="480"/>
							<String ID="string_175" HPOS="493" VPOS="1507" WIDTH="38" HEIGHT="17" WC="0.89" CONTENT="N:o"/><SP WIDTH="12" VPOS="1507" HPOS="531"/>
							<String ID="string_176" HPOS="543" VPOS="1508" WIDTH="29" HEIGHT="16" WC="0.95" CONTENT="10."/>
						</TextLine>
					</TextBlock>
				</ComposedBlock>
			</PrintSpace>
		</Page>
	</Layout>
</alto>
