1106 1759
232 156 13 19 6
466 156 25 22 U.
509 157 26 21 B.
551 169 24 2 —
587 156 74 28 Prop.
679 157 40 21 N:o
736 156 38 22 29.

303 227 75 22 Hvad
406 228 78 22 sedan
512 228 158 22 vidkommer
698 228 49 22 den
766 227 95 29 nädiga
879 226 113 29 proposi-

233 261 99 23 tionens
360 262 110 22 innehäll
498 262 46 22 och
571 262 96 29 lydelse
695 263 47 21 har
765 262 126 22 Utskottet
911 262 81 21 ansett

233 296 113 28 följande
365 296 216 30 omständigheter
600 297 61 21 böra
682 296 153 23 framhällas.

305 330 140 23 Ständerna
466 331 76 22 hafva
561 332 8 21 i
588 332 42 21 sitt
649 332 49 21 den
717 332 31 22 31
770 330 132 23 december
924 330 65 22 1904

234 365 96 29 afgifna
359 372 59 15 svar
447 366 13 21 å
488 366 93 28 nådiga
610 366 188 28 propositionen
827 372 41 15 n:o
894 365 37 26 12,
951 370 40 16 an-

233 400 99 28 gäende
359 400 33 22 bl.
422 407 21 15 a.
469 401 152 27 provisionel
641 400 127 30 reglering
788 400 25 22 af
830 399 161 29 bevillnings-

233 434 136 29 budgeten,
398 435 81 29 ingätt
507 435 6 21 i
533 435 158 29 granskning
711 435 25 22 af
753 434 165 26 föreskrifter,
939 440 52 16 som

233 469 49 21 den
301 469 32 22 23
354 470 53 28 juni
430 470 66 21 1904
517 470 139 22 meddelats
675 469 160 23 beträffande
845 468 146 30 grunderna

232 503 40 22 för
299 504 178 28 uppgörandet
506 505 25 21 af
554 504 49 22 den
622 504 84 22 finska
725 503 200 29 statsbudgeten,
945 502 46 22 och

233 538 91 22 därvid
343 538 100 22 uttalat:

304 573 51 21 »Då
386 572 252 23 Storfurstendömets
670 572 197 23 finansväsende
899 573 28 21 är
958 573 34 21 ett

232 606 52 22 helt
310 607 40 22 för
375 608 38 28 sig
438 610 64 20 samt
520 608 83 22 finska
623 608 152 26 statsmedel,
796 607 32 28 pä
848 608 49 21 sätt
916 606 74 22 äfven

232 641 113 29 framgår
373 642 25 21 af
426 642 32 22 27
488 642 14 28 &8
522 643 6 21 i
549 642 298 29 Landtdagsordningen,
867 642 63 22 böra
950 648 41 14 an-

232 676 99 22 vändas
356 676 35 22 till
413 676 118 22 Finlands
551 684 67 22 gagn
638 677 45 21 och
703 677 81 25 bästa,
805 676 27 22 sä
852 676 73 28 följer
937 676 54 21 här-

233 710 32 26 af,
295 712 36 20 att
355 711 92 29 bidrag
466 712 35 21 till
520 712 78 28 ryska
617 712 269 21 riksskattkammaren
908 723 27 3 —
960 722 30 3 —

232 745 54 22 icke
314 746 144 28 rättsenligt
485 746 48 22 kan
563 746 103 28 påföras
685 746 48 22 den
752 745 85 22 finska
857 745 134 28 budgeten,

232 779 28 21 sä
288 780 75 21 framt
382 780 21 28 ej
425 780 75 22 äfven
521 780 149 26 Ständerna,
690 780 63 22 efter
772 780 120 28 pröfning
912 779 25 22 af
955 781 36 19 ut-

231 814 94 28 giftens
353 814 117 23 ändamäl
500 816 46 21 och
571 815 99 28 belopp,
689 815 81 22 funnit
790 814 91 22 sädant
900 813 91 29 bidrag

232 854 62 16 vara
320 849 35 21 till
375 856 68 22 gagn
462 849 38 22 för
519 850 85 22 landet
623 849 60 22 eller
703 850 25 21 af
746 850 59 21 dess
824 848 168 28 förpligtelser

231 885 52 20 mot
314 884 177 28 Kejsardömet
520 884 154 28 päkalladt.»
721 884 128 28 Tilläggas
879 883 47 26 mä,
957 883 35 21 att

232 918 153 28 stadgandet
405 919 6 21 i
432 918 14 29 $
467 919 30 21 27
520 919 24 21 L.
566 919 28 22 O.
614 921 142 20 motsvarar
776 918 34 22 50
830 918 14 28 S
864 918 7 21 i
891 918 29 21 R.
941 918 25 20 F.

302 953 75 22 Hvad
407 954 119 22 särskildt
554 954 156 21 vidkommer
737 952 195 23 militietondens
958 952 34 21 in-

231 986 120 27 komster,
371 988 87 22 kunna
477 988 135 26 desamma,
633 988 83 22 säsom
736 987 151 29 grundande
907 986 38 29 sig
959 986 32 28 pä

231 1022 244 28 indelningsverket,
504 1023 72 21 hvari
595 1022 98 29 jämlikt
713 1022 31 22 18
764 1022 15 28 &
800 1020 191 30 Regeringsfor-

231 1062 57 16 men
309 1056 108 29 ändring
437 1058 21 27 ej
479 1057 49 22 kan
548 1057 45 21 ske
608 1059 58 19 utan
684 1056 157 22 Ständernas
855 1055 135 28 samtycke,

231 1090 54 22 icke
313 1097 91 22 genom
433 1093 34 20 ett
495 1092 4 21 i
524 1091 185 22 administrativ
728 1092 51 28 väg
799 1090 91 22 fattadt
908 1090 83 22 beslut

231 1124 35 22 till
295 1125 78 28 nägot
395 1126 39 21 för
457 1126 79 28 sagda
555 1126 59 21 fond
634 1125 158 23 främmande
814 1124 116 22 ändamäl
951 1130 40 16 an-

230 1159 107 22 vändas.

302 1194 85 28 Enligt
416 1194 138 22 Utskottets
584 1194 75 22 tanke
687 1194 83 29 ligger
789 1192 130 30 synnerlig
938 1193 54 28 vigt

231 1228 80 27 därpä
341 1230 34 20 att
395 1230 34 20 ett
447 1228 128 22 finansielt
594 1229 121 28 vederlag
734 1228 40 22 för
793 1227 198 29 upprätthällan-

232 1262 43 22 det
303 1262 26 22 af
355 1262 211 23 försvarskrafter
595 1263 91 22 varder
706 1262 120 30 gällande
845 1262 89 22 endast
952 1261 39 21 för

230 1302 31 16 en
291 1297 64 25 kort,
386 1297 142 29 begränsad
558 1298 34 22 tid
620 1298 45 21 och
694 1299 36 20 att
757 1296 190 29 uppställandet
967 1295 25 22 af

230 1332 106 27 trupper
364 1332 79 28 enligt
468 1332 85 22 därför
572 1332 88 22 afsedd
680 1332 7 21 i
706 1330 211 30 grundlagsenlig
936 1330 55 22 ord-

229 1365 62 29 ning
321 1366 86 22 stiftad
435 1366 42 28 lag
505 1366 54 22 icke
578 1366 100 22 utöfver
697 1366 42 22 det
758 1364 166 29 nödvändiga
942 1364 49 22 för-

230 1399 93 29 dröjes.

300 1511 141 17 Stotsutskottets
455 1512 109 17 betänkande
577 1512 35 16 N:o
625 1513 29 15 JO.
