1103 1748
801 123 27 19 77

76 187 29 22 de
121 187 72 22 förses
210 187 52 22 med
278 187 104 29 stämpel,
399 189 74 20 såsom
490 195 37 14 om
543 189 86 21 enhvar
645 188 25 22 af
684 188 52 21 dem
752 186 78 23 blifvit

77 223 96 22 affattad
190 225 13 20 å
219 223 107 22 särskildt
342 223 47 22 ark.
406 223 104 22 Skrifvas
526 224 56 22 flera
596 224 88 29 bilagor
698 225 30 28 på
739 225 31 20 ett
783 223 46 26 ark,

77 259 112 22 beräknas
207 259 96 29 stämpel
319 259 36 22 för
370 258 80 29 hvarje
468 259 81 29 bilaga.

427 331 51 28 98.

149 380 35 21 De
201 379 98 26 skrifter,
315 379 37 22 för
367 379 78 22 hvilka
461 379 186 30 stämpelafgift
642 375 13 38 i
658 379 74 22 denna
742 379 87 22 förord-

77 415 57 29 ning
149 415 120 29 päbjudes,
285 416 78 21 kunna
379 415 8 21 i
403 415 123 22 allmänhet
542 415 92 22 affattas
651 415 108 29 antingen
769 411 11 37 &
798 417 33 20 ett

79 452 54 21 eller
148 451 56 22 flera
214 452 39 21 ark
262 451 192 29 stämpelpapper,
467 451 54 22 eller
532 452 42 21 ock
585 451 109 29 beläggas
702 451 52 22 med
763 454 67 19 stäm-

78 487 45 30 pel,
135 488 81 21 endast
227 487 150 29 stämplarnas
391 488 173 28 sammanlagda
574 488 71 21 värde
656 489 126 20 motsvarar
793 487 39 22 det

79 523 111 29 stadgade
201 523 114 29 beloppet.
331 524 34 21 Ar
377 523 97 22 skriften
490 523 93 22 försedd
598 523 53 22 med
667 525 25 20 sä
706 524 46 27 hög
763 525 67 20 stäm-

79 559 44 29 pel,
141 562 34 19 att
191 559 74 22 denna
281 559 73 22 tillika
371 566 77 15 svarar
466 562 61 19 emot
538 559 113 29 stämpeln
661 559 35 22 till
705 559 126 29 bilagorna,

79 595 100 22 behöfva
188 596 29 21 de
225 595 142 23 sistnämnda
377 595 50 22 icke
437 596 134 28 ytterligare
581 595 73 23 förses
664 595 53 22 med
728 595 103 29 stämpel.

429 663 27 20 10
472 661 21 28 8.

153 710 49 21 Har
218 709 46 22 fast
279 710 120 28 egendom,
415 709 99 29 belägen
529 709 62 22 inom
607 709 111 22 särskilda
734 709 98 22 domsto-

80 746 45 22 lars
142 746 116 26 omräden,
278 745 76 22 blifvit
374 745 113 29 uppläten
502 746 72 21 under
590 745 96 29 egande-
703 745 53 22 eller
771 748 61 26 nytt-

78 781 119 28 janderätt
217 789 82 21 genom
315 789 28 14 en
359 781 119 29 handling,
494 782 70 21 hvarä
579 781 84 29 lagfart
679 781 53 22 eller
747 781 85 22 inteck-

80 817 57 29 ning
153 818 74 25 sökes,
243 817 58 22 skall
315 818 75 21 denna
400 817 113 29 handling
523 817 72 22 förses
606 817 53 22 med
670 817 96 29 stämpel
776 817 58 22 efter

80 853 58 23 fulla
153 854 82 22 värdet
250 853 40 23 vid
306 854 44 22 den
367 853 107 27 domstol,
492 854 40 22 där
548 853 44 22 den
608 853 57 23 först
680 853 90 23 företes.

430 922 26 19 11
474 920 22 28 8.

154 968 43 22 Om
214 968 104 22 enskilda
333 975 116 22 personer,
466 976 51 14 som
533 968 35 29 sig
579 968 96 22 emellan
686 968 62 22 slutit
759 970 76 27 nägon

82 1004 240 26 Ofverenskommelse,
338 1004 8 21 i
362 1004 76 22 stället
453 1004 39 22 för
508 1007 33 19 att
552 1004 79 22 därom
641 1006 108 27 upprätta
760 1004 75 22 skrift-

81 1040 32 28 lig
135 1040 144 28 afhandling,
300 1039 57 29 vilja
376 1040 47 22 läta
443 1041 115 21 anteckna
578 1040 38 22 sitt
633 1040 55 22 aftal
707 1040 4 22 i
727 1040 109 22 domstols

82 1076 121 28 protokoll,
220 1084 55 14 vare
291 1076 81 22 sädant
389 1076 51 22 dem
456 1076 52 22 icke
524 1076 137 26 förmenadt,
677 1076 40 22 där
732 1076 38 22 det
780 1075 56 29 eljes

81 1112 102 28 lagligen
199 1112 40 22 ske
254 1112 52 22 kan.
322 1112 12 21 I
351 1112 63 22 detta
429 1112 42 22 fall
488 1112 103 22 utfärdas
608 1112 160 29 expeditionen
778 1114 13 20 ä
802 1114 34 20 sä-

83 1148 57 21 dant
156 1148 193 29 stämpelpapper,
366 1155 49 15 som
426 1148 36 22 för
474 1149 85 28 utdrag
570 1156 26 14 ur
608 1148 137 22 domstolens
761 1150 75 27 proto-

82 1184 48 22 koll
145 1184 76 22 finnes
238 1184 125 26 bestämdt;
380 1192 53 14 men
448 1191 41 15 om
505 1187 33 19 ett
548 1185 81 21 sädant
640 1184 112 29 protokoll
763 1184 73 22 seder-

83 1228 64 14 mera
162 1220 8 21 i
187 1220 108 22 afseende
311 1222 13 19 ä
339 1220 139 29 lagsökning
500 1220 54 22 eller
569 1220 8 22 i
593 1222 69 20 annat
678 1220 61 29 syfte
754 1222 83 27 upptes

83 1256 62 21 inför
159 1258 78 27 någon
253 1256 98 22 domstol
367 1256 54 21 eller
437 1257 145 28 myndighet,
593 1257 109 28 stämplas
713 1257 125 22 detsamma

83 1293 75 21 såsom
174 1292 8 21 i
199 1294 12 20 6
227 1291 15 29 &
257 1292 100 29 stadgas.

434 1360 26 19 12
478 1357 22 29 8.

155 1408 37 21 Då
208 1409 89 21 enskild
313 1408 144 29 afhandling,
468 1408 143 23 förbindelse
622 1409 54 21 eller
687 1416 75 14 annan
772 1408 68 21 skrift

83 1445 42 21 hos
142 1445 107 26 domstol,
265 1445 110 21 exekutor
392 1445 54 21 eller
463 1452 79 15 annan
558 1445 134 28 myndighet
702 1444 83 22 företes
798 1444 42 21 och

83 1479 36 22 för
142 1480 209 29 stämpelafgiftens
371 1481 133 28 utgörande
524 1481 116 28 begagnas
659 1480 181 29 stämpelmärke,
