1106 1753
826 118 24 19 11

103 181 72 29 enligt
198 181 181 28 grundsatserna
394 181 8 21 i
418 184 41 19 vär
482 181 244 29 stämpellagstiftning
746 184 38 18 äro
801 180 52 22 frän

104 217 29 21 all
149 216 231 30 stämpelskyldighet
394 217 110 22 befriade.

174 252 185 22 Vidkommande
376 253 39 21 det
430 253 34 21 uti
478 253 173 29 propositionen
664 252 121 29 ingäende,
802 252 52 22 frän

103 296 32 14 nu
151 288 106 30 gällande
273 289 235 29 stämpelförordning
518 289 107 22 hemtade
636 288 138 29 stadgandet
785 290 68 26 angä-

104 324 58 22 ende
174 324 167 29 stämpelfrihet
349 324 8 22 i
363 324 63 22 vissa
434 324 40 22 fall
482 325 37 21 för
528 324 185 28 hufvudskrifter,
723 324 84 28 bilagor
815 324 39 22 och

104 359 150 28 expeditioner
269 360 8 21 i
293 360 107 25 brottmål,
417 360 41 21 har
475 360 23 21 af
508 359 212 28 häradshöfdingen
733 359 8 22 i
751 359 103 22 Ruovesi

104 395 111 29 domsaga
232 395 136 22 framhällits
386 397 32 20 att
433 396 116 29 uttrycket
566 395 43 28 ,dä
626 395 83 22 allmän
725 395 106 29 äklagare
847 395 8 21 i

104 431 52 22 dem
172 431 58 28 tagit
246 431 36 28 sig
297 431 75 22 talan"
389 439 56 14 vore
462 431 119 29 otydligt
577 427 14 37 i
598 434 25 19 sä
642 433 77 24 måtto,
738 433 33 20 att
790 431 65 22 däraf

104 467 50 21 icke
169 467 130 28 framginge
314 467 116 22 huruvida
444 467 35 21 hit
494 467 70 22 äfven
571 467 73 21 borde
651 467 109 21 hänföras
769 467 86 22 sädana

105 503 51 26 mål,
181 503 49 21 däri
254 503 124 28 åklagaren
403 503 156 27 ,förbehällit*
582 503 36 28 sig
632 503 63 21 talan
711 510 52 14 men
779 503 76 22 seder-

105 546 63 15 mera
187 539 102 28 frängätt
310 539 51 22 den.
394 538 118 23 Utskottet
531 539 77 22 finner
623 539 71 21 likväl
710 539 45 21 den
770 539 86 28 nädiga

105 575 185 28 propositionens
315 575 152 28 formulering
490 575 23 22 af
537 575 137 28 stadgandet
704 575 50 21 icke
779 575 77 21 lämna

106 618 50 14 rum
172 611 37 21 för
224 610 214 29 missuppfattning,
455 614 55 18 enär
526 611 24 21 af
566 611 161 28 ordalydelsen
742 611 113 28 klarligen

106 647 107 28 framgår,
238 649 33 19 att
293 647 108 21 befrielse
424 647 53 21 från
501 647 157 28 stämpelpligt
682 654 54 21 eger
751 654 51 14 rum
822 647 34 20 uti

107 683 85 21 sådana
208 683 74 21 under
298 683 95 21 allmänt
409 683 45 21 åtal
469 683 103 21 hörande
588 682 114 26 brottmål,
715 683 39 21 där
771 683 85 21 allmän

106 718 107 28 åklagare
237 718 116 29 uppträdt,
374 718 70 22 äfven
460 726 37 14 om
512 718 63 22 talan
591 718 129 22 sedermera
735 718 121 28 frångåtts.

106 754 12 21 I
134 754 166 28 sammanhang
315 754 95 22 härmed
426 754 41 21 har
482 754 119 22 Utskottet
617 754 140 22 konstaterat
768 756 32 19 att
811 754 46 21 den

108 789 77 22 finska
199 792 79 19 texten
294 797 95 14 numera
404 790 90 21 erhållit
510 798 29 13 en
549 790 53 22 med
614 790 45 21 den
670 790 98 21 svenska
783 790 75 21 bättre

108 826 252 22 öfverensstämmande
373 826 97 28 lydelse,
482 826 72 22 sedan
565 826 39 21 det
618 826 34 21 uti
668 826 105 28 gällande
790 828 68 19 stäm-

107 861 177 29 pelförfattning
299 862 107 22 använda
416 862 118 28 uttrycket
545 862 136 28 ,käyttänyt
691 862 166 21 kannevaltaa*

107 897 89 29 utbytts
213 900 49 19 mot
279 915 9 11 ,
292 900 90 19 ottanut
396 898 162 28 puhevallan*.

179 934 33 21 Pä
243 934 170 28 framställning
443 934 24 21 af
494 934 112 21 särskilda
630 934 162 28 myndigheter
817 934 42 20 har

107 969 149 29 Regeringen
278 970 34 21 uti
334 970 46 21 den
395 970 86 28 nädiga
496 970 173 28 propositionen
684 970 125 28 föreslagit,
826 971 33 19 att

108 1005 46 21 den
170 1005 33 21 uti
219 1006 13 28 &
250 1009 12 19 5
280 1006 23 21 af
320 1005 106 29 gällande
442 1005 236 29 stämpelförordning
693 1006 111 28 stadgade
820 1004 39 22 be-

108 1040 77 22 frielse
210 1041 52 21 från
289 1041 232 28 stämpelskyldighet
544 1041 72 21 borde
638 1041 127 21 utsträckas
789 1041 71 21 äfven

107 1076 35 21 till
173 1077 110 21 kommun
314 1077 36 21 för
374 1076 104 22 ansökan
502 1084 37 14 om
562 1077 39 20 län
626 1077 36 20 för
687 1076 172 28 undsättnings-

108 1112 54 21 med
184 1112 58 22 flera
265 1113 109 21 liknande
398 1113 106 21 ändamäl
527 1120 27 13 ur
578 1112 114 21 allmänna
714 1112 74 21 medel
805 1112 55 21 eller

109 1148 128 22 skärskilda
262 1149 89 26 fonder,
378 1155 50 15 som
455 1151 36 19 stä
510 1149 74 21 under
601 1148 148 21 statsverkets
765 1148 95 22 förvalt-

108 1183 58 29 ning
192 1184 42 21 och
260 1184 58 22 värd
344 1184 120 22 äfvensom
491 1184 35 21 till
547 1184 101 21 ärenden
664 1184 117 28 angäende
798 1184 61 21 stad-

108 1219 94 22 fästelse
226 1222 12 19 &
262 1220 93 28 stadgar
378 1220 36 21 för
438 1220 120 28 andelslag
582 1220 42 21 och
647 1220 85 21 sädana
752 1219 109 22 samfund

108 1255 37 22 för
165 1255 158 29 befrämjande
345 1256 23 21 af
384 1256 174 28 allmännyttigt
574 1256 112 25 ändamål,
703 1263 48 14 som
768 1258 38 18 äro
822 1255 38 21 be-

108 1291 74 21 friade
198 1291 52 21 frän
266 1291 239 29 stämpelskyldighet.
537 1292 71 20 Dessa
624 1291 45 21 den
684 1291 84 28 nädiga
777 1298 84 22 propo-

109 1326 110 22 sitionens
235 1327 88 29 förslag
338 1327 42 21 har
395 1327 121 21 Utskottet
530 1327 78 21 funnit
624 1328 34 27 sig
673 1326 56 22 böra
739 1326 121 29 tillstyrka.

108 1362 12 22 I
145 1362 167 29 sammanhang
334 1362 96 22 härmed
445 1362 43 22 har
504 1362 63 22 inom
582 1362 117 22 Utskottet
715 1362 79 28 yrkats
811 1362 50 21 dels

109 1400 33 19 att
167 1398 119 28 andelslag
304 1398 72 21 borde
392 1397 89 29 åtnjuta
502 1398 120 21 enahanda
644 1397 106 22 befrielse
766 1398 40 21 vid
823 1405 38 14 an-

109 1433 125 29 sökningar
258 1441 38 14 om
322 1434 38 21 län
383 1441 27 14 ur
432 1433 116 22 allmänna
563 1433 81 26 medel,
662 1433 48 22 dels
727 1435 32 20 att
774 1433 88 22 sädana
