1106 1753
259 163 26 19 18
459 161 23 22 U.
499 161 23 22 B.
539 175 27 2 —
585 161 63 28 Prop.
666 161 37 24 N:o
720 162 30 22 18.

227 225 76 26 delen,
324 232 54 16 vore
403 225 39 24 det
463 227 7 22 i
491 227 85 22 sådant
594 227 42 22 fall
654 227 114 22 tänkbart
786 227 44 22 och
845 226 66 23 torde
927 227 52 22 icke

227 261 74 22 häller
316 262 61 22 stöta
393 261 30 30 på
440 262 177 29 oöfverstigliga
633 262 147 29 svårigheter
796 264 34 21 att
846 262 133 29 öfverflytta

227 297 29 22 de
273 297 139 29 begagnade
429 298 119 23 skenorna
564 299 34 22 till
610 298 45 23 den
667 298 75 23 under
754 298 111 29 byggnad
876 298 102 23 varande

227 332 77 23 banan
321 334 63 22 samt
400 335 7 21 i
424 333 55 23 dess
496 334 68 22 ställe
581 334 101 29 belägga
698 334 45 22 den
761 334 70 27 äldre,
847 334 76 22 starkt
933 335 45 21 tra-

226 368 107 23 fikerade
351 368 75 24 banan
444 369 54 23 med
514 376 47 22 nya
577 370 43 22 och
637 372 84 27 tyngre
738 370 91 22 skenor.
859 370 119 22 Huruvida

226 404 83 23 därvid
332 405 61 23 räler
415 406 24 22 af
459 410 28 18 25
507 406 55 22 eller
578 410 28 18 30
623 406 53 28 kg:s
692 406 52 22 vikt
762 406 69 22 borde
848 406 129 27 anskaffas,

226 440 76 23 mäste
327 441 93 29 afgöras
446 442 53 22 med
525 442 93 28 hänsyn
636 442 34 22 till
687 442 252 22 trafikförhällandena
954 442 24 25 in

226 482 63 22 casu,
307 484 54 15 men
382 477 39 23 det
437 484 70 22 synes
523 478 73 22 likväl
612 478 68 22 värdt
697 479 34 21 att
747 479 77 21 erinra
840 477 87 27 därom,
944 479 34 21 att

226 512 124 23 skilnaden
367 514 8 21 i
392 513 262 29 anläggningskostnad
670 514 53 22 icke
740 516 26 20 är
776 513 27 23 sä
814 515 53 25 stor,
880 514 34 22 att
926 514 51 22 icke

226 548 104 23 fördelen
352 549 24 22 af
397 556 29 16 en
447 550 146 22 obehindrad
610 550 125 22 samtrafik
751 550 39 22 vid
807 550 117 22 banornas
941 556 36 16 ex-

225 584 134 30 ploatering
382 585 43 23 och
450 586 33 22 ett
507 586 181 28 fullständigare
713 585 148 29 utnyttjande
886 585 23 23 af
932 585 44 23 den

225 620 86 29 rörliga
323 622 139 22 materielen
479 622 48 22 kan
541 622 85 22 tänkas
642 624 111 27 uppväga
769 622 46 22 den
826 621 151 23 merkostnad

225 662 49 16 som
297 656 117 24 erfordras
434 658 36 22 för
491 659 34 21 att
546 659 55 27 taga
617 659 77 27 steget
710 658 53 22 fullt
780 659 31 21 ut.
843 657 80 29 Enligt
939 657 38 23 Ut-

225 692 88 23 skottet
336 693 97 22 lemnad
456 694 146 28 upplysning
624 693 82 22 kunna
730 694 28 21 de
782 695 35 20 tre
842 693 133 29 byggnads-

225 728 96 28 system,
338 735 50 16 som
410 729 42 22 hos
471 736 38 16 oss
529 729 101 22 kommit
645 729 35 22 till
697 729 160 29 användning,
875 729 53 22 med
944 729 31 22 af-

225 764 85 23 seende
330 765 13 22 å
363 766 74 27 priset
453 765 115 29 jämföras
588 765 54 22 med
661 765 135 23 hvarandra
814 765 30 29 pä
860 764 76 29 grund
953 765 24 22 af

224 799 103 30 följande
348 801 7 21 i
374 801 78 22 runda
475 801 33 22 tal
531 801 99 29 angifna
653 801 129 22 kostnader
798 807 40 22 per
855 801 121 22 kilometer

224 835 187 30 öfverbyggnad,
432 837 136 22 beräknade
584 837 7 22 i
608 837 46 22 alla
671 839 34 20 tre
721 837 71 22 fallen
810 837 59 22 efter
884 843 92 16 samma

224 871 109 29 grunder,
351 873 131 28 nämligen:

224 931 184 35 Öfverbyggnad
424 938 40 22 vid
481 942 45 23 22,s
543 939 52 28 kg:s
611 938 61 23 räler
699 957 3 4 .
736 957 3 4 .
774 957 3 3 .
812 942 79 23 17,100
908 938 66 22 mark

311 991 10 10 N
436 993 10 9 n
479 978 27 19 2
633 993 10 9 »
699 993 79 4 0.0.
812 977 79 24 19100
934 992 10 9 »

312 1027 9 8 ”
435 1028 10 9 >
479 1014 28 19 80
632 1029 10 9 »
699 1029 78 4 000.
810 1013 81 24 22,300
934 1028 10 9 ,

295 1086 81 23 Säsom
403 1087 68 23 häraf
495 1087 111 29 framgär,
623 1090 26 20 är
664 1087 132 23 kostnaden
813 1094 41 22 per
870 1086 104 23 bankilo-

223 1123 74 21 meter
317 1122 36 22 för
370 1130 29 15 en
416 1123 179 29 öfverbyggnad
612 1123 53 23 med
682 1127 27 19 25
726 1123 54 29 kg:s
796 1123 61 22 räler
873 1129 18 15 c.
909 1126 65 23 2,000

223 1158 68 22 mark
316 1158 71 29 högre
411 1161 31 20 än
466 1159 35 22 för
524 1166 29 15 en
576 1159 73 23 sådan
670 1159 54 23 med
743 1158 61 24 räler
820 1158 24 23 af
860 1162 45 23 22,8
921 1158 52 29 kg:s

221 1193 59 27 vikt,
305 1194 43 22 och
372 1201 37 15 om
432 1194 210 30 öfverbyggnaden
666 1195 88 23 utföres
772 1194 54 23 med
842 1198 28 18 30
887 1194 32 29 kg
935 1197 38 19 vä-

221 1229 78 28 gande
316 1230 67 27 räler,
400 1230 59 23 ökas
476 1230 131 23 kostnaden
624 1238 41 22 per
680 1231 125 22 kilometer
824 1230 62 22 bana
903 1231 70 27 ytter-

220 1264 75 30 ligare
320 1266 54 22 med
396 1272 18 16 c.
433 1270 67 23 3,200
516 1266 48 23 mk.
596 1266 87 23 Därvid
701 1267 76 22 måste
794 1266 72 22 likväl
883 1268 90 20 anmär-

220 1300 51 27 kas,
297 1302 34 21 att
356 1302 168 22 användandet
548 1302 24 22 af
597 1306 27 19 30
648 1303 53 28 kg:s
721 1302 87 22 skenor
822 1301 107 29 päkallar
945 1308 28 16 en

221 1336 90 30 ökning
327 1338 24 21 af
368 1337 168 23 bankbredden
554 1338 53 22 med
624 1345 18 15 c.
660 1342 30 23 0,s
707 1340 80 20 meter.
813 1338 46 22 Det
874 1337 47 22 kan
938 1337 36 23 för

217 1372 150 29 jämförelses
391 1373 63 23 skull
479 1374 102 29 förtjäna
606 1374 116 28 tilläggas,
740 1375 35 21 att
790 1372 133 24 kostnaden
939 1372 35 23 för

219 1407 72 29 rörlig
309 1409 106 22 materiel
433 1409 39 22 vid
488 1409 147 29 anläggning
652 1409 23 22 af
691 1416 47 22 nya
750 1411 133 27 järnvägar
898 1407 30 30 pä
938 1415 35 15 se-

220 1450 57 15 nare
301 1443 33 23 tid
358 1445 102 28 uppgätt
476 1445 35 22 till
529 1449 78 23 10,000
624 1445 13 22 a
655 1449 78 22 15,000
750 1444 70 23 mark
835 1443 43 24 och
895 1443 77 23 därut-

219 1479 72 27 öfver,
316 1479 35 23 för
374 1480 246 29 Helsingfors—Karis
645 1481 79 22 banan
748 1480 64 23 ända
835 1479 35 23 till
893 1483 80 23 22,700

291 1527 187 24 Järnvägsutskottets
490 1528 109 18 betänkande
611 1528 34 18 N:o
658 1529 16 17 1.
