1098 1731
243 100 12 20 2
425 98 85 23 Ständ.
527 98 39 24 Sv.
582 112 24 3 —
625 100 75 28 Prop.
716 100 44 22 N:o
776 100 38 21 25.

243 170 50 22 den
313 170 255 30 stämpelbevillning,
588 178 54 16 som
661 170 80 24 borde
760 172 105 28 utgöras
884 171 57 22 från
954 171 49 22 den

245 206 11 21 1
278 205 45 29 juli
344 205 64 23 1905
425 206 36 22 till
473 206 131 29 utgången
624 205 25 22 af
668 206 28 22 år
716 206 74 22 1907.

313 240 89 22 Denna
429 240 73 29 fråga
530 240 46 22 har
605 240 25 22 af
659 240 143 22 Ständerna
825 240 122 22 förehafts
967 240 36 22 till

242 274 157 30 behandling
417 275 7 21 i
443 275 184 29 sammanhang
656 275 57 22 med
741 275 94 29 nådiga
854 274 149 29 propositio-

244 315 79 16 nerna
342 309 67 22 N:ris
428 309 40 26 21,
487 310 32 21 22
539 310 47 22 och
605 310 33 22 23
660 310 133 29 angående
811 309 140 29 bevillning
964 309 39 22 för

243 343 163 29 tillverkning
425 344 26 22 af
469 344 177 29 maltdrycker,
666 344 139 29 bevillning
825 344 38 22 för
891 344 112 28 spelkort

244 379 65 21 samt
333 378 68 22 skatt
418 378 39 22 för
477 378 163 30 tillverkning
660 379 25 21 af
703 378 136 26 brännvin,
860 378 46 22 och
925 378 77 22 hafva

245 412 143 22 Ständerna
407 413 91 22 därvid
517 413 39 22 för
576 413 37 22 sin
633 413 40 22 del
693 414 98 28 antagit
809 420 31 15 en
852 412 150 29 förordning

245 446 25 22 af
288 447 49 22 den
355 447 102 29 lydelse,
483 454 52 16 som
560 447 154 23 Ständernas
734 448 84 22 denna
837 447 51 29 dag
908 447 93 22 aflätna

243 481 177 29 underdåniga
447 482 208 22 svarsskrifvelse
680 483 8 21 i
708 482 137 29 anledning
865 482 25 22 af
909 482 93 28 nådiga

243 516 190 28 propositionen
453 517 131 29 angående
610 517 139 29 bevillning
777 517 39 21 för
839 516 163 29 tillverkning

244 550 26 22 af
288 550 169 29 maltdrycker
475 552 105 22 utvisar.

312 654 120 23 Finlands
453 654 108 23 Ständer
580 655 146 22 framhärda
745 656 44 21 etc.

314 758 165 29 Helsingfors,
500 759 48 22 den
570 759 30 22 15
622 759 63 28 april
706 759 75 22 1905.

376 1459 117 24 Helsingfors
507 1460 49 18 1905.
580 1460 116 23 Helsingfors
709 1460 162 22 Centraltryckeri.
