1103 1753
233 156 11 20 2
453 157 27 22 U.
500 155 26 24 B.
542 170 28 2 —
585 157 74 28 Prop.
676 157 44 22 N:o
737 155 37 24 24.

233 225 76 21 drades
325 227 30 20 ett
369 227 66 20 större
450 227 74 27 änslag
538 227 71 27 än'för
625 227 61 20 1904.
716 226 49 21 Men
783 226 26 21 dä
820 227 68 28 någon
903 227 89 28 bristypä

235 259 71 22 medel
321 262 30 19 att
366 260 87 22 betäcka
468 267 26 15 en
511 261 53 21 ökad
581 261 115 28 totalutgift
715 262 18 27 ej
750 268 37 15 var
802 264 30 19 att
848 261 77 28 befara,
941 261 51 28 god-

235 293 70 22 kände
321 294 118 22 Ständerna
454 295 65 21 bland
534 297 65 20 annat
614 295 27 22 de
656 295 103 22 särskilda
775 296 100 27 anslagen
891 297 33 20 för
938 295 54 22 folk-

235 328 162 23 skoleväsendet
417 332 30 19 att
469 330 50 27 utgä
534 330 32 21 till
582 330 26 21 de
625 330 75 28 belopp
714 331 40 20 och
770 331 66 27 enligt
852 330 26 21 de
893 330 98 28 grunder,

235 369 46 15 som
297 370 50 14 voro
362 364 110 21 faststälda
486 364 33 21 för
534 364 168 28 finansperioden
721 365 147 27 1901—1904,
879 364 54 22 intill
944 364 48 21 dess

234 397 235 29 bevillningsbudgeten
484 398 33 22 för
532 399 100 27 perioden
650 399 139 21 1905—1907
805 398 71 22 blifvit
891 398 101 28 faststäld,

235 432 55 21 dock
305 433 135 28 icke-längre
455 433 74 27 än5till
545 433 107 28 utgången
666 434 21 20 af
702 434 23 20 är
740 434 61 21 1905.

302 467 158 22 Statsutskottet
483 468 37 21 har
543 474 29 14 nu
592 470 48 19 sent
662 468 97 26 omsider,
782 468 34 21 vid
840 468 40 21 den
897 468 95 21 normala

232 501 183 29 landtdagstidens
430 502 86 28 utgäng,
530 503 46 21 frän
592 502 229 28 Finansexpeditionen
838 504 6 20 i
857 503 26 21 K.
899 502 92 22 Senaten

233 535 40 22 fätt
293 539 92 25 mottaga
400 538 132 27 redogörelse
549 538 32 20 för
596 537 143 22 statsfondens
754 538 101 27 ställning
871 538 49 20 ären
937 537 54 21 1903

234 571 41 21 och
291 572 55 20 1904
360 572 65 27 jämte
443 578 25 15 en
486 572 153 28 approximativ
651 572 70 27 kalkyl
738 573 60 20 öfver
812 572 49 22 dess
876 572 116 21 inkomster

235 606 39 20 och
290 606 105 21 ordinarie
412 606 85 28 utgifter
513 606 67 22 under
595 606 169 28 finansperioden
782 607 146 21 1905—1907.
952 606 40 22 Ut-

234 640 78 22 skottet
328 640 94 22 befinner
437 642 31 26 sig
484 642 81 20 säledes
581 642 46 20 icke
644 648 57 14 mera
716 642 6 20 i
739 641 101 21 afsaknad
866 642 21 20 af
909 641 82 27 möjlig-

234 675 63 21 heten
314 677 30 19 att
359 678 92 25 uppgöra
468 676 208 27 bevillningsbudget
699 676 33 21 för
754 676 144 21 innevarande
913 676 78 20 finans-

235 709 79 27 period.
345 709 49 22 Men
418 710 26 21 dä
466 710 117 21 Ständerna
606 711 39 20 den
663 711 10 20 7
690 711 52 27 april
764 710 87 21 beslutit
868 711 38 20 hos
921 710 26 21 H.
963 709 28 22 M.

235 745 51 26 göra
309 751 26 14 en
358 745 126 21 hemställan
508 752 33 13 om
564 745 140 28 landtdagens
726 745 136 28 ajournering
880 745 27 27 pä
922 745 69 27 grund

237 778 60 21 däraf
311 781 31 19 att
357 778 133 29 fullständigt
506 786 48 14 svar
569 779 26 28 pä
609 780 116 27 petitionen
743 780 21 21 af
779 779 41 21 den
838 780 25 21 31
880 779 44 21 dec.
936 779 55 21 1904

234 813 47 21 icke
298 815 58 19 ännu
372 815 76 20 hunnit
463 814 96 28 anlända,
575 815 39 20 och
630 814 26 28 pä
671 814 68 27 grund
756 814 20 21 af
792 816 30 19 att
830 814 35 21 det
873 814 68 21 under
949 813 42 22 den

236 848 123 21 nuvarande
381 849 97 27 politiska
501 849 128 21 situationen
645 849 104 21 mähända
764 849 47 20 icke
826 848 53 21 läter
893 849 32 27 sig
940 850 50 26 göra

234 884 31 20 att
280 883 65 22 redan
361 884 57 21 inom
434 884 47 21 kort
496 884 29 21 tid
542 884 74 27 bringa
632 884 31 21 till
678 883 116 28 afgörande
809 883 26 22 de
852 883 74 28 frägor,
937 883 53 21 hvil-

233 917 38 21 kas
287 918 193 21 tillfredsställande
496 919 83 27 lösning
595 919 105 21 erfordras
713 919 32 20 för
760 920 30 19 att
805 918 102 28 ätergifva
918 918 72 21 landet

233 952 36 21 det
285 953 53 21 fasta
351 953 40 21 och
405 953 93 21 ordnade
514 953 152 26 rättstillständ,
682 960 45 14 som
743 955 23 18 är
781 953 21 20 af
817 953 114 27 afgörande
954 953 36 20 be-

234 987 83 26 tydelse
340 988 32 20 för
397 988 40 21 den
461 988 85 27 slutliga
568 988 188 27 handläggningen
779 987 22 21 af
823 989 30 19 ett
874 987 69 21 flertal
958 987 31 20 till

233 1021 129 28 landtdagen
386 1023 126 26 hänskjutna
536 1023 100 26 ärenden,
652 1023 22 20 sä
690 1029 62 14 anser
768 1022 112 26 Utskottet,
895 1028 45 14 som
957 1024 33 18 ut-

232 1056 46 27 gätt
293 1056 45 20 frän
355 1056 40 21 den
412 1057 154 27 förutsättning,
578 1059 29 19 att
620 1057 127 21 Ständernas
758 1055 124 22 hemställan
894 1056 95 20 kommer

232 1092 32 19 att
279 1090 90 27 bifallas,
384 1092 32 26 sig
432 1092 32 20 för
480 1092 130 20 närvarande
626 1092 50 20 böra
698 1090 77 22 föreslä
797 1090 155 28 godkännande
968 1090 21 20 af

232 1125 76 21 endast
327 1132 26 14 en
377 1128 105 26 temporär
511 1126 128 28 anslagsstat
661 1126 33 21 för
723 1125 207 22 folkskoleväsendet
960 1127 29 19 att

231 1159 58 27 gälla
305 1160 31 20 till
351 1160 107 28 utgången
474 1161 21 21 af
510 1160 143 22 innevarande
670 1160 28 21 är.

303 1264 32 21 De
358 1265 29 20 uti
413 1265 40 21 den
476 1264 76 28 nädiga
574 1264 157 28 propositionen
748 1264 110 27 angäende
874 1263 73 27 anslag
963 1269 25 15 ur

233 1298 198 28 bevillningsmedel
454 1299 32 21 för
508 1298 206 22 folkskoleväsendet
736 1298 68 21 under
827 1298 49 21 åren
903 1298 84 20 1905—

231 1334 54 20 1907
309 1334 78 20 äskade
411 1334 100 27 bidragen
534 1333 80 21 fördela
637 1334 32 26 sig
691 1333 26 27 pä
740 1332 93 28 följande
856 1334 80 26 poster:
954 1334 32 19 1:0

230 1368 75 27 bidrag
327 1368 31 20 till
381 1368 206 21 folkskoleväsendet
609 1368 7 20 i
639 1368 104 26 städerna,
765 1368 32 20 2:0
821 1367 73 27 bidrag
910 1366 31 22 till
956 1367 30 20 af-

229 1402 93 21 lönande
338 1402 21 21 af
373 1402 41 21 den
431 1402 103 27 egentliga
550 1402 193 27 lärarepersonalen
760 1401 34 20 vid
806 1401 144 21 folkskolorna
960 1402 26 26 pä

228 1436 79 27 landet,
323 1437 34 20 3:o
373 1437 73 27 bidrag
462 1437 31 20 till
508 1436 121 21 aflönandet
644 1437 20 20 af
682 1436 68 21 lärare
765 1436 40 21 och
820 1435 117 21 lärarinnor
952 1435 33 21 för

228 1471 55 27 slöjd
299 1471 39 21 och
353 1471 150 28 handarbeten,
520 1472 34 20 4:0
570 1471 73 27 anslag
659 1471 31 20 till
705 1469 196 28 löneförhöjningar
913 1469 21 21 ät
945 1470 39 21 den

298 1517 142 18 Statsutskottets
452 1517 112 18 betänkande
577 1519 38 16 N:o
629 1517 18 18 6.
