1103 1753
263 129 25 21 12
565 131 41 21 N:o
623 132 27 20 18

232 198 439 30 Haapamäki—dJyväskylä—Suolabti
701 200 43 21 och
774 200 110 21 Savolaks
907 199 81 21 banan.

235 232 134 22 Densamme
387 233 75 21 blefve
481 234 119 28 nämligen
615 234 8 20 i
638 234 71 28 längd
727 234 106 28 omkring
847 234 28 21 81
890 234 39 21 km
945 233 41 22 och

233 266 109 22 beräknas
365 268 66 20 kosta
453 268 52 21 med
527 268 83 22 skenor
634 268 22 21 af
677 269 28 21 25
728 269 32 28 kg
782 268 51 28 vigt
855 276 39 20 per
917 270 72 19 meter

232 300 115 29 6,500,000
361 302 70 28 mark,
446 302 84 22 medan
542 302 98 28 linjerna
651 303 191 29 Jyväskylä—S:t
851 302 83 22 Michel
945 302 40 22 och

232 331 128 39 Jyväskylä
384 331 157 39 Pieksämäki,
565 338 29 27 pä
614 339 46 19 sätt
679 338 69 21 ofvan
764 337 109 28 angifvits
888 336 76 21 blefve
979 336 9 21 i

232 369 72 28 längd
320 377 57 21 resp.
397 371 57 27 111,9
471 371 39 21 km
526 371 40 22 och
583 371 58 28 94,84
656 372 39 21 km
711 374 58 19 samt
785 371 121 22 beräknats
922 371 66 21 kosta

232 403 52 22 med
294 404 82 22 skenor
386 405 23 21 af
419 405 68 28 22,343
496 406 32 27 kg
535 405 52 28 vigt
596 413 40 20 per
643 409 72 18 meter
722 413 57 21 resp.
789 405 127 29 10,220,000
923 405 64 21 mark

232 438 43 21 och
290 438 114 29 7,922,000
418 441 70 27 mark,
505 440 100 28 hvartill,
622 441 7 21 i
644 441 109 22 händelse
768 440 120 30 skenor
860 434 28 40 af
900 441 28 20 25
938 440 50 28 kg:s

231 473 52 28 vigt
298 481 40 20 per
352 477 72 19 meter
439 475 73 22 skulle
528 475 124 28 användas,
663 477 134 27 ytterligare
809 475 111 22 erfordras
930 481 58 22 resp.

232 507 93 28 248,000
339 509 43 21 och
393 509 93 28 209,500
495 510 44 21 mk.
562 510 116 28 Derjemte
689 511 74 21 skulle
774 518 28 13 en
813 510 59 21 bana
882 509 104 22 Suolahti

232 542 175 29 —Suonnejoki,
423 543 79 22 afsedd
517 551 47 14 som
581 544 44 21 den
638 552 53 13 vore
702 547 34 18 att
746 545 39 21 vid
795 543 124 22 Kivisalmi
929 543 59 22 sund

231 577 30 27 gä
277 576 63 22 öfver
355 577 132 22 Konnevesi
502 579 43 20 och
560 579 123 21 berörande
699 579 155 21 hufvuddelen
870 578 22 21 af
902 579 85 20 Rauta-

231 611 72 28 lampi
326 612 89 22 socken,
438 613 48 21 lösa
504 613 149 22 förenämnda
671 613 166 28 kanaliserings
852 612 77 29 frägor
944 613 43 21 och

233 645 80 28 bringa
331 646 8 21 i
357 646 138 22 förbindelse
518 647 52 22 med
591 647 172 29 jernvägsnätet
786 647 140 21 vidsträckta
945 647 41 21 och

231 679 73 22 delvis
326 681 69 21 redan
418 688 83 20 genom
519 682 156 27 regelbunden
691 681 294 29 ängbätskommunikation

232 714 167 28 tillgodosedda
413 715 60 28 sjöar
488 715 8 21 i
512 718 33 18 ett
561 716 97 27 omräde,
673 716 90 21 hvilket
773 716 45 21 kan
829 716 110 20 beräknas
950 715 36 21 till

232 751 101 19 närmare
349 750 64 27 3,000
428 750 222 22 kvadratkilometer.
675 750 43 22 Vid
732 750 133 22 utförandet
880 749 22 22 af
912 750 74 20 denna

230 782 96 29 jernväg
341 790 68 22 synas
424 785 58 20 räler
498 784 23 21 af
536 792 86 14 samma
636 785 51 28 vigt
703 786 55 20 eller
773 785 28 21 25
812 785 31 27 kg
857 792 40 20 per
908 786 77 26 meter,

231 824 49 14 som
291 818 111 21 användts
413 818 38 22 vid
460 819 189 27 Haapamäki
649 818 248 30 Jyväskylä
771 814 14 38 —
790 818 106 30 Suolahti
905 818 81 28 banan,

232 852 54 21 böra
302 853 121 21 användas.

302 1030 98 22 Landets
416 1031 97 21 Ständer
528 1031 68 22 hafva
611 1032 40 21 vid
665 1032 54 21 tlere
730 1032 112 21 särskilda
851 1032 137 27 landtdagar

229 1063 84 28 jemväl
333 1064 111 29 handlagt
459 1065 81 28 frägan
556 1073 36 14 om
608 1066 113 21 Karelska
735 1066 87 21 banans
837 1065 150 28 förlängning

229 1098 37 21 till
281 1098 96 22 Nurmes
393 1099 42 21 och
446 1102 100 19 närmast
556 1100 8 21 i
575 1100 125 28 anledning
711 1099 23 22 af
744 1100 28 21 de
782 1099 204 28 petitionsförslag,

230 1139 48 14 som
294 1132 38 21 vid
349 1133 56 21 1900
420 1134 35 20 ärs
470 1133 111 28 landtdag
596 1134 8 20 i
620 1134 100 21 Ständen
737 1133 130 27 inlemnats,
884 1133 5 20 i
906 1133 81 21 under-

230 1166 110 28 dänighet
355 1167 107 21 anhällit:

437 1233 33 18 att
500 1231 36 20 till
564 1231 127 21 Ständerna
716 1230 40 22 vid
780 1230 206 22 mnästinstundando

366 1264 112 28 landtdag
500 1266 70 20 mätte
594 1265 78 21 aflätas
692 1265 77 28 Nädig
787 1264 142 28 proposition
948 1272 39 13 an-

367 1298 87 28 gäende
474 1298 122 28 byggando
615 1299 23 21 af
656 1307 27 13 en
698 1299 97 28 jernväg
810 1298 52 22 frän
877 1298 109 28 Joensuu,

367 1333 110 28 antingen
500 1333 64 21 öfver
582 1334 136 28 Uimaharju
736 1334 37 20 till
788 1333 85 21 Lieksa
888 1336 98 18 österom

366 1367 130 28 Pielisjärvi
522 1367 34 28 sjö
581 1368 55 20 eller
662 1375 84 21 genom
772 1368 77 20 Juuka
874 1369 112 19 vesterom

367 1408 84 14 samma
468 1401 40 28 sjö,
523 1402 35 20 till
576 1402 101 21 Nurmes.
