1106 1756
332 188 80 28 Enligt
434 188 139 29 stadgandet
595 188 35 22 uti
653 189 14 29 &
687 192 28 19 37
733 189 24 21 af
771 189 25 21 L.
815 189 25 22 O.
858 196 53 22 eger
926 188 85 22 Bevill-

261 223 180 29 ningsutskottet
457 226 40 24 att,
514 224 72 22 sedan
601 224 173 29 bevillningens
791 224 84 30 belopp
886 224 77 22 blifvit
973 224 38 22 be-

262 259 90 26 stämdt,
368 260 84 21 föreslå
469 260 132 28 grunderna
617 261 42 21 och
675 263 68 19 sättet
758 261 37 22 för
811 261 53 21 dess
879 260 132 28 fördelning

261 295 43 21 och
319 295 8 21 i
343 296 166 28 sammanhang
525 296 95 22 därmed
634 296 35 22 till
685 296 130 22 Ständerna
826 296 89 29 afgifva
924 295 87 29 förslag

260 330 35 22 till
311 330 241 30 bevillningsstadgar.

332 367 46 21 För
401 370 32 18 att
456 368 125 21 medhinna
599 368 38 21 sitt
652 368 107 29 uppdrag
774 368 42 21 har
831 368 180 28 Bevillningsut-

261 402 85 22 skottet
361 403 41 21 vid
416 403 141 29 föregående
573 404 148 28 Landtdagar
741 404 76 22 städse
834 406 45 19 sett
894 404 36 28 sig
944 406 67 19 tvun-

262 441 39 26 get
324 440 33 20 att
380 438 34 22 till
432 439 143 29 behandling
591 442 102 27 upptaga
709 440 28 22 de
753 440 34 21 till
803 440 118 21 Utskottet
936 439 75 22 remit-

260 475 79 21 terade
355 475 206 29 propositionerna,
578 478 56 19 utan
651 479 32 18 att
699 477 94 21 afvakta
817 476 140 21 Ständernas
973 475 38 22 be-

261 510 63 21 slut
316 506 13 38 i
336 511 125 28 anledning
473 511 22 22 af
511 511 108 29 kalkylen
637 512 65 21 öfver
718 512 155 21 Statsverkets
890 512 121 28 tillgångar

261 547 43 20 och
318 546 79 26 behof;
415 547 42 22 och
473 547 41 22 har
531 548 75 21 denna
621 548 135 22 häfdvunna
772 547 99 29 ordning
887 548 36 21 för
933 547 78 22 bevill-

260 582 189 29 ningsfrågornas
474 583 128 29 beredning
615 583 85 29 jemväl
717 584 24 21 af
755 583 257 29 Bevillningsutskottet

261 617 40 22 vid
320 618 75 21 denna
413 619 124 28 Landtdag
552 619 125 29 iakttagits.
708 620 52 21 Den
776 619 85 28 nådiga
877 619 134 28 propositio-

260 661 46 14 nen
329 653 42 22 har
395 654 22 21 af
436 655 118 21 Utskottet
569 655 122 28 handlagts
708 655 73 22 under
797 655 166 28 förutsättning
979 657 33 19 att

260 689 40 21 det
318 689 34 22 uti
369 690 86 29 nådiga
478 691 172 28 propositionen
673 692 42 21 N:o
735 695 36 22 26,
791 691 120 28 angående
927 691 28 21 de
971 691 40 21 vid

261 726 77 22 denna
355 725 123 30 Landtdag
495 727 83 22 äskade
595 727 80 28 anslag
691 730 59 19 samt
761 729 128 26 utvägarna
899 727 35 21 till
945 727 66 21 deras

259 762 154 27 bestridande,
434 763 147 28 kalkylerade
598 763 83 28 belopp
699 763 57 21 skall
772 763 107 21 befinnas
896 765 115 19 motsvara

261 799 209 28 anslagsbehofvet.
501 799 36 20 Dä
557 798 117 22 Utskottet
694 807 31 13 nu
741 799 34 21 till
793 798 128 21 Ständerna
937 798 74 21 öfver-

260 833 88 22 lämnar
369 835 75 21 kande
469 835 41 21 och
534 834 87 29 förslag
644 834 7 21 i
669 837 82 24 ämnet,
776 837 99 18 emotser
895 834 118 21 Utskottet

261 869 88 22 således
378 870 150 28 möjligheten
554 870 23 21 af
601 872 37 23 att,
663 871 72 20 sedan
758 869 170 29 bevillningens
947 869 65 22 total-

261 906 83 28 belopp
365 907 23 20 af
405 906 128 21 Ständerna
549 906 117 21 definitivt
681 906 111 21 bestämts
809 905 118 22 Utskottet
941 908 70 26 ytter-

260 941 71 28 ligare
347 942 45 21 kan
408 942 72 21 varda
496 942 77 28 ålagdt
590 944 33 19 att
634 942 88 28 afgifva
733 943 40 20 det
783 941 93 28 slutliga
887 941 124 26 utlåtande,

260 984 49 14 som
326 977 23 21 af
366 977 226 28 omständigheterna
607 978 46 21 kan
668 978 109 28 påkallas.

330 1013 41 21 Uti
395 1013 45 22 den
463 1013 84 28 nådiga
570 1014 172 28 propositionen
766 1013 97 22 föreslås
882 1013 129 28 förnyande

260 1049 24 20 af
307 1049 255 28 stämpelbevillningen
585 1049 36 22 för
644 1049 64 22 tiden
729 1050 52 21 från
798 1049 46 21 den
863 1052 9 19 1
889 1049 48 22 Juli
955 1051 55 20 1905

260 1084 34 21 till
312 1087 119 26 utgången
448 1085 23 21 af
487 1088 24 18 år
529 1088 54 19 1907
601 1088 58 19 samt
675 1088 34 19 att
724 1085 91 22 skatten
832 1087 69 19 måtte
917 1087 94 26 utgöras

259 1119 8 22 i
283 1120 132 22 hufvudsak
431 1121 58 21 efter
505 1121 120 21 enahanda
641 1121 107 28 grunder,
766 1128 49 14 som
832 1121 29 20 de
879 1121 72 21 hittils
965 1121 46 28 gäl-

258 1155 75 22 lande.
365 1156 124 26 Utskottet,
507 1164 49 14 som
580 1157 69 21 äfven
671 1157 37 22 för
729 1157 36 21 sin
785 1157 37 20 del
841 1159 76 19 ansett
939 1159 72 26 några

260 1199 62 14 mera
337 1192 132 28 betydande
487 1192 142 29 principiella
650 1193 125 28 ändringar
791 1192 50 21 icke
858 1192 75 21 denna
950 1195 61 25 gång

259 1234 55 14 vara
330 1227 24 21 af
369 1228 226 28 omständigheterna
612 1229 127 27 påkallade,
747 1229 42 20 har
803 1228 34 21 uti
852 1227 159 29 författnings-

258 1263 112 28 förslaget
396 1264 71 21 infört
481 1266 32 19 ett
533 1264 60 21 antal
609 1264 88 21 mindre
714 1263 130 28 väsentliga
859 1263 151 28 förtydligan-

259 1298 51 26 den,
335 1299 34 21 till
393 1302 72 19 större
486 1299 67 22 delen
573 1300 136 21 föranledda
732 1299 24 22 af
778 1299 29 22 de
829 1299 180 28 önskningsmål,

260 1341 48 14 som
335 1335 23 21 af
383 1335 90 22 landets
499 1335 92 22 domare
617 1335 42 22 och
685 1335 75 28 öfriga
792 1335 162 28 myndigheter
977 1335 32 21 uti

260 1369 66 23 deras
345 1371 71 21 ofvan
432 1371 150 22 omförmälda
599 1371 125 28 yttranden
748 1370 143 22 framhållits.
