1106 1753
800 146 28 20 81

424 212 27 20 20
468 208 20 30 8.

153 258 155 29 Stämplarnas
325 258 109 22 utseende
451 258 42 22 och
508 258 60 22 form
584 258 122 22 fastställes
724 258 25 22 af
758 259 72 21 Sena-

81 296 50 20 tens
142 294 292 29 Ekonomiedepartement,
446 302 48 14 som
504 294 86 28 jemväl
601 295 115 21 meddelar
727 298 104 18 närmare

83 330 141 22 föreskrifter
248 330 96 22 rörande
368 332 69 20 sättet
460 330 36 22 för
515 330 150 29 stämplarnas
682 330 148 27 makulering.

424 416 27 19 21
468 413 20 29 8.

153 462 46 21 För
222 464 33 19 att
277 462 171 22 tillhandahålla
472 462 151 22 allmänheten
646 462 186 29 stämpelpapper

82 498 42 21 och
140 497 191 29 stämpelmärken
343 499 57 21 skall
411 498 7 21 i
429 498 80 29 hvarje
520 498 51 21 stad
582 501 58 19 samt
651 498 7 21 i
669 497 80 29 hvarje
760 498 71 29 tings-

82 533 37 28 lag
136 536 94 26 antagas
247 533 57 22 efter
320 534 72 21 behof
402 542 28 14 en
442 535 53 20 eller
503 535 59 20 flera
570 533 126 28 försäljare,
704 535 41 20 hos
754 534 78 21 hvilka

82 569 28 21 de
135 571 58 19 mest
216 569 114 29 behöfliga
353 570 87 21 värden
464 570 55 22 böra
538 570 75 21 finnas
634 572 32 19 att
684 570 70 28 tillgå.
786 570 46 21 Vid

82 604 74 22 finska
171 605 219 29 Passexpeditionen
405 606 6 20 i
424 606 33 21 S:t
467 606 139 28 Petersburg
616 606 42 21 bör
666 606 86 28 jemväl
761 606 70 28 lämp-

82 641 32 28 lig
130 640 119 29 försäljare
266 642 114 26 anställas,
396 642 36 21 för
450 644 32 19 att
497 642 171 22 tillhandahålla
680 642 152 21 allmänheten

84 677 28 21 de
128 677 88 21 valörer
233 677 25 21 af
272 678 185 28 stämpelpapper
474 678 41 22 och
527 678 198 28 stämpelmärken,
736 685 49 14 som
796 677 36 22 för

84 712 108 22 behofvet
208 713 116 22 därstädes
340 714 78 21 kunna
434 713 120 22 erfordras.
576 714 73 21 Dessa
660 713 118 28 försäljare
790 721 42 20 ega

83 748 36 21 för
130 749 80 26 medel,
222 757 48 14 som
283 757 82 21 genom
376 750 167 29 försäljningen
554 750 90 29 inflyta,
656 751 7 20 i
674 749 157 29 försäljnings-

83 785 117 28 provision
224 786 100 21 beräkna
344 786 36 29 sig
398 787 35 20 till
449 787 67 28 godo,
532 786 8 21 i
556 786 144 29 Helsingfors
716 789 41 23 tre,
774 786 7 21 i
798 786 34 21 S:t

82 821 139 28 Petersburg
245 822 42 21 och
310 822 75 29 öfriga
404 823 76 21 städer
496 823 52 28 fyra
563 825 102 26 procent,
682 822 42 22 och
739 823 30 28 på
784 822 46 21 lan-

84 856 38 21 det
145 857 35 21 för
203 857 93 22 influtet
320 858 84 29 belopp
429 858 25 21 af
474 859 60 21 ända
549 859 35 20 till
600 861 89 18 ettusen
705 858 64 21 mark
785 859 47 20 åtta

84 895 94 25 procent
202 896 58 18 samt
283 893 51 29 fyra
358 896 95 26 procent
478 894 34 21 för
535 895 61 21 hvad
613 902 103 14 summan
733 893 36 22 för
784 895 48 20 året

82 927 46 22 kan
151 931 81 26 utgöra
248 929 139 27 därutöfver,
404 929 93 22 hvilken
513 930 116 29 provision
645 929 119 28 försäljare
779 937 53 20 eger

82 964 7 20 i
106 964 134 28 afgifvande
263 966 149 28 redovisning
434 966 36 21 för
494 967 28 20 de
538 966 100 21 influtna
654 966 90 21 medlen
760 965 73 22 räkna

82 999 36 29 sig
134 1000 34 21 till
184 1001 60 28 godo
261 1002 42 21 och
319 1002 114 21 innehålla
449 1003 39 21 vid
505 1002 101 22 medlens
622 1002 133 27 leverering.

423 1088 28 19 22
468 1085 20 28 8.

153 1131 225 30 Försäljningsställe
401 1134 57 21 skall
481 1134 71 21 hållas
570 1134 36 21 för
623 1133 151 22 allmänheten
789 1133 43 21 till-

82 1168 104 28 gängligt
205 1168 80 29 hvarje
301 1169 141 29 söckendag:
458 1170 7 21 i
482 1170 52 21 stad
549 1169 51 22 från
615 1169 98 22 klockan
729 1169 37 21 nio
783 1168 50 22 före

81 1203 124 29 middagen
220 1204 34 21 till
270 1206 40 20 två
330 1204 58 22 efter
404 1205 124 28 middagen
544 1206 42 21 och
601 1207 29 27 på
645 1205 160 28 landsbygden
821 1205 13 20 å

81 1239 41 26 tid,
148 1247 48 14 som
220 1239 119 30 försäljare
358 1248 83 21 genom
458 1241 79 28 anslag
553 1241 7 21 i
575 1241 199 28 kommunalstuga
790 1240 43 21 och

81 1275 113 28 tingsstad
221 1276 40 21 bör
285 1276 64 29 gifva
370 1277 152 22 allmänheten
538 1277 119 26 tillkänna;
675 1277 108 22 skolande
800 1277 33 20 ett

81 1311 115 29 exemplar
213 1311 25 22 af
252 1312 75 22 denna
342 1312 136 29 förordning
494 1313 64 22 alltid
576 1313 73 22 finnas
666 1315 12 20 å
693 1313 80 28 hvarje
788 1314 45 21 för-

82 1346 177 29 säljningsställe
275 1347 130 28 till”hands.

426 1416 28 20 23
470 1413 20 29 8.

152 1460 130 29 Försäljare
305 1463 37 19 må
365 1460 21 29 ej
412 1461 26 22 af
458 1462 86 28 köpare
568 1462 78 22 fordra
666 1470 62 14 mera
743 1465 29 19 än
788 1463 45 21 den

82 1503 88 15 summa
185 1498 71 20 hvarå
272 1498 112 27 stämpeln
400 1498 72 28 lyder.

798 1539 11 17 6
