1109 1753
269 130 11 20 2
578 129 43 22 N:o
640 132 24 20 19

236 204 57 14 rena
315 197 110 29 gällande
448 198 173 28 obligatoriska
643 198 243 28 brandförsäkringen
901 198 97 29 upphör,

237 232 25 21 åt
277 232 168 22 kommunerna
469 233 28 28 på
513 232 82 22 landet
611 233 156 21 öfverlemnas
783 234 36 20 att
834 232 38 22 till
887 232 113 29 pröfning

235 268 106 27 upptaga
363 266 44 22 och
429 267 84 29 afgöra
532 267 92 28 frågan,
641 267 116 22 huruvida
772 266 188 22 innehafvarena
975 268 26 20 af

236 300 109 22 hemman
361 301 44 21 och
421 301 74 22 andra
509 301 139 29 lägenheter
662 301 65 22 inom
739 302 155 21 kommunens
905 301 94 22 område

235 335 39 20 må
289 335 125 28 förpligtas
430 338 35 19 att
480 336 65 21 hålla
561 336 52 21 sina
623 336 139 29 byggnader
773 336 44 21 och
827 336 37 21 sin
874 336 38 21 för
922 336 76 21 landt-

235 368 184 30 hushållningen
446 369 157 29 erforderliga
629 370 78 29 öfriga
731 370 116 28 egendom
875 370 123 21 brandför-

235 403 106 22 säkrade.

304 438 119 29 Derjemte
439 439 43 21 och
498 446 49 14 som
564 438 242 29 brandförsäkringen
817 439 30 28 på
857 438 81 22 landet
946 446 52 14 san-

235 471 78 22 nolikt
328 472 91 22 komme
436 475 36 20 att
487 473 150 22 fortfarande
653 473 38 22 till
705 473 53 22 icke
769 473 69 28 ringa
849 473 38 22 del
897 473 101 22 förmed-

234 506 36 21 las
285 507 27 21 af
325 507 90 22 mindre
431 507 80 22 lokala
526 507 282 30 brandstodsföreningar
823 507 43 22 har
881 507 40 22 det
931 509 66 26 synts

234 541 149 28 nödvändigt
399 544 34 18 att
448 541 59 22 söka
522 542 39 21 för
576 542 45 21 den
638 542 115 28 ömsidiga
764 541 233 28 brandförsäkrings-

234 575 180 22 verksamheten
429 576 8 21 i
452 576 81 22 landet
549 576 162 22 åstadkomma
726 584 29 14 en
766 576 8 21 i
785 576 132 29 väsentliga
933 575 65 22 delar

233 609 104 22 likartad
361 610 42 22 och
427 611 48 21 fast
498 611 168 29 organisation,
688 610 151 29 hvarigenom
856 612 34 20 ett
905 611 25 21 så
946 610 51 22 vidt

234 644 94 28 möjligt
339 645 132 29 tryggande
479 645 149 22 förhållande
639 645 87 22 mellan
738 646 28 21 de
775 645 108 22 enskilda
891 645 105 21 riskerna

234 678 45 22 och
301 679 300 29 försäkringsföreningens
624 679 54 22 hela
697 679 249 28 ansvarighetsbelopp
963 680 33 20 äf-

233 719 96 15 vensom
349 721 29 13 en
396 713 105 29 jemnare
517 713 137 30 fördelning
669 713 74 22 under
759 713 78 22 skilda
853 714 25 21 år
894 713 26 22 af
935 713 61 22 dele-

233 754 86 21 garene
343 747 125 29 åliggande
490 749 101 28 utgifter
611 749 38 21 till
669 748 176 22 brandskadors
861 747 135 22 ersättande

233 781 79 22 kunde
332 783 79 27 ernås;
429 783 45 21 och
489 783 44 21 har
545 783 88 28 jemväl
649 783 28 21 de
693 783 79 22 lokala
788 782 208 29 försäkringsföre-

233 817 83 27 tagens
339 817 117 22 ställande
478 817 75 22 under
576 817 135 29 sakkunnig
732 817 144 28 inspektion,
897 817 8 21 i
920 816 76 22 likhet

233 850 54 21 med
309 851 62 21 hvad
387 851 72 22 redan
475 855 26 18 är
515 851 112 28 gällande
643 851 147 22 beträffande
807 851 80 28 dylika
903 851 93 28 företag

233 885 27 20 af
278 887 74 19 större
368 886 150 28 omfattning,
535 886 123 21 befunnits
674 893 56 14 vara
745 885 27 22 af
787 885 112 22 behofvet
914 885 80 28 påkal-

232 918 57 23 ladt.
319 920 12 21 I
349 920 84 21 sådant
457 921 110 20 afseende
590 920 43 21 har
652 921 65 21 Hans
733 920 136 29 Kejserliga
883 919 111 29 Majestät

233 953 8 21 i
257 954 72 21 nåder
351 954 64 22 velat
437 955 97 21 härmed
553 955 38 21 till
607 955 144 22 Ständernas
768 954 133 29 antagande
917 955 76 20 öfver-

232 988 78 21 lemna
326 991 34 19 ett
376 989 128 29 sålydande

269 1092 78 27 Förslag
364 1092 26 22 till
407 1092 56 28 nådig
478 1093 111 27 förordning
605 1093 101 27 angående
722 1092 236 27 brandstodsföreningar.

588 1151 13 26 8
619 1152 17 19 1.

300 1189 257 28 Brandstodsförening
577 1189 42 21 har
638 1189 37 22 till
691 1188 109 22 ändamål
817 1190 34 19 att
867 1191 62 18 emot
946 1188 46 21 för-

231 1223 233 28 säkringstagarenas
487 1223 141 28 ömsesidiga
649 1223 152 28 ansvarighet
820 1222 107 21 meddela
947 1223 46 20 för-

231 1257 96 28 säkring
343 1260 49 19 mot
407 1257 156 22 brandskada.

300 1291 269 29 Brandstodsförenings
589 1292 106 28 delegare
711 1296 39 17 äro
767 1291 54 22 dess
836 1291 157 28 försäkrings-

230 1327 88 26 tagare.

587 1361 11 27 8
616 1363 18 19 2.

298 1400 47 21 För
361 1400 253 28 brandstodsförening
629 1400 66 22 skola
705 1401 125 27 upprättas
842 1399 104 27 stadgar,
957 1399 35 21 uti

228 1433 87 29 hvilka,
332 1434 53 22 med
400 1434 153 29 iakttagande
565 1435 27 21 af
603 1436 36 20 att
649 1437 35 19 ett
694 1433 136 29 tryggande
841 1432 150 22 förhållande
