1106 1753
226 298 83 24 måner,
326 304 48 14 som
390 297 49 21 icke
457 300 37 18 äro
508 297 34 21 till
554 297 70 21 värde
634 296 8 21 i
653 304 54 21 pen-

226 332 81 28 ningar
323 334 91 24 utsatta,
432 333 53 21 eller
497 334 70 26 angår
577 333 141 25 kontraktet
712 328 10 37 |

228 368 80 21 endast
323 368 85 21 sådana
424 368 121 25 förmåner,
561 368 57 21 skall
629 368 7 20 i
648 367 61 22 förra

226 403 65 22 fallet
306 404 205 28 stämpelbeloppet
527 404 55 21 ökas
598 404 52 21 med
668 420 4 4 .

305 440 42 21 och
355 440 8 20 i
372 440 38 21 det
419 447 79 14 senare
506 440 64 21 fallet
578 439 132 21 kontraktet

228 475 72 22 förses
317 476 53 21 med
386 476 97 28 stämpel
498 475 35 21 till
549 475 83 29 belopp
650 474 25 22 af

304 506 37 27 Är
357 513 57 20 åter
429 514 89 26 någon
532 511 43 21 del
586 510 30 22 af
625 511 85 28 afgäl-

229 547 52 21 den
305 547 65 22 eller
393 548 79 28 legan
495 547 83 21 redan
601 547 109 28 gulden,

229 583 97 28 drager
348 584 160 21 kontraktet
531 583 116 29 stämpel
668 590 43 14 en-

230 619 60 21 dast
329 619 69 21 efter
437 619 45 21 det
513 619 109 29 belopp,
654 626 58 14 som

229 654 95 28 hvarje
340 656 72 27 gång
427 655 119 21 utsökes.

307 690 48 21 Har
380 690 36 21 för
441 690 199 29 nyttjanderätten
665 690 46 21 viss

230 727 152 28 köpeskilling
408 727 54 20 eller
489 726 68 28 afgift
579 725 77 22 blifvit
678 728 34 19 ut-

230 762 46 21 fäst
300 764 33 19 att
355 762 86 21 betalas
466 764 29 27 på
516 770 27 13 en
560 764 60 26 gång
636 761 76 22 eller
701 757 15 38 i

231 798 73 21 skilda
312 800 83 26 poster,
405 798 81 28 drager
497 798 138 25 kontraktet,
644 797 68 27 [utel.]

231 833 99 22 förutom
347 829 13 37 —
369 833 167 29 stämpelafgift
573 833 36 22 för
643 833 70 28 afgäl-

232 869 51 26 den,
307 869 40 22 där
371 870 70 21 sädan
458 869 77 22 blifvit
550 869 78 26 utfäst,
644 871 69 26 ytter-

232 905 72 28 ligare
326 905 174 28 stämpelafgift,
524 905 116 22 beräknad
657 904 58 21 efter

236 943 10 19 1
271 941 64 22 mark
358 941 36 21 för
417 941 58 21 fulla
498 943 41 19 100
556 941 64 21 mark
637 940 26 21 af
677 940 38 21 det

234 977 92 28 belopp,
343 984 48 15 som
408 977 94 21 erhälles
520 977 29 21 dä
560 977 44 20 den
616 976 100 29 oguldna

234 1013 66 21 delen
316 1012 26 22 af
355 1012 182 29 köpeskillingen
554 1012 54 21 eller
619 1011 96 29 afgiften

233 1048 99 21 fördelas
354 1050 30 26 pä
401 1048 38 20 det
455 1048 62 21 antal
534 1049 30 24 är,
580 1047 36 21 för
630 1047 88 21 hvilket

236 1084 79 21 aftalet
341 1086 61 19 ännu
429 1084 78 28 gäller,
534 1083 58 21 dock
618 1082 8 22 i
647 1082 69 29 ingen

236 1120 108 20 händelse
359 1119 36 21 för
411 1119 89 21 mindre
517 1122 28 18 än
557 1126 27 14 en
595 1118 122 29 tjugunde-

233 1155 37 21 del
285 1155 25 21 af
323 1155 100 21 nämnda
437 1155 160 28 köpeskilling,
612 1162 59 14 men
688 1154 31 21 dä

232 1191 165 21 kontraktet
429 1192 87 20 såsom
551 1190 168 28 fordrings-

233 1226 77 22 bevis
333 1226 44 22 för
398 1226 142 22 vinnande
562 1226 28 22 af
609 1226 111 21 inteck-

233 1262 69 28 ning
323 1262 68 22 eller
412 1262 146 28 betalning
578 1262 50 21 hos
648 1262 72 21 dom-

234 1298 54 22 stol
305 1298 66 21 eller
388 1298 137 21 exekutor
541 1298 119 25 företes,
676 1297 45 21 be-

233 1334 95 28 lägges
349 1334 154 21 detsamma
523 1334 60 20 med
604 1332 118 29 stämpel

234 1369 56 21 lika
311 1370 58 20 med
385 1369 198 28 förskrifning.

309 1405 107 21 Därest
452 1404 7 21 i
497 1404 136 22 kontrakt
675 1411 47 14 an-

235 1441 104 28 gående
365 1442 56 19 rätt
452 1440 45 21 till
527 1439 195 29 skogsafverk-

235 1476 66 28 ning
330 1476 172 28 vederlaget
534 1475 44 22 för
610 1475 114 21 afverk-

735 216 40 22 rr

805 124 26 19 71

854 297 117 24 Stämpelaf-

853 328 40 24 gift
905 327 31 18 för
947 327 28 18 af-

853 357 118 23 handlingar

849 387 83 19 emellan
945 392 34 12 en-

879 416 68 19 skilda.
