1103 1709
229 158 14 20 2
419 153 84 28 Ständ.
520 158 38 23 Sv.
575 172 27 2 —
618 158 74 29 Prop.
709 159 41 22 N:o
767 153 36 27 21.

229 230 38 21 för
285 230 153 28 tillverkning
456 230 24 21 af
498 229 164 29 maltdrycker.

298 264 12 22 I
334 264 146 29 underdånig
499 264 187 22 svarsskrifvelse
711 264 23 22 af
752 264 45 22 den
816 264 30 22 31
867 264 120 22 december

233 299 64 21 1904
316 299 13 22 å
347 299 73 22 Eders
443 299 132 29 Kejserliga
596 299 122 29 Majestäts
736 299 87 29 nådiga
842 299 144 29 proposition

229 341 37 14 n:o
288 334 37 27 12,
344 341 36 14 om
394 334 63 21 skatt
470 334 35 21 för
517 334 154 29 tillverkning
684 334 23 22 af
720 334 123 28 brännvin,
856 334 131 27 bevillning

229 368 37 21 för
285 368 154 29 tillverkning
458 368 23 22 af
499 368 163 29 maltdrycker,
682 368 130 29 bevillning
831 369 35 21 för
883 368 104 29 spelkort

229 405 62 19 samt
314 403 230 28 stämpelbevillning
567 403 74 21 under
665 403 25 21 år
710 403 72 28 1905,
807 401 118 24 äfvensom
947 410 40 15 an-

228 437 90 28 gående
351 437 140 29 provisionel
521 437 118 29 reglering
668 438 24 21 af
719 437 267 29 bevillningsbudgeten,

228 471 72 22 hafva
325 471 137 29 Ständerna,
487 472 75 21 under
582 472 168 22 framhållande
770 473 23 20 af
817 475 35 19 att
870 471 116 23 statsbud-

228 508 82 26 getens
337 507 117 28 reglering
482 507 44 21 och
554 506 138 23 anvisandet
719 507 23 22 af
769 506 217 29 bevillningsmedel

229 541 48 21 står
295 541 8 21 i
321 545 58 18 nära
397 541 112 22 samband
528 541 52 22 med
598 541 83 29 frågan
708 549 36 14 om
763 541 45 22 den
826 541 88 29 lagliga
936 540 50 23 ord-

228 575 100 29 ningens
356 575 166 22 återställande
546 576 8 21 i
579 575 85 29 landet,
688 576 188 28 tillkännagifvit
902 578 35 19 att
958 575 27 22 de

229 610 92 29 antagit
347 617 28 15 en
400 610 136 29 förordning
563 610 121 29 angående
708 611 67 22 dessa
799 611 89 22 skatter
912 610 73 22 under

228 645 62 21 förra
317 644 89 23 hälften
425 646 23 21 af
468 645 25 22 år
515 645 69 22 1905.
621 645 100 22 Jämlikt
747 645 77 22 denna
848 645 137 28 förordning

228 679 76 22 skulle
325 679 117 22 desamma
469 680 107 29 erläggas
600 679 74 29 enligt
698 680 28 21 de
750 679 109 30 grunder,
884 687 49 14 som
951 679 34 22 för

228 714 57 21 åren
316 714 71 27 1901,
412 714 72 28 1902,
506 715 64 21 1903
596 715 43 21 och
668 714 64 22 1904
751 715 76 21 finnas
845 714 140 29 stadgade
970 710 18 37 i

227 748 88 29 nådiga
346 748 196 29 förordningarna
566 749 23 22 af
617 749 44 21 den
689 749 15 22 4
733 749 43 22 och
804 749 29 21 21
865 748 121 22 december

230 783 65 21 1900
321 783 120 28 angående
464 782 66 23 dessa
549 783 96 28 skatter,
663 783 43 22 och
724 783 76 22 skulle
824 783 161 29 stadgandena

227 817 8 21 i
261 817 129 29 åberopade
414 817 164 30 förordningar
602 818 86 29 jämväl
712 818 8 21 i
738 818 76 28 öfriga
833 817 64 23 delar
915 817 70 22 lända

227 851 37 22 till
289 852 154 22 efterrättelse
468 852 51 23 från
543 852 44 23 den
609 853 10 21 1
641 853 91 28 januari
754 852 63 23 1905
840 853 38 22 till
902 853 83 28 utgån-

226 894 46 21 gen
299 887 24 22 af
349 887 51 29 juni
427 887 83 22 månad
538 887 72 29 sagda
635 888 31 27 år,
694 890 60 19 samt
776 887 161 22 inkomsterna
962 887 23 22 af

227 921 174 22 ofvannämnda
434 921 233 30 —bevillningsskatter
694 923 120 21 äfvensom
841 922 28 21 de
897 921 87 29 anslag,

227 955 82 22 hvilka
328 956 51 22 från
399 956 67 22 dessa
483 957 129 22 inkomster
629 957 63 28 utgå,
707 957 109 22 bokföras
835 957 74 21 under
927 964 58 14 sam-

226 998 38 14 ma
287 990 82 22 fonder
391 990 43 22 och
456 991 58 22 efter
526 991 123 22 enahanda
672 991 104 29 grunder
794 998 48 15 som
861 991 123 22 därintills.

296 1025 12 21 I
326 1025 167 29 sammanhang
510 1025 53 22 med
575 1026 152 21 förevarande
740 1025 87 29 nådiga
840 1025 144 30 proposition

227 1067 37 14 om
291 1059 132 29 bevillning
449 1059 36 22 för
508 1060 155 29 tillverkning
686 1061 24 21 af
734 1059 157 29 maltdrycker
915 1059 70 22 hafva

227 1093 131 22 Ständerna
383 1094 37 21 till
444 1094 144 29 behandling
608 1095 110 28 upptagit
739 1095 87 29 jämväl
848 1094 137 29 propositio-

226 1135 73 15 nerna
323 1129 62 21 N:ris
411 1129 37 27 22,
474 1129 30 21 23
531 1129 43 22 och
599 1129 31 22 25
656 1129 120 28 angående
800 1129 130 28 bevillning
948 1129 37 21 för

225 1163 110 28 spelkort,
355 1163 64 21 skatt
436 1163 36 21 för
490 1163 153 29 tillverkning
662 1163 22 22 af
703 1164 115 21 brännvin
838 1165 60 20 samt
916 1165 68 20 stäm-

225 1197 179 28 pelbevillning,
423 1197 43 22 och
484 1197 82 23 därvid
586 1198 92 28 antagit
693 1205 28 14 en
735 1198 95 21 fortsatt
843 1198 141 29 provisorisk

226 1231 131 29 bevillning
375 1231 24 22 af
416 1232 109 29 samtliga
543 1240 32 14 nu
593 1232 101 22 nämnda
712 1233 90 21 skatter
819 1232 74 22 under
905 1239 79 14 senare

225 1265 101 22 halfåret
353 1266 63 21 1905
441 1269 35 19 att
498 1267 116 29 uppbäras
632 1267 42 21 och
693 1267 111 22 bokföras
823 1267 74 28 enligt
915 1266 27 21 de
961 1267 24 21 af

226 1300 132 22 Ständerna
385 1300 39 22 vid
452 1301 173 22 fastställandet
651 1301 23 22 af
702 1301 282 29 bevillningsprovisoriet

224 1334 37 22 för
279 1335 158 22 innevarande
456 1336 36 21 års
510 1336 62 21 förra
590 1336 60 21 hälft
668 1335 120 22 bestämda
806 1335 109 29 grunder.

294 1369 173 30 Afkastningen
488 1370 22 21 af
528 1370 75 21 nedan
622 1370 102 22 nämnda
739 1370 159 29 bevillningar
911 1370 35 21 för
959 1370 25 21 år

227 1403 64 22 1905
316 1404 44 21 har
387 1404 23 21 af
437 1404 130 22 Ständerna
595 1405 143 28 kalkylerats
765 1405 37 21 till
823 1404 103 30 följande
945 1404 39 21 be-

223 1438 67 28 lopp:
