1103 1753
235 149 28 21 14
451 150 28 22 U.
496 150 27 22 B.
540 163 26 3 -—
583 150 72 28 Prop.
674 151 42 21 N:o
732 150 36 22 24.

233 217 23 21 af
278 218 76 25 13,000
377 218 59 22 mark
459 225 34 15 om
519 219 45 21 året
587 219 51 21 eller
660 219 32 21 för
716 222 32 18 tre
771 219 24 21 år
819 220 75 21 inalles
915 220 76 26 39,000

233 252 67 22 mark.

301 426 42 21 Det
365 426 34 21 vid
417 427 100 20 sednaste
535 427 103 26 landtdag
652 427 27 26 på
695 426 130 21 Ständernas
841 426 90 21 initiativ
948 427 40 20 till-

231 459 79 22 komna
329 461 97 26 anslaget
445 461 23 21 af
487 461 74 25 10,000
581 461 60 21 mark
656 461 80 27 årligen
752 461 36 27 för
803 460 145 28 anskaffande
963 463 25 25 af

230 494 236 28 åskådningsmateriel
483 496 36 27 för
533 495 148 28 folkskolorna
694 495 32 28 på
742 496 75 20 landet
831 495 38 22 har
885 496 55 21 visat
955 496 33 27 sig

230 528 51 27 fylla
296 531 30 19 ett
341 529 91 27 verkligt
446 529 69 22 behof.
546 530 100 21 Rörande
661 530 138 26 utdelningen
814 529 23 22 af
845 530 63 21 dessa
919 530 68 21 medel

229 562 40 22 har
285 559 170 31 Öfverstyrelsen
470 564 33 21 för
519 564 154 22 Skolväsendet
688 564 93 21 utfärdat
791 564 93 27 följande
895 564 91 22 bestäm-

230 597 86 21 melser:

299 635 31 18 att
345 632 76 27 bidrag
439 633 16 27 ej
474 632 91 28 utgifves
580 632 33 22 för
629 632 136 22 anskaffande
780 632 23 22 af
816 633 80 21 sådana
911 633 74 21 åskåd-

229 666 139 27 ningsmedel,
385 673 45 15 som
446 667 139 27 ovilkorligen
602 668 52 20 böra
668 667 69 21 finnas
752 668 7 20 i
774 667 74 27 hvarje
864 667 68 27 skola;

299 703 31 18 att
353 701 106 27 bidragets
482 702 78 26 belopp
583 702 140 21 öfverhufvud
746 702 97 21 kommer
863 704 31 19 att
909 704 77 25 utgöra

229 734 100 28 omkring
343 735 28 21 60
386 738 88 25 procent
489 735 23 22 af
525 736 36 21 det
575 736 86 27 erlagda
678 736 75 27 priset;

297 771 31 20 att
349 770 76 27 bidrag
447 770 91 27 utgifves
561 771 76 20 endast
654 771 6 20 i
676 771 40 20 den
732 770 107 25 händelse,
855 772 31 19 att
901 771 36 20 det
952 777 32 14 er-

228 803 63 27 lagda
306 804 67 27 priset
389 805 66 26 stiger
470 805 129 21 åtminstone
615 805 31 21 till
662 805 26 21 50
704 805 69 25 mark;

298 840 31 19 att
351 838 33 21 för
407 839 101 21 historisk
530 839 61 21 karta
613 839 58 21 äfver
694 839 90 21 Finland
803 839 76 27 bidrag
893 839 91 27 utgifves

228 872 77 21 endast
328 873 68 21 under
411 874 36 21 det
469 873 81 26 villkor,
563 875 32 20 att
611 874 149 21 motsvarande
777 873 133 27 geografiska
925 873 60 22 karta

228 906 62 21 äfven
306 909 23 19 är
344 907 33 21 för
393 908 74 21 skolan
482 907 119 27 anskaffad;

297 943 32 20 att
351 941 32 22 för
401 942 137 21 anskaffande
559 942 21 21 af
597 943 107 20 tellurium
719 943 68 20 likaså
801 942 76 27 bidrag
892 941 92 28 utgifves

228 976 76 21 endast
327 977 68 20 under
418 977 81 25 villkor,
519 979 31 19 att
572 977 61 21 äfven
655 977 49 27 glob
724 979 22 18 är
761 976 34 21 för
810 977 74 21 skolan
900 976 84 22 anskaf-

226 1009 45 25 fad;
288 1013 56 18 samt

296 1046 31 19 att
349 1045 94 20 ansökan
467 1051 33 15 om
524 1046 130 26 statsbidrag
672 1045 32 21 för
720 1044 138 22 anskaffande
873 1044 23 21 af
908 1045 75 20 åskåd-

227 1077 161 28 ningsmateriel
404 1079 45 24 bör,
464 1079 73 27 åtföljd
553 1079 23 21 af
589 1079 106 22 kvitterad
710 1079 91 26 räkning
816 1078 60 22 öfver
890 1079 92 27 inköpet,

226 1112 78 21 sändas
320 1113 31 20 till
367 1113 214 27 distriktsinspektor,
594 1113 84 22 hvilken
690 1114 37 21 det
737 1113 130 21 tillkommer
877 1115 31 19 att
915 1113 67 27 jämte

225 1149 49 24 eget
289 1147 110 21 utlåtande
414 1147 89 22 insända
516 1148 145 27 ansökningen
679 1148 31 21 till
727 1143 179 31 Öfverstyrelsen.

295 1181 75 21 Såsom
386 1181 99 28 lämpliga
501 1182 198 27 åskådningsmedel
713 1182 38 21 har
765 1181 215 28 Skolöfverstyrelsen

224 1215 7 20 i
247 1215 92 21 cirkulär
354 1215 31 21 till
408 1216 97 27 samtliga
520 1216 135 27 inspektorer
670 1216 40 21 och
726 1216 137 21 Direktioner
878 1215 32 22 för
926 1215 54 22 folk-

225 1249 101 21 skolorna
349 1250 27 26 på
399 1250 72 21 landet
492 1250 110 27 föreslagit
619 1251 74 20 kartor
708 1251 40 21 och
763 1249 119 28 väggtaflor
898 1249 31 22 till
945 1250 35 21 be-

224 1283 85 28 lysning
324 1283 23 22 af
360 1285 40 20 den
417 1285 90 21 bibliska
521 1285 110 26 historien,
646 1285 115 21 historiska
777 1284 74 21 kartor
866 1284 38 21 och
915 1286 65 25 vägg-

224 1317 68 26 taflor,
308 1319 133 26 geografiska
456 1319 72 21 kartor
543 1319 39 21 och
593 1319 124 27 väggtaflor,
729 1319 115 26 tellurium,
857 1318 122 27 fysikaliska

223 1353 207 26 apparatsamlingar
446 1353 38 21 och
499 1353 122 27 fysikaliska
632 1353 123 28 väggtaflor,
768 1353 129 26 geologiska,
908 1353 70 21 zoolo-

224 1386 61 26 giska
300 1389 55 18 samt
371 1387 111 21 botaniska
497 1387 123 27 väggtaflor.
637 1400 26 3 —

292 1420 49 22 Med
363 1421 114 27 anledning
497 1421 22 21 af
532 1424 30 18 att
578 1422 97 26 anslaget
691 1421 76 23 10.000
781 1421 60 21 mark
856 1427 38 21 per
910 1421 22 21 år
949 1422 29 20 vi-

223 1456 34 19 sat
272 1455 33 27 sig
317 1461 51 15 vara
383 1455 6 21 i
405 1455 43 27 hög
469 1456 50 26 grad
535 1456 135 26 otillräckligt
686 1456 62 21 äskas
765 1455 108 27 anslagets
888 1455 90 27 höjande

293 1500 141 18 Staisutskottets
446 1501 109 17 belänkande
568 1500 37 18 N:o
619 1501 16 16 9.
