1095 1753
296 140 84 23 Ständ.
398 139 39 23 Sv.
452 151 30 4 —
496 139 76 28 Prop.
587 139 41 23 N:o
643 139 40 23 24.
849 139 16 21 9

107 212 142 29 positionen
268 211 129 23 meddelas
416 213 37 20 att
471 211 97 22 sådana
588 211 90 22 kurser
696 211 84 22 hållits
793 210 8 23 i
815 211 49 22 alla

107 247 69 22 delar
205 246 25 23 af
254 246 87 23 landet
367 246 90 29 hvarje
486 245 29 23 år
534 246 28 21 så
581 245 86 22 talrikt
685 247 37 21 att
739 245 124 29 bidragen

107 281 39 22 för
164 281 129 22 desamma
312 280 54 23 icke
380 280 70 23 alltid
463 280 99 23 kunnat
579 280 126 22 utbetalas
724 286 31 16 ur
773 279 42 23 det
830 279 34 22 lö-

107 315 83 29 pande
210 315 67 22 årets
294 315 95 29 anslag.
427 315 39 22 Då
480 315 42 22 det
534 314 150 23 nuvarande
698 314 115 29 anslaget
824 314 40 22 för

107 349 197 30 ifrågavarande
323 349 118 22 ändamål
454 349 107 22 sålunda
575 355 76 23 synes
667 355 62 16 vara
743 349 122 22 otillräck-

107 384 47 29 ligt
172 384 46 23 och
237 384 56 22 skäl
311 383 140 23 förefinnas
471 384 39 22 för
529 383 153 23 detsammas
700 383 119 29 höjande,
837 382 27 22 få

109 418 143 23 Ständerna
270 418 185 29 underdånigst
474 418 100 22 anmäla

383 488 38 21 att
431 486 147 23 Ständerna
590 486 40 22 för
639 486 32 22 år
695 486 56 23 1905
759 486 107 28 beviljat

315 522 33 21 ett
366 521 94 29 anslag
479 521 33 22 af
526 521 110 27 50,000
654 520 75 23 mark
748 520 40 23 för
807 520 59 23 fort-

315 556 218 29 sättningskurser
560 556 45 22 vid
633 555 174 23 folkskolorna
826 554 39 30 på

316 590 95 23 landet.

180 728 89 23 Såsom
295 728 93 29 anslag
411 728 40 22 till
469 728 141 28 stipendier
629 727 41 23 för
689 728 177 29 auskultering

110 763 46 22 och
174 762 154 23 studieresor
346 762 107 23 föreslås
471 762 8 22 i
498 762 49 22 den
566 762 94 29 nådiga
676 762 189 29 propositionen

111 799 34 21 ett
152 797 113 29 förhöjdt
275 797 89 29 anslag
372 797 25 22 af
409 796 95 27 10,500
515 797 71 22 mark
593 803 45 22 per
646 797 35 23 år.
699 796 49 23 Det
757 797 109 29 tidigare

110 832 115 28 anslaget
243 832 47 22 har
309 832 66 22 varit
394 831 78 27 4,800
490 831 78 22 mark.
604 831 193 23 Godkännande
815 831 50 23 den

109 866 8 22 i
129 866 189 28 propositionen
332 866 157 22 framställda
502 866 185 30 motiveringen
700 866 78 22 hafva
795 865 71 23 Stän-

109 900 79 23 derna
208 902 82 21 ansett
309 900 49 23 den
377 900 145 29 föreslagna
542 900 179 30 förhöjningen
739 907 62 16 vara
822 900 44 29 på-

109 935 93 22 kallad.

178 969 12 22 I
209 969 184 29 sammanhang
421 969 56 23 med
504 969 361 30 auskulteringsstipendierna

109 1004 107 22 föreslås
234 1004 8 22 i
261 1004 49 22 den
335 1004 94 29 nådiga
454 1004 190 28 propositionen
669 1005 35 21 ett
725 1004 68 22 förut
810 1004 55 22 icke

109 1039 125 29 upptaget
252 1038 93 29 anslag
365 1038 40 22 för
423 1038 155 22 studieresor
596 1038 36 22 till
645 1039 143 22 utrikesort.
817 1038 50 22 Det

109 1072 145 29 föreslagna
272 1072 127 29 anslagets
418 1072 136 29 årsbelopp
574 1073 27 22 är
621 1073 79 26 2,500
719 1073 79 26 mark,
819 1072 46 23 och

110 1107 70 22 finna
212 1106 142 23 Ständerna
385 1107 139 22 detsamma
554 1107 40 22 för
617 1107 162 22 närvarande
803 1113 62 16 vara

111 1141 150 29 tillräckligt.
300 1141 143 23 Ständerna
470 1141 101 22 anmäla
598 1141 87 23 därför
711 1142 8 22 i
741 1141 125 23 underdå-

110 1175 88 29 nighet

386 1245 37 22 att
434 1244 146 23 Ständerna
591 1244 40 23 för
641 1244 30 23 är
679 1245 73 22 1905
760 1245 107 28 beviljat

319 1279 32 22 ett
375 1279 93 28 anslag
494 1279 32 22 af
548 1279 105 26 18,000
672 1279 74 23 mark
765 1279 41 23 till
823 1279 44 22 sti-

314 1313 110 28 pendier
449 1313 41 22 för
508 1313 177 30 auskultering
703 1314 46 22 och
773 1314 93 22 studie-

317 1354 69 16 resor
405 1347 41 23 för
465 1347 348 30 folkskollärarepersonalen
828 1347 39 30 pä

319 1381 95 23 landet.
