1103 1750
427 137 52 23 N:o
499 135 42 25 25

313 556 71 28 Hans
397 555 174 37 Kejserliga
589 555 157 37 Majestäts
775 555 87 37 nådiga

244 599 151 34 proposition
420 599 40 26 till
486 599 109 26 Finlands
622 599 100 27 Ständer
741 598 120 35 angående

245 640 240 34 stämpelbevillning.

178 720 77 22 Sedan
274 720 137 29 Ständerna,
431 717 52 25 med
502 720 129 29 anledning
645 720 27 22 af
688 717 66 25 Hans
769 720 94 29 Kejser-

108 760 48 29 liga
171 760 122 29 Majestäts
307 760 41 22 vid
363 768 33 14 nu
414 760 120 29 pägäende
549 760 115 29 landtdag
678 760 38 22 till
732 760 131 22 Ständerna

109 799 87 23 aflätna
218 800 87 29 nädiga
322 800 146 29 proposition
487 800 121 29 angäende
628 800 63 22 skatt
706 800 38 22 för
758 800 106 22 tillverk-

108 840 58 28 ning
174 840 27 22 af
208 840 105 28 bränvin,
322 840 131 29 bevillning
461 840 38 22 för
506 840 155 29 tillverkning
668 840 26 22 af
699 840 164 28 maltdrycker,

109 880 132 29 bevillning
257 881 36 21 för
309 880 104 30 spelkort
428 882 60 20 samt
503 880 231 29 stämpelbevillning
748 880 75 22 under
838 881 26 21 är

111 922 54 20 1905
181 920 121 22 äfvensom
317 920 121 29 angående
452 921 142 28 provisionel
609 920 118 30 reglering
742 921 27 21 af
782 919 83 23 bevill-

109 960 196 29 ningsbudgeten,
321 960 76 29 åtagit
412 960 36 29 sig
457 958 131 32 utgörande
599 962 27 20 af
635 961 230 29 stämpelbevillning

110 1001 83 21 endast
214 1000 75 22 under
304 1001 64 21 förra
386 1000 91 23 hälften
493 1001 26 22 af
533 1002 26 21 år
576 1003 61 27 1905,
653 1001 44 21 och
712 1005 56 18 enär
781 1001 83 22 bevill-

109 1041 160 29 ningsfonden
288 1041 51 22 icke
354 1041 47 22 kan
417 1041 106 22 undvara
541 1041 133 22 inkomsten
694 1042 26 21 af
734 1041 77 22 denna
825 1042 39 21 be-

110 1081 107 29 villning,
241 1082 25 21 sä
288 1081 42 22 har
345 1081 230 29 stämpelbevillning
592 1083 88 20 ansetts
695 1081 58 22 böra
767 1081 98 29 förnyas

110 1122 37 20 för
162 1121 66 22 tiden
243 1121 54 22 från
312 1121 45 22 den
374 1124 10 19 1
400 1121 51 22 Juli
469 1123 53 21 1905
538 1121 37 22 till
590 1122 120 28 utgången
727 1121 26 22 af
767 1122 26 21 är
803 1122 62 21 1907.

178 1162 37 21 Dä
234 1163 78 28 nägon
332 1162 215 29 skatteförhöjning
565 1162 36 22 för
619 1170 32 13 nu
666 1162 99 29 löpande
779 1162 87 21 finans-

110 1202 80 29 period
205 1203 53 21 icke
273 1202 121 22 befunnits
405 1202 139 29 erforderlig
555 1203 43 21 och
613 1202 180 29 anmärkningar
803 1205 63 19 emot

109 1242 111 29 gällande
250 1243 175 28 bestämningar
454 1242 122 29 angående
605 1242 261 29 stämpelbevillningen

110 1282 84 22 endast
216 1283 8 21 i
247 1283 90 21 mindre
359 1283 132 28 väsentliga
514 1283 66 21 delar
601 1283 121 28 försports,
738 1282 42 22 har
796 1285 69 19 stäm-

110 1322 171 30 pelbevillning
303 1322 74 22 under
395 1322 182 28 ifrägavarande
597 1322 80 30 period
700 1324 87 20 ansetts
809 1322 58 22 böra

111 1364 95 27 utgöras
232 1363 61 21 efter
321 1362 123 22 enahanda
468 1362 104 29 grunder
596 1370 49 14 som
670 1362 125 22 härintills.
824 1362 43 22 Uti

111 1402 39 22 det
175 1403 8 21 i
208 1402 104 29 enlighet
336 1402 97 22 härmed
456 1402 133 29 uppgjorda
613 1402 90 29 förslag
727 1402 28 22 til
777 1401 90 23 förord-

110 1442 59 29 ning
201 1442 9 22 i
245 1444 78 20 ämnet
360 1442 73 22 hafva
469 1442 85 28 derför,
583 1442 112 28 jemfördt
724 1441 53 23 med
804 1440 63 24 stad-
