1098 1753
332 152 29 22 U.
378 152 27 22 B.
422 165 26 2 —
464 152 74 28 Prop.
555 152 40 22 N:o
611 152 37 22 29.

854 152 12 20 e

343 560 55 24 Till
418 560 215 24 Statsutskottet.

180 631 70 22 Enär
278 631 115 28 samtliga
423 630 87 27 Ständ,
530 631 43 22 vid
593 631 42 22 det
654 630 31 22 de
704 630 34 22 till
760 630 107 22 Statsut-

109 665 93 23 skottet
226 665 141 29 hänskjutit
385 665 95 29 nädiga
498 665 190 29 propositionen
708 665 47 22 N:o
774 665 32 22 29
826 671 41 15 an-

108 700 99 29 gäende
227 700 42 22 det
291 700 92 28 bidrag
402 700 36 21 till
457 700 107 21 militära
585 700 125 25 ändamäl,
731 705 52 16 som
803 699 64 22 skall

110 734 24 22 af
152 734 85 22 finska
261 734 153 22 statsverket
432 734 36 21 till
488 734 279 22 Riksskattkammaren
787 733 81 28 erläg-

108 775 54 22 gas,
182 769 84 22 funnit
290 768 83 22 denna
392 768 73 29 fräga
486 769 123 28 därjämte
629 768 102 29 päkalla
751 769 35 21 ett
805 767 62 22 utlä-

108 803 76 22 tande
214 803 25 22 af
268 803 129 22 Särskilda
425 803 234 22 Besvärsutskottet
677 802 40 23 fär
741 803 128 22 Utskottet

110 839 61 20 äran
190 837 105 22 härmed
314 839 67 26 yttra
400 837 39 29 sig
458 844 40 15 om
517 838 68 21 detta
605 837 100 22 ärende.

178 873 12 21 I
218 872 38 22 sin
284 872 105 28 petition
418 872 24 21 af
470 872 48 22 den
538 872 31 22 31
591 872 132 22 december
743 872 66 22 1904
827 871 42 22 be-

109 907 128 22 träffande
257 907 119 28 ätgärder
394 906 40 22 för
452 907 49 22 den
521 907 94 28 lagliga
635 906 153 29 ordningens
805 906 64 22 äter-

110 941 125 22 ställande
260 941 8 22 i
295 941 86 22 landet
408 941 79 22 hafva
513 941 142 22 Ständerna
673 941 90 22 uttalat
783 942 35 21 att
837 940 31 22 de

110 977 95 20 emotse
234 975 42 22 det
304 975 30 22 H.
364 975 29 22 K.
422 975 32 22 M.
484 976 95 21 täcktes
606 976 7 21 i
642 975 80 22 näder
740 975 129 26 förordna,

110 1011 51 21 »att
180 1010 192 28 tillämpningen
392 1010 25 21 af
427 1010 49 22 den
487 1010 315 28 värnepliktsförfattning,
815 1015 53 16 som

109 1044 126 22 utfärdats
259 1044 48 21 den
336 1044 30 21 12
385 1044 45 28 juli
450 1044 44 28 (29
514 1044 64 29 juni)
600 1044 73 26 1901,
694 1044 64 22 skall
777 1050 91 23 genom

109 1078 158 22 omedelbart
294 1078 151 22 inställande
474 1079 26 21 af
526 1079 137 28 uppbäden
691 1079 116 28 upphöra
832 1077 37 22 fill

110 1113 58 22 dess
198 1114 36 21 att
260 1113 91 28 frågan
379 1119 40 16 om
444 1113 145 29 värnepligt
607 1113 8 22 i
634 1113 107 22 Finland
760 1113 83 21 blifvit
861 1112 7 21 i

110 1147 211 29 grundlagsenlig
348 1148 51 28 väg
427 1147 109 29 afgjord,
566 1149 64 20 samt
655 1149 35 20 att
709 1147 30 22 de
758 1147 7 22 i
785 1146 84 23 anled-

109 1181 62 29 ning
200 1181 26 23 af
246 1181 64 22 1901
333 1182 41 21 ärs
393 1182 151 29 författning
562 1182 40 22 för
620 1182 173 22 uteblifvande
811 1181 57 22 frän

108 1216 106 28 uppbäd
244 1216 60 22 eller
331 1217 7 20 i
366 1216 77 29 öfrigt
468 1217 40 22 för
526 1217 197 28 författningens
741 1215 128 30 genomfö-

109 1251 79 22 rande
216 1250 132 29 päbjudna
372 1251 127 28 päföljder
518 1251 107 22 förfalla.
663 1251 52 22 Och
735 1251 31 22 dä
786 1250 83 29 provi-

108 1285 100 22 soriska
236 1285 118 28 ätgärder
373 1285 87 22 kunna
480 1292 62 16 vara
571 1285 25 22 af
618 1286 82 22 nöden
719 1285 81 22 under
819 1285 49 22 den

109 1319 41 26 tid,
170 1325 53 16 som
243 1319 104 22 förlider
369 1319 36 22 till
424 1320 58 22 dess
502 1320 184 29 militärfrägan
706 1320 92 22 varder
817 1319 51 28 lag-

108 1353 67 29 ligen
196 1354 106 25 ordnad,
323 1354 71 22 torde
413 1354 80 29 nädig
511 1355 157 28 proposition
685 1354 132 29 angäende
831 1353 38 22 sä-

108 1387 67 22 dana
204 1388 120 28 åtgärder
353 1395 53 15 som
434 1389 22 28 ej
481 1389 86 21 kunna
587 1389 7 21 i
615 1389 183 22 administrativ
817 1389 52 27 väg

108 1422 127 29 vidtagas,
263 1422 25 22 få
315 1422 25 22 af
366 1422 157 30 landtdagen
552 1424 114 21 emotses.
714 1422 75 22 Hvad
817 1422 52 22 sär-

108 1456 77 22 skilät
211 1452 14 39 —
230 1456 158 23 vidkommer
406 1452 17 39 —
433 1458 255 28 gardesbataljonens
725 1457 144 28 temporära

176 1500 163 17 Statsutskotteis
353 1500 121 18 betänkande
488 1501 40 17 N:o
540 1503 29 15 10.
