1103 1750
832 123 25 19 13

458 186 13 28 S
489 188 19 19 7.

176 233 76 28 Egare
268 233 55 21 eller
338 233 150 21 innehafvare
505 233 23 21 af
543 233 118 28 bryggeri,
678 233 75 21 afsedt
768 233 37 21 för
814 233 44 21 till-

105 269 116 28 verkning
237 269 23 21 af
275 268 154 29 maltdrycker
445 269 35 21 till
495 268 144 29 försäljning,
656 276 55 14 vare
722 268 93 29 skyldig
826 271 32 19 att

105 304 8 22 i
129 304 134 29 bryggeriet
279 304 54 22 eller
350 304 136 22 dithörande
501 304 112 29 byggnad
628 304 116 29 uppställa
754 305 43 21 och
808 305 49 21 där-

105 341 58 21 efter
178 340 9 21 i
203 340 64 22 skick
281 340 62 22 hälla
359 348 28 14 en
398 340 53 22 med
462 340 138 22 automatisk
610 340 142 22 maltmätare
762 340 96 22 försedd

103 377 75 21 kvarn
199 376 54 22 eller
269 376 72 29 kross,
359 383 55 19 som,
431 376 58 22 efter
506 376 108 22 däröfver
629 376 117 22 inlemnad
761 376 96 22 beskrif-

104 412 63 28 ning,
183 412 79 22 blifvit
278 412 23 21 af
317 412 151 22 Guvernören
482 412 9 21 i
506 412 63 22 länet
580 412 114 28 godkänd.
718 412 140 28 Ansökning

103 448 80 22 härom
206 448 42 22 bör
271 449 62 20 inom
354 451 40 19 två
419 449 82 20 veckor
525 449 58 21 efter
602 448 53 21 dess
671 448 146 22 inlemnande
834 449 24 21 af

105 485 122 21 Guvernör
243 485 35 20 till
293 484 110 28 pröfning
417 486 121 27 upptagas.

177 520 64 26 Malt,
259 527 49 14 som
323 520 35 21 till
373 520 76 29 brygd
461 520 59 21 skall
530 520 125 26 användas,
666 523 37 18 må
713 520 50 21 icke
776 527 80 15 annor-

106 557 77 22 städes
207 557 96 25 skrotas,
324 559 29 18 än
369 556 8 21 i
392 556 145 29 bryggeriets
554 563 65 21 egen,
636 556 53 21 med
706 556 71 21 sådan
792 556 64 22 malt-

105 596 85 19 mätare
206 593 109 21 försedda
331 592 74 22 kvarn
421 592 54 22 eller
490 592 72 22 kross.

454 676 14 28 8
484 679 20 19 8.

176 725 34 21 På
233 724 143 22 tillverkares
401 731 82 14 ansvar
503 724 43 22 och
568 724 75 21 under
662 723 142 29 förpliktelse
819 723 37 22 för

104 761 91 25 honom,
214 762 32 20 att
261 760 30 22 då
307 760 81 21 sådant
410 760 77 28 yrkas,
512 760 97 28 beediga
632 759 159 29 uppgifternas
812 759 44 21 rik-

104 796 80 29 tighet,
201 796 58 21 skall
275 799 13 18 a
303 796 79 28 hvarje
398 796 111 28 bryggeri
524 796 62 21 föras
603 803 29 13 en
649 795 98 28 journal,
763 797 92 26 upprät-

102 832 42 22 tad
159 832 74 28 enligt
249 832 28 21 de
293 832 149 25 föreskrifter,
460 839 49 14 som
521 832 23 21 af
554 831 131 29 Kejserliga
696 831 112 21 Senatens
819 831 36 21 för

104 868 100 21 Finland
220 867 285 29 Ekonomiedepartement
521 867 124 21 meddelas.

452 945 14 29 8
482 948 20 19 9.

176 994 59 25 Den,
253 1000 48 14 som
317 993 36 21 för
364 995 32 19 att
407 992 85 22 bereda
503 992 36 29 sig
547 992 55 22 eller
610 1000 77 14 annan
694 994 67 27 nytta
771 1000 84 20 genom

104 1029 85 28 oriktig
204 1029 93 29 uppgift
313 1029 54 21 eller
384 1031 69 19 annat
469 1028 57 22 svek
541 1028 163 28 undandrager
717 1028 55 22 eller
788 1028 66 22 söker

103 1065 152 28 undandraga
270 1065 87 21 kronan
381 1064 70 22 ofvan
474 1064 131 22 fastställda
625 1064 228 28 tillverkningsskatt,

103 1101 92 22 straffas
212 1101 72 28 enligt
300 1100 83 22 allmän
399 1100 118 28 Strafflag.

175 1132 80 33 Öfriga
272 1136 176 22 öfverträdelser
469 1136 24 21 af
513 1136 76 22 denna
608 1136 137 28 förordning
761 1136 93 21 straffas

103 1173 53 22 med
171 1173 66 21 böter
253 1173 60 21 ända
328 1173 34 20 till
378 1172 144 29 fyrahundra
537 1172 70 22 mark.

442 1251 14 28 8
475 1253 33 19 10.

174 1299 49 21 Har
239 1299 131 22 tillverkare
393 1306 48 14 mer
458 1301 29 19 än
504 1306 29 14 en
552 1301 61 25 gång
628 1298 77 22 blifvit
723 1298 131 22 förvunnen

101 1343 39 14 om
152 1335 166 22 öfverträdelse
335 1335 23 21 af
373 1334 179 28 förordningens
568 1334 150 26 föreskrifter,
738 1341 53 21 eger
808 1334 46 21 Gu-

101 1374 85 18 vernör
210 1371 117 21 dessutom
350 1373 30 26 pä
404 1370 44 22 den
469 1370 119 28 skyldiges
611 1370 129 21 bekostnad
759 1369 95 29 vidtaga

101 1407 45 21 alla
162 1407 29 21 de
207 1407 114 28 ätgärder,
338 1414 48 14 som
407 1407 35 20 för
463 1413 30 15 en
509 1406 60 22 ökad
590 1405 100 22 kontroll
704 1406 79 20 kunna
798 1412 56 15 vara

102 1443 23 21 af
141 1443 82 21 nöden.
