1103 1750
430 129 41 21 N:o
488 130 28 20 18
812 128 14 21 ö

100 197 89 21 komme
206 199 33 19 att
254 198 29 27 gä
298 204 84 21 genom
397 198 71 27 nägot
482 204 62 14 mera
561 196 105 29 bebygda
681 197 86 21 trakter
782 197 8 21 i
805 200 51 18 när-

100 231 39 21 het
161 231 22 21 af
206 232 141 28 landsvägen
369 232 97 20 emellan
483 232 95 21 Laukaa
596 231 43 21 och
658 231 124 28 Saarijärvi
796 233 60 19 samt

102 268 76 19 närma
201 266 36 28 sig
259 274 62 13 mera
343 266 84 22 Uurais
445 266 106 28 kyrkoby
570 269 29 18 än
618 266 72 28 nägot
705 266 23 21 af
742 266 28 21 de
786 265 70 22 andra

101 300 156 22 alternativen.
286 300 84 28 Linjen
392 300 50 21 frän
462 300 68 21 Vatia
548 300 64 22 öfver
631 299 126 29 Lujakoski
780 299 76 22 blefve

101 334 89 22 kortare
206 335 42 21 och
263 334 106 28 billigare
385 337 30 19 än
429 334 44 22 den
484 334 64 22 öfver
558 334 154 28 Kapeakoski,
722 342 53 14 men
785 334 71 28 ginge

101 375 82 21 genom
199 368 88 29 ganska
301 369 61 27 glest
376 368 107 29 bebygda
497 369 92 21 trakter.

169 403 47 21 För
231 411 27 13 en
274 403 59 21 bana
348 403 52 21 med
415 403 104 21 Suolahti
535 404 74 20 säsom
625 404 175 28 utgängspunkt
810 403 47 26 tala

101 437 9 20 i
126 437 131 21 hufvudsak
279 437 27 21 de
329 437 201 28 omständigheter,
550 439 34 19 att
604 437 44 22 den
663 436 75 22 blefve
753 437 105 28 billigast

102 471 69 28 bygd,
190 471 74 22 skulle
282 472 81 21 beröra
380 472 55 21 eller
452 475 80 18 närma
547 471 36 28 sig
598 471 54 22 flere
666 471 73 22 forsar
753 471 53 21 med
820 471 37 21 till

102 505 143 22 industriella
267 506 106 21 ändamäl
396 506 131 21 användbar
551 505 146 29 vattenkraft,
718 505 43 22 och
780 506 78 27 nägon

103 540 96 21 särskild
219 539 240 29 förgrenings-station
478 541 50 20 icke
544 541 74 20 skulle
632 539 117 29 erfordras,
766 539 43 22 och
824 542 34 19 att

102 574 222 29 jernvägsafständet
347 574 36 22 till
407 575 194 28 Gamla-Karleby
624 575 43 21 och
685 569 85 34 Yxpila
788 574 70 22 hamn

105 608 73 22 blefve
193 608 36 22 för
244 609 132 21 landsdelen
391 609 68 28 kring
474 610 92 20 Keitele
580 616 57 21 resp.
654 610 45 27 13,4
710 609 40 21 och
763 609 46 27 14,7
819 609 39 21 km

103 644 89 21 kortare
208 646 29 19 än
253 651 36 13 om
304 644 97 20 trafiken
411 644 70 28 ginge
492 643 65 22 öfver
567 644 74 27 Vatia,
653 643 81 21 medan
744 642 115 22 afständet

103 678 51 21 frän
179 674 144 26 Österbotten
349 678 43 22 och
417 678 124 28 Saarijärvi
568 678 36 21 till
629 678 129 28 Jyväskylä
782 677 76 22 blefve

104 712 80 22 endast
199 712 97 28 ungefär
311 714 30 26 3,3
358 713 39 21 km
412 713 86 27 längre.

172 740 33 28 Är
227 748 56 20 1902
305 747 141 21 verkstäldes
469 747 172 28 undersökning
664 747 22 21 af
709 746 97 28 linjerna
826 746 34 22 S:t

99 776 88 38 Michel
209 776 101 38 Nyslott
336 782 42 21 och
403 776 159 38 Pieksämäki
580 776 115 38 Nyslott.
716 781 52 21 Den
792 780 68 22 först-

104 816 99 21 nämnda
218 816 78 28 linjen,
312 824 49 13 som
377 819 24 18 är
417 816 8 20 i
440 816 71 28 längd
528 816 58 28 103,1
598 816 45 28 km,
654 816 68 28 utgär
732 815 51 21 frän
793 822 67 14 norra

105 850 74 21 ändan
202 850 23 21 af
248 850 33 22 S:t
302 850 95 22 Michels
419 850 85 22 station
523 850 43 22 och
585 851 64 27 löper
666 851 66 27 längs
748 850 112 21 Savolaks

106 885 73 21 banan
199 886 29 27 pä
246 887 32 19 ett
299 885 71 21 skildt
385 886 52 27 spår
453 886 27 26 1/;
495 886 45 27 km,
556 885 116 21 hvarefter
686 885 44 21 den
745 884 64 29 böjer
824 884 36 28 sig

105 920 24 20 ät
144 922 66 24 öster,
226 919 66 21 berör
306 920 115 20 allmänna
431 922 87 26 vägens
529 919 51 21 frän
591 920 32 21 S:t
633 919 84 21 Michel
727 919 37 21 till
792 919 68 21 Jockas

105 954 41 21 och
162 954 97 21 Anttola
274 953 225 29 förgreningspunkt,
516 955 41 27 gär
572 961 89 14 norrom
672 953 136 28 Rautajärvi
818 953 41 21 och

105 995 102 21 passerar
222 988 29 28 pä
267 991 33 18 ett
317 988 90 22 afständ
423 988 22 21 af
460 990 40 20 tvä
514 988 121 22 kilometer
649 988 85 22 Jockas
749 988 111 28 kyrkoby,

107 1022 64 22 berör
185 1022 250 29 förgreningspunkten
451 1022 23 22 af
489 1023 44 21 den
551 1023 50 21 frän
616 1023 85 21 Jockas
716 1023 36 20 till
767 1022 95 28 Nyslott

106 1056 41 22 och
163 1056 51 22 frän
228 1057 144 21 Rantasalmi
387 1057 36 21 till
439 1057 101 21 Sulkava
556 1057 96 21 ledande
667 1057 117 27 landsväg,
796 1056 66 21 hvar-

106 1090 57 22 efter
178 1091 71 28 linjen
265 1091 200 29 hufvudsakligast
480 1091 68 29 följer
562 1092 142 28 landsvägen
719 1091 36 21 till
768 1091 94 27 Nyslott

107 1125 42 21 och
171 1125 90 22 förenar
283 1126 36 28 sig
342 1126 52 21 med
416 1126 94 28 Nyslott
524 1126 164 21 —Elisenvaara
709 1125 95 28 jernväg
822 1124 40 21 vid

106 1167 67 14 norra
188 1159 75 22 ändan
279 1159 22 22 af
316 1160 105 28 Nyslotts
437 1160 91 21 station.

174 1193 84 29 Linjen
280 1194 166 21 Pieksämäki—
455 1189 102 38 Nyslott,
581 1195 67 20 hvars
670 1194 71 28 längd
760 1197 24 18 är
803 1194 59 27 105,6

107 1229 44 27 km,
173 1229 68 27 utgår
265 1228 50 21 från
337 1236 67 13 norra
427 1228 75 21 ändan
526 1229 22 20 af
567 1229 131 21 nuvarande
716 1227 147 22 Pieksämäki

107 1263 84 20 station
215 1263 43 21 ooh
277 1263 67 28 följer
359 1264 13 19 &
388 1263 70 21 skildt
477 1264 53 27 spär
549 1263 112 21 Savolaks
676 1263 75 20 banan
766 1261 97 29 ungefär

108 1298 26 25 1/,
153 1297 45 27 km,
217 1297 115 21 hvarefter
355 1297 44 21 den
418 1297 64 27 böjer
498 1297 36 27 sig
549 1300 49 18 mot
614 1299 60 19 öster
689 1297 42 21 och
746 1296 116 22 fortsättes

107 1331 36 21 till
158 1338 67 14 norra
240 1331 107 21 stranden
364 1331 22 21 af
402 1330 142 29 Sysmäjärvi
560 1332 42 20 och
616 1331 68 28 följer
698 1331 74 21 denna
782 1330 33 28 sjö
826 1330 34 21 till

107 1365 147 21 Huutokoski
274 1365 115 28 jernbruk,
406 1365 53 21 skär
474 1365 142 28 landsvägen
631 1366 84 20 mellan
730 1364 76 22 Jorois
821 1364 41 22 och

107 1399 84 21 Jockas
214 1399 97 28 ungefär
334 1400 48 26 11/,
405 1400 39 20 km
466 1399 51 21 frän
540 1399 76 22 Jorois
636 1400 78 27 kyrka,
736 1399 40 28 gär
794 1398 69 22 sedan

107 1433 67 28 längs
197 1433 107 21 stranden
324 1433 23 21 at
366 1433 142 21 Joroisselkä
527 1433 37 21 till
580 1434 66 20 södra
662 1433 75 21 ändan
752 1432 23 22 af
790 1432 74 22 denna
