1106 1725
259 139 26 19 18

257 201 142 22 sistnämnda
415 201 169 29 omständighet
600 202 8 21 i
624 201 36 22 sin
676 204 53 19 mån
744 200 92 22 bevisas
853 200 69 22 äfven
935 200 72 26 däraf,

257 240 33 18 att
308 237 111 29 förslaget
439 244 36 15 om
497 237 44 21 den
556 237 124 22 utländska
696 236 257 29 försäkringsrörelsens
969 236 38 22 be-

256 273 115 29 läggande
387 273 53 22 med
457 273 157 29 stämpelskatt
630 276 52 18 rönt
698 272 117 22 motstånd
826 272 69 22 äfven
906 272 52 21 från
969 272 39 22 det

256 309 54 26 håll,
333 309 70 21 hvars
426 309 114 21 intressen
562 309 39 21 det
624 309 70 21 afsett
718 311 32 19 att
773 307 118 29 befrämja,
907 308 42 21 har
967 307 40 22 Ut-

258 345 85 22 skottet
362 347 76 20 ansett
457 345 75 21 denna
551 345 65 29 fråga
635 345 63 26 böra,
719 344 137 22 åtminstone
875 344 36 21 för
932 344 76 21 denna

257 382 70 27 gång,
343 381 24 21 få
383 381 97 21 förfalla.

329 416 120 22 Kontrakt.
481 416 109 22 Flertalet
606 417 24 21 af
646 416 28 22 de
690 416 177 28 anmärkningar
884 416 42 21 och
942 415 65 21 önsk-

257 452 116 28 ningsmål
382 460 48 14 som
443 452 144 22 beträffande
609 452 264 29 stämpelförordningen
883 450 124 22 framstälts

258 488 24 21 af
297 488 193 28 myndigheterna
500 488 7 21 i
518 488 78 22 landet
606 488 97 22 hänföra
712 488 36 28 sig
758 488 35 21 till
807 487 202 28 bestämningarna

258 531 37 16 om
310 524 119 29 kartering
445 524 23 22 af
483 524 107 22 kontrakt
606 524 119 28 angående
741 523 173 29 nyttjanderätt,
930 523 79 21 hvilka

258 560 143 24 föreskrifter
417 560 133 22 betecknats
566 563 76 19 såsom
658 560 78 22 oklara
752 560 42 22 och
814 559 193 28 svårtillämpliga.

258 596 11 21 I
286 595 29 22 all
331 597 127 28 synnerhet
473 597 41 21 har
529 597 135 21 framhållits
677 596 186 22 önskvärdheten
874 595 23 21 af
908 597 33 20 att
949 595 59 22 stad-

259 631 86 29 gandet
353 632 24 21 af
385 632 56 21 sista
449 635 124 19 momentet
581 632 23 21 af
613 632 45 21 afd.
671 635 32 19 1:0
712 631 175 29 förtydligades.
903 631 106 22 Nämnda

258 670 102 19 moment
375 668 72 26 torde,
464 671 29 26 pä
509 670 45 19 sätt
568 667 118 22 Utskottet
702 675 27 14 ur
747 667 173 22 vederbörande
936 667 73 21 landt-

259 703 196 30 dagshandlingar
478 704 141 25 inhemtat,
612 699 14 38 i
639 704 95 21 främsta
758 705 97 20 rummet
875 703 76 28 äsyfta
977 705 32 18 att

258 739 70 22 träffa
344 740 86 21 sädana
445 740 113 27 kontrakt,
574 739 78 22 hvilka
668 740 34 21 till
718 739 36 22 sin
777 739 179 28 hufvudsakliga
972 739 37 21 del

259 778 60 25 angä
334 775 71 29 inköp
421 775 24 22 af
461 776 63 27 skog,
548 776 73 21 ehuru
641 775 53 29 lega
709 776 36 21 för
763 775 196 28 nyttjanderätten
975 774 34 21 till

259 811 165 28 skogsmarken
440 811 72 21 tillika
526 811 46 22 kan
587 819 55 14 vara
658 811 78 22 utfäst.
760 811 53 21 Den
828 811 85 28 nädiga
928 817 81 22 propo-

259 847 99 21 sitionen
373 847 42 22 har
435 847 126 22 emellertid
581 847 119 22 bibehällit
718 847 107 29 gällande
843 846 143 22 föreskrifter
1001 846 8 21 i

259 883 64 21 detta
339 886 66 18 ämne
420 883 8 21 i
444 884 132 21 hufvudsak
592 883 158 22 oförändrade.
837 876 6 6 ”

329 919 257 29 Bevillningsutskottet
601 919 41 21 har
658 919 78 21 funnit
746 919 46 21 den
804 918 34 22 till
849 918 160 22 bibehållande

258 954 133 29 föreslagna
413 955 181 28 formuleringen
614 955 24 21 af
660 963 31 13 nu
712 955 177 28 ifrågavarande
909 957 100 20 moment

259 990 120 28 verkligen
402 990 76 22 lemna
501 998 49 14 rum
566 991 36 21 för
618 991 60 21 olika
694 991 112 28 tolkning.
847 990 36 21 En
899 993 44 19 rätt
953 998 56 21 upp-

258 1026 102 28 fattning
376 1026 23 22 af
415 1026 149 29 stadgandets
580 1026 113 22 innebörd
709 1027 102 27 framgår
827 1026 58 22 först
900 1026 41 22 vid
953 1026 56 29 jem-

258 1062 85 21 förelse
361 1062 51 22 med
427 1062 169 28 motiveringen
606 1062 34 22 till
651 1062 269 28 Bevillningsutskottets
932 1062 77 22 betän-

259 1097 75 22 kande
350 1098 8 21 i
374 1098 76 22 denna
466 1098 64 28 fråga
548 1098 40 22 vid
608 1101 53 19 1897
679 1101 36 19 års
734 1098 130 28 Landtdag,
881 1098 41 21 där
936 1098 73 22 förbe-

259 1133 68 22 rörda
351 1134 127 28 stadgande
499 1134 71 22 erhöll
591 1134 35 21 sin
642 1134 135 22 nuvarande
798 1134 128 25 redaktion;
944 1134 65 22 önsk-

259 1169 146 28 ningsmålen
421 1177 37 14 om
469 1172 32 19 att
511 1173 125 18 momentet
645 1170 72 21 borde
728 1170 138 28 förtydligas
877 1170 65 21 torde
954 1170 56 21 altså

259 1205 56 21 böra
331 1213 67 14 anses
414 1205 53 22 fullt
482 1206 119 28 befogade.

331 1241 118 22 Utskottet
465 1241 41 22 har
522 1242 22 21 af
560 1242 76 21 denna
652 1242 126 28 anledning
791 1241 149 22 underkastat
951 1241 59 22 stad-

259 1277 87 28 gandet
361 1277 8 21 i
385 1277 66 28 fråga
467 1285 28 14 en
511 1277 195 28 omformulering,
723 1285 49 14 som
788 1280 56 18 utan
858 1279 33 19 att
901 1277 110 21 innebära

259 1314 78 27 någon
353 1313 112 22 afvikelse
480 1313 51 22 från
549 1313 72 22 hittils
642 1313 106 28 gällande
769 1313 116 28 principer
907 1313 36 21 för
961 1313 49 21 kar-

259 1347 76 29 tering
351 1348 24 22 af
390 1356 32 13 nu
437 1349 159 28 ifrågakomna
611 1349 114 26 kontrakt,
742 1349 62 22 afser
820 1351 33 19 att
866 1349 145 28 undanrödja

259 1383 192 29 otydligheterna.
483 1385 11 20 I
510 1385 81 21 sådant
607 1385 61 28 syfte
683 1385 41 21 har
735 1385 120 22 Utskottet
866 1384 59 21 först
936 1387 74 19 såsom

259 1419 64 28 regel
338 1420 103 28 uppstält
456 1420 148 21 föreskriften
614 1421 86 25 därom,
712 1423 33 19 att
755 1420 139 22 kontrakten
904 1420 57 21 böra
970 1420 40 22 vid

259 1455 143 30 uppteendet
417 1456 36 22 för
469 1456 97 22 domstol
577 1456 55 21 eller
642 1457 138 28 myndighet
795 1456 73 23 förses
879 1456 54 21 med
943 1459 67 19 stäm-
