1106 1750
435 128 42 21 N:o
493 128 28 21 24
817 128 14 21 3

98 190 66 29 höjas
180 191 37 21 till
234 191 93 28 150,000
342 191 65 21 mark
423 198 36 14 om
475 191 53 21 året.
553 190 82 29 Enligt
646 190 75 22 denna
730 190 132 28 beräkning

98 225 78 22 blefve
198 225 73 21 under
293 227 66 19 nästa
381 225 222 28 bevillningsperiod
621 224 36 22 för
675 225 63 21 detta
754 225 107 21 ändamål

98 260 125 28 behöfliga:

170 311 70 21 1905.
272 328 3 4 .
306 310 114 29 1,960,000
435 311 13 27 +
465 310 92 28 150,000
565 320 28 9 =
601 310 116 28 2,110,000
727 310 64 22 mark

170 345 70 22 1906.
271 362 4 4 .
306 345 115 28 2,110,000
429 346 26 26 +
465 345 93 28 150,000
566 355 26 9 =
601 345 116 28 2,260,000
751 354 8 9 »

170 380 71 21 1907.
272 397 4 4 .
306 380 115 28 2,260,000
429 381 26 25 |
465 380 93 28 150,000
566 390 27 8 =
601 380 116 28 2,410,000—
751 389 9 9 »

463 420 94 21 Summa
573 416 15 36 —
601 416 116 36 6,780,000
729 420 62 21 mark.

144 542 19 21 3.
190 541 67 28 Bidrag
272 541 26 22 till
314 541 103 22 aflönande
432 542 21 21 af
468 541 63 22 lärare
549 542 36 21 och
601 541 107 22 lärarinnor
722 541 31 22 för
767 541 50 27 slöjd

387 576 35 22 och
438 576 139 22 handarbeten.

169 638 113 28 Bidraget
304 639 24 21 åt
350 638 133 28 slöjdlärare
506 638 43 22 och
571 638 290 22 handarbetslärarinnor
849 634 15 36 i

101 672 85 22 sädana
209 672 128 22 folkskolor
358 673 30 27 pä
410 672 84 28 landet,
518 680 49 14 som
586 672 97 22 förestäs
699 672 22 22 af
737 672 80 22 endast
833 680 28 14 en

101 708 115 21 lärarinna
238 708 56 20 eller
316 715 28 13 en
366 708 73 20 lärare
461 707 42 21 och
526 708 94 21 hvarom
645 707 92 29 stadgas
753 707 8 21 i
775 707 86 28 nådiga

101 742 180 27 kungörelserna
297 741 23 21 af
334 741 44 21 den
395 742 26 20 13
437 742 60 20 Mars
513 742 56 21 1895
586 742 42 21 och
644 742 43 21 den
701 742 15 20 8
726 742 60 20 Mars
798 741 63 28 1898,

101 776 41 20 har
156 776 73 21 under
243 775 155 22 innevarande
420 775 155 29 finansperiod
594 776 89 28 utgjort
703 776 79 27 91,250
796 775 65 21 mark

102 818 37 13 om
155 810 49 22 året
220 810 42 22 och
278 810 60 21 visat
357 810 36 28 sig
411 810 54 21 fullt
487 810 138 28 tillräckligt
647 810 78 22 härför
747 813 59 18 samt
824 810 38 21 till

102 844 43 22 och
166 844 54 22 med
242 845 86 21 lemnat
351 852 28 14 en
401 844 89 22 mindre
512 845 141 27 behållning.
682 845 83 21 Denna
779 845 83 21 lärare-

101 879 118 27 personals
242 879 63 21 antal
327 879 41 21 har
390 879 135 28 visserligen
549 879 72 21 under
644 879 28 21 de
695 882 88 18 senaste
808 880 53 20 åren

101 913 71 21 redan
194 913 66 21 ökats
280 913 53 21 med
350 913 9 21 i
374 913 108 21 medeltal
497 914 28 20 96
541 913 132 29 slöjälärare
689 914 43 21 och
747 914 28 20 68
790 913 72 22 hand-

102 948 204 21 arbetslärarinnor
325 948 87 28 ärligen
433 948 43 21 och
494 948 112 22 beräknas
624 948 92 22 komma
735 951 33 18 att
782 948 81 28 uppgä

101 982 9 21 i
125 982 71 22 slutet
211 982 25 21 af
250 983 24 20 är
290 982 57 21 1904
361 982 36 21 till
413 982 42 22 627
470 983 73 21 lärare
561 982 44 22 och
620 982 42 22 933
677 982 133 28 lärarinnor,
827 982 37 21 för

102 1016 80 22 hvilka
204 1016 176 28 statsbidragen,
403 1016 136 28 uppgående
555 1017 8 21 i
578 1016 108 22 medeltal
701 1017 37 21 till
753 1017 28 21 70
796 1016 67 22 mark

101 1050 36 22 för
154 1050 80 29 hvarje
257 1051 72 21 lärare
352 1051 43 21 och
417 1050 122 22 faststälda
556 1051 38 21 till
609 1051 28 21 50
652 1051 65 21 mark
732 1050 36 22 för
782 1050 80 29 hvarje

101 1085 121 27 lärarinna,
239 1085 9 21 i
262 1086 25 20 sä
302 1084 42 22 fall
358 1085 91 21 komme
465 1087 34 19 att
511 1087 84 26 utgöra
605 1085 168 29 sammanlagdt
783 1084 80 28 90,540

101 1119 73 28 mark;
191 1127 52 13 men
258 1119 45 21 den
319 1119 73 29 ärliga
407 1119 117 29 ökningen
541 1120 73 21 under
631 1119 191 22 nästkommande
838 1120 27 20 är

101 1154 41 21 har
157 1153 23 22 af
198 1148 184 35 Öfverstyrelsen
404 1154 35 22 för
461 1154 162 22 skolväsendet
645 1154 72 22 likväl
739 1154 124 22 beräknats

102 1188 60 29 stiga
177 1188 37 21 till
230 1188 42 21 109
289 1188 154 29 slöjdlärare&
451 1189 28 20 75
489 1189 71 28 mark,
571 1189 95 21 hvartill
677 1189 187 21 skoldistriktens

101 1223 83 28 bidrag
205 1221 38 24 för
264 1223 64 22 detta
351 1223 105 22 ändamål
478 1231 95 14 numera
595 1223 94 22 tendera
709 1226 34 19 att
760 1223 9 21 i
783 1223 80 28 regeln

102 1257 66 29 stiga,
193 1257 43 22 och
258 1257 74 22 likaså
354 1257 43 22 100
417 1257 268 22 handarbetslärarinnor
707 1258 13 21 &
741 1258 28 21 50
790 1257 73 28 mark,

102 1291 55 21 eller
180 1292 68 20 alltså
268 1291 25 21 in
317 1299 88 13 summa
423 1292 78 28 12,500
516 1292 65 21 mark
596 1299 37 14 om
649 1293 53 20 året.
731 1292 38 21 Då
783 1291 80 22 ofvan-

102 1325 100 21 nämnda
216 1326 37 21 för
273 1326 70 21 slutet
363 1325 25 21 af
406 1326 24 20 är
454 1326 56 21 1904
532 1326 129 21 beräknade
683 1326 180 28 utgiftssumma,

102 1360 124 21 afrundadt
247 1360 38 21 till
307 1360 79 28 90,000
408 1360 71 29 mark,
503 1363 65 25 tages
592 1361 74 21 såsom
688 1360 175 29 hbegynnelsetal

103 1394 43 21 och
161 1394 45 21 den
226 1394 73 28 ärliga
319 1394 117 28 ökningen
458 1394 113 22 beräknas
593 1395 93 21 komma
701 1397 34 19 att
750 1395 61 28 stiga
826 1394 37 22 till

103 1428 79 28 12,500
196 1428 72 28 mark,
283 1428 103 22 befinnas
402 1428 102 29 följande
519 1429 81 28 anslag
614 1429 79 21 härför
707 1428 124 29 behöfliga:
