1103 1750
318 154 29 22 U.
363 153 28 23 B.
408 166 25 3 —
449 153 74 29 Prop.
540 153 44 23 N:o
599 153 36 23 24.

364 464 252 23 Statsutskottets
631 464 174 23 betänkande
822 464 35 22 N:o

310 499 13 21 6
339 499 4 21 i
359 498 108 29 anledning
489 499 27 22 af
532 499 55 23 Hans
608 499 118 28 Kejserliga
746 499 113 29 Majestäts

311 532 75 29 nådiga
407 534 130 28 proposition
560 540 31 16 n:o
613 534 32 21 24
660 532 108 30 angående
784 534 73 27 anslag

309 574 25 16 ur
363 568 191 28 bevillningsmedel
583 568 35 23 för
647 568 211 23 folkskoleväsendet

309 603 66 22 under
389 601 52 24 åren
455 603 148 22 1905—1907.

172 678 47 21 Den
236 679 76 27 nådiga
334 679 157 27 propositionen
511 679 37 21 har
564 679 21 20 af
600 679 96 27 samtliga
710 679 63 20 Stånd
791 678 69 21 blifvit

104 713 120 21 remitterad
240 713 31 20 till
287 712 165 28 Statsutskottet,
468 720 44 15 som
528 713 78 28 jämväl
620 713 47 21 från
683 713 117 28 Kejserliga
823 713 37 21 Se-

104 749 62 20 naten
192 747 39 22 fått
253 750 105 25 emottaga
381 748 26 21 de
430 748 34 21 vid
488 748 99 21 ärendets
607 748 129 27 behandling
751 747 108 22 därstädes

105 782 109 21 tillkomna
230 782 132 28 handlingar,
379 783 78 20 hvarur
472 782 93 28 framgår
580 784 30 20 att
625 783 131 27 omröstning
771 783 6 20 i
794 782 65 21 Sena-

105 819 35 18 ten
156 817 47 20 icke
218 819 35 25 egt
267 823 54 15 rum.
352 817 108 21 Utskottet
479 817 37 20 har
531 817 102 27 därjämte
649 817 38 21 fått
702 816 34 21 del
752 817 21 20 af
788 817 26 21 de
825 816 35 21 vid

105 851 126 21 remisserna
246 851 7 20 i
269 851 68 21 skilda
349 851 61 21 stånd
426 851 74 28 gjorda
514 851 130 21 uttalanden.

174 885 118 21 Ständerna
315 885 62 21 hafva
399 886 7 20 i
427 886 32 20 sin
482 885 147 28 underdåniga
651 885 169 22 svarsskrifvelse
841 885 21 22 af

107 920 40 21 den
163 920 26 20 31
206 919 113 22 december
334 920 55 21 1904
408 920 12 21 å
435 919 26 22 H.
478 920 40 21 M:s
540 920 77 27 nådiga
641 920 126 27 proposition
784 927 34 14 n:o
835 920 26 20 12

107 953 109 28 angående
239 954 128 27 provisionel
389 954 106 28 reglering
511 954 21 21 af
547 954 234 27 bevillningsbudgeten
798 954 64 21 fram-

107 988 64 27 hållit,
187 990 30 19 att
232 988 159 21 Statsutskottet
406 989 27 20 då
448 989 75 20 saknat
539 989 109 27 möjlighet
659 991 29 19 att
698 988 93 22 beräkna
801 991 60 19 stats-

108 1023 82 21 verkets
205 1023 106 21 ordinarie
327 1023 112 27 tillgångar
454 1024 39 20 och
510 1023 86 28 utgifter
610 1023 33 21 för
657 1023 24 21 år
697 1023 60 27 1905,
778 1023 85 21 hvarför

107 1057 118 21 Ständerna
245 1057 107 27 nödgades
372 1057 105 21 behandla
500 1057 36 21 det
550 1057 144 28 föreliggande
710 1057 86 22 ärendet
811 1059 50 19 utan

109 1092 124 27 erforderlig
248 1091 97 22 finansiel
362 1092 120 27 utredning,
505 1099 48 14 men
570 1094 30 19 att
615 1092 119 21 Ständerna
749 1094 68 19 ansett
832 1092 32 27 sig

109 1126 52 21 dock
177 1126 51 21 böra
243 1126 73 28 pröfva
331 1127 88 20 ärendet
434 1127 47 20 med
498 1127 100 20 afseende
614 1127 11 20 å
641 1127 36 21 det
692 1127 101 20 samband
804 1126 59 21 hvari

109 1161 35 21 det
159 1160 44 22 stod
221 1161 31 20 till
267 1161 92 21 beslutet
374 1162 29 20 att
419 1161 38 21 hos
472 1160 27 22 H.
515 1160 27 22 M.
559 1161 110 21 hemställa
685 1167 33 15 om
734 1161 41 21 den
786 1161 78 27 lagliga

109 1195 129 27 ordningens
261 1195 154 21 återställande.
445 1195 82 21 Härvid
551 1195 74 27 gjorde
647 1196 32 26 sig
698 1195 40 21 den
754 1195 54 21 åsikt
820 1195 44 27 gäl-

108 1229 70 27 lande,
201 1231 30 19 att
253 1229 212 28 budgetregleringen
483 1230 65 20 borde
568 1230 61 20 hafva
646 1236 26 14 en
688 1230 43 20 helt
746 1230 38 20 och
799 1228 66 22 hållet

109 1264 127 27 provisorisk
252 1264 103 26 karaktär,
371 1264 39 21 och
426 1264 130 27 begränsade
580 1264 118 21 Ständerna
719 1264 70 21 därför
807 1263 57 22 tiden

109 1298 33 21 för
163 1298 124 28 giltigheten
308 1298 21 21 af
352 1298 25 21 de
401 1298 55 21 förra
474 1298 178 28 förordningarna
666 1298 110 28 angående
792 1298 74 21 bevill-

111 1332 141 28 ningsskatter
267 1332 31 22 till
314 1333 40 21 dep
373 1334 10 19 1
399 1333 39 27 juli
454 1333 62 21 1905.
547 1332 49 22 Med
620 1332 99 22 afseende
738 1333 12 20 å
764 1332 102 28 anslagen

110 1367 6 20 i
133 1367 234 27 bevillningsbudgeten
384 1367 32 21 för
431 1367 49 21 åren
493 1367 141 21 1901—1904
646 1367 92 21 uttalade
750 1367 117 21 Ständerna

110 1403 30 19 att
163 1401 61 22 dessa
246 1402 47 20 icke
308 1402 6 20 i
330 1402 41 20 alla
393 1402 59 20 delar
471 1402 71 20 kunde
564 1402 104 27 tillämpas
684 1401 67 21 under
767 1401 23 21 år
806 1401 60 21 1905.

111 1435 103 21 Särskildt
229 1442 50 14 voro
295 1436 114 27 utgifterna
424 1436 33 20 för
472 1436 207 20 folkskoleväsendet
702 1436 119 21 beräknade
837 1437 30 19 att

111 1470 53 27 stiga
180 1469 47 21 från
243 1470 23 20 år
281 1470 31 21 till
328 1470 29 26 år,
371 1470 85 21 hvarför
472 1472 50 19 utan
546 1470 72 21 tvifvel
641 1470 32 21 för
694 1470 23 20 år
733 1470 54 21 1905
802 1470 65 21 erfor-

181 1515 140 19 Statsutskottets
333 1516 112 17 betänkande
456 1516 36 17 N:o
507 1516 16 17 6.
