1109 1753
311 302 92 21 Samma
414 300 167 30 stämpelafgift
592 300 71 29 gäller
673 299 36 22 för

246 337 77 28 dylika
338 337 137 28 handlingar
491 336 117 29 angående
623 336 86 28 fartyg,

246 373 29 21 då
283 373 38 21 det
329 373 34 20 till
369 372 147 29 registrering
529 367 102 39 anmäles,
646 371 63 29 bygg-

243 409 52 25 nad,
318 408 76 22 fabrik
418 409 42 21 och
485 416 75 14 annan
575 408 134 28 inrättning,

245 451 48 15 som
309 443 19 29 ej
347 444 26 21 af
386 444 112 28 fastighet
515 443 98 29 åtföljes,
631 443 30 22 då
675 443 34 21 in-

243 480 108 28 teckning
375 480 49 21 däri
441 480 73 26 sökes,
531 482 58 19 samt
605 479 104 22 arrende-

243 518 58 20 tomt
316 516 8 21 i
335 516 58 25 stad,
405 517 29 20 då
445 517 73 21 skedd
531 515 144 23 öfverlåtelse
687 515 25 22 af

245 552 210 29 besittningsrätten
468 552 83 26 därtill,
560 551 72 30 jomte
643 559 67 21 egan-

244 589 103 21 derätten
354 589 35 21 till
397 591 14 19 å
418 591 88 19 tomten
513 589 118 28 befintliga
639 588 72 28 bygg-

243 625 77 26 nader,
336 625 41 21 hos
393 625 173 21 vederbörande
577 624 134 29 myndighet

244 660 6 21 i
268 660 107 22 afseende
391 662 14 20 å
421 660 140 29 anteckning
578 660 107 22 anmäles.

311 696 48 22 Har
383 696 118 28 fastighet,
525 697 70 21 innan
615 695 96 29 uppbud

243 732 100 27 vunnits,
356 732 54 21 eller
416 732 86 28 fartyg,
512 739 48 15 som
569 732 100 21 anmäles
677 731 35 21 till

244 768 154 28 registrering,
415 768 61 22 varit
495 768 95 22 föremål
605 768 37 21 för
657 767 54 22 flere

244 804 162 26 öfverlåtelser,
423 804 59 22 skall
492 803 81 29 hvarje
584 803 128 22 öfverlåtel-

245 840 142 28 sehandling,
397 840 29 21 då
436 840 87 28 lagfart
539 840 54 21 eller
608 839 104 29 registre-

244 875 51 29 ring
317 876 73 25 sökes,
414 876 73 28 draga
503 875 97 22 särskild
615 874 98 29 stämpel

245 913 74 20 såsom
335 912 41 20 här
389 914 24 19 är
424 912 76 28 sagdt.
516 912 67 21 Dock
593 912 37 20 må
639 910 73 22 öfver-

243 947 197 29 låtelsehandling,
457 947 110 22 utfärdad
583 947 49 22 före
643 947 45 21 den
701 949 10 19 1

243 983 96 22 Januari
355 986 64 23 1892,
430 984 104 21 karteras
546 985 73 20 såsom
630 984 82 28 bilaga.

311 1019 36 21 Då
363 1019 114 28 egendom
495 1019 26 22 af
532 1020 44 20 den
587 1019 126 22 beskaffen-

244 1055 45 25 het,
295 1061 48 15 som
348 1055 40 21 här
392 1055 73 21 finnes
472 1055 131 25 omnämnd,
610 1055 104 28 frivilligt

245 1090 54 21 eller
320 1090 119 22 exekutivt
454 1091 88 22 medels
559 1091 94 21 auktion
669 1090 44 22 för-

244 1125 75 28 säljes,
331 1133 54 14 vare
397 1126 35 28 sig
443 1133 85 21 genom
539 1126 104 28 offentlig
650 1133 63 21 myn-

245 1161 78 29 dighet
339 1162 54 21 eller
403 1161 8 22 i
423 1162 91 21 enskild
525 1165 51 25 väg,
588 1162 57 21 skall
656 1162 58 21 salu-

242 1199 57 25 bref,
311 1199 94 28 belagdt
416 1199 53 21 med
481 1199 98 29 stämpel
593 1199 35 21 till
644 1199 71 21 ofvan

241 1234 110 28 stadgade
360 1234 90 29 belopp,
456 1235 38 21 till
510 1230 86 38 köparen
605 1230 108 38 utfärdas.

241 1270 202 28 Stämpelafgiften
470 1272 69 27 utgår
557 1278 27 14 ur
600 1270 114 22 auktions-

241 1304 129 30 skillingen,
382 1306 80 21 såvida
474 1306 23 28 ej
510 1306 143 22 annorlunda
664 1306 51 22 blif-

240 1341 35 21 vit
290 1340 142 22 förbehållet.

101 1373 229 29 Leveranskontrakt,
347 1384 24 14 se
388 1378 13 20 3
417 1376 20 28 $,
453 1377 126 22 Kontrakt.

101 1408 217 29 Löftesförbindelse,
330 1412 99 21 tecknad
441 1414 12 19 å
464 1413 127 56 behörigen
602 1412 113 57 m

173 1446 112 29 handling
309 1464 4 4 .
347 1465 4 3 .
384 1465 5 4 .
611 1465 4 4 .
685 1447 31 27 fri

174 1482 53 21 Sei
244 1482 71 29 öfrigt
329 1461 175 55 Borgesskrift,
514 1487 13 18 4
537 1465 26 47 8.

808 124 28 21 78

854 305 115 19 Stämpelaf-

854 330 39 23 gift
913 332 21 16 för
947 330 28 17 af-

854 359 117 24 handlingar

849 389 82 19 emellan
944 395 34 12 en-

878 419 68 19 skilda.
