1103 1750
334 141 29 22 U.
379 142 28 21 B.
424 154 26 2 —
466 140 76 29 Prop.
558 140 43 22 N:o
617 140 39 22 24.
865 139 11 21 7

190 210 11 20 I
224 210 40 21 den
288 210 76 26 nådiga
387 210 162 27 propositionen
570 209 89 21 föreslås
681 211 31 19 att
730 210 96 26 anslaget
846 208 32 22 för

121 244 77 27 bidrag
214 244 35 21 till
263 244 140 28 uppförande
418 244 28 27 af
458 244 146 27 folkskolehus
620 244 39 20 och
673 244 143 27 slöjdlokaler,
832 250 45 14 som

121 278 22 21 af
165 278 40 22 sist
225 278 129 22 församlade
377 278 91 22 Ständer
491 278 75 27 höjdes
588 278 47 21 från
659 278 77 26 50,000
756 278 31 21 till
804 278 75 25 70,000

121 312 61 22 mark
197 312 32 22 för
245 312 28 25 år,
289 313 68 21 under
372 319 29 15 nu
417 312 161 28 ifrågavarande
590 312 144 27 finansperiod
747 312 69 21 skulle
828 312 52 26 utgå

122 347 49 21 med
187 349 31 19 ett
237 346 78 28 belopp
335 346 22 22 af
372 347 91 26 150,000
478 347 61 21 mark
554 346 87 27 årligen.
672 346 77 21 Denna
764 346 80 27 ökning
858 346 22 21 af

122 381 97 27 anslaget
233 381 95 27 påkallas
343 381 62 21 äfven
421 382 67 26 enligt
504 381 123 22 Utskottets
645 381 87 27 mening
747 380 64 26 däraf,
827 382 31 20 att
873 380 7 21 i

123 422 26 14 en
171 416 79 27 mängd
273 416 126 21 kommuner
423 416 120 26 byggandet
564 416 22 20 af
599 422 41 20 nya
655 415 146 21 folkskolehus
816 415 7 20 i
839 415 39 21 den

123 451 108 20 närmaste
245 449 113 22 framtiden
380 449 96 24 förestår,
492 450 76 21 medan
584 450 168 21 kommunernas
768 449 112 27 tillgångar

124 485 65 20 redan
205 484 69 21 blifvit
289 484 34 21 för
339 491 81 14 samma
435 484 98 21 ändamål
548 484 32 21 till
596 484 35 21 det
641 486 91 25 yttersta
744 483 136 27 ansträngda.

193 518 90 22 Utöfver
296 519 58 20 detta
364 519 6 20 i
381 519 164 26 propositionen
557 525 25 14 ur
593 517 198 28 bevillningsmedel
802 517 78 22 äskade

123 553 76 26 anslag
214 553 37 20 har
268 553 91 21 Senaten
377 553 67 21 under
459 552 94 22 februari
570 553 77 20 månad
657 553 143 20 innevarande
811 552 23 21 år
846 552 34 21 be-

124 587 88 22 handlat
234 590 31 18 ett
279 587 80 27 förslag
379 590 31 18 att
426 594 24 14 ur
466 588 108 21 allmänna
589 587 137 21 statsfonden
746 587 80 27 årligen
842 593 38 14 un-

125 622 37 21 der
177 622 102 27 perioden
296 622 138 22 1905—1907
451 622 98 21 använda
565 622 111 25 1,500,000
691 622 60 20 mark
762 621 33 21 för
807 621 74 27 bidrag

125 656 31 21 till
172 656 143 27 uppförandet
329 656 23 21 af
365 663 42 21 nya
421 656 149 22 folkskolehus
586 656 67 26 enligt
668 656 22 21 af
704 656 92 21 Senaten
808 656 8 20 i
826 662 55 14 sam-

125 690 39 21 råd
179 691 49 21 med
250 691 220 26 generalguvernören
490 690 112 22 utfärdade
617 690 139 22 föreskrifter.
785 690 46 21 Mot
846 690 36 21 det

127 724 109 28 sakenliga
250 725 7 21 i
273 725 58 21 detta
345 724 81 28 förslag
441 725 39 21 har
495 725 113 21 Utskottet
623 725 53 21 intet
692 726 31 20 att
733 724 100 27 påminna
843 730 38 15 un-

127 759 37 21 der
179 758 154 28 förutsättning
347 761 32 19 att
393 759 34 21 för
441 760 116 26 bidragens
570 758 124 28 utgifvande
704 758 46 22 icke
760 758 65 22 fästes
837 758 44 21 vill-

126 793 39 22 kor
177 793 20 21 af
213 794 35 21 det
263 794 51 27 slag,
326 794 63 21 som
378 789 14 36 i
404 794 116 27 reskriptet
534 794 23 21 af
570 794 41 21 den
627 794 28 20 25
667 794 85 26 januari
768 794 60 25 1903,
845 794 37 20 där

123 828 167 21 kommunernas
315 828 99 27 politiska
437 828 133 27 ståndpunkt
593 828 99 21 tillmätes
716 834 26 15 en
767 828 115 26 afgörande

124 862 109 28 betydelse
248 862 33 22 för
297 862 122 22 erhållande
434 862 22 22 af
470 863 58 21 vissa
542 862 113 22 förmåner.

193 896 11 22 I
220 897 163 27 propositionen
405 899 126 19 omnämnes
554 899 31 19 att
600 897 102 27 bidragen
720 903 46 15 som
782 896 99 22 tilldelats

125 931 76 21 endast
216 930 99 28 fattigare
330 931 127 21 kommuner
473 931 39 21 och
528 932 6 20 i
550 931 115 21 allmänhet
680 931 45 21 icke
741 930 96 28 utgifvits
851 930 32 22 till

126 965 66 27 högre
215 965 77 27 belopp
309 967 25 19 än
352 966 61 24 1,500
428 966 60 20 mark
503 965 33 21 för
552 966 66 25 skola,
635 966 67 21 skulle
718 966 54 20 varit
787 965 23 21 af
823 965 60 27 ringa

125 999 114 27 betydelse,
255 1006 34 14 om
301 1000 17 26 ej
334 1000 129 21 statsverket
478 1000 67 21 tillika
560 1000 82 21 kunnat
657 1000 139 26 understödja
812 1006 25 14 en
849 999 33 22 del

125 1034 138 21 kommuners
286 1034 160 27 ifrågavarande
470 1034 195 28 byggnadsföretag
688 1040 75 21 genom
780 1036 31 19 att
827 1034 57 27 gifva

125 1068 60 21 virke
207 1068 150 22 kostnadsfritt
380 1075 25 15 ur
428 1068 94 22 kronans
546 1069 79 27 skogar
640 1069 39 21 och
701 1069 77 27 bevilja
792 1072 91 18 amorte-

126 1102 103 27 ringslån.

195 1137 74 27 Enligt
291 1137 112 21 Utskottet
427 1137 21 21 af
463 1138 159 21 Statskontoret
637 1137 123 22 meddelade
776 1136 107 28 uppgifter

127 1171 63 22 hafva
205 1171 34 22 lån
255 1171 32 22 för
300 1171 231 28 folkskolebyggnader
546 1172 97 27 utgifvits
655 1179 24 14 ur
690 1173 145 21 Statsverkets
851 1174 32 19 ut-

127 1206 137 27 låningsfond
281 1207 68 20 under
364 1207 50 21 åren
432 1207 143 21 1897—1904
590 1207 31 21 till
637 1207 92 27 följande
744 1207 77 27 belopp

199 1492 163 18 Statsutskottets
376 1492 120 18 betänkande
510 1493 38 17 N:o
561 1493 17 17 9.
