1106 1756
282 146 28 21 82

625 214 29 19 24
669 210 19 29 8.

350 264 131 23 Uraktlåter
496 265 119 29 försäljare
627 265 107 29 antingen
746 268 33 19 att
790 265 84 29 begära
885 264 144 28 inventering

280 300 54 22 eller
351 303 32 19 att
399 301 61 21 inom
476 304 72 18 utsatt
563 302 33 20 tid
608 301 96 21 insända
715 301 153 28 redovisning,
880 301 57 21 skall
949 301 80 21 sådant

280 344 65 14 anses
362 339 73 19 såsom
451 337 59 21 hade
526 338 44 20 han
586 337 80 21 försålt
682 337 40 21 allt
738 337 38 21 det
792 336 181 29 stämpelförråd,
984 337 44 21 han

280 373 125 28 emottagit,
422 375 59 20 samt
498 373 116 28 betalning
630 373 78 21 därför
723 373 41 22 hos
780 373 84 21 honom
880 373 99 21 utsökas.

624 471 29 20 25
668 468 21 29 8.

349 523 11 21 I
376 523 108 22 händelse
501 523 26 21 af
540 523 78 22 balans
630 523 54 22 eller
694 523 116 22 bristande
821 523 144 28 redogörelse
976 529 53 22 eger

279 559 87 22 kronan
389 559 41 22 hos
452 559 28 22 de
502 562 98 25 antagna
616 558 148 29 försäljarene
780 567 87 14 samma
882 559 147 22 förmånsrätt

278 593 36 23 för
330 595 80 21 värdet
426 595 26 21 af
466 595 143 22 oredovisadt
625 595 181 29 stämpelförråd,
818 602 48 14 som
877 595 41 21 hos
929 595 99 21 kronans

278 630 171 29 uppbördsmän
466 631 6 21 i
489 631 128 22 allmänhet.

623 722 29 20 26
669 720 19 29 8.

347 775 36 22 Då
399 775 191 29 stämpelpapper,
606 775 94 22 ämnadt
715 775 34 21 till
765 775 139 28 expedition,
923 775 40 22 hos
982 782 44 14 em-

277 811 105 21 betsverk
399 811 53 21 eller
469 810 137 29 tjensteman
620 818 82 21 genom
714 811 157 28 misskrifning
882 811 53 21 eller
947 818 79 14 annor-

276 846 62 22 ledes
354 847 146 26 förderfvats,
517 847 53 22 eller
582 847 28 21 då
621 847 70 22 redan
702 847 176 21 underskrifven
889 847 42 21 och
942 849 83 26 stämp-

275 883 37 21 lad
335 883 133 28 expedition
490 883 26 22 af
530 890 74 15 annan
621 883 66 22 orsak
703 883 49 21 icke
769 882 76 22 blifvit
861 883 112 28 utgifven,
990 885 37 19 må

275 919 81 21 sådant
372 919 185 29 stämpelpapper
569 919 53 22 eller
633 919 71 22 sådan
715 919 132 28 expedition
858 919 26 21 af
893 919 44 21 den
949 918 77 22 därför

276 955 119 28 ansvarige
411 954 184 28 tjenstemannen
610 955 114 25 insändas,
739 954 71 29 jemte
822 955 106 25 reversal,
945 957 80 26 uppta-

274 990 75 28 gande
366 990 85 22 antalet
467 991 109 28 stämplar
592 990 25 22 af
625 990 81 29 hvarje
717 990 49 29 slag
777 990 42 22 och
830 990 71 26 valör,
915 990 35 21 till
965 990 60 22 läne-

274 1026 111 28 styrelsen
401 1026 35 22 för
453 1029 33 19 att
502 1026 40 22 där
558 1026 92 29 utbytas
667 1029 60 19 emot
742 1034 46 20 nya
804 1026 110 29 stämplar
930 1026 26 22 af
969 1028 56 19 mot-

274 1062 112 21 svarande
402 1062 76 22 värde.
505 1055 21 29 Å
542 1062 164 28 länestyrelsen
722 1062 132 22 ankommer
870 1061 111 29 därjemte
993 1064 33 19 att

274 1098 117 28 medgifva
407 1098 81 28 utbyte
504 1098 26 22 af
543 1098 109 29 stämplar
667 1098 34 21 till
712 1098 86 22 sådana
809 1098 164 28 expeditioner,
989 1097 36 22 för

273 1133 77 22 hvilka
374 1134 130 28 afgifterna,
524 1134 8 21 i
552 1134 113 22 anseende
685 1134 34 21 till
740 1134 123 28 fattigdom
880 1133 54 22 eller
950 1141 74 14 annan

273 1168 53 29 laga
342 1169 74 26 orsak,
433 1168 21 30 ej
471 1170 88 21 kunnat
574 1170 41 21 hos
632 1170 125 28 sakegaren
772 1169 68 22 utfås.

619 1268 27 19 27
663 1264 20 29 &.

342 1319 126 22 Förefaller
488 1319 157 28 misskrifning
665 1320 39 20 vid
725 1319 198 29 stämpelpappers
939 1322 84 19 använ-

272 1354 75 22 dande
365 1355 25 21 af
404 1356 89 21 enskild
509 1363 89 21 person,
614 1355 52 21 eller
677 1356 41 21 har
728 1356 46 21 han
786 1356 25 20 af
820 1355 130 29 uppenbart
960 1355 64 21 miss-

271 1392 39 26 tag
321 1390 115 29 begagnat
448 1392 184 28 stämpelpapper
643 1391 54 21 eller
708 1391 183 29 stämpelmärke,
903 1391 29 21 då
943 1391 80 21 sådant

272 1426 49 21 icke
338 1426 130 27 erfordrats,
486 1427 54 21 eller
556 1428 102 21 användt
668 1428 70 27 högre
750 1426 104 29 stämpel,
867 1430 28 18 än
907 1426 116 23 föreskrif-

271 1464 39 19 vet
326 1465 31 23 är,
374 1465 36 19 må
425 1463 102 21 tillstånd
543 1462 34 22 till
594 1463 51 21 dess
661 1463 128 28 utbytande
805 1462 68 22 sökas
883 1462 42 22 hos
936 1462 87 22 Guver-

271 1500 69 19 nören
358 1499 6 20 i
381 1499 67 25 länet,
465 1499 91 21 hvilken
574 1506 52 21 eger
642 1499 82 28 pröfva
740 1499 43 21 och
799 1498 87 29 afgöra,
903 1505 37 15 om
955 1498 67 28 utby-
