1098 1756
229 144 14 21 4
451 145 29 23 U.
497 146 25 21 B.
541 159 26 2 —
584 146 75 28 Prop.
675 146 43 22 N:o
734 146 37 22 29.

230 216 194 30 komplettering
443 217 33 28 på
495 217 194 29 frivillighetens
709 218 58 28 väg,
782 223 74 16 anser
867 216 39 30 sig
918 216 69 23 Stän-

230 250 79 22 derna
337 251 86 22 kunna
450 251 121 27 förklara,
597 253 35 21 att
659 252 57 22 med
735 251 121 23 afseende
876 251 13 22 å
909 256 78 18 nuva-

230 285 80 22 rande
328 286 112 29 sakläge,
458 286 86 29 någon
562 286 89 23 vidare
664 286 154 23 medverkan
833 286 87 22 härför
930 285 57 23 från

231 319 158 23 Ständernas
408 321 56 22 sida
482 321 22 29 ej
526 328 61 15 vore
607 321 25 22 af
650 321 105 22 nöden».

299 355 39 22 Då
366 355 49 22 den
434 355 94 29 nådiga
547 356 198 28 propositionen,
766 362 53 15 som
839 362 34 15 nu
893 355 35 22 till
947 355 40 22 be-

229 389 124 29 handling
372 389 136 30 föreligger
528 390 67 22 afser
613 397 31 15 en
664 390 79 22 sådan
763 390 7 21 i
783 389 150 23 förberörda
947 396 40 22 pe-

230 423 72 22 tition
322 424 96 29 antydd
436 425 158 28 provisorisk
615 425 97 28 åtgärd,
733 431 53 16 som
805 425 22 28 ej
848 424 51 22 kan
917 425 8 21 i
946 424 41 22 ad-

230 458 151 23 ministrativ
410 460 51 28 väg
489 459 125 29 vidtagas,
635 460 74 28 utgör
728 459 42 22 det
789 459 36 22 till
845 458 141 23 Ständerna

230 493 108 22 sålunda
366 493 156 23 framställda
551 494 121 29 förslaget
699 494 54 22 icke
780 493 79 29 något
879 495 64 27 nytt,
963 493 25 22 af

229 527 139 28 petitionen
394 528 144 23 oberoende
567 529 100 26 ärende,
695 530 60 20 utan
774 528 72 21 faller
865 528 67 22 inom
951 535 37 14 ra-

230 569 57 15 men
316 562 25 22 af
366 562 31 22 de
417 563 34 22 till
471 563 216 22 militärväsendet
706 563 38 28 sig
763 562 158 23 hänförande
940 563 48 21 frå-

230 603 47 22 gor
304 603 53 16 som
378 597 5 22 i
404 597 137 29 anledning
570 598 25 22 af
621 598 138 28 petitionen
788 597 113 28 påkallat
921 597 67 29 afgö-

229 631 89 22 rande.

300 666 98 22 Härvid
424 673 75 22 synes
519 667 7 21 i
544 666 105 23 främsta
677 668 107 21 rummet
808 666 62 22 böra
899 666 36 22 till
953 666 35 21 öf-

230 701 165 28 vervägande
422 703 133 26 upptagas,
583 701 126 22 huruvida
737 701 32 22 de
791 703 52 20 mot
861 700 127 29 grundlag

229 735 132 22 stridande
380 735 183 26 förhållanden,
581 742 53 16 som
651 736 32 28 på
697 735 228 23 militärväsendets
939 741 49 16 om-

230 769 62 22 råde
320 770 66 22 varit
413 770 113 22 rådande
550 770 77 22 sedan
648 769 339 30 värnepligtsförfattningen

230 804 26 21 af
269 804 49 22 den
339 805 31 21 12
389 805 45 28 juli
448 805 44 28 (29
510 804 65 29 juni)
593 805 64 22 1901
679 805 52 22 blef
748 804 128 26 utfärdad,
897 804 91 29 aflägs-

229 840 58 21 nats
306 845 90 23 genom
421 839 93 29 nådiga
534 839 143 22 manifestet
696 839 25 22 af
740 839 49 22 den
809 839 34 22 29
856 837 53 32 (16)
922 839 66 21 näst-

231 873 77 22 vikna
327 880 75 16 mars.

300 908 48 22 Det
368 908 135 30 viktigaste
523 909 25 21 af
563 908 157 23 Ständarnas
733 908 134 29 yrkanden
884 908 8 22 i
905 908 83 22 denna

230 942 186 29 angelägenhet
442 950 53 19 var,
522 945 35 20 att
575 943 91 28 frågan
685 950 40 15 om
744 942 145 28 värneplikt
907 942 7 22 i
934 942 54 22 Fin-

230 977 59 22 land
309 977 64 22 skall
392 978 8 21 i
418 978 209 28 grundlagsenlig
647 978 50 28 väg
710 978 111 28 afgöras.
859 977 38 21 Då
911 976 30 22 H.
958 976 29 22 K.

231 1012 30 20 M.
282 1012 7 21 i
309 1012 145 28 åberopade
473 1012 117 22 manifest
608 1012 123 22 förklarat
750 1012 39 28 sig
808 1011 77 22 hafva
899 1010 90 23 bifallit

233 1046 51 22 »till
309 1046 121 23 Finlands
460 1046 122 23 Ständers
607 1046 176 28 underdåniga
802 1045 187 29 framställning

230 1080 134 29 angäende
378 1081 142 22 ordnandet
533 1081 26 22 af
571 1080 218 23 militärväsendet
801 1080 7 22 i
823 1080 166 22 Storfursten-

229 1115 111 26 dömet»,
360 1115 51 22 kan
430 1116 155 22 manifestets
605 1115 131 26 innebörd,
757 1115 28 21 sä
805 1114 54 22 vidt
877 1114 42 22 det
938 1114 51 29 gäl-

229 1149 37 22 ler
285 1150 49 22 den
354 1150 165 28 erforderliga
532 1156 51 22 nya
595 1150 193 28 lagstiftningen
801 1149 8 22 i
823 1149 68 22 detta
907 1149 81 25 ämne,

230 1184 54 22 icke
304 1190 62 16 vara
387 1191 83 15 annan
499 1185 32 21 än
551 1186 34 20 ett
605 1184 164 22 erkännande
789 1183 26 22 af
835 1183 154 22 Ständernas

229 1218 123 29 rättighet
380 1220 36 21 att
443 1219 55 22 häri
526 1219 109 29 deltaga,
655 1225 40 15 om
715 1218 46 22 ock
781 1218 151 28 tidpunkten
951 1217 39 21 för

230 1252 208 24 öfverlemnande
467 1254 25 21 af
518 1253 140 29 lagförslag
686 1253 35 22 till
739 1252 158 28 landtdagen
922 1252 68 21 ännu

230 1286 76 22 beror
325 1287 26 22 af
370 1294 30 15 en
419 1288 8 22 i
446 1288 143 22 manifestet
607 1288 90 22 anförd
714 1286 110 23 särskild
837 1286 154 28 omständig-

230 1321 50 22 het.
320 1321 143 23 Ständerna
482 1322 65 22 hade
571 1322 75 22 äfven
665 1322 40 22 för
723 1322 39 22 sin
781 1321 41 22 del
841 1320 65 29 tagit
924 1320 8 22 i
950 1320 41 22 be-

230 1356 136 22 traktande
392 1358 35 20 att
452 1356 262 30 värnepligtsfrägans
742 1356 103 28 slutliga
863 1355 101 28 lösning
984 1355 6 21 i

230 1396 62 22 nyss
313 1391 116 28 antydda
448 1391 109 29 ordning
575 1391 7 22 i
601 1391 90 29 hvarje
714 1390 44 22 fall
777 1390 80 22 mäste
876 1389 114 22 erfordra

230 1431 32 15 en
281 1425 217 27 förberedelsetid,
518 1426 47 22 och
585 1425 100 22 anhöllo
705 1426 35 21 att
759 1424 192 28 tillämpningen
966 1423 25 22 af

231 1458 66 23 1901
320 1460 41 22 ärs
372 1460 150 29 författning
540 1460 76 22 mätte
633 1466 90 22 genom
737 1458 157 23 omedelbart
906 1458 85 23 instäl-

301 1503 164 19 Statsutskottets
478 1504 120 18 betänkande
612 1505 35 16 N:o
661 1504 26 17 10.
