<?xml version="1.0" encoding="UTF-8"?>
<alto xmlns="http://www.loc.gov/standards/alto/ns-v3#" xmlns:xlink="http://www.w3.org/1999/xlink" xmlns:xsi="http://www.w3.org/2001/XMLSchema-instance" xsi:schemaLocation="http://www.loc.gov/standards/alto/ns-v3# http://www.loc.gov/alto/v3/alto-3-0.xsd">
	<Description>
		<MeasurementUnit>pixel</MeasurementUnit>
		<sourceImageInformation>
			<fileName>/tmp/tess_xe5yp5d8_input.PNG</fileName>
		</sourceImageInformation>
		<OCRProcessing ID="OCR_0">
			<ocrProcessingStep>
				<processingSoftware>
					<softwareName>tesseract 5.3.4</softwareName>
				</processingSoftware>
			</ocrProcessingStep>
		</OCRProcessing>
	</Description>
	<Layout>
		<Page WIDTH="1103" HEIGHT="1756" PHYSICAL_IMG_NR="0" ID="page_0">
			<PrintSpace HPOS="0" VPOS="0" WIDTH="1103" HEIGHT="1756">
				<ComposedBlock ID="cblock_0" HPOS="226" VPOS="148" WIDTH="579" HEIGHT="29">
					<TextBlock ID="block_0" HPOS="226" VPOS="148" WIDTH="579" HEIGHT="29">
						<TextLine ID="line_0" HPOS="226" VPOS="148" WIDTH="579" HEIGHT="29">
							<String ID="string_0" HPOS="226" VPOS="150" WIDTH="13" HEIGHT="20" WC="0.95" CONTENT="2"/><SP WIDTH="178" VPOS="150" HPOS="239"/>
							<String ID="string_1" HPOS="417" VPOS="148" WIDTH="85" HEIGHT="23" WC="0.92" CONTENT="Ständ."/><SP WIDTH="16" VPOS="148" HPOS="502"/>
							<String ID="string_2" HPOS="518" VPOS="148" WIDTH="39" HEIGHT="23" WC="0.93" CONTENT="Sv."/><SP WIDTH="16" VPOS="148" HPOS="557"/>
							<String ID="string_3" HPOS="573" VPOS="161" WIDTH="28" HEIGHT="3" WC="0.92" CONTENT="—"/><SP WIDTH="15" VPOS="161" HPOS="601"/>
							<String ID="string_4" HPOS="616" VPOS="149" WIDTH="74" HEIGHT="28" WC="0.95" CONTENT="Prop."/><SP WIDTH="18" VPOS="149" HPOS="690"/>
							<String ID="string_5" HPOS="708" VPOS="149" WIDTH="43" HEIGHT="22" WC="0.96" CONTENT="N:o"/><SP WIDTH="15" VPOS="149" HPOS="751"/>
							<String ID="string_6" HPOS="766" VPOS="149" WIDTH="39" HEIGHT="22" WC="0.95" CONTENT="24."/>
						</TextLine>
					</TextBlock>
				</ComposedBlock>
				<ComposedBlock ID="cblock_1" HPOS="224" VPOS="220" WIDTH="768" HEIGHT="1270">
					<TextBlock ID="block_1" HPOS="226" VPOS="220" WIDTH="766" HEIGHT="63">
						<TextLine ID="line_1" HPOS="227" VPOS="220" WIDTH="765" HEIGHT="23">
							<String ID="string_7" HPOS="227" VPOS="220" WIDTH="208" HEIGHT="23" WC="0.92" CONTENT="skoleväsendets"/><SP WIDTH="18" VPOS="220" HPOS="435"/>
							<String ID="string_8" HPOS="453" VPOS="220" WIDTH="9" HEIGHT="22" WC="0.96" CONTENT="i"/><SP WIDTH="18" VPOS="220" HPOS="462"/>
							<String ID="string_9" HPOS="480" VPOS="220" WIDTH="86" HEIGHT="22" WC="0.96" CONTENT="landet"/><SP WIDTH="27" VPOS="220" HPOS="566"/>
							<String ID="string_10" HPOS="593" VPOS="220" WIDTH="134" HEIGHT="23" WC="0.95" CONTENT="underhåll"/><SP WIDTH="28" VPOS="220" HPOS="727"/>
							<String ID="string_11" HPOS="755" VPOS="220" WIDTH="81" HEIGHT="23" WC="0.93" CONTENT="under"/><SP WIDTH="28" VPOS="220" HPOS="836"/>
							<String ID="string_12" HPOS="864" VPOS="220" WIDTH="128" HEIGHT="23" WC="0.90" CONTENT="nästkom-"/>
						</TextLine>
						<TextLine ID="line_2" HPOS="226" VPOS="254" WIDTH="361" HEIGHT="29">
							<String ID="string_13" HPOS="226" VPOS="255" WIDTH="92" HEIGHT="22" WC="0.90" CONTENT="mande"/><SP WIDTH="20" VPOS="255" HPOS="318"/>
							<String ID="string_14" HPOS="338" VPOS="254" WIDTH="249" HEIGHT="29" WC="0.90" CONTENT="bevillningsperiod."/>
						</TextLine>
					</TextBlock>
					<TextBlock ID="block_2" HPOS="225" VPOS="289" WIDTH="765" HEIGHT="1063">
						<TextLine ID="line_3" HPOS="297" VPOS="289" WIDTH="690" HEIGHT="29">
							<String ID="string_15" HPOS="297" VPOS="289" WIDTH="12" HEIGHT="22" WC="0.96" CONTENT="I"/><SP WIDTH="24" VPOS="289" HPOS="309"/>
							<String ID="string_16" HPOS="333" VPOS="289" WIDTH="39" HEIGHT="22" WC="0.93" CONTENT="sin"/><SP WIDTH="24" VPOS="289" HPOS="372"/>
							<String ID="string_17" HPOS="396" VPOS="289" WIDTH="176" HEIGHT="29" WC="0.91" CONTENT="underdåniga"/><SP WIDTH="26" VPOS="289" HPOS="572"/>
							<String ID="string_18" HPOS="598" VPOS="289" WIDTH="208" HEIGHT="22" WC="0.91" CONTENT="svarsskrifvelse"/><SP WIDTH="26" VPOS="289" HPOS="806"/>
							<String ID="string_19" HPOS="832" VPOS="289" WIDTH="26" HEIGHT="22" WC="0.96" CONTENT="af"/><SP WIDTH="29" VPOS="289" HPOS="858"/>
							<String ID="string_20" HPOS="887" VPOS="289" WIDTH="49" HEIGHT="22" WC="0.96" CONTENT="den"/><SP WIDTH="19" VPOS="289" HPOS="936"/>
							<String ID="string_21" HPOS="955" VPOS="289" WIDTH="32" HEIGHT="22" WC="0.96" CONTENT="31"/>
						</TextLine>
						<TextLine ID="line_4" HPOS="227" VPOS="323" WIDTH="763" HEIGHT="30">
							<String ID="string_22" HPOS="227" VPOS="323" WIDTH="134" HEIGHT="23" WC="0.95" CONTENT="december"/><SP WIDTH="21" VPOS="323" HPOS="361"/>
							<String ID="string_23" HPOS="382" VPOS="323" WIDTH="66" HEIGHT="23" WC="0.93" CONTENT="1904"/><SP WIDTH="21" VPOS="323" HPOS="448"/>
							<String ID="string_24" HPOS="469" VPOS="324" WIDTH="14" HEIGHT="22" WC="0.89" CONTENT="å"/><SP WIDTH="14" VPOS="324" HPOS="483"/>
							<String ID="string_25" HPOS="497" VPOS="324" WIDTH="82" HEIGHT="22" WC="0.92" CONTENT="Eders"/><SP WIDTH="14" VPOS="324" HPOS="579"/>
							<String ID="string_26" HPOS="593" VPOS="323" WIDTH="142" HEIGHT="30" WC="0.96" CONTENT="Kejserliga"/><SP WIDTH="15" VPOS="323" HPOS="735"/>
							<String ID="string_27" HPOS="750" VPOS="324" WIDTH="131" HEIGHT="29" WC="0.96" CONTENT="Majestäts"/><SP WIDTH="15" VPOS="324" HPOS="881"/>
							<String ID="string_28" HPOS="896" VPOS="323" WIDTH="94" HEIGHT="30" WC="0.95" CONTENT="nådiga"/>
						</TextLine>
						<TextLine ID="line_5" HPOS="226" VPOS="358" WIDTH="763" HEIGHT="29">
							<String ID="string_29" HPOS="226" VPOS="358" WIDTH="159" HEIGHT="29" WC="0.96" CONTENT="proposition"/><SP WIDTH="26" VPOS="358" HPOS="385"/>
							<String ID="string_30" HPOS="411" VPOS="358" WIDTH="47" HEIGHT="23" WC="0.96" CONTENT="N:o"/><SP WIDTH="24" VPOS="358" HPOS="458"/>
							<String ID="string_31" HPOS="482" VPOS="358" WIDTH="31" HEIGHT="22" WC="0.95" CONTENT="12"/><SP WIDTH="21" VPOS="358" HPOS="513"/>
							<String ID="string_32" HPOS="534" VPOS="358" WIDTH="133" HEIGHT="29" WC="0.93" CONTENT="angående"/><SP WIDTH="19" VPOS="358" HPOS="667"/>
							<String ID="string_33" HPOS="686" VPOS="358" WIDTH="156" HEIGHT="28" WC="0.91" CONTENT="provisionel"/><SP WIDTH="18" VPOS="358" HPOS="842"/>
							<String ID="string_34" HPOS="860" VPOS="358" WIDTH="129" HEIGHT="29" WC="0.96" CONTENT="reglering"/>
						</TextLine>
						<TextLine ID="line_6" HPOS="227" VPOS="392" WIDTH="761" HEIGHT="29">
							<String ID="string_35" HPOS="227" VPOS="392" WIDTH="28" HEIGHT="23" WC="0.92" CONTENT="af"/><SP WIDTH="25" VPOS="392" HPOS="255"/>
							<String ID="string_36" HPOS="280" VPOS="393" WIDTH="283" HEIGHT="28" WC="0.91" CONTENT="bevillningsbudgeten"/><SP WIDTH="23" VPOS="393" HPOS="563"/>
							<String ID="string_37" HPOS="586" VPOS="393" WIDTH="79" HEIGHT="22" WC="0.93" CONTENT="hafva"/><SP WIDTH="17" VPOS="393" HPOS="665"/>
							<String ID="string_38" HPOS="682" VPOS="392" WIDTH="142" HEIGHT="23" WC="0.91" CONTENT="Ständerna"/><SP WIDTH="19" VPOS="392" HPOS="824"/>
							<String ID="string_39" HPOS="843" VPOS="392" WIDTH="145" HEIGHT="27" WC="0.96" CONTENT="framhållit,"/>
						</TextLine>
						<TextLine ID="line_7" HPOS="227" VPOS="427" WIDTH="762" HEIGHT="29">
							<String ID="string_40" HPOS="227" VPOS="428" WIDTH="37" HEIGHT="21" WC="0.95" CONTENT="att"/><SP WIDTH="21" VPOS="428" HPOS="264"/>
							<String ID="string_41" HPOS="285" VPOS="427" WIDTH="191" HEIGHT="22" WC="0.96" CONTENT="Statsutskottet"/><SP WIDTH="28" VPOS="427" HPOS="476"/>
							<String ID="string_42" HPOS="504" VPOS="427" WIDTH="32" HEIGHT="22" WC="0.95" CONTENT="då"/><SP WIDTH="24" VPOS="427" HPOS="536"/>
							<String ID="string_43" HPOS="560" VPOS="427" WIDTH="93" HEIGHT="22" WC="0.96" CONTENT="saknat"/><SP WIDTH="18" VPOS="427" HPOS="653"/>
							<String ID="string_44" HPOS="671" VPOS="427" WIDTH="131" HEIGHT="29" WC="0.96" CONTENT="möjlighet"/><SP WIDTH="20" VPOS="427" HPOS="802"/>
							<String ID="string_45" HPOS="822" VPOS="428" WIDTH="36" HEIGHT="21" WC="0.96" CONTENT="att"/><SP WIDTH="18" VPOS="428" HPOS="858"/>
							<String ID="string_46" HPOS="876" VPOS="427" WIDTH="113" HEIGHT="22" WC="0.95" CONTENT="beräkna"/>
						</TextLine>
						<TextLine ID="line_8" HPOS="226" VPOS="461" WIDTH="763" HEIGHT="30">
							<String ID="string_47" HPOS="226" VPOS="461" WIDTH="169" HEIGHT="23" WC="0.91" CONTENT="statsverkets"/><SP WIDTH="19" VPOS="461" HPOS="395"/>
							<String ID="string_48" HPOS="414" VPOS="461" WIDTH="127" HEIGHT="23" WC="0.96" CONTENT="ordinarie"/><SP WIDTH="19" VPOS="461" HPOS="541"/>
							<String ID="string_49" HPOS="560" VPOS="462" WIDTH="138" HEIGHT="29" WC="0.95" CONTENT="tillgångar"/><SP WIDTH="19" VPOS="462" HPOS="698"/>
							<String ID="string_50" HPOS="717" VPOS="462" WIDTH="46" HEIGHT="21" WC="0.96" CONTENT="och"/><SP WIDTH="19" VPOS="462" HPOS="763"/>
							<String ID="string_51" HPOS="782" VPOS="461" WIDTH="105" HEIGHT="30" WC="0.95" CONTENT="utgifter"/><SP WIDTH="18" VPOS="461" HPOS="887"/>
							<String ID="string_52" HPOS="905" VPOS="461" WIDTH="39" HEIGHT="23" WC="0.96" CONTENT="för"/><SP WIDTH="17" VPOS="461" HPOS="944"/>
							<String ID="string_53" HPOS="961" VPOS="461" WIDTH="28" HEIGHT="22" WC="0.94" CONTENT="år"/>
						</TextLine>
						<TextLine ID="line_9" HPOS="229" VPOS="496" WIDTH="759" HEIGHT="29">
							<String ID="string_54" HPOS="229" VPOS="496" WIDTH="74" HEIGHT="26" WC="0.96" CONTENT="1905,"/><SP WIDTH="28" VPOS="496" HPOS="303"/>
							<String ID="string_55" HPOS="331" VPOS="496" WIDTH="105" HEIGHT="23" WC="0.93" CONTENT="hvarför"/><SP WIDTH="29" VPOS="496" HPOS="436"/>
							<String ID="string_56" HPOS="465" VPOS="496" WIDTH="143" HEIGHT="23" WC="0.90" CONTENT="Ständerna"/><SP WIDTH="29" VPOS="496" HPOS="608"/>
							<String ID="string_57" HPOS="637" VPOS="496" WIDTH="131" HEIGHT="29" WC="0.82" CONTENT="nödgades"/><SP WIDTH="29" VPOS="496" HPOS="768"/>
							<String ID="string_58" HPOS="797" VPOS="496" WIDTH="127" HEIGHT="22" WC="0.96" CONTENT="behandla"/><SP WIDTH="22" VPOS="496" HPOS="924"/>
							<String ID="string_59" HPOS="946" VPOS="496" WIDTH="42" HEIGHT="22" WC="0.96" CONTENT="det"/>
						</TextLine>
						<TextLine ID="line_10" HPOS="226" VPOS="530" WIDTH="762" HEIGHT="30">
							<String ID="string_60" HPOS="226" VPOS="530" WIDTH="177" HEIGHT="30" WC="0.95" CONTENT="föreliggande"/><SP WIDTH="25" VPOS="530" HPOS="403"/>
							<String ID="string_61" HPOS="428" VPOS="531" WIDTH="104" HEIGHT="22" WC="0.96" CONTENT="ärendet"/><SP WIDTH="24" VPOS="531" HPOS="532"/>
							<String ID="string_62" HPOS="556" VPOS="532" WIDTH="61" HEIGHT="21" WC="0.96" CONTENT="utan"/><SP WIDTH="26" VPOS="532" HPOS="617"/>
							<String ID="string_63" HPOS="643" VPOS="531" WIDTH="149" HEIGHT="28" WC="0.93" CONTENT="erforderlig"/><SP WIDTH="25" VPOS="531" HPOS="792"/>
							<String ID="string_64" HPOS="817" VPOS="530" WIDTH="116" HEIGHT="23" WC="0.91" CONTENT="finansiel"/><SP WIDTH="19" VPOS="530" HPOS="933"/>
							<String ID="string_65" HPOS="952" VPOS="531" WIDTH="36" HEIGHT="21" WC="0.92" CONTENT="ut-"/>
						</TextLine>
						<TextLine ID="line_11" HPOS="227" VPOS="565" WIDTH="761" HEIGHT="29">
							<String ID="string_66" HPOS="227" VPOS="565" WIDTH="115" HEIGHT="29" WC="0.96" CONTENT="redning,"/><SP WIDTH="26" VPOS="565" HPOS="342"/>
							<String ID="string_67" HPOS="368" VPOS="572" WIDTH="57" HEIGHT="15" WC="0.96" CONTENT="men"/><SP WIDTH="27" VPOS="572" HPOS="425"/>
							<String ID="string_68" HPOS="452" VPOS="567" WIDTH="36" HEIGHT="20" WC="0.93" CONTENT="att"/><SP WIDTH="27" VPOS="567" HPOS="488"/>
							<String ID="string_69" HPOS="515" VPOS="565" WIDTH="144" HEIGHT="22" WC="0.90" CONTENT="Ständerna"/><SP WIDTH="23" VPOS="565" HPOS="659"/>
							<String ID="string_70" HPOS="682" VPOS="567" WIDTH="82" HEIGHT="20" WC="0.96" CONTENT="ansett"/><SP WIDTH="19" VPOS="567" HPOS="764"/>
							<String ID="string_71" HPOS="783" VPOS="565" WIDTH="39" HEIGHT="29" WC="0.96" CONTENT="sig"/><SP WIDTH="20" VPOS="565" HPOS="822"/>
							<String ID="string_72" HPOS="842" VPOS="565" WIDTH="63" HEIGHT="22" WC="0.96" CONTENT="dock"/><SP WIDTH="20" VPOS="565" HPOS="905"/>
							<String ID="string_73" HPOS="925" VPOS="565" WIDTH="63" HEIGHT="22" WC="0.96" CONTENT="böra"/>
						</TextLine>
						<TextLine ID="line_12" HPOS="226" VPOS="599" WIDTH="761" HEIGHT="28">
							<String ID="string_74" HPOS="226" VPOS="599" WIDTH="93" HEIGHT="28" WC="0.92" CONTENT="pröfva"/><SP WIDTH="19" VPOS="599" HPOS="319"/>
							<String ID="string_75" HPOS="338" VPOS="600" WIDTH="104" HEIGHT="22" WC="0.96" CONTENT="ärendet"/><SP WIDTH="21" VPOS="600" HPOS="442"/>
							<String ID="string_76" HPOS="463" VPOS="600" WIDTH="56" HEIGHT="22" WC="0.96" CONTENT="med"/><SP WIDTH="21" VPOS="600" HPOS="519"/>
							<String ID="string_77" HPOS="540" VPOS="600" WIDTH="119" HEIGHT="22" WC="0.92" CONTENT="afseende"/><SP WIDTH="19" VPOS="600" HPOS="659"/>
							<String ID="string_78" HPOS="678" VPOS="600" WIDTH="14" HEIGHT="21" WC="0.92" CONTENT="å"/><SP WIDTH="20" VPOS="600" HPOS="692"/>
							<String ID="string_79" HPOS="712" VPOS="600" WIDTH="42" HEIGHT="21" WC="0.96" CONTENT="det"/><SP WIDTH="19" VPOS="600" HPOS="754"/>
							<String ID="string_80" HPOS="773" VPOS="599" WIDTH="123" HEIGHT="22" WC="0.93" CONTENT="samband"/><SP WIDTH="19" VPOS="599" HPOS="896"/>
							<String ID="string_81" HPOS="915" VPOS="599" WIDTH="72" HEIGHT="22" WC="0.92" CONTENT="hvari"/>
						</TextLine>
						<TextLine ID="line_13" HPOS="227" VPOS="634" WIDTH="760" HEIGHT="29">
							<String ID="string_82" HPOS="227" VPOS="634" WIDTH="43" HEIGHT="22" WC="0.96" CONTENT="det"/><SP WIDTH="24" VPOS="634" HPOS="270"/>
							<String ID="string_83" HPOS="294" VPOS="635" WIDTH="56" HEIGHT="21" WC="0.96" CONTENT="stod"/><SP WIDTH="26" VPOS="635" HPOS="350"/>
							<String ID="string_84" HPOS="376" VPOS="635" WIDTH="35" HEIGHT="21" WC="0.96" CONTENT="till"/><SP WIDTH="22" VPOS="635" HPOS="411"/>
							<String ID="string_85" HPOS="433" VPOS="634" WIDTH="108" HEIGHT="23" WC="0.96" CONTENT="beslutet"/><SP WIDTH="19" VPOS="634" HPOS="541"/>
							<String ID="string_86" HPOS="560" VPOS="636" WIDTH="36" HEIGHT="21" WC="0.96" CONTENT="att"/><SP WIDTH="18" VPOS="636" HPOS="596"/>
							<String ID="string_87" HPOS="614" VPOS="635" WIDTH="47" HEIGHT="22" WC="0.93" CONTENT="hos"/><SP WIDTH="19" VPOS="635" HPOS="661"/>
							<String ID="string_88" HPOS="680" VPOS="634" WIDTH="82" HEIGHT="22" WC="0.91" CONTENT="Eders"/><SP WIDTH="20" VPOS="634" HPOS="762"/>
							<String ID="string_89" HPOS="782" VPOS="634" WIDTH="117" HEIGHT="29" WC="0.96" CONTENT="Majestät"/><SP WIDTH="18" VPOS="634" HPOS="899"/>
							<String ID="string_90" HPOS="917" VPOS="634" WIDTH="8" HEIGHT="22" WC="0.93" CONTENT="i"/><SP WIDTH="19" VPOS="634" HPOS="925"/>
							<String ID="string_91" HPOS="944" VPOS="641" WIDTH="43" HEIGHT="15" WC="0.92" CONTENT="un-"/>
						</TextLine>
						<TextLine ID="line_14" HPOS="225" VPOS="669" WIDTH="760" HEIGHT="28">
							<String ID="string_92" HPOS="225" VPOS="669" WIDTH="172" HEIGHT="28" WC="0.92" CONTENT="derdånighet"/><SP WIDTH="23" VPOS="669" HPOS="397"/>
							<String ID="string_93" HPOS="420" VPOS="669" WIDTH="132" HEIGHT="22" WC="0.90" CONTENT="hemställa"/><SP WIDTH="24" VPOS="669" HPOS="552"/>
							<String ID="string_94" HPOS="576" VPOS="675" WIDTH="40" HEIGHT="16" WC="0.95" CONTENT="om"/><SP WIDTH="25" VPOS="675" HPOS="616"/>
							<String ID="string_95" HPOS="641" VPOS="669" WIDTH="49" HEIGHT="22" WC="0.95" CONTENT="den"/><SP WIDTH="25" VPOS="669" HPOS="690"/>
							<String ID="string_96" HPOS="715" VPOS="669" WIDTH="95" HEIGHT="28" WC="0.96" CONTENT="lagliga"/><SP WIDTH="19" VPOS="669" HPOS="810"/>
							<String ID="string_97" HPOS="829" VPOS="669" WIDTH="156" HEIGHT="28" WC="0.96" CONTENT="ordningens"/>
						</TextLine>
						<TextLine ID="line_15" HPOS="227" VPOS="703" WIDTH="758" HEIGHT="29">
							<String ID="string_98" HPOS="227" VPOS="703" WIDTH="187" HEIGHT="22" WC="0.95" CONTENT="återställande."/><SP WIDTH="38" VPOS="703" HPOS="414"/>
							<String ID="string_99" HPOS="452" VPOS="703" WIDTH="98" HEIGHT="22" WC="0.95" CONTENT="Härvid"/><SP WIDTH="11" VPOS="703" HPOS="550"/>
							<String ID="string_100" HPOS="561" VPOS="703" WIDTH="90" HEIGHT="29" WC="0.96" CONTENT="gjorde"/><SP WIDTH="13" VPOS="703" HPOS="651"/>
							<String ID="string_101" HPOS="664" VPOS="703" WIDTH="40" HEIGHT="29" WC="0.96" CONTENT="sig"/><SP WIDTH="13" VPOS="703" HPOS="704"/>
							<String ID="string_102" HPOS="717" VPOS="703" WIDTH="48" HEIGHT="22" WC="0.96" CONTENT="den"/><SP WIDTH="15" VPOS="703" HPOS="765"/>
							<String ID="string_103" HPOS="780" VPOS="703" WIDTH="67" HEIGHT="22" WC="0.96" CONTENT="åsikt"/><SP WIDTH="13" VPOS="703" HPOS="847"/>
							<String ID="string_104" HPOS="860" VPOS="703" WIDTH="125" HEIGHT="29" WC="0.96" CONTENT="gällande,"/>
						</TextLine>
						<TextLine ID="line_16" HPOS="227" VPOS="737" WIDTH="759" HEIGHT="30">
							<String ID="string_105" HPOS="227" VPOS="739" WIDTH="37" HEIGHT="20" WC="0.93" CONTENT="att"/><SP WIDTH="18" VPOS="739" HPOS="264"/>
							<String ID="string_106" HPOS="282" VPOS="737" WIDTH="257" HEIGHT="30" WC="0.92" CONTENT="budgetregleringen"/><SP WIDTH="20" VPOS="737" HPOS="539"/>
							<String ID="string_107" HPOS="559" VPOS="738" WIDTH="80" HEIGHT="22" WC="0.96" CONTENT="borde"/><SP WIDTH="19" VPOS="738" HPOS="639"/>
							<String ID="string_108" HPOS="658" VPOS="737" WIDTH="78" HEIGHT="22" WC="0.96" CONTENT="hafva"/><SP WIDTH="19" VPOS="737" HPOS="736"/>
							<String ID="string_109" HPOS="755" VPOS="744" WIDTH="31" HEIGHT="15" WC="0.96" CONTENT="en"/><SP WIDTH="19" VPOS="744" HPOS="786"/>
							<String ID="string_110" HPOS="805" VPOS="737" WIDTH="53" HEIGHT="22" WC="0.96" CONTENT="helt"/><SP WIDTH="18" VPOS="737" HPOS="858"/>
							<String ID="string_111" HPOS="876" VPOS="737" WIDTH="45" HEIGHT="22" WC="0.93" CONTENT="och"/><SP WIDTH="13" VPOS="737" HPOS="921"/>
							<String ID="string_112" HPOS="934" VPOS="737" WIDTH="52" HEIGHT="22" WC="0.91" CONTENT="häl-"/>
						</TextLine>
						<TextLine ID="line_17" HPOS="226" VPOS="771" WIDTH="759" HEIGHT="30">
							<String ID="string_113" HPOS="226" VPOS="772" WIDTH="35" HEIGHT="22" WC="0.92" CONTENT="let"/><SP WIDTH="18" VPOS="772" HPOS="261"/>
							<String ID="string_114" HPOS="279" VPOS="773" WIDTH="157" HEIGHT="27" WC="0.92" CONTENT="provisorisk"/><SP WIDTH="20" VPOS="773" HPOS="436"/>
							<String ID="string_115" HPOS="456" VPOS="772" WIDTH="128" HEIGHT="27" WC="0.96" CONTENT="karaktär,"/><SP WIDTH="21" VPOS="772" HPOS="584"/>
							<String ID="string_116" HPOS="605" VPOS="772" WIDTH="47" HEIGHT="22" WC="0.93" CONTENT="och"/><SP WIDTH="16" VPOS="772" HPOS="652"/>
							<String ID="string_117" HPOS="668" VPOS="772" WIDTH="160" HEIGHT="29" WC="0.92" CONTENT="begränsade"/><SP WIDTH="15" VPOS="772" HPOS="828"/>
							<String ID="string_118" HPOS="843" VPOS="771" WIDTH="142" HEIGHT="23" WC="0.92" CONTENT="Ständerna"/>
						</TextLine>
						<TextLine ID="line_18" HPOS="226" VPOS="806" WIDTH="759" HEIGHT="30">
							<String ID="string_119" HPOS="226" VPOS="806" WIDTH="89" HEIGHT="22" WC="0.96" CONTENT="därför"/><SP WIDTH="24" VPOS="806" HPOS="315"/>
							<String ID="string_120" HPOS="339" VPOS="807" WIDTH="68" HEIGHT="22" WC="0.96" CONTENT="tiden"/><SP WIDTH="24" VPOS="807" HPOS="407"/>
							<String ID="string_121" HPOS="431" VPOS="807" WIDTH="39" HEIGHT="22" WC="0.93" CONTENT="för"/><SP WIDTH="25" VPOS="807" HPOS="470"/>
							<String ID="string_122" HPOS="495" VPOS="807" WIDTH="150" HEIGHT="29" WC="0.92" CONTENT="giltigheten"/><SP WIDTH="19" VPOS="807" HPOS="645"/>
							<String ID="string_123" HPOS="664" VPOS="807" WIDTH="24" HEIGHT="22" WC="0.96" CONTENT="af"/><SP WIDTH="19" VPOS="807" HPOS="688"/>
							<String ID="string_124" HPOS="707" VPOS="807" WIDTH="31" HEIGHT="22" WC="0.93" CONTENT="de"/><SP WIDTH="19" VPOS="807" HPOS="738"/>
							<String ID="string_125" HPOS="757" VPOS="807" WIDTH="69" HEIGHT="22" WC="0.93" CONTENT="förra"/><SP WIDTH="18" VPOS="807" HPOS="826"/>
							<String ID="string_126" HPOS="844" VPOS="806" WIDTH="141" HEIGHT="22" WC="0.91" CONTENT="förordnin-"/>
						</TextLine>
						<TextLine ID="line_19" HPOS="225" VPOS="841" WIDTH="761" HEIGHT="29">
							<String ID="string_127" HPOS="225" VPOS="848" WIDTH="84" HEIGHT="22" WC="0.92" CONTENT="garna"/><SP WIDTH="26" VPOS="848" HPOS="309"/>
							<String ID="string_128" HPOS="335" VPOS="842" WIDTH="131" HEIGHT="28" WC="0.92" CONTENT="angäende"/><SP WIDTH="24" VPOS="842" HPOS="466"/>
							<String ID="string_129" HPOS="490" VPOS="842" WIDTH="252" HEIGHT="28" WC="0.92" CONTENT="bevillningsskatter"/><SP WIDTH="26" VPOS="842" HPOS="742"/>
							<String ID="string_130" HPOS="768" VPOS="841" WIDTH="36" HEIGHT="22" WC="0.96" CONTENT="till"/><SP WIDTH="26" VPOS="841" HPOS="804"/>
							<String ID="string_131" HPOS="830" VPOS="841" WIDTH="49" HEIGHT="22" WC="0.96" CONTENT="den"/><SP WIDTH="30" VPOS="841" HPOS="879"/>
							<String ID="string_132" HPOS="909" VPOS="842" WIDTH="11" HEIGHT="21" WC="0.96" CONTENT="1"/><SP WIDTH="21" VPOS="842" HPOS="920"/>
							<String ID="string_133" HPOS="941" VPOS="841" WIDTH="45" HEIGHT="29" WC="0.96" CONTENT="juli"/>
						</TextLine>
						<TextLine ID="line_20" HPOS="229" VPOS="875" WIDTH="756" HEIGHT="30">
							<String ID="string_134" HPOS="229" VPOS="875" WIDTH="76" HEIGHT="23" WC="0.96" CONTENT="1905."/><SP WIDTH="21" VPOS="875" HPOS="305"/>
							<String ID="string_135" HPOS="326" VPOS="876" WIDTH="57" HEIGHT="22" WC="0.92" CONTENT="Med"/><SP WIDTH="12" VPOS="876" HPOS="383"/>
							<String ID="string_136" HPOS="395" VPOS="876" WIDTH="117" HEIGHT="22" WC="0.93" CONTENT="afseende"/><SP WIDTH="11" VPOS="876" HPOS="512"/>
							<String ID="string_137" HPOS="523" VPOS="876" WIDTH="14" HEIGHT="22" WC="0.73" CONTENT="ä"/><SP WIDTH="12" VPOS="876" HPOS="537"/>
							<String ID="string_138" HPOS="549" VPOS="876" WIDTH="122" HEIGHT="29" WC="0.96" CONTENT="anslagen"/><SP WIDTH="11" VPOS="876" HPOS="671"/>
							<String ID="string_139" HPOS="682" VPOS="876" WIDTH="8" HEIGHT="22" WC="0.93" CONTENT="i"/><SP WIDTH="11" VPOS="876" HPOS="690"/>
							<String ID="string_140" HPOS="701" VPOS="875" WIDTH="284" HEIGHT="29" WC="0.91" CONTENT="bevillningsbudgeten"/>
						</TextLine>
						<TextLine ID="line_21" HPOS="225" VPOS="910" WIDTH="760" HEIGHT="27">
							<String ID="string_141" HPOS="225" VPOS="910" WIDTH="41" HEIGHT="22" WC="0.93" CONTENT="för"/><SP WIDTH="19" VPOS="910" HPOS="266"/>
							<String ID="string_142" HPOS="285" VPOS="910" WIDTH="61" HEIGHT="22" WC="0.93" CONTENT="åren"/><SP WIDTH="13" VPOS="910" HPOS="346"/>
							<String ID="string_143" HPOS="359" VPOS="910" WIDTH="172" HEIGHT="23" WC="0.87" CONTENT="1901—1904"/><SP WIDTH="20" VPOS="910" HPOS="531"/>
							<String ID="string_144" HPOS="551" VPOS="910" WIDTH="113" HEIGHT="22" WC="0.93" CONTENT="uttalade"/><SP WIDTH="24" VPOS="910" HPOS="664"/>
							<String ID="string_145" HPOS="688" VPOS="910" WIDTH="148" HEIGHT="27" WC="0.91" CONTENT="Ständerna,"/><SP WIDTH="24" VPOS="910" HPOS="836"/>
							<String ID="string_146" HPOS="860" VPOS="911" WIDTH="35" HEIGHT="21" WC="0.95" CONTENT="att"/><SP WIDTH="17" VPOS="911" HPOS="895"/>
							<String ID="string_147" HPOS="912" VPOS="910" WIDTH="73" HEIGHT="22" WC="0.96" CONTENT="dessa"/>
						</TextLine>
						<TextLine ID="line_22" HPOS="226" VPOS="944" WIDTH="757" HEIGHT="29">
							<String ID="string_148" HPOS="226" VPOS="944" WIDTH="55" HEIGHT="22" WC="0.91" CONTENT="icke"/><SP WIDTH="19" VPOS="944" HPOS="281"/>
							<String ID="string_149" HPOS="300" VPOS="945" WIDTH="8" HEIGHT="21" WC="0.93" CONTENT="i"/><SP WIDTH="20" VPOS="945" HPOS="308"/>
							<String ID="string_150" HPOS="328" VPOS="945" WIDTH="48" HEIGHT="21" WC="0.96" CONTENT="alla"/><SP WIDTH="27" VPOS="945" HPOS="376"/>
							<String ID="string_151" HPOS="403" VPOS="945" WIDTH="71" HEIGHT="22" WC="0.96" CONTENT="delar"/><SP WIDTH="27" VPOS="945" HPOS="474"/>
							<String ID="string_152" HPOS="501" VPOS="945" WIDTH="85" HEIGHT="22" WC="0.96" CONTENT="kunde"/><SP WIDTH="28" VPOS="945" HPOS="586"/>
							<String ID="string_153" HPOS="614" VPOS="945" WIDTH="126" HEIGHT="28" WC="0.95" CONTENT="tillämpas"/><SP WIDTH="19" VPOS="945" HPOS="740"/>
							<String ID="string_154" HPOS="759" VPOS="944" WIDTH="82" HEIGHT="22" WC="0.95" CONTENT="under"/><SP WIDTH="20" VPOS="944" HPOS="841"/>
							<String ID="string_155" HPOS="861" VPOS="944" WIDTH="28" HEIGHT="22" WC="0.96" CONTENT="är"/><SP WIDTH="20" VPOS="944" HPOS="889"/>
							<String ID="string_156" HPOS="909" VPOS="944" WIDTH="74" HEIGHT="22" WC="0.96" CONTENT="1905."/>
						</TextLine>
						<TextLine ID="line_23" HPOS="228" VPOS="978" WIDTH="757" HEIGHT="30">
							<String ID="string_157" HPOS="228" VPOS="978" WIDTH="127" HEIGHT="23" WC="0.91" CONTENT="Särskildt"/><SP WIDTH="27" VPOS="978" HPOS="355"/>
							<String ID="string_158" HPOS="382" VPOS="986" WIDTH="61" HEIGHT="15" WC="0.91" CONTENT="voro"/><SP WIDTH="19" VPOS="986" HPOS="443"/>
							<String ID="string_159" HPOS="462" VPOS="980" WIDTH="138" HEIGHT="28" WC="0.92" CONTENT="utgifterna"/><SP WIDTH="19" VPOS="980" HPOS="600"/>
							<String ID="string_160" HPOS="619" VPOS="979" WIDTH="40" HEIGHT="22" WC="0.93" CONTENT="för"/><SP WIDTH="17" VPOS="979" HPOS="659"/>
							<String ID="string_161" HPOS="676" VPOS="978" WIDTH="250" HEIGHT="23" WC="0.90" CONTENT="folkskoleväsendet"/><SP WIDTH="19" VPOS="978" HPOS="926"/>
							<String ID="string_162" HPOS="945" VPOS="978" WIDTH="40" HEIGHT="22" WC="0.92" CONTENT="be-"/>
						</TextLine>
						<TextLine ID="line_24" HPOS="226" VPOS="1013" WIDTH="759" HEIGHT="29">
							<String ID="string_163" HPOS="226" VPOS="1014" WIDTH="115" HEIGHT="22" WC="0.92" CONTENT="räknade"/><SP WIDTH="20" VPOS="1014" HPOS="341"/>
							<String ID="string_164" HPOS="361" VPOS="1015" WIDTH="36" HEIGHT="21" WC="0.93" CONTENT="att"/><SP WIDTH="18" VPOS="1015" HPOS="397"/>
							<String ID="string_165" HPOS="415" VPOS="1014" WIDTH="65" HEIGHT="28" WC="0.92" CONTENT="stiga"/><SP WIDTH="19" VPOS="1014" HPOS="480"/>
							<String ID="string_166" HPOS="499" VPOS="1014" WIDTH="57" HEIGHT="22" WC="0.92" CONTENT="frän"/><SP WIDTH="20" VPOS="1014" HPOS="556"/>
							<String ID="string_167" HPOS="576" VPOS="1014" WIDTH="28" HEIGHT="22" WC="0.96" CONTENT="är"/><SP WIDTH="20" VPOS="1014" HPOS="604"/>
							<String ID="string_168" HPOS="624" VPOS="1014" WIDTH="36" HEIGHT="22" WC="0.96" CONTENT="till"/><SP WIDTH="18" VPOS="1014" HPOS="660"/>
							<String ID="string_169" HPOS="678" VPOS="1014" WIDTH="35" HEIGHT="26" WC="0.93" CONTENT="är,"/><SP WIDTH="19" VPOS="1014" HPOS="713"/>
							<String ID="string_170" HPOS="732" VPOS="1013" WIDTH="105" HEIGHT="22" WC="0.93" CONTENT="hvarför"/><SP WIDTH="19" VPOS="1013" HPOS="837"/>
							<String ID="string_171" HPOS="856" VPOS="1014" WIDTH="61" HEIGHT="20" WC="0.93" CONTENT="utan"/><SP WIDTH="13" VPOS="1014" HPOS="917"/>
							<String ID="string_172" HPOS="930" VPOS="1013" WIDTH="55" HEIGHT="22" WC="0.89" CONTENT="tvif-"/>
						</TextLine>
						<TextLine ID="line_25" HPOS="226" VPOS="1047" WIDTH="759" HEIGHT="29">
							<String ID="string_173" HPOS="226" VPOS="1048" WIDTH="42" HEIGHT="21" WC="0.95" CONTENT="vel"/><SP WIDTH="25" VPOS="1048" HPOS="268"/>
							<String ID="string_174" HPOS="293" VPOS="1048" WIDTH="39" HEIGHT="22" WC="0.96" CONTENT="för"/><SP WIDTH="25" VPOS="1048" HPOS="332"/>
							<String ID="string_175" HPOS="357" VPOS="1048" WIDTH="28" HEIGHT="22" WC="0.91" CONTENT="är"/><SP WIDTH="26" VPOS="1048" HPOS="385"/>
							<String ID="string_176" HPOS="411" VPOS="1048" WIDTH="65" HEIGHT="22" WC="0.93" CONTENT="1905"/><SP WIDTH="25" VPOS="1048" HPOS="476"/>
							<String ID="string_177" HPOS="501" VPOS="1048" WIDTH="161" HEIGHT="22" WC="0.92" CONTENT="erfordrades"/><SP WIDTH="26" VPOS="1048" HPOS="662"/>
							<String ID="string_178" HPOS="688" VPOS="1049" WIDTH="35" HEIGHT="21" WC="0.96" CONTENT="ett"/><SP WIDTH="22" VPOS="1049" HPOS="723"/>
							<String ID="string_179" HPOS="745" VPOS="1048" WIDTH="81" HEIGHT="22" WC="0.93" CONTENT="större"/><SP WIDTH="20" VPOS="1048" HPOS="826"/>
							<String ID="string_180" HPOS="846" VPOS="1047" WIDTH="88" HEIGHT="29" WC="0.92" CONTENT="anslag"/><SP WIDTH="19" VPOS="1047" HPOS="934"/>
							<String ID="string_181" HPOS="953" VPOS="1048" WIDTH="32" HEIGHT="21" WC="0.96" CONTENT="än"/>
						</TextLine>
						<TextLine ID="line_26" HPOS="225" VPOS="1081" WIDTH="762" HEIGHT="30">
							<String ID="string_182" HPOS="225" VPOS="1081" WIDTH="41" HEIGHT="23" WC="0.96" CONTENT="för"/><SP WIDTH="27" VPOS="1081" HPOS="266"/>
							<String ID="string_183" HPOS="293" VPOS="1082" WIDTH="75" HEIGHT="23" WC="0.96" CONTENT="1904."/><SP WIDTH="36" VPOS="1082" HPOS="368"/>
							<String ID="string_184" HPOS="404" VPOS="1083" WIDTH="57" HEIGHT="21" WC="0.96" CONTENT="Men"/><SP WIDTH="25" VPOS="1083" HPOS="461"/>
							<String ID="string_185" HPOS="486" VPOS="1083" WIDTH="32" HEIGHT="22" WC="0.93" CONTENT="dä"/><SP WIDTH="24" VPOS="1083" HPOS="518"/>
							<String ID="string_186" HPOS="542" VPOS="1083" WIDTH="86" HEIGHT="28" WC="0.91" CONTENT="nägon"/><SP WIDTH="24" VPOS="1083" HPOS="628"/>
							<String ID="string_187" HPOS="652" VPOS="1082" WIDTH="64" HEIGHT="22" WC="0.91" CONTENT="brist"/><SP WIDTH="23" VPOS="1082" HPOS="716"/>
							<String ID="string_188" HPOS="739" VPOS="1082" WIDTH="33" HEIGHT="28" WC="0.96" CONTENT="pä"/><SP WIDTH="21" VPOS="1082" HPOS="772"/>
							<String ID="string_189" HPOS="793" VPOS="1082" WIDTH="81" HEIGHT="22" WC="0.96" CONTENT="medel"/><SP WIDTH="19" VPOS="1082" HPOS="874"/>
							<String ID="string_190" HPOS="893" VPOS="1083" WIDTH="35" HEIGHT="21" WC="0.93" CONTENT="att"/><SP WIDTH="18" VPOS="1083" HPOS="928"/>
							<String ID="string_191" HPOS="946" VPOS="1082" WIDTH="41" HEIGHT="22" WC="0.92" CONTENT="be-"/>
						</TextLine>
						<TextLine ID="line_27" HPOS="226" VPOS="1116" WIDTH="759" HEIGHT="30">
							<String ID="string_192" HPOS="226" VPOS="1116" WIDTH="75" HEIGHT="22" WC="0.96" CONTENT="täcka"/><SP WIDTH="28" VPOS="1116" HPOS="301"/>
							<String ID="string_193" HPOS="329" VPOS="1124" WIDTH="31" HEIGHT="15" WC="0.93" CONTENT="en"/><SP WIDTH="26" VPOS="1124" HPOS="360"/>
							<String ID="string_194" HPOS="386" VPOS="1117" WIDTH="66" HEIGHT="22" WC="0.92" CONTENT="ökad"/><SP WIDTH="26" VPOS="1117" HPOS="452"/>
							<String ID="string_195" HPOS="478" VPOS="1117" WIDTH="138" HEIGHT="29" WC="0.91" CONTENT="totalutgift"/><SP WIDTH="25" VPOS="1117" HPOS="616"/>
							<String ID="string_196" HPOS="641" VPOS="1117" WIDTH="21" HEIGHT="29" WC="0.96" CONTENT="ej"/><SP WIDTH="27" VPOS="1117" HPOS="662"/>
							<String ID="string_197" HPOS="689" VPOS="1123" WIDTH="47" HEIGHT="15" WC="0.96" CONTENT="var"/><SP WIDTH="19" VPOS="1123" HPOS="736"/>
							<String ID="string_198" HPOS="755" VPOS="1118" WIDTH="36" HEIGHT="20" WC="0.93" CONTENT="att"/><SP WIDTH="19" VPOS="1118" HPOS="791"/>
							<String ID="string_199" HPOS="810" VPOS="1116" WIDTH="96" HEIGHT="26" WC="0.93" CONTENT="befara,"/><SP WIDTH="20" VPOS="1116" HPOS="906"/>
							<String ID="string_200" HPOS="926" VPOS="1116" WIDTH="59" HEIGHT="29" WC="0.92" CONTENT="god-"/>
						</TextLine>
						<TextLine ID="line_28" HPOS="226" VPOS="1150" WIDTH="759" HEIGHT="29">
							<String ID="string_201" HPOS="226" VPOS="1150" WIDTH="85" HEIGHT="23" WC="0.92" CONTENT="kände"/><SP WIDTH="22" VPOS="1150" HPOS="311"/>
							<String ID="string_202" HPOS="333" VPOS="1151" WIDTH="141" HEIGHT="23" WC="0.92" CONTENT="Ständerna"/><SP WIDTH="20" VPOS="1151" HPOS="474"/>
							<String ID="string_203" HPOS="494" VPOS="1152" WIDTH="77" HEIGHT="22" WC="0.92" CONTENT="bland"/><SP WIDTH="15" VPOS="1152" HPOS="571"/>
							<String ID="string_204" HPOS="586" VPOS="1153" WIDTH="77" HEIGHT="20" WC="0.96" CONTENT="annat"/><SP WIDTH="13" VPOS="1153" HPOS="663"/>
							<String ID="string_205" HPOS="676" VPOS="1151" WIDTH="31" HEIGHT="22" WC="0.96" CONTENT="de"/><SP WIDTH="13" VPOS="1151" HPOS="707"/>
							<String ID="string_206" HPOS="720" VPOS="1150" WIDTH="128" HEIGHT="22" WC="0.96" CONTENT="särskilda"/><SP WIDTH="16" VPOS="1150" HPOS="848"/>
							<String ID="string_207" HPOS="864" VPOS="1150" WIDTH="121" HEIGHT="29" WC="0.96" CONTENT="anslagen"/>
						</TextLine>
						<TextLine ID="line_29" HPOS="226" VPOS="1184" WIDTH="760" HEIGHT="30">
							<String ID="string_208" HPOS="226" VPOS="1185" WIDTH="40" HEIGHT="22" WC="0.93" CONTENT="för"/><SP WIDTH="19" VPOS="1185" HPOS="266"/>
							<String ID="string_209" HPOS="285" VPOS="1185" WIDTH="249" HEIGHT="23" WC="0.92" CONTENT="folkskoleväsendet"/><SP WIDTH="20" VPOS="1185" HPOS="534"/>
							<String ID="string_210" HPOS="554" VPOS="1187" WIDTH="34" HEIGHT="21" WC="0.93" CONTENT="att"/><SP WIDTH="19" VPOS="1187" HPOS="588"/>
							<String ID="string_211" HPOS="607" VPOS="1186" WIDTH="61" HEIGHT="28" WC="0.92" CONTENT="utgä"/><SP WIDTH="14" VPOS="1186" HPOS="668"/>
							<String ID="string_212" HPOS="682" VPOS="1186" WIDTH="36" HEIGHT="21" WC="0.96" CONTENT="till"/><SP WIDTH="17" VPOS="1186" HPOS="718"/>
							<String ID="string_213" HPOS="735" VPOS="1185" WIDTH="31" HEIGHT="22" WC="0.93" CONTENT="de"/><SP WIDTH="14" VPOS="1185" HPOS="766"/>
							<String ID="string_214" HPOS="780" VPOS="1185" WIDTH="93" HEIGHT="28" WC="0.92" CONTENT="belopp"/><SP WIDTH="14" VPOS="1185" HPOS="873"/>
							<String ID="string_215" HPOS="887" VPOS="1184" WIDTH="45" HEIGHT="22" WC="0.93" CONTENT="och"/><SP WIDTH="14" VPOS="1184" HPOS="932"/>
							<String ID="string_216" HPOS="946" VPOS="1192" WIDTH="40" HEIGHT="15" WC="0.92" CONTENT="en-"/>
						</TextLine>
						<TextLine ID="line_30" HPOS="225" VPOS="1219" WIDTH="761" HEIGHT="29">
							<String ID="string_217" HPOS="225" VPOS="1219" WIDTH="48" HEIGHT="29" WC="0.92" CONTENT="ligt"/><SP WIDTH="19" VPOS="1219" HPOS="273"/>
							<String ID="string_218" HPOS="292" VPOS="1220" WIDTH="31" HEIGHT="22" WC="0.96" CONTENT="de"/><SP WIDTH="19" VPOS="1220" HPOS="323"/>
							<String ID="string_219" HPOS="342" VPOS="1220" WIDTH="119" HEIGHT="28" WC="0.96" CONTENT="grunder,"/><SP WIDTH="21" VPOS="1220" HPOS="461"/>
							<String ID="string_220" HPOS="482" VPOS="1227" WIDTH="53" HEIGHT="15" WC="0.93" CONTENT="som"/><SP WIDTH="19" VPOS="1227" HPOS="535"/>
							<String ID="string_221" HPOS="554" VPOS="1227" WIDTH="63" HEIGHT="15" WC="0.91" CONTENT="voro"/><SP WIDTH="19" VPOS="1227" HPOS="617"/>
							<String ID="string_222" HPOS="636" VPOS="1220" WIDTH="133" HEIGHT="22" WC="0.92" CONTENT="faststälda"/><SP WIDTH="18" VPOS="1220" HPOS="769"/>
							<String ID="string_223" HPOS="787" VPOS="1219" WIDTH="38" HEIGHT="22" WC="0.93" CONTENT="för"/><SP WIDTH="14" VPOS="1219" HPOS="825"/>
							<String ID="string_224" HPOS="839" VPOS="1219" WIDTH="147" HEIGHT="28" WC="0.93" CONTENT="finansperi-"/>
						</TextLine>
						<TextLine ID="line_31" HPOS="225" VPOS="1254" WIDTH="761" HEIGHT="28">
							<String ID="string_225" HPOS="225" VPOS="1254" WIDTH="68" HEIGHT="22" WC="0.92" CONTENT="oden"/><SP WIDTH="30" VPOS="1254" HPOS="293"/>
							<String ID="string_226" HPOS="323" VPOS="1254" WIDTH="181" HEIGHT="27" WC="0.91" CONTENT="1901—1904,"/><SP WIDTH="28" VPOS="1254" HPOS="504"/>
							<String ID="string_227" HPOS="532" VPOS="1255" WIDTH="64" HEIGHT="21" WC="0.89" CONTENT="intill"/><SP WIDTH="28" VPOS="1255" HPOS="596"/>
							<String ID="string_228" HPOS="624" VPOS="1254" WIDTH="58" HEIGHT="22" WC="0.93" CONTENT="dess"/><SP WIDTH="22" VPOS="1254" HPOS="682"/>
							<String ID="string_229" HPOS="704" VPOS="1254" WIDTH="282" HEIGHT="28" WC="0.92" CONTENT="bevillningsbudgeten"/>
						</TextLine>
						<TextLine ID="line_32" HPOS="226" VPOS="1288" WIDTH="759" HEIGHT="28">
							<String ID="string_230" HPOS="226" VPOS="1288" WIDTH="41" HEIGHT="22" WC="0.92" CONTENT="för"/><SP WIDTH="18" VPOS="1288" HPOS="267"/>
							<String ID="string_231" HPOS="285" VPOS="1289" WIDTH="120" HEIGHT="27" WC="0.92" CONTENT="perioden"/><SP WIDTH="22" VPOS="1289" HPOS="405"/>
							<String ID="string_232" HPOS="427" VPOS="1289" WIDTH="171" HEIGHT="22" WC="0.91" CONTENT="1905—1907"/><SP WIDTH="20" VPOS="1289" HPOS="598"/>
							<String ID="string_233" HPOS="618" VPOS="1289" WIDTH="82" HEIGHT="22" WC="0.89" CONTENT="blifvit"/><SP WIDTH="18" VPOS="1289" HPOS="700"/>
							<String ID="string_234" HPOS="718" VPOS="1288" WIDTH="125" HEIGHT="26" WC="0.92" CONTENT="faststäld,"/><SP WIDTH="13" VPOS="1288" HPOS="843"/>
							<String ID="string_235" HPOS="856" VPOS="1288" WIDTH="63" HEIGHT="22" WC="0.93" CONTENT="dock"/><SP WIDTH="13" VPOS="1288" HPOS="919"/>
							<String ID="string_236" HPOS="932" VPOS="1288" WIDTH="53" HEIGHT="22" WC="0.91" CONTENT="icke"/>
						</TextLine>
						<TextLine ID="line_33" HPOS="225" VPOS="1322" WIDTH="533" HEIGHT="30">
							<String ID="string_237" HPOS="225" VPOS="1322" WIDTH="91" HEIGHT="30" WC="0.96" CONTENT="längre"/><SP WIDTH="20" VPOS="1322" HPOS="316"/>
							<String ID="string_238" HPOS="336" VPOS="1324" WIDTH="32" HEIGHT="21" WC="0.96" CONTENT="än"/><SP WIDTH="20" VPOS="1324" HPOS="368"/>
							<String ID="string_239" HPOS="388" VPOS="1323" WIDTH="35" HEIGHT="22" WC="0.92" CONTENT="till"/><SP WIDTH="19" VPOS="1323" HPOS="423"/>
							<String ID="string_240" HPOS="442" VPOS="1324" WIDTH="130" HEIGHT="28" WC="0.95" CONTENT="utgången"/><SP WIDTH="20" VPOS="1324" HPOS="572"/>
							<String ID="string_241" HPOS="592" VPOS="1323" WIDTH="25" HEIGHT="22" WC="0.96" CONTENT="af"/><SP WIDTH="19" VPOS="1323" HPOS="617"/>
							<String ID="string_242" HPOS="636" VPOS="1323" WIDTH="28" HEIGHT="22" WC="0.96" CONTENT="är"/><SP WIDTH="20" VPOS="1323" HPOS="664"/>
							<String ID="string_243" HPOS="684" VPOS="1323" WIDTH="74" HEIGHT="22" WC="0.96" CONTENT="1905."/>
						</TextLine>
					</TextBlock>
					<TextBlock ID="block_3" HPOS="224" VPOS="1356" WIDTH="762" HEIGHT="134">
						<TextLine ID="line_34" HPOS="299" VPOS="1356" WIDTH="686" HEIGHT="29">
							<String ID="string_244" HPOS="299" VPOS="1357" WIDTH="60" HEIGHT="22" WC="0.93" CONTENT="Sent"/><SP WIDTH="19" VPOS="1357" HPOS="359"/>
							<String ID="string_245" HPOS="378" VPOS="1358" WIDTH="116" HEIGHT="26" WC="0.92" CONTENT="omsider,"/><SP WIDTH="21" VPOS="1358" HPOS="494"/>
							<String ID="string_246" HPOS="515" VPOS="1358" WIDTH="43" HEIGHT="22" WC="0.96" CONTENT="vid"/><SP WIDTH="14" VPOS="1358" HPOS="558"/>
							<String ID="string_247" HPOS="572" VPOS="1358" WIDTH="49" HEIGHT="22" WC="0.96" CONTENT="den"/><SP WIDTH="18" VPOS="1358" HPOS="621"/>
							<String ID="string_248" HPOS="639" VPOS="1357" WIDTH="113" HEIGHT="22" WC="0.93" CONTENT="normala"/><SP WIDTH="14" VPOS="1357" HPOS="752"/>
							<String ID="string_249" HPOS="766" VPOS="1356" WIDTH="219" HEIGHT="29" WC="0.92" CONTENT="landtdagstidens"/>
						</TextLine>
						<TextLine ID="line_35" HPOS="225" VPOS="1390" WIDTH="761" HEIGHT="30">
							<String ID="string_250" HPOS="225" VPOS="1392" WIDTH="106" HEIGHT="28" WC="0.96" CONTENT="utgång,"/><SP WIDTH="21" VPOS="1392" HPOS="331"/>
							<String ID="string_251" HPOS="352" VPOS="1392" WIDTH="47" HEIGHT="22" WC="0.92" CONTENT="har"/><SP WIDTH="20" VPOS="1392" HPOS="399"/>
							<String ID="string_252" HPOS="419" VPOS="1392" WIDTH="155" HEIGHT="22" WC="0.91" CONTENT="Ständernas"/><SP WIDTH="22" VPOS="1392" HPOS="574"/>
							<String ID="string_253" HPOS="596" VPOS="1392" WIDTH="166" HEIGHT="22" WC="0.92" CONTENT="Statsutskott"/><SP WIDTH="18" VPOS="1392" HPOS="762"/>
							<String ID="string_254" HPOS="780" VPOS="1390" WIDTH="57" HEIGHT="22" WC="0.93" CONTENT="från"/><SP WIDTH="13" VPOS="1390" HPOS="837"/>
							<String ID="string_255" HPOS="850" VPOS="1390" WIDTH="136" HEIGHT="22" WC="0.91" CONTENT="Finansex-"/>
						</TextLine>
						<TextLine ID="line_36" HPOS="225" VPOS="1424" WIDTH="760" HEIGHT="31">
							<String ID="string_256" HPOS="225" VPOS="1426" WIDTH="148" HEIGHT="28" WC="0.92" CONTENT="peditionen"/><SP WIDTH="19" VPOS="1426" HPOS="373"/>
							<String ID="string_257" HPOS="392" VPOS="1427" WIDTH="8" HEIGHT="22" WC="0.93" CONTENT="i"/><SP WIDTH="19" VPOS="1427" HPOS="400"/>
							<String ID="string_258" HPOS="419" VPOS="1427" WIDTH="81" HEIGHT="22" WC="0.92" CONTENT="Eders"/><SP WIDTH="26" VPOS="1427" HPOS="500"/>
							<String ID="string_259" HPOS="526" VPOS="1426" WIDTH="142" HEIGHT="29" WC="0.92" CONTENT="Kejserliga"/><SP WIDTH="25" VPOS="1426" HPOS="668"/>
							<String ID="string_260" HPOS="693" VPOS="1426" WIDTH="132" HEIGHT="28" WC="0.92" CONTENT="Majestäts"/><SP WIDTH="27" VPOS="1426" HPOS="825"/>
							<String ID="string_261" HPOS="852" VPOS="1424" WIDTH="77" HEIGHT="23" WC="0.91" CONTENT="Senat"/><SP WIDTH="18" VPOS="1424" HPOS="929"/>
							<String ID="string_262" HPOS="947" VPOS="1425" WIDTH="38" HEIGHT="22" WC="0.96" CONTENT="för"/>
						</TextLine>
						<TextLine ID="line_37" HPOS="224" VPOS="1460" WIDTH="761" HEIGHT="30">
							<String ID="string_263" HPOS="224" VPOS="1460" WIDTH="110" HEIGHT="23" WC="0.93" CONTENT="Finland"/><SP WIDTH="28" VPOS="1460" HPOS="334"/>
							<String ID="string_264" HPOS="362" VPOS="1461" WIDTH="47" HEIGHT="22" WC="0.93" CONTENT="fätt"/><SP WIDTH="25" VPOS="1461" HPOS="409"/>
							<String ID="string_265" HPOS="434" VPOS="1463" WIDTH="112" HEIGHT="27" WC="0.92" CONTENT="mottaga"/><SP WIDTH="22" VPOS="1463" HPOS="546"/>
							<String ID="string_266" HPOS="568" VPOS="1461" WIDTH="162" HEIGHT="28" WC="0.91" CONTENT="redogörelse"/><SP WIDTH="26" VPOS="1461" HPOS="730"/>
							<String ID="string_267" HPOS="756" VPOS="1460" WIDTH="40" HEIGHT="22" WC="0.93" CONTENT="för"/><SP WIDTH="18" VPOS="1460" HPOS="796"/>
							<String ID="string_268" HPOS="814" VPOS="1460" WIDTH="171" HEIGHT="22" WC="0.93" CONTENT="statsfondens"/>
						</TextLine>
					</TextBlock>
				</ComposedBlock>
			</PrintSpace>
		</Page>
	</Layout>
</alto>
