1106 1753
837 114 12 19 9

100 176 45 22 den
160 178 54 20 mån
230 176 84 21 allmän
328 176 40 28 lag
384 176 23 22 af
423 176 51 22 dem
495 176 116 26 berördes,
631 176 73 22 skulle
721 176 130 22 Ständerna

100 211 40 22 vid
155 219 32 14 nu
202 212 120 28 pågående
338 212 123 29 Landtdag
476 212 138 29 föreläggas,
636 212 119 22 äfvensom
772 215 33 19 att
821 212 30 22 ad

100 247 96 27 interim,
219 250 30 26 på
272 248 39 21 det
338 248 249 29 Haag-konventionen
614 248 142 22 oförtöfvadt
779 250 70 20 måtte

100 282 78 23 kunna
193 283 121 29 tillämpas,
330 284 34 21 till
381 284 137 22 efterlefnad
534 284 92 22 utfärda
642 284 112 22 särskilda
771 284 24 22 af
811 284 38 22 Se-

100 321 69 19 naten
185 319 131 29 föreslagna
332 320 177 29 bestämningar.

171 354 33 21 Pä
230 355 76 28 grund
328 355 66 22 häraf
414 356 41 21 har
480 356 29 21 K.
537 355 100 22 Senaten
663 355 46 22 den
731 358 28 19 23
785 355 65 28 April

103 392 51 20 1901
174 390 95 22 beslutit
279 390 117 29 publicera
407 391 150 22 omförmälda
567 391 142 22 konvention
720 391 8 21 i
738 391 112 22 Finlands

100 425 250 30 författningssamling
366 430 59 19 samt
441 427 119 29 angående
571 427 151 22 förenämnda
737 427 113 22 interims-

100 461 172 30 bestämningar
294 463 70 22 afläta
387 463 150 22 cirkulärbref
560 463 35 22 till
611 463 106 29 samtliga
731 463 120 22 Hofrätter

101 497 42 22 och
175 498 147 22 Guvernörer
352 499 8 21 i
390 499 85 22 landet.
513 499 135 22 Sedermera
677 499 42 22 har
750 499 28 21 K.
812 499 38 21 Se-

100 536 70 19 naten
185 534 51 21 lätit
251 535 105 22 utarbeta
371 535 43 22 och
434 535 71 28 jemte
522 535 121 22 skrifvelse
659 535 37 22 för
712 535 45 22 den
772 537 13 20 2
802 534 46 29 Maj

103 572 56 20 1904
182 569 8 22 i
214 570 108 22 afseende
346 574 12 18 ä
374 571 71 28 nädig
467 571 111 29 pröfning
600 571 93 22 insändt
713 571 88 28 förslag
816 570 35 22 till

100 605 147 30 lagstiftning
262 606 8 21 i
286 609 85 24 ämnet;
394 615 53 14 men
470 607 42 22 har
535 607 65 22 Hans
623 607 108 28 Majestät
749 607 53 21 med
819 607 31 21 ai-

102 641 84 22 seende
210 642 54 21 därä
287 645 33 19 att
344 650 28 15 en
395 643 74 22 under
492 643 72 28 sagda
586 643 45 28 Maj
657 643 83 22 månad
757 643 9 21 i
783 643 68 28 Haag

102 677 99 22 afhällen
224 678 124 22 konferens
372 679 115 22 utarbetat
503 679 88 28 förslag
606 679 34 22 till
657 687 28 14 en
701 687 31 20 ny
748 679 102 22 konven-

100 712 49 22 tion
165 714 97 22 rörande
278 715 252 28 rättegängsväsendet,
547 722 49 14 som
608 714 144 29 väsentligen
767 714 83 22 afveke

100 748 53 22 frän
168 749 202 29 bestämningarna
380 750 8 22 i
399 750 173 22 konventionen
588 750 23 22 af
627 753 24 19 är
664 753 63 23 1896,
739 750 112 23 anbefallt

101 787 33 19 att
142 785 150 22 omförmälda
303 786 127 29 lagförslag
439 786 51 22 icke
501 786 72 22 skulle
582 786 35 22 till
624 786 142 29 landtdagen
775 786 75 22 öfver-

99 820 96 27 lemnas,
219 822 120 21 hvaremot
366 822 27 22 K.
413 822 101 22 Senaten
537 822 66 28 egde,
627 822 71 22 sedan
722 822 38 22 det
777 822 8 22 i
803 822 45 28 Maj

104 859 56 20 1904
175 857 34 21 uti
232 857 66 29 Haag
321 858 133 28 uppgjorda
477 858 112 28 förslaget
610 858 35 21 till
660 866 32 20 ny
707 858 143 22 konvention

101 892 77 22 blifvit
194 893 146 26 ratificeradt,
357 894 117 22 inkomma
484 894 54 22 med
550 896 32 19 ett
592 894 8 21 i
611 893 239 23 öfverensstämmelse

102 928 94 22 därmed
212 928 127 30 uppgjordt
354 930 88 28 förslag
457 930 35 21 till
507 930 273 28 landtdagsproposition.

172 964 81 22 Under
270 966 27 21 de
314 966 174 28 förhandlingar
505 973 48 15 som
573 966 121 28 föregingo
711 965 140 22 afslutandet

102 1000 23 21 af
139 1000 250 28 Haag-konventionen
405 1002 56 20 afär
475 1004 55 20 1896
547 1002 42 21 har
602 1002 8 20 i
621 1001 108 22 afseende
745 1004 13 18 &
767 1001 84 29 frägan

102 1042 36 14 om
154 1035 161 22 internatione]
331 1037 120 28 rättshjelp
472 1037 137 21 framhällits
626 1040 74 18 säsom
717 1037 132 26 önskvärdt,

102 1073 32 19 att
157 1072 227 29 rättegängsafgifter
409 1073 22 20 af
455 1075 33 18 ett
503 1073 55 21 eller
575 1075 69 19 annat
658 1073 50 28 slag
724 1072 19 29 ej
759 1072 91 21 komme

102 1109 32 19 att
149 1107 119 22 utkräfvas
282 1108 36 21 för
329 1108 152 21 meddelande
493 1109 24 20 af
527 1108 174 29 handräckning
712 1110 23 19 ät
742 1107 109 22 utländsk

102 1143 104 22 domstol.
238 1144 11 21 I
270 1144 150 21 betraktande
443 1144 67 22 häraf
529 1144 60 21 hade
607 1144 29 21 K.
654 1144 100 21 Senaten
769 1144 7 21 i
792 1151 58 14 sam-

100 1179 118 29 manhang
247 1180 53 21 med
329 1180 75 28 öfriga
429 1180 34 21 uti
489 1180 63 22 detta
579 1183 65 18 ämne
669 1180 111 28 vidtagna
805 1180 45 21 för-

100 1215 132 22 beredande
252 1216 267 28 lagstiftningsätgärder
535 1216 110 28 uppgjort
660 1216 87 28 förslag
762 1215 35 21 till
813 1219 38 18 än-

102 1250 68 29 dring
186 1251 23 21 af
224 1252 108 28 gällande
347 1252 138 28 förordning
502 1259 37 14 om
555 1251 216 29 expeditionslösen,
787 1251 63 21 inne-

101 1286 103 22 fattande
230 1286 108 23 befrielse
362 1288 36 21 för
425 1288 28 20 de
481 1287 8 21 i
516 1287 172 22 konventionen
714 1287 136 28 deltagande

101 1322 143 22 främmande
268 1325 113 19 staternas
406 1323 125 21 domstolar
555 1323 52 21 frän
630 1323 65 21 lösen
718 1323 36 21 för
773 1322 78 22 finska

100 1358 174 28 myndigheters
292 1359 157 28 expeditioner
464 1359 9 21 i
489 1359 79 29 dylika
594 1359 107 26 ärenden,
724 1358 127 29 hvarjemte

100 1393 155 29 Regeringen,
273 1398 55 17 enär
344 1402 87 14 samma
446 1395 74 21 motiv
536 1395 67 28 gälde
623 1394 144 22 beträffande
783 1397 68 18 stäm-

101 1429 208 29 pelskyldigheten,
325 1433 30 26 pä
371 1433 45 18 sätt
426 1430 72 22 ofvan
514 1430 120 29 antyddes,
651 1430 33 21 uti
692 1430 109 28 förslaget
816 1429 35 22 till
