1106 1753
201 118 9 17 4
464 119 23 18 U.
500 119 21 18 B.
535 129 22 2 —
571 118 60 23 Prop.
644 119 37 18 N:o
694 119 31 18 23.

273 185 40 21 Vid
336 185 104 21 remissen
464 185 21 21 af
508 185 141 21 förevarande
673 185 135 26 proposition
829 185 37 20 har
882 185 5 20 i
904 183 87 22 Bonde-

201 220 86 21 ständet
302 221 86 21 uttalats
405 221 172 21 önskvärdheten
594 221 65 25 deraf,
677 222 29 20 att
723 221 41 20 den
781 220 62 21 andel
865 219 44 22 utaf
928 219 63 21 brän-

201 256 141 27 vinsskatten,
359 262 46 15 som
422 257 91 21 tillfaller
529 257 153 21 kommunerna
699 257 5 20 i
720 256 79 26 landet,
816 255 64 22 måtte
896 255 95 22 fördelas

202 292 48 21 dem
268 293 90 20 emellan
375 293 52 20 efter
442 293 160 27 folkmängden.

274 327 32 22 Då
328 329 253 26 husbehofsbränningen
602 329 37 20 vid
657 329 117 21 1863—64
791 328 34 21 års
841 327 102 26 landtdag
959 327 33 20 af-

202 363 116 27 skaffades,
343 364 82 27 ansägo
450 363 119 22 Ständerna
592 364 33 21 för
641 364 79 27 skäligt
739 365 42 25 ,att
797 363 34 27 de,
848 368 47 16 som
913 368 78 21 genom

202 399 41 21 den
261 406 16 14 s.
294 400 18 20 k.
329 400 266 27 husbehofsbränningens
612 400 141 26 upphörande
769 399 28 27 gä
809 400 62 20 miste
887 404 35 16 om
935 398 58 21 detta

202 435 45 21 ofta
263 436 83 26 ganska
361 436 159 27 vinstgifvande
531 436 70 21 medel
613 437 30 20 att
653 436 147 27 tillgodogöra
811 436 47 20 sina
867 434 126 28 jordbruks-

202 471 70 26 alster,
289 472 65 20 varda
370 472 33 21 för
418 472 71 21 denna
504 472 76 21 förlust
596 473 99 25 ersatte",
712 472 42 21 och
770 471 87 21 beslöto
874 470 77 26 derför,
963 471 30 19 att

203 512 26 16 en
246 507 33 21 del
296 508 22 20 af
334 508 82 21 skatten
434 508 68 21 skulle
521 525 4 9 ,
526 508 89 26 tillfalla
631 508 99 26 samtlige
747 508 124 20 kommuner
882 506 27 27 pä
921 506 72 21 landet

203 543 41 21 och
261 544 99 20 städerna
376 545 30 20 att
421 544 49 20 dem
488 544 89 21 emellan
593 544 95 21 fördelas
705 544 25 20 sä
741 545 30 19 att
781 543 211 27 jordlägenheternas

203 579 77 21 mantal
298 580 76 26 lägges
390 580 29 20 till
437 580 68 26 grund
521 580 34 21 för
569 580 149 26 fördelningen
735 580 56 20 samt
807 580 29 20 att
852 578 71 27 hvarje
939 578 54 20 hun-

203 615 66 21 dratal
286 616 21 20 af
324 616 111 20 städernas
452 616 127 21 innevänare
597 616 73 20 dervid
686 621 65 15 anses
768 616 109 20 motsvara
893 616 28 19 ett
933 619 60 15 man-

202 651 48 21 tal."
284 651 166 27 Propositionen
475 652 30 21 till
529 652 54 21 1867
601 651 34 21 års
652 651 103 27 landtdag
770 651 97 26 föreslog
883 650 64 25 dock,
964 651 30 19 att

203 687 70 21 denna
296 688 121 26 fördelning
441 688 69 21 skulle
535 688 38 21 ske
597 688 53 20 efter
673 687 161 26 folkmängden,
856 686 41 21 och
914 687 79 25 antogs

204 723 57 21 detta
277 723 83 27 förslag
374 723 77 27 jemväl
468 723 22 21 af
506 723 123 22 Ständerna.

275 759 39 21 Vid
332 759 161 28 derpäföljande
513 760 55 21 1872
585 759 34 21 ärs
635 759 103 26 landtdag
754 758 97 27 föreslog
867 758 126 27 regeringen

204 794 94 28 äterigen
323 801 81 16 samma
428 796 69 26 grund
520 795 33 22 för
576 795 137 21 beräknande
729 794 22 21 af
767 794 41 21 den
825 795 80 25 anpart,
922 793 71 26 hvarje

203 830 100 21 kommun
334 831 67 21 borde
435 831 80 21 erhålla
545 831 21 21 af
592 831 41 21 den
663 831 74 21 lands-
765 831 42 21 och
835 829 159 22 stadskommu-

204 871 64 16 nerna
292 867 160 21 tillkommande
477 867 91 21 andelen
592 867 21 21 af
633 867 90 21 skatten.
755 867 167 26 Propositionen
938 870 55 15 vann

204 902 62 21 likväl
284 903 46 20 icke
348 903 28 21 uti
393 903 70 21 denna
480 903 34 21 del
531 903 130 22 Ständernas
677 903 66 26 bifall,
760 904 48 20 utan
826 901 83 27 ansågo
921 901 73 25 dessa,

204 939 29 20 att
258 938 35 21 det
316 939 36 20 vid
376 939 131 27 landtdagen
533 939 115 21 1863—64
672 939 98 21 beslutna
789 937 205 27 fördelningssättet,

204 973 74 22 såsom
296 974 73 21 lättare
385 976 29 19 att
430 975 116 21 verkställa
562 976 42 20 och
620 981 58 15 mera
694 973 235 22 öfverensstämmände
945 972 50 21 med

206 1010 41 20 den
264 1010 60 21 forna
341 1011 94 26 grunden
452 1011 35 20 för
503 1011 354 27 bränvinsbränningsrättigheten,
873 1015 37 15 var
926 1009 69 26 lämp-

204 1045 72 27 ligare.
300 1045 76 21 Denna
392 1046 204 27 fördelningsgrund
612 1047 37 20 har
665 1047 67 20 sedan
748 1046 35 20 vid
795 1046 42 20 alla
848 1044 147 27 efterföljande

204 1081 126 27 landtdagar
352 1081 73 21 såsom
443 1082 68 21 sådan
528 1082 113 27 godkänts.
672 1082 40 21 Vid
729 1082 154 21 ständermötet
898 1080 23 21 är
939 1080 56 20 1900

204 1117 89 21 väcktes
309 1117 61 27 fräga
386 1123 33 15 om
437 1118 90 27 ändring
543 1118 21 21 af
580 1118 131 26 densamma,
723 1123 48 15 men
782 1117 43 21 fick
836 1116 74 27 frägan
922 1116 72 20 härom

204 1152 63 22 likväl
285 1152 27 22 dä
328 1153 88 21 förfalla.

276 1188 134 22 Beträffande
421 1189 143 22 förhällandet
573 1190 90 21 emellan
672 1190 27 21 de
708 1190 215 21 landskommunerna
932 1187 12 21 ä
956 1193 40 15 ena

204 1224 42 21 och
263 1224 100 22 städerna
379 1224 12 21 å
408 1225 40 21 den
466 1226 67 20 andra
543 1226 61 21 sidan
615 1226 160 21 tillkommande
787 1224 87 22 andelar
885 1224 21 20 af
917 1223 79 27 ifräga-

204 1260 94 21 varande
315 1260 56 21 skatt
388 1266 65 22 synes
471 1261 72 27 nägon
560 1261 130 21 nämndvärd
707 1261 84 21 skilnad
809 1260 46 22 icke
872 1260 124 24 förefinnas,

204 1301 36 15 om
257 1296 148 27 fördelningen
422 1296 51 22 sker
490 1297 27 27 pä
533 1297 36 21 det
585 1297 128 27 nugällande
730 1298 63 20 sättet
810 1296 51 21 eller
877 1295 52 21 efter
939 1294 57 22 folk-

205 1331 113 27 mängden.
350 1332 69 27 Enligt
435 1332 44 21 den
495 1333 21 21 af
532 1333 209 21 Ekonomiutskottet
756 1332 36 21 vid
811 1332 56 22 1900
881 1331 34 21 ärs
927 1330 70 22 landt-

205 1366 43 28 dag
271 1368 122 21 verkstälda
416 1368 149 28 uträkningen,
581 1369 55 21 hade
653 1368 99 22 städerna
768 1368 52 21 efter
835 1366 162 22 förhällandena

204 1402 24 21 är
247 1403 61 26 1896,
326 1409 34 16 om
382 1403 150 28 fördelningen
554 1404 56 21 skett
626 1404 28 27 pä
670 1404 36 21 det
721 1404 125 27 föreslagna
862 1403 70 25 sättet,
949 1402 49 21 bort

205 1438 80 21 erhålla
301 1439 89 27 ungefär
405 1440 30 25 9,3
446 1439 37 28 %/o,
501 1440 215 21 landskommunerna
731 1440 44 26 90,7
787 1439 27 29 %o
832 1439 21 21 af
869 1439 66 20 dessa
952 1443 45 15 me-

205 1474 43 26 del,
265 1475 76 20 medan
358 1475 27 20 de
402 1475 97 28 äterigen
516 1476 98 21 städerna
629 1476 34 21 för
679 1481 80 16 samma
775 1475 23 21 är
815 1475 66 26 enligt
897 1473 100 28 gällande
