1103 1750
815 118 28 19 15

161 180 84 22 Därest
267 180 128 22 Ständerna
417 180 123 28 godkänna
563 180 167 22 oivanstäende
754 180 90 28 förslag

89 216 35 21 till
139 216 136 28 förordning
290 216 36 21 fär
343 216 118 22 Utskottet
475 216 135 21 härutöfver
626 216 85 21 föreslä

303 283 32 20 att
348 281 127 22 Ständerna
486 282 49 21 ville
546 281 73 22 säsom
635 282 95 21 inkomst
742 281 28 28 af
778 281 65 22 malt-

233 317 149 28 bevillningen
409 317 36 28 för
472 317 184 23 nästkommande
681 317 160 28 finansperiod,

232 353 108 22 inclusive
347 353 64 27 förra
418 353 95 28 halfäret
519 353 65 27 1905,
593 353 98 22 beräkna
699 355 29 20 ett
736 353 74 28 belopp
818 353 30 27 af

231 389 96 27 600,000
337 389 64 22 mark
415 389 35 28 för
466 391 26 21 är
508 390 52 21 eller
575 389 84 23 säledes
669 389 35 28 för
714 389 50 22 hela
775 390 65 21 trien-

232 425 46 22 niet
294 425 147 22 19056—1907
456 425 164 29 sammanlagät
636 425 118 28 1,800,000
769 425 72 22 mark.

162 497 152 28 Helsingfors,
331 497 45 21 den
436 497 67 28 April
522 500 62 19 1905.

162 634 11 21 I
189 634 170 28 behandlingen
375 634 24 21 af
415 634 63 22 detta
493 635 85 21 ärende
593 635 71 21 hafva
679 634 97 28 deltagit
790 634 50 21 ord-

90 669 114 22 föranden
220 669 60 22 Frih.
297 677 46 14 von
359 669 145 23 Willebrand
520 673 58 19 samt
594 671 155 21 ledamöterne
761 670 13 21 W
785 669 55 26 alle,

91 705 110 26 Ilmanen,
224 705 29 22 K.
279 705 135 27 Grotenfelt,
439 705 87 27 Möller,
551 707 94 25 Luoma,
661 705 21 23 J.
699 706 142 25 Dahlström,

90 741 75 26 Prusi,
190 741 90 22 Riihelä
305 741 43 22 och
373 741 123 22 Koistinen
520 742 120 21 äfvensom
663 742 178 29 suppleanterne

90 777 130 26 Estlander,
236 777 61 21 Frih.
313 785 48 14 von
376 777 97 22 Alfthan
489 778 42 21 och
548 778 105 21 Pietinen
669 777 98 28 (delvis).

380 971 168 28 Reservation.

162 1078 36 21 Då
213 1078 23 21 vi
252 1078 50 21 icko
327 1079 88 20 kunnat
440 1078 80 21 förena
546 1085 36 14 oss
599 1085 38 14 om
653 1078 27 21 de
696 1077 86 28 förslag
798 1077 44 23 Ut-

91 1114 96 21 skottets
203 1113 114 29 majoritet
333 1113 107 22 omfattat
455 1114 119 28 angäende
585 1112 208 29 skatteförhöjning
805 1112 38 22 för

89 1149 148 29 tillverkning
253 1149 26 22 af
291 1149 161 29 maltdrycker,
467 1149 89 22 anhålla
572 1149 23 21 vi
612 1151 33 20 att
660 1149 8 21 i
684 1149 39 22 det
738 1148 104 29 följande

89 1185 25 22 fä
129 1185 120 22 framhälla
264 1187 39 20 vär
320 1185 124 22 afvikande
460 1186 100 27 mening.

161 1221 118 22 Utskottet
304 1221 123 22 motiverar
452 1221 45 22 den
523 1221 130 28 föreslagna
678 1220 163 29 förhöjningen

90 1257 94 22 därmed
200 1260 33 19 att
249 1257 186 22 totalinkomsten
452 1257 26 22 af
492 1257 72 28 sagda
580 1257 61 22 skatt
657 1257 73 21 under
746 1257 28 21 de
790 1259 51 19 när-

89 1295 73 19 maste
178 1295 54 19 åren
247 1293 51 22 med
315 1293 30 22 all
371 1293 144 22 sannolikhet
540 1293 103 21 kommer
668 1295 33 19 att
716 1292 128 22 successivt

89 1327 199 29 sjunka
182 1323 13 39 i
209 1327 74 29 samma
303 1329 54 21 eller
373 1329 87 21 kanske
476 1332 29 18 än
521 1329 70 28 högre
607 1329 133 28 proportion
756 1331 28 19 än
800 1336 41 13 un-

90 1364 41 21 der
147 1365 44 20 den
207 1367 90 26 gångna
312 1365 192 28 finansperioden.

161 1400 133 21 Emellertid
310 1407 68 21 synes
395 1400 45 26 det,
456 1407 50 14 som
522 1407 37 14 om
569 1400 120 22 Utskottet
699 1400 81 21 saknat
792 1400 49 21 skäl

89 1435 34 21 till
140 1435 44 22 den
194 1435 130 28 föreslagna
339 1435 238 29 skatteförhöjningen
588 1436 71 21 redan
669 1437 30 27 på
710 1435 44 22 den
766 1435 76 28 grund
