1103 1753
97 322 115 24 Stämpelaf-

95 351 38 23 gift
145 351 31 18 för
188 351 26 18 af-

97 379 118 24 handlingar

91 408 86 19 emellan
183 415 33 12 en-

120 437 69 18 skilda.

560 140 41 23 N:o
624 141 28 21 25

309 332 49 14 som
368 324 140 29 fastigheten
519 325 80 28 åtfölja
609 328 59 19 samt
678 325 72 22 under
761 325 98 28 egande-

309 361 46 19 rätt
377 358 116 29 föryttras,
517 359 69 28 skola,
606 359 29 21 då
651 359 27 22 de
694 359 35 22 för
743 359 115 22 vinnande

310 392 25 22 af
347 393 85 28 lagfart
446 393 41 22 vid
496 394 101 21 domstol
607 393 90 29 företes,
709 394 70 28 draga
790 396 68 19 stäm-

310 428 37 28 pel
369 427 8 22 i
399 427 143 22 förhållande
564 428 37 21 till
621 429 153 28 egendomens
790 428 69 21 värde

310 462 105 21 sålunda:

378 497 37 21 till
431 497 42 22 och
488 497 52 22 med
556 497 42 22 100
612 497 65 22 mark
717 515 4 4 .
752 515 3 4 .
786 515 4 4 .
820 514 39 4 ..

378 534 59 19 samt
456 531 131 22 derutöfver
602 531 35 22 för
652 531 78 29 hvarje
746 532 57 21 fulla
818 531 42 22 100

447 566 65 21 mark
610 583 39 5 KOR
714 584 39 10 äg
821 583 37 4 De

447 600 93 22 Samma
555 600 167 29 stämpelafgift
737 601 73 29 gäller
825 600 35 22 för

378 634 80 29 dylika
479 634 137 29 handlingar
639 636 117 28 angående
774 635 85 29 fartyg,

379 669 29 22 då
423 670 39 21 det
472 670 36 21 till
518 670 139 28 registering
667 670 107 28 anmäles,
785 670 75 28 bygg-

378 703 52 28 nad,
456 703 75 22 fabrik
556 704 42 21 och
624 711 75 14 annan
723 704 135 28 inrättning,

379 745 48 14 som
450 738 20 28 ej
494 737 24 22 af
539 738 111 29 fastighet
668 738 97 29 åtföljes,
782 738 29 21 då
826 738 34 21 in-

227 208 757 32 tr"”t!-<-.--———-—r———<-

893 240 34 21 Fi

378 773 112 28 teckning
512 773 48 21 deri
583 773 73 28 sökes,
680 776 58 19 samt
756 773 119 31 arrende-
866 769 13 39 :

379 809 59 20 tomt
452 807 9 21 i
476 807 57 28 stad,
550 807 29 22 dä
594 807 72 22 skedd
682 807 144 22 öfverlätelse
838 807 23 22 af
874 810 1 26 |

379 841 215 30 besittningsrätten
610 841 83 29 dertill,
706 841 72 29 jemte
792 849 68 21 egan-

379 876 103 21 derätten
494 876 56 21 tillä
558 878 89 19 tomten
657 876 121 29 befintliga
786 876 74 29 bygg-

379 910 76 28 nader,
478 910 41 22 hos
538 910 170 22 vederbörande
722 910 138 29 myndighet

381 945 8 20 i
405 944 105 22 afseende
526 945 13 21 &
554 945 141 28 anteckning
710 945 107 21 anmäles.

449 979 49 22 Har
526 979 117 28 fastighet,
668 979 70 22 innan
765 979 96 28 uppbud

379 1014 101 27 vunnits,
494 1014 54 20 eller
558 1013 84 29 fartyg,
654 1021 49 14 som
714 1013 101 22 anmäles
825 1013 36 21 till

379 1048 144 28 registering,
549 1048 59 21 varit
632 1047 97 22 föremål
751 1047 36 22 för
808 1047 53 22 flere

380 1081 163 29 öfverlåtelser,
563 1082 59 21 skall
637 1082 79 28 hvarje
732 1081 129 23 öfverlåtel-

380 1116 142 29 sehandling,
545 1116 29 21 då
596 1116 86 29 lagfart
696 1117 56 21 eller
767 1116 95 29 registe-

380 1151 52 28 ring
456 1151 71 28 sökes,
550 1151 72 28 draga
644 1151 97 21 särskild
765 1151 97 27 stämpel

380 1186 74 21 såsom
469 1185 41 22 här
524 1187 25 19 är
564 1185 73 29 sagdt.
659 1185 66 22 Dock
739 1185 39 21 må
788 1184 74 23 öfver-

380 1219 198 29 låtelsebandling,
602 1219 107 22 utfärdad
724 1219 50 22 före
789 1219 45 22 den
850 1219 10 21 1

379 1254 96 21 Januari
494 1254 62 28 1892,
571 1254 101 22 karteras
688 1255 76 21 såsom
779 1254 83 29 bilaga.

448 1289 37 21 Då
508 1289 112 28 egendom
638 1289 23 21 af
676 1289 44 21 den
734 1288 128 22 beskaffen-

379 1323 46 28 het,
437 1330 48 15 som
495 1323 41 22 här
545 1323 73 21 finnes
630 1323 113 27 omnämd,
755 1322 108 29 frivilligt

381 1358 55 21 eller
458 1357 118 22 exekutivt
597 1357 87 22 medels
706 1357 96 22 auktion
818 1357 45 22 för-

381 1391 74 29 säljes,
471 1399 53 14 vare
540 1391 36 29 sig
586 1399 83 21 genom
680 1391 108 28 offentlig
798 1399 65 21 myn-

381 1426 79 29 dighet
475 1426 55 21 eller
544 1426 8 21 i
569 1426 90 21 enskild
668 1429 53 25 väg,
732 1426 61 21 skall
804 1426 59 21 salu-

380 1460 56 28 bref,
459 1460 79 29 belagt
559 1460 53 22 med
627 1460 98 28 stämpel
740 1460 38 22 till
794 1460 69 22 ofvan
