1103 1750
429 116 53 24 N:o
502 116 43 23 ?4

317 472 69 25 Hans
415 471 162 34 Kejserliga
609 471 142 34 Majestäts
781 471 88 34 nådiga

247 519 151 33 proposition
422 519 39 25 till
485 519 112 25 Finlands
619 518 107 32 Ständer,
748 517 120 35 angående

248 565 82 33 anslag
353 573 30 17 ur
406 564 224 34 bevillningsmedel
651 564 37 26 för
706 564 162 26 folkskolevä-

248 610 83 26 sendet
349 610 76 26 under
443 609 57 27 åren
518 610 161 26 1903—1907.

180 691 46 21 Till
245 691 139 21 Ständernas
404 691 141 28 behandling
564 690 150 22 öfverlemnas
732 691 138 21 härmedelst

112 728 34 18 att
160 726 90 21 besluta
265 726 119 28 angående
399 725 100 29 följande
515 726 81 27 anslag
611 732 27 14 ur
655 725 214 29 bevillningsmedel

111 760 36 21 för
162 760 235 21 folkskoleväsendets
415 760 8 20 i
439 760 78 21 landet
531 760 119 21 underhåll
666 759 72 22 under
753 760 117 21 nästkom-

112 794 82 22 mande
208 794 227 28 bevillningsperiod.

249 908 14 22 1.
290 909 67 27 Bidrag
373 909 25 21 till
413 909 190 22 folkskoleväsendet
618 909 3 21 i
637 909 100 22 städerna.

181 977 71 21 Detta
269 976 82 29 bidrag
369 977 102 21 kommer
498 977 73 28 enligt
589 976 134 29 beräkning,
748 979 33 19 att
796 976 35 22 för
847 977 25 21 år

114 1011 56 21 1904
184 1012 57 27 utgå
256 1011 52 21 med
322 1011 8 21 i
345 1011 70 21 rundt
432 1012 32 20 tal
475 1011 94 27 655,000
579 1011 73 27 mark;
668 1012 43 21 och
721 1012 40 21 har
771 1011 100 21 nämnda

113 1045 82 29 bidrag
216 1046 73 21 under
313 1046 52 21 åren
389 1046 56 21 1898
462 1046 37 20 till
519 1046 42 21 och
576 1046 52 21 med
644 1046 56 21 1904
716 1046 64 21 ökats
796 1045 52 21 med
863 1045 9 21 i

114 1080 107 21 medeltal
243 1080 80 28 33,360
344 1080 65 21 mark
428 1088 36 13 om
483 1081 53 20 året.
566 1080 53 22 Men
642 1088 48 14 som
713 1080 28 21 de
762 1079 109 28 faktorer,

114 1114 78 21 hvilka
207 1114 202 28 hufvudsakligast
426 1114 115 21 föranledt
556 1114 74 22 denna
645 1114 94 28 ökning,
755 1114 117 28 nemligen

114 1148 116 22 städernas
246 1149 99 28 tillväxt,
361 1148 254 23 lefnadskostnadernas
627 1149 104 28 stigning
743 1148 42 22 och
795 1148 9 21 i
814 1147 58 29 följd

114 1183 66 21 deraf
199 1183 178 22 lärarelönernas
401 1183 104 28 höjande,
529 1185 58 20 samt
606 1183 27 22 de
652 1183 105 28 stegrade
774 1183 99 21 fordrin-

114 1225 71 20 garna
200 1218 29 27 på
244 1217 225 22 folkskoleväsendet
481 1218 9 21 i
501 1217 106 22 afseende
618 1218 13 21 å
641 1217 86 29 hygien
739 1217 41 22 och
790 1217 83 21 under-

114 1251 215 29 visningsmateriel,
345 1253 38 20 väl
399 1253 42 20 allt
455 1251 142 23 fortfarande
613 1252 43 21 och
666 1251 116 22 sannolikt
792 1251 9 22 i
811 1254 62 18 ännu

116 1287 68 27 bögre
200 1286 57 28 grad
273 1289 29 18 än
316 1286 116 21 härintills
451 1287 92 20 komma
559 1289 33 18 att
608 1287 69 20 verka
692 1286 9 21 i
716 1293 85 14 samma
816 1285 58 21 rikt-

114 1320 57 28 ning
187 1323 58 18 samt
261 1320 28 21 då
305 1320 28 21 de
347 1320 36 22 för
397 1320 100 21 nämnda
513 1320 35 28 sju
564 1321 24 20 år
601 1320 147 28 kalkylerade
758 1319 114 28 beloppen

115 1354 77 29 hvarje
208 1355 24 21 år
247 1354 98 28 nödgats
362 1354 152 22 öfverskridas
525 1354 52 22 med
587 1354 9 21 i
605 1354 109 21 medeltal
723 1354 50 21 icke
783 1353 90 21 mindre

116 1392 28 18 än
159 1389 78 27 31,487
253 1389 70 27 mark,
344 1388 65 22 torde
425 1388 37 22 det
479 1388 73 29 årliga
566 1389 124 21 tillskottet
706 1388 35 22 för
756 1388 119 21 nästkom-

115 1423 81 21 mande
212 1422 221 29 bevillningsperiod
448 1423 55 21 böra
518 1423 64 28 höjas
598 1423 36 21 till
649 1422 79 28 40,000
743 1422 70 22 mark.
