1106 1753
434 162 42 21 N:o
493 163 27 20 28
823 163 14 19 3

175 230 53 22 Med
244 230 104 22 afseende
359 232 14 20 å
383 231 28 21 de
421 231 195 27 utomordentliga
626 230 98 22 fördelar
736 238 47 14 som
792 231 73 21 skulle

109 265 137 29 tillskyndas
268 265 90 21 landets
375 265 156 28 jordbrukare,
547 265 50 21 ifall
612 265 39 21 det
666 265 137 21 förunnades
818 265 48 28 Hy-

108 298 220 29 poteksföreningen
351 302 34 18 att
400 300 198 28 fortsättningsvis
613 299 40 21 vid
668 306 136 22 gynsamma
820 299 46 21 till-

108 333 70 22 fällen
198 334 71 20 anlita
288 334 44 21 den
352 334 122 21 utländska
492 334 110 26 krediten,
622 336 58 19 samt
698 333 168 29 Hypoteksför-

108 368 105 27 eningen,
230 367 132 29 därigenom
374 370 34 19 att
418 368 28 21 de
456 368 92 28 tariffer,
560 368 74 28 enligt
644 368 79 21 hvilka
732 368 135 27 lägenheter

106 401 36 22 för
157 402 109 29 belåning
277 402 8 21 i
295 402 135 29 föreningen
445 403 142 28 uppskattas,
604 403 69 21 sedan
687 403 24 20 år
723 402 55 21 1884
788 401 78 22 blifvit

108 437 115 28 betydligt
242 439 123 26 strängare,
381 445 100 20 numera,
497 437 133 28 isynnerhet
645 437 70 21 sedan
730 436 135 28 föreningen

107 471 83 21 hunnit
204 471 63 21 bilda
282 474 84 19 tvänne
382 471 157 22 reservfonder
555 485 25 2 —
596 472 142 28 uppgående,
750 471 44 21 den
807 471 58 22 ordi-

106 505 63 21 narie
184 505 34 21 till
236 505 92 28 939,495
343 506 65 21 mark
423 506 27 21 73
466 506 70 27 penni
552 506 41 21 och
609 505 44 22 den
667 508 63 19 extra
740 505 125 22 reservfon-

107 539 44 21 den
166 539 37 21 till
220 540 112 27 1,000,000
347 540 64 20 mark
423 553 25 2 —
460 541 46 20 kan
522 547 64 14 anses
602 540 94 28 erbjuda
706 540 43 20 full
760 539 106 22 säkerhet

107 573 36 22 för
161 574 27 21 de
207 573 150 22 förbindelser
375 574 136 29 föreningen
529 574 74 22 iklädt
618 574 42 28 sig,
676 574 41 22 har
731 574 65 21 Hans
811 573 55 28 Kej-

108 608 84 28 serliga
207 608 107 28 Majestät
329 609 62 21 velat
407 609 33 21 till
458 609 90 21 landets
564 608 98 22 Ständer
677 608 149 22 öfverlämna:

314 681 32 17 att
363 677 134 28 öfverlägga
516 678 41 21 och
575 678 87 20 besluta
678 685 35 13 om
730 678 42 20 och
785 678 29 27 pä
824 677 42 21 hu-

245 712 85 21 rudana
346 712 74 21 vilkor
430 711 110 22 Finlands
551 711 227 29 Hypoteksförening
789 711 76 21 kunde

247 746 93 28 beviljas
358 746 45 21 den
417 746 102 28 begärda
534 746 105 28 garantin
655 745 35 22 för
705 745 162 29 uppfyllandet

246 780 22 22 af
283 781 27 21 de
325 781 156 27 förbindelser,
498 781 134 27 föreningen
647 780 57 21 efter
714 780 78 28 hvarje
803 780 62 28 gäng

246 815 73 21 därtill
337 815 41 21 hos
393 815 148 28 Regeringen
563 815 123 21 utvärkadt
701 814 104 21 tillständ
820 814 44 21 kan

245 849 77 22 ikläda
338 850 36 27 sig
390 849 37 22 vid
444 849 158 29 upptagandet
618 850 11 20 å
646 849 124 21 utrikesort
785 848 22 21 af
821 849 44 20 län,

246 884 58 21 dock
320 884 50 21 icke
387 884 34 21 till
437 884 71 28 högre
526 884 84 28 belopp
626 887 27 18 än
672 886 32 19 att
720 883 146 28 föreningens

246 919 122 20 utländska
389 918 67 21 skuld
480 918 197 22 sammanräknadt
698 917 18 28 ej
737 917 128 27 öfverstege

246 953 129 27 50,000.000
389 953 74 21 finska
480 953 69 21 mark.

315 1050 99 28 Nädigst
432 1050 109 28 godkänd
557 1051 7 20 i
580 1050 118 26 Tsarskoje
720 1050 51 20 Selo
794 1050 41 20 den
853 1050 13 19 3

246 1085 44 24 (16)
305 1084 61 21 Mars
383 1085 60 20 1905.

404 1182 302 21 Ministerstatssekreterare
723 1182 73 21 Linder.
