1106 1753
264 132 14 21 4
574 133 41 21 N:o
631 133 27 20 21

304 200 142 22 Restitution
465 201 22 20 af
506 201 77 28 erlagd
601 201 127 29 bevillning
744 209 53 21 eger
815 209 51 13 rum
881 201 35 22 för
931 202 65 21 malt-

236 235 76 28 dryck,
330 242 48 14 som

304 270 20 27 a)
340 269 50 21 från
405 270 79 21 landet
499 270 97 27 utföres;

303 304 23 26 b)
340 304 73 21 under
428 304 81 29 sjelfva
524 304 180 29 tillverkningen
720 305 55 20 eller
790 304 98 21 derefter
902 304 33 21 till
949 305 44 21 den

234 339 58 27 grad
314 339 98 27 skadats,
430 340 34 19 att
483 339 50 27 den,
552 339 74 28 enligt
644 339 135 27 tillförlitlig
797 339 131 28 utredning,
944 339 51 21 icke

234 372 46 22 kan
295 373 73 21 såsom
384 373 129 28 maltdryck
528 373 124 21 användas.

592 438 12 25 8
620 436 20 21 4.

303 477 145 21 Beträffande
467 477 43 20 tull
526 477 35 21 för
576 477 136 28 maltdryck,
729 484 49 14 som
795 477 35 21 till
845 476 99 22 Finland
959 476 34 21 in-

233 511 66 28 föres,
315 511 79 21 länder
412 511 36 21 till
467 510 151 22 efterrättelse
634 511 61 21 hvad
710 511 76 21 derom
804 514 24 18 är
844 512 55 20 eller
913 511 80 21 varder

234 546 114 28 stadgadt.

303 627 88 26 Önskar
413 640 67 20 egare
504 633 22 20 af
550 632 105 29 bryggeri
674 632 35 21 till
729 632 137 28 försäljning
885 632 104 21 tillverka

233 666 136 28 maltdryck,
392 667 58 21 skall
473 667 45 21 han
536 667 41 21 hos
594 666 148 22 Guvernören
759 666 7 21 i
782 667 63 21 länet
861 666 76 22 derom
953 674 38 13 an-

233 701 61 21 mäla
308 701 70 21 minst
394 704 32 19 tre
442 702 84 21 veckor
541 702 48 21 före
605 701 191 28 tillverkningens
811 701 146 28 vidtagande.

302 735 159 29 Tillverkning
480 736 22 21 af
516 736 130 27 maltdryck
662 743 65 14 anses
743 735 96 22 fortfara
854 735 42 22 och
912 735 79 21 bevill-

232 769 57 29 ning
304 769 42 22 bör
361 770 105 29 erläggas
480 770 61 21 intill
558 770 51 21 dess
624 769 131 22 tillverkare
767 777 37 14 om
814 770 111 21 rörelsens
935 777 56 21 upp-

232 803 100 22 hörande
348 805 87 20 anmält
450 805 40 20 hos
507 805 149 20 Guvernören
672 804 7 21 i
694 805 70 26 länet,
779 804 95 21 hvilken
885 804 39 21 det
934 804 56 28 ålig-

232 845 41 21 ger
288 841 34 18 att
340 846 37 13 om
396 839 69 20 sådan
481 839 107 20 anmälan
603 838 132 21 underrätta
750 838 169 21 vederbörande
934 838 55 21 kon-

232 873 80 20 trollör
327 873 42 20 och
384 873 198 28 kronobetjening.

589 938 12 23 s
617 937 19 20 6.

303 976 42 21 Vid
368 976 126 21 beredande
518 976 22 21 af
562 976 130 28 maltdryck
710 977 35 20 må
763 980 105 23 surrogat
883 975 35 22 för
933 975 56 21 malt

231 1009 51 22 icke
298 1010 122 21 användas.

589 1058 12 23 S
618 1056 18 21 7.

300 1096 75 28 Egare
394 1096 54 21 eller
466 1096 148 21 innohafvare
634 1096 22 20 af
673 1096 113 28 bryggeri,
803 1096 74 20 atsedt
892 1096 34 20 för
941 1095 46 21 till-

231 1130 113 28 verkning
360 1131 22 20 af
397 1130 154 28 maltdrycker
566 1130 35 21 till
618 1130 143 28 försäljning,
778 1137 52 14 vare
847 1130 92 28 skyldig
955 1132 33 19 att

232 1164 6 20 i
254 1164 133 28 bryggeriet
403 1165 54 21 eller
472 1164 135 22 dithörande
623 1164 108 28 byggnad
751 1164 116 28 uppställa
883 1165 41 20 och
940 1164 48 21 der-

231 1198 57 21 efter
302 1199 8 20 i
326 1199 64 21 skick
405 1199 61 21 hälla
482 1207 28 13 en
526 1199 51 21 med
592 1199 138 21 automatisk
744 1199 143 21 maltmätare
898 1198 89 22 försedd

230 1232 72 21 kvarn
326 1233 55 21 eller
402 1233 71 27 kross,
492 1240 55 20 som,
568 1233 56 21 efter
642 1232 104 22 deröfver
760 1232 117 21 inlemnad
893 1232 95 21 beskrif-

230 1267 64 29 ning,
311 1267 76 21 blifvit
403 1268 22 20 af
441 1268 148 21 Guvernören
606 1268 7 20 i
628 1268 64 20 länet
706 1267 115 29 godkänd.
851 1266 138 28 Ansökning

230 1301 78 21 härom
324 1301 40 21 bör
379 1302 63 21 inom
456 1302 40 21 tvä
511 1302 83 21 veckor
610 1302 56 21 efter
682 1302 50 20 dess
748 1301 145 21 inlemnande
909 1300 22 21 af
942 1300 47 21 Gu-

230 1338 81 19 vernör
326 1336 34 21 till
378 1336 109 29 pröining
502 1339 121 26 upptagas.

298 1370 63 27 Malt,
378 1378 49 14 som
442 1370 36 21 till
493 1371 75 27 brygd
583 1371 57 21 skall
658 1370 122 27 användas,
797 1371 37 19 mä
847 1370 50 20 icke
908 1376 79 14 annor-

230 1404 75 21 städes
321 1404 95 27 skrotas,
433 1407 28 18 än
477 1405 8 20 i
500 1404 144 29 bryggeriets
660 1412 64 20 egen.
740 1403 52 22 med
804 1403 69 21 sädan
884 1403 104 21 maltmä-

230 1442 47 17 tare
293 1438 105 21 försedda
412 1439 73 21 kvarn
502 1439 54 20 eller
571 1439 70 21 kross.
