1103 1753
273 137 15 21 4
578 138 42 21 N:o
636 138 28 21 18

246 205 129 29 Saarijärvi,
399 207 13 20 &
434 206 74 21 denna
530 206 67 29 linjes
620 207 28 21 25
670 207 45 20 km.
748 205 112 29 Längden
882 205 23 21 af
927 205 74 22 denna

245 240 90 21 variant
349 243 69 26 utgör
434 241 67 28 18,680
516 241 45 21 km.

315 280 108 28 Linjerna
439 283 97 19 österom
552 281 44 21 den
611 281 9 20 i
634 280 104 22 Kalmari
754 280 30 28 by
798 279 130 29 föreslagna
942 279 59 22 halt-

246 315 104 27 punkten
371 314 69 22 hafva
458 315 140 21 balanserats
618 315 53 21 med
685 314 239 28 maximalstigningar
938 314 62 27 0,012,

245 349 119 21 hvaremot
385 351 113 19 vesterom
517 349 110 27 Kalmari,
648 349 39 21 der
702 351 121 25 terrängen
839 351 25 18 är
879 354 123 22 gynnsam-

246 390 67 20 mare,
329 382 51 22 icke
396 382 111 22 användts
523 383 106 28 skarpare
645 383 129 28 stigningar
789 385 30 18 än
833 382 61 27 0,010.
917 382 84 21 Minsta

246 416 137 22 kurvradien
399 418 12 20 &
426 416 29 22 fri
474 417 60 21 bana
549 420 25 19 är
588 417 44 21 450
647 425 22 14 m
684 419 65 19 utom
763 416 39 22 vid
818 424 29 14 en
861 416 59 22 kurv
935 417 13 20 ä
963 416 38 21 det

246 451 51 21 frän
316 451 105 22 Suolahti
436 452 114 28 utgäende
567 452 151 27 alternativet,
734 452 39 20 der
788 451 78 21 radien
882 454 25 18 är
922 450 80 22 endast

246 486 44 21 350
304 494 28 13 m.

316 526 143 28 Skenvigten
476 526 41 21 har
533 526 100 28 antagits
649 526 130 21 densamma
794 532 49 15 som
858 525 40 21 vid
912 525 90 27 Haapa-

247 556 83 37 mäki—
339 556 128 37 Jyväskylä
489 560 114 22 Suolahti
622 560 75 22 banan
712 560 55 21 eller
781 560 28 21 25
824 560 33 28 kg
871 567 40 20 per
925 561 77 19 meter.

315 611 46 22 För
377 612 28 21 de
420 612 61 21 olika
496 612 189 28 sträckningarna
696 611 72 22 blifva
777 610 172 29 banlängderna
960 610 40 22 och

247 646 153 22 kostnaderna
415 646 108 28 följande:

315 685 36 22 för
381 686 71 28 linjen
480 686 252 28 Vatia-Kapeakoski,
761 686 121 21 Hietama—
893 681 109 37 Karstula

243 714 130 39 kyrkoby—
386 714 197 39 Gamla-Karleby,
619 720 71 28 längd
724 720 71 28 215,36
829 719 45 28 km,
904 718 98 23 kostnad

248 755 129 28 16,705,000
391 755 74 27 mark;

316 793 36 22 för
379 794 71 28 linjen
472 794 366 29 Vatia-Lujakoski-Hietama,
862 793 112 29 Hyytiälä

247 828 110 22 Karstula
372 829 334 28 kyrkoby—Gamla-Karleby,
723 828 71 29 längd
809 829 60 27 213,9
884 828 45 28 km,
941 828 61 21 kost-

247 863 46 20 nad
309 863 128 28 16,320,000
449 863 73 27 mark;

316 902 37 22 för
367 903 72 28 linjen
455 903 105 22 Suolahti
574 897 168 34 -Äännekoski,
767 903 98 21 Hietama
886 893 116 42 Karstula

247 937 336 28 kyrkoby—Gamla-Karleby,
617 937 71 28 längd
718 937 83 28 209,724
830 937 45 21 km,
906 937 95 21 kostnad

249 971 129 28 16,250,000
392 971 74 28 mark;

317 1011 36 22 för
372 1011 72 28 linjen
459 1014 98 19 österom
572 1012 109 21 Karstula
696 1011 111 29 kyrkoby,
823 1019 50 14 men
890 1014 111 19 vesterom

248 1045 115 29 Kyyjärvi
385 1046 100 21 minskas
508 1046 100 28 längden
629 1047 52 21 med
705 1047 41 27 1,61
764 1047 39 20 km
819 1047 41 20 och
877 1046 126 21 kostnaden

249 1080 52 21 med
323 1080 94 28 366,000
431 1080 64 21 mark
514 1081 48 27 och,
582 1088 36 14 om
637 1080 72 29 linjen
726 1081 81 27 drages
826 1083 98 19 österom
940 1080 64 28 Kyy-

247 1114 66 28 järvi,
331 1114 133 28 ytterligare
480 1114 52 22 med
546 1115 43 27 0,12
606 1115 38 21 km
660 1115 42 21 och
717 1115 126 21 kostnaden
859 1114 53 22 med
926 1114 79 28 57,000

248 1148 70 21 mark.

317 1188 70 21 Hvad
405 1189 189 28 sträckningarna
610 1189 106 21 beträffar
731 1190 24 20 sä
770 1188 76 22 blefve
862 1189 44 21 den
921 1196 83 21 genom

249 1223 110 21 Karstula
373 1223 105 28 kyrkoby
493 1223 136 28 visserligen
644 1224 72 28 nägot
731 1224 79 27 längre
826 1223 41 21 och
884 1223 80 28 dyrare
976 1226 28 18 än

249 1256 45 21 den
309 1258 99 20 österom
423 1257 121 29 kyrkobyn
559 1258 87 28 dragna
661 1258 77 28 linjen,
755 1265 52 13 men
823 1257 104 28 erbjuder
937 1256 67 22 fram-

249 1290 36 22 för
303 1290 74 22 denna
397 1291 44 21 den
457 1291 72 21 fördel
545 1294 34 18 att
594 1292 45 21 den
653 1292 41 28 gär
709 1299 82 21 genom
807 1299 62 13 mera
884 1291 120 21 befolkade

249 1325 86 21 trakter
351 1325 40 21 och
409 1326 100 20 ansluter
523 1326 37 28 sig
577 1326 75 21 direkt
669 1326 37 21 till
724 1326 107 28 Pääjärvi
849 1326 39 27 sjö.

318 1370 12 21 I
352 1370 65 29 fräga
440 1379 36 13 om
499 1371 27 21 de
547 1372 61 21 olika
627 1372 136 21 alternativa
778 1371 189 28 anslutningarna
983 1371 22 21 af

249 1405 76 20 banan
340 1405 37 20 till
396 1401 123 37 Jyväskylä
550 1401 105 37 Suolahti
672 1405 88 28 bandel,
777 1405 76 22 blefve
869 1405 69 28 linjen
955 1405 48 21 från

250 1439 67 21 Vatia
340 1439 64 21 öfver
426 1439 147 28 Kapeakoski
595 1439 44 22 den
661 1441 91 27 längsta
775 1440 42 21 och
837 1439 96 28 dyraste,
953 1447 50 14 men
