1103 1750
323 142 30 22 U.
369 142 26 22 B.
415 155 25 2 —
457 142 73 28 Prop.
547 142 45 22 N:o
608 142 38 22 24.
841 142 26 21 13

177 211 43 21 Det
245 211 30 21 till
302 206 184 32 Öfverstyrelsens
508 211 33 21 för
565 210 155 22 Skolväsendet
742 210 126 27 förfogande

109 246 76 21 ställda
203 246 78 26 anslag
299 245 36 27 för
352 245 159 27 auskultering,
528 251 46 15 som
587 244 57 22 afser
661 247 32 19 att
708 245 22 21 åt
744 245 70 21 lärare
829 244 38 22 och

108 280 119 21 lärarinnor
246 280 35 20 vid
300 279 117 22 folkskolor
434 280 26 26 på
475 279 72 21 landet
564 279 78 21 bereda
657 279 80 21 tillfälle
752 281 32 19 att
800 278 67 22 öfver-

109 321 51 14 vara
181 314 181 26 undervisningen
378 314 36 20 vid
430 314 136 20 seminarium
582 313 111 21 äfvensom
709 314 109 26 hospitera
832 313 36 21 vid

109 348 117 22 folkskolor
239 349 13 20 å
267 348 66 21 andra
344 350 58 19 orter
412 349 57 20 inom
481 348 77 26 landet,
569 348 37 21 har
618 348 68 21 under
695 350 85 19 senaste
789 348 77 20 finans-

109 383 74 27 period
203 383 71 27 utgått
300 383 48 21 med
371 385 31 18 ett
417 382 63 27 årligt
494 382 79 28 belopp
589 382 23 21 af
625 382 63 26 4,800
703 382 66 21 mark.
800 382 10 21 I
827 382 40 21 den

110 418 77 26 nådiga
202 417 162 27 propositionen
380 417 62 21 äskas
458 423 29 14 nu
503 419 31 19 ett
549 416 111 27 årsanslag
674 416 23 21 af
712 416 75 25 10,500
803 416 65 21 mark.

111 451 37 22 Uti
169 451 38 22 sitt
225 450 172 28 budgetsförslag
412 450 32 21 för
461 451 143 20 instundande
620 450 144 27 finansperiod
780 451 88 20 motive-

110 492 35 15 rar
164 485 213 27 skolöfverstyrelsen
398 485 70 21 denna
488 485 122 27 förhöjning
627 485 97 21 sålunda:
740 485 27 21 då
782 485 86 21 auskul-

111 521 75 26 tering,
201 520 124 27 isynnerhet
343 520 6 20 i
365 520 67 21 andra
446 519 124 26 folkskolor,
585 520 56 21 visat
657 520 33 26 sig
700 526 51 15 vara
762 519 107 22 väckande

112 557 55 19 samt
188 554 111 21 motverka
317 555 39 20 den
373 554 80 27 böjelse
468 553 33 22 för
517 554 165 27 maskinmässig
698 554 108 25 slentrian,
822 560 46 15 som

113 590 51 26 eljes
180 592 23 18 är
218 589 163 21 lärarearbetets
393 588 109 28 farligaste
512 588 75 27 fiende,
599 591 56 19 samt
671 589 40 21 »då
727 584 142 32 Öfverstyrel-

113 630 37 15 sen
171 624 81 26 årligen
272 623 22 21 af
313 624 53 20 brist
385 624 27 26 pä
427 624 68 20 medel
510 623 40 21 fått
565 623 32 21 lof
610 626 31 18 att
657 623 53 21 afslå
724 623 51 21 flere
790 623 79 21 anmäl-

112 658 76 27 ningar
206 664 34 15 om
257 658 283 26 auskulteringsstipendier,
556 664 51 15 vore
622 658 37 21 det
669 658 33 21 för
712 658 157 21 folkskolornas

112 693 73 21 arbete
201 692 31 21 till
248 692 83 27 mycket
347 698 61 21 gagn,
424 698 34 15 om
475 692 65 27 något
555 692 51 21 flere
622 692 39 21 och
674 694 68 19 större
753 692 117 27 stipendier

113 727 61 21 stode
196 726 33 22 för
252 727 119 21 ändamålet
393 727 31 21 till
446 726 132 28 förfogande.
608 726 41 22 Om
669 726 201 27 stipendieanslaget

113 761 132 21 beräknades
269 761 52 21 efter
345 761 42 21 500
410 761 60 21 mark
490 762 79 25 årligen
590 761 33 21 för
639 761 73 27 hvarje
727 761 143 27 inspektions-

112 796 86 20 distrikt
218 798 55 18 samt
294 791 171 31 Öfverstyrelsen
481 796 78 20 tillätes
575 798 32 18 att
622 796 64 21 derur
702 795 52 21 efter
770 795 101 27 pröfning

113 829 22 21 af
157 830 211 26 omständigheterna
390 829 82 27 utgifva
494 830 116 26 stipendier
633 830 12 20 å
667 830 63 26 högst
748 830 42 20 200
806 829 64 25 mark,

113 870 50 15 vore
179 864 65 21 redan
259 864 82 27 mycket
351 866 87 19 vunnet.
458 864 42 21 För
514 864 84 22 landets
614 864 23 21 21
651 863 220 28 inspektionsdistrikt

113 898 68 22 skulle
197 898 59 21 detta
273 900 50 25 göra
339 900 30 20 ett
384 898 77 27 belopp
478 898 22 21 af
513 898 75 22 inalles
606 898 75 26 10,500
697 898 59 21 mark
768 898 103 27 årligen».

113 933 112 21 Utskottet
240 933 38 21 har
294 934 6 20 i
315 933 41 21 alla
371 933 58 21 delar
444 933 83 21 kunnat
542 934 114 20 instämma
671 933 6 21 i
693 933 57 21 detta
763 932 107 22 utlåtande

113 967 40 21 och
175 967 102 27 förordar
300 968 84 27 derföre
407 968 38 20 hos
470 968 124 20 Ständerna
614 968 42 20 den
676 967 124 27 föreslagna
822 967 47 27 för-

113 1002 126 27 höjningen.

183 1036 37 22 Uti
241 1037 40 21 den
302 1037 77 26 nådiga
396 1037 162 27 propositionen
577 1037 89 21 föreslås
682 1037 7 21 i
705 1037 103 21 samband
823 1036 48 21 med

113 1070 128 28 föregående
263 1071 125 21 hemställan
411 1074 31 18 ett
456 1071 91 27 tidigare
562 1071 45 21 icke
623 1071 123 27 förefintligt
761 1071 111 26 årsanslag

113 1104 24 21 af
149 1105 63 25 2,500
227 1105 61 21 mark
303 1105 32 21 för
350 1106 132 20 studieresor
497 1106 31 20 till
544 1106 81 20 utrikes
641 1108 39 18 ort.

185 1140 55 20 Från
260 1140 105 21 utskottet
388 1140 174 21 tillhandahållna
584 1140 198 27 protokollsutdrag
804 1140 68 20 finner

115 1174 112 21 Utskottet
245 1176 32 19 att
295 1175 5 20 i
318 1174 182 27 Borgareståndet
515 1175 35 20 vid
565 1175 103 20 remissen
686 1175 40 20 den
742 1175 80 20 önskan
840 1176 32 19 ut-

115 1208 62 21 talats
200 1211 32 18 att
255 1208 163 27 ifrågavarande
439 1209 75 26 anslag
537 1209 68 20 skulle
620 1209 60 26 höjas
696 1209 31 20 till
742 1209 36 20 det
793 1209 79 21 dubbla

116 1243 105 26 beloppet,
238 1249 48 15 men
302 1243 38 21 har
356 1243 118 26 Utskottet,
490 1245 51 19 enär
557 1243 65 27 nödig
633 1243 119 21 erfarenhet
762 1243 111 26 härvidlag

115 1277 116 21 tillsvidare
245 1277 83 26 saknas,
343 1277 46 21 icke
404 1279 71 20 ansett
490 1278 33 26 sig
538 1278 72 21 kunna
623 1279 52 25 göra
686 1278 64 26 något
761 1278 111 26 ändrings-

115 1310 84 28 förslag,
216 1313 51 19 utan
286 1311 32 21 får
334 1312 110 20 vördsamt
459 1312 84 20 anhålla
558 1314 31 18 att
604 1312 173 26 propositionens
792 1311 81 26 förslag

115 1344 62 22 äfven
200 1346 6 20 i
230 1346 69 21 denna
323 1346 33 20 del
379 1346 65 20 måtte
460 1346 90 21 bifallas.
580 1346 10 20 I
606 1346 39 20 och
660 1346 33 20 för
709 1346 116 26 stipendier
840 1345 33 21 för

115 1380 148 26 auskultering
286 1380 39 21 och
348 1380 132 21 studieresor
503 1380 69 21 skulle
594 1380 95 23 sålunda,
705 1380 7 20 i
730 1380 100 21 händelse
847 1380 26 20 de

116 1414 74 26 gjorda
208 1414 107 27 förslagen
336 1414 128 26 godkännas,
481 1417 106 24 upptagas
606 1417 31 19 ett
652 1417 131 24 gemensamt
798 1414 76 26 anslag

187 1471 142 17 Statsutskottets
342 1471 110 18 betänkande
464 1471 38 17 N:o
515 1472 17 16 9.
