1103 1742
815 147 27 19 31

166 212 80 21 Såsom
256 218 28 14 ur
295 211 75 21 denna
378 210 70 22 tabell
455 210 109 28 framgår,
572 210 42 21 har
623 210 85 22 antalet
718 210 23 21 af
751 210 30 21 de
789 209 54 26 bon,

93 247 90 22 hvilkas
207 246 134 28 behållning
359 246 139 28 understigit
516 249 63 23 1,000
596 246 39 21 mk
651 246 42 22 och
713 246 36 21 för
764 245 80 22 hvilka

94 282 166 30 stämpelafgift
283 282 62 28 förty
361 282 50 21 icke
434 282 175 28 ifrågakommit,
634 284 24 19 år
681 284 55 20 1902
757 280 87 29 utgjort

95 322 46 22 57,3
150 319 27 28 %/
195 318 23 22 af
241 318 106 28 samtliga
368 318 111 22 dödsbon.
512 318 33 21 Af
568 318 28 21 de
618 318 48 21 bon
682 320 54 23 åter,
752 317 91 21 hvilkas

94 354 133 28 behållning
253 354 130 28 öfverstigit
411 356 63 24 1,000
495 354 65 21 mark
574 353 107 22 tillhörde
698 353 84 28 80,s?/o
799 353 45 21 den

94 390 74 29 lägsta
191 389 120 29 kategorin
335 390 179 28 (1,000—9,999)
531 392 59 19 samt
613 389 81 28 10,59/0
711 389 45 22 den
771 388 73 29 därpå

94 426 103 28 följande
213 426 210 27 (10,000—19,999)
440 425 82 21 medan
539 425 85 22 antalet
639 425 7 21 i
658 425 28 22 de
698 425 73 28 öfriga
781 424 62 22 kate-

95 462 106 28 gorierna
209 461 118 22 varierade
339 461 84 21 mellan
437 461 128 28 2,99/o—0,s
573 460 34 29 %/.
629 461 34 21 Ur
674 460 169 28 beskattnings-

95 498 119 28 synpunkt
237 497 77 21 ställer
339 497 35 28 sig
397 496 154 22 förhållandet
574 497 102 21 däremot
692 496 149 22 annorlunda.

95 533 12 21 I
129 533 29 29 %/
182 533 24 21 af
221 540 89 14 summa
332 532 99 22 influtna
447 532 190 29 stämpelafgifter
652 533 36 21 för
703 532 140 29 bouppteck-

95 569 207 28 ningsinstrument
317 569 102 21 kommer
434 568 50 22 icke
500 568 89 22 mindre
606 572 28 18 än
653 571 46 23 66,5
708 568 28 26 ?/o
747 571 29 26 på
788 568 55 22 sista

95 604 121 29 kategorin
242 605 134 27 (150,000—
402 605 43 21 och
471 604 142 28 därutöfver)
639 607 59 19 samt
726 604 68 29 9,8"/
815 606 30 26 på

96 641 108 21 nästsista
226 640 105 28 kategori
354 641 247 27 (100,000—149,999),
619 640 84 22 medan
718 640 36 22 för
770 640 75 28 öfriga

96 676 89 22 mindre
200 676 130 28 kategorier
345 676 150 28 procenttalet
511 676 100 22 varierar
622 676 84 22 mellan
722 679 31 23 2,3
761 676 29 29 %/o
802 676 42 21 och

97 715 31 23 4,3
144 712 35 28 %/o.
204 712 51 21 Kol
277 715 56 19 7—8
358 712 75 21 utvisa
453 712 153 21 förhållandet
626 712 84 21 mellan
726 712 27 21 de
770 712 75 21 skilda

96 747 160 29 kategorierna
274 748 7 20 i
298 748 108 21 afseende
431 750 12 19 ä
465 747 190 29 hbeskattningens
672 747 99 22 resultat.
792 748 52 20 Den

97 783 24 21 af
143 783 118 21 Utskottet
278 784 42 20 här
341 784 70 21 ofvan
427 783 81 29 gjorda
523 783 125 22 statistiska
663 783 182 28 bearbetningen

97 819 153 28 ädagalägger
267 819 69 21 äfven
352 819 150 22 arfsskattens
518 819 91 22 tillväxt
631 819 8 21 i
662 818 58 29 följd
739 819 23 21 af
787 822 56 19 1897

97 857 37 19 års
159 855 135 28 Landtdags
319 854 76 22 beslut
421 862 36 14 om
483 854 92 29 förhöjd
601 855 61 21 skatt
687 858 13 17 &
726 855 35 21 arf
787 855 58 21 efter

98 890 169 29 sidoarfvingar
308 893 59 18 samt
406 890 106 29 fjärmare
553 891 93 21 fränder
687 891 42 21 och
769 890 76 29 oskyl-

97 926 36 21 de.
164 926 90 21 Härvid
277 926 46 21 kan
358 926 98 29 förtjena
482 926 132 22 framhällas
631 929 31 19 att
678 927 29 20 de
723 927 23 20 af
761 926 84 22 Bevill-

97 962 182 29 ningsutskottet
289 962 41 21 vid
345 963 72 28 sagda
432 962 123 29 Landtdag
565 963 139 21 härutinnan
714 962 132 22 verkstälda

99 998 181 29 approximativa
313 998 134 29 kalkylerna
473 998 146 22 beträffande
646 998 199 29 stämpelskattens

99 1034 132 28 afkastning
246 1033 126 22 bekräftats
389 1034 24 21 af
429 1034 44 21 den
487 1042 32 13 nu
533 1042 78 14 vunna
627 1034 166 21 erfarenheten.

170 1070 11 21 I
205 1070 115 21 anseende
343 1070 34 21 till
398 1070 45 21 den
459 1073 62 18 stora
536 1070 119 29 betydelse
672 1077 29 14 en
716 1069 131 29 tillförlitlig

99 1105 111 22 statistisk
234 1106 174 28 undersökning
434 1106 23 21 af
483 1106 199 29 stämpelskattens
715 1105 132 29 afkastning

99 1141 72 22 skulle
186 1141 71 22 hafva
272 1141 37 22 för
325 1141 181 29 möjliggörande
523 1142 22 21 af
562 1142 149 28 erforderliga
726 1141 120 22 beräknin-

98 1185 41 20 gar
162 1177 41 21 vid
225 1185 30 13 en
279 1177 106 22 eventue]
401 1177 136 29 förändring
553 1178 24 21 af
592 1185 31 14 nu
639 1177 105 29 gällande
764 1178 83 21 skatte-

99 1215 93 26 system,
216 1213 41 21 har
280 1213 118 22 Utskottet
422 1216 75 19 ansett
520 1213 127 22 önskvärdt
670 1216 32 19 att
726 1221 28 14 en
775 1213 72 22 sädan

97 1249 126 28 utredning
240 1249 87 28 jemväl
349 1249 37 21 för
409 1251 71 26 nägot
499 1249 136 22 kalenderär
654 1250 23 21 af
691 1249 156 22 instundande

98 1285 169 28 budgetperiod
289 1285 78 22 blefve
388 1285 268 22 nästsammanträdande
675 1285 98 22 Ständer
787 1285 60 21 före-

98 1321 61 28 lagd.
199 1321 80 28 Enligt
305 1321 130 22 Utskottets
463 1321 60 28 äsigt
551 1321 72 22 skulle
651 1321 38 22 det
712 1321 50 21 icke
785 1323 62 19 möta

98 1357 143 21 nämnvärda
264 1357 117 28 praktiska
405 1357 143 28 svårigheter
575 1359 32 19 att
633 1357 85 22 erhålla
743 1357 104 21 fullstän-

99 1392 53 29 diga
176 1393 125 21 statistiska
324 1393 117 28 uppgifter
465 1393 66 21 öfver
553 1393 136 21 hithörande
709 1393 84 28 frägor,
811 1399 36 15 om

99 1428 58 22 blott
178 1430 111 27 enguöten
312 1429 143 21 anordnades
474 1431 30 26 pä
521 1431 30 20 ett
569 1428 217 29 ändamälsenligare
804 1430 45 19 sätt

100 1467 29 18 än
152 1464 95 21 härtills.
279 1464 12 21 I
307 1464 82 21 sädant
405 1464 109 22 afseende
529 1464 84 22 tilläter
629 1464 36 29 sig
680 1464 118 21 Utskottet
813 1466 34 19 ut-
