1106 1753
445 128 40 21 N:o
508 129 28 20 25
813 128 28 22 47

446 190 24 22 II
483 198 51 15 Kar.

206 243 99 22 Särskilda
319 243 121 22 föreskrifter
455 243 101 28 angående
572 244 68 22 bruket
654 244 22 22 af
690 244 90 27 stämpel.

469 290 47 26 78.

182 328 145 28 Expedition,
351 337 48 14 som
415 329 8 21 i
439 329 234 22 öfverensstämmelse
687 329 53 22 med
755 329 116 22 föreskrif-

115 365 64 19 terna
196 363 8 21 i
223 364 14 20 3
253 364 12 26 $
282 364 55 21 eller
352 364 73 28 enligt
440 364 97 29 tidigare
552 364 107 28 gällande
674 364 147 28 bestämning
835 366 36 18 ut-

114 397 86 22 färdats
223 398 13 21 &
251 398 184 28 stämpelpapper
451 399 54 21 eller
520 398 92 22 försetts
627 398 53 22 med
695 398 176 28 stämpelmärke

115 432 54 21 eller
185 432 42 22 ock
243 435 24 18 är
282 432 132 29 stämpelfri,
429 436 30 25 är,
471 432 66 22 äfven
548 440 37 14 om
596 432 174 29 stämpelmärke
782 432 88 28 saknas,

115 466 19 28 ej
151 466 154 22 underkastad
319 467 134 29 ytterligare
469 467 171 29 stämpelafgift,
657 475 37 14 om
708 467 44 21 den
762 467 36 21 till
810 466 61 22 dom-

116 501 44 21 stol
175 501 54 21 eller
243 501 137 29 myndighet
394 502 118 21 inlemnas.

183 536 119 28 Handling
321 536 54 22 eller
390 536 73 28 skrift,
480 544 47 14 som
544 536 72 28 enligt
632 536 13 21 6
660 538 13 25 $
688 536 76 21 blifvit
781 535 91 22 försedd

115 570 52 21 med
182 570 175 28 stämpelmärke
371 570 37 21 till
424 578 86 14 samma
524 571 56 21 eller
594 570 71 29 högre
680 571 71 27 valör,
768 573 28 18 än
812 569 60 22 hvad

115 604 36 22 för
165 604 89 28 bilagor
269 604 34 22 uti
318 604 14 21 4
347 606 12 26 8
375 605 108 29 stadgadt
498 608 30 25 är,
542 605 110 21 behöfver
662 604 27 29 ej,
701 604 29 22 dä
741 605 131 21 densamma

116 640 73 21 såsom
215 639 78 28 bilaga
315 640 110 21 inlemnas
449 641 55 20 eller
526 642 82 27 upptes
630 640 41 21 hos
694 640 98 32 domstol
818 639 55 22 eller

115 673 141 29 myndighet,
281 673 71 22 förses
372 674 53 21 med
442 675 134 28 ytterligare
592 675 102 28 stämpel.
723 674 33 21 Ar
771 674 102 21 deremot

116 708 44 20 slik
181 708 112 28 handling
316 708 55 22 eller
389 708 67 22 skrift
475 709 72 27 enligt
565 708 13 22 6
594 710 13 25 $
623 708 127 29 stämpelfri
765 708 55 21 eller
834 707 38 22 be-

115 742 55 28 lagd
187 742 52 22 med
257 742 64 29 lägre
341 743 103 28 stämpel,
464 746 29 18 än
507 743 61 21 hvad
583 743 35 21 för
633 742 90 28 bilagor
737 743 79 28 gäller,
831 742 42 22 bör

116 776 131 22 densamma
261 777 40 21 vid
316 777 156 21 inlemnandet
487 778 55 21 eller
556 777 140 29 uppteendet
712 778 73 20 såsom
796 776 77 29 bilaga

116 810 77 27 förses,
209 811 8 21 i
232 811 60 21 förra
307 811 65 22 fallet
387 811 52 22 med
455 812 24 21 så
495 812 45 28 hög
557 812 102 28 stämpel,
676 818 48 14 som
737 811 34 21 uti
782 810 91 22 tariffen

115 846 8 20 i
145 845 15 21 4
178 847 13 25 &
211 846 109 28 angifves,
340 848 59 19 samt
417 846 8 21 i
441 853 78 14 senare
533 846 125 21 händelsen
672 846 52 21 med
738 845 135 29 ytterligare

116 880 97 28 stämpel
235 880 37 21 till
290 880 81 22 sådant
388 880 91 28 belopp,
498 882 35 20 att
552 880 201 28 stämpelafgiften,
769 879 104 22 inberäk-

116 914 55 22 nadt
186 914 44 22 den
245 914 98 28 tidigare
359 915 74 21 åsatta
449 916 119 28 stämpeln,
583 915 91 28 uppgår
686 915 36 21 till
731 914 61 22 hvad
803 914 71 28 sagda

116 949 64 21 tariff
199 949 152 21 föreskrifver.
381 949 89 22 Saknar
492 950 110 28 handling
621 950 55 20 eller
694 949 72 28 skrift,
785 949 30 21 dä
830 948 44 22 den

116 984 59 28 ånyo
197 984 40 21 vid
260 984 99 21 domstol
380 984 55 21 eller
452 984 137 28 myndighet
604 983 90 28 företes,
710 983 43 21 den
769 983 104 29 stämpel,

116 1018 109 22 hvarmed
247 1018 43 22 den
313 1018 97 29 tidigare
432 1018 79 22 blifvit
528 1018 98 28 försedd,
647 1018 58 22 skall
723 1026 31 21 ny
770 1018 103 28 stämpel,

116 1053 36 20 till
174 1053 107 28 stadgadt
299 1053 83 28 belopp
402 1053 124 28 anbringas
544 1053 13 21 å
572 1052 147 29 handlingen,
735 1052 70 21 innan
820 1052 54 21 den-

116 1094 86 14 samma
217 1087 35 21 får
267 1090 133 25 emottagas.
429 1087 68 22 Dock
511 1088 37 21 må
564 1087 96 28 stämpel
676 1086 19 29 ej
713 1087 59 28 ånya
786 1086 88 22 fordras

115 1121 36 22 för
165 1121 118 29 handling,
299 1121 106 22 utfärdad
420 1121 8 22 i
444 1122 78 21 stället
536 1121 36 22 för
586 1121 75 22 dödad
674 1121 95 28 urkund,
780 1121 94 22 hvilken

116 1155 126 29 bevisligen
265 1156 69 21 redan
353 1156 60 21 varit
431 1156 53 21 med
502 1157 97 28 stämpel
617 1156 36 21 till
668 1155 108 29 stadgadt
789 1155 85 28 belopp

116 1191 96 21 försedd.

473 1227 14 26 $
502 1226 20 21 8.

184 1266 47 21 Der
245 1266 53 21 flere
315 1265 91 22 skrifter
421 1266 55 21 eller
493 1266 159 28 afbandlingar
667 1265 23 22 af
705 1265 69 22 sådan
784 1265 90 22 beskaf-

116 1300 83 28 fenhet,
224 1303 34 18 att
281 1301 27 21 de
326 1301 57 21 hvar
401 1300 35 22 för
455 1301 37 28 sig
512 1303 37 19 äro
566 1301 72 27 enligt
654 1300 74 21 denna
742 1299 133 28 förordning

115 1335 167 21 underkastade
305 1335 167 28 stämpelskatt,
489 1335 124 28 inrymmas
629 1335 13 20 å
657 1342 86 14 samma
758 1334 46 28 ark,
820 1334 56 21 böra

116 1369 28 22 de
162 1369 71 22 förses
252 1369 52 21 med
323 1369 102 29 stämpel,
446 1369 75 22 såsom
540 1377 36 14 om
595 1369 85 22 enhvar
695 1368 22 22 af
732 1369 50 21 dem
797 1367 79 23 blifvit

116 1403 96 22 affattad
227 1404 12 21 &
255 1403 108 22 särskildt
378 1404 45 21 ark.
447 1403 105 22 Skrifvas
567 1403 55 22 flera
636 1403 89 29 bilagor
740 1403 29 30 pä
784 1405 34 19 ett
828 1403 47 28 ark,

115 1438 112 22 beräknas
243 1438 97 29 stämpel
355 1437 35 22 för
405 1437 79 29 hvarje
500 1438 82 29 bilaga.
