1106 1750
324 154 29 22 U.
370 154 30 22 B:
415 167 25 3 —
456 154 74 28 Prop.
547 154 41 22 N:o
604 138 36 38 24.
849 154 14 20 5

176 223 64 22 Emot
270 224 35 21 det
326 224 6 20 i
359 224 40 21 den
432 223 76 28 nådiga
533 223 156 28 propositionen
706 225 106 26 upptagna
828 230 36 14 :an-

108 259 67 27 slaget
197 259 21 20 af
240 259 104 26 102,500
365 259 63 20 mark
450 258 36 21 till
504 258 76 28 bidrag
596 258 36 27 för
646 257 117 28 aflönande
784 258 29 27 af
830 259 33 20 lä-

107 298 50 17 rare
172 293 39 22 och
228 293 128 22 lärarinnor
370 293 37 28 för
419 293 56 28 slöjd
485 293 39 22 och
534 293 148 22 handarbeten
695 293 68 21 under
773 293 23 21 är
810 293 54 21 1905

109 329 108 20 äfvensom
234 330 44 19 mot
293 328 183 27 anslagsbeloppet
491 329 21 20 at
528 327 105 28 450,000
642 328 64 21 mark
721 327 35 22 till
767 327 96 28 löneför-

108 363 121 28 höjningar
244 363 23 21 ät
282 363 41 21 den
339 363 107 27 egentliga
457 363 202 28 lärarepersonalen
669 363 38 20 vid
716 363 149 27 folkskolorna

106 397 31 28 pä
159 398 73 21 landet
255 397 101 22 likaledes
376 397 32 21 för
430 397 23 21 år
477 398 54 21 1905
554 398 37 21 har
611 397 107 22 Utskottet
732 397 47 22 icke
795 397 71 21 funnit

109 432 45 21 skäl
169 432 32 21 till
217 432 146 27 anmärkning,
379 432 97 21 hvarföre
492 432 108 21 Utskottet
615 432 107 21 vördsamt
736 431 88 22 föreslär

360 486 33 19 att
410 484 125 21 Ständerna
550 484 51 21 ville
615 484 117 27 godkänna
746 483 119 22 desamma.

179 606 41 20 Vid
238 605 144 22 beräknandet
396 606 22 20 af
432 606 79 27 anslag
526 605 36 21 till
574 605 118 28 pensioner
706 605 23 21 ät
740 606 40 20 den
792 607 73 26 egent-

110 640 46 27 liga
172 640 202 27 lärarepersonalen
390 640 38 20 vid
442 640 148 27 folkskolorna
603 640 31 27 pä
650 640 73 21 landet
735 640 38 21 har
783 640 30 21 uti
825 640 41 21 den

110 681 19 14 n.
146 674 158 27 propositionen
320 674 46 21 icke
382 674 57 27 följts
454 680 82 15 samma
551 674 93 27 grunder
659 681 44 14 som
715 674 94 27 tidigare.
835 673 32 22 De

110 709 73 26 gjorda
208 708 124 27 kalkylerna
355 715 65 20 synas
442 709 83 26 grunda
540 709 32 27 sig
587 709 27 27 pä
629 708 127 28 antagandet
771 710 31 19 att
816 715 51 20 pen-

110 743 190 27 sionsberättigade
315 743 67 21 lärare
398 743 40 21 och
452 743 119 21 lärarinnor
586 743 113 21 framdeles
714 743 46 21 icke
776 743 69 20 skulle
861 743 5 20 i

110 783 81 15 samma
214 777 120 28 proportion
351 783 44 15 som
413 777 73 21 hittills
502 777 126 21 kvarstanna
644 777 5 20 i
666 778 68 27 tjenst.
764 777 33 21 De
817 783 50 22 pen-

110 811 142 28 sionsbelopp,
269 811 71 21 hvilka
355 811 69 22 under
438 811 23 21 är
478 812 54 21 1905
548 812 84 21 komme
642 814 30 19 att
685 812 103 21 utbetalas
799 812 5 21 i
816 812 52 21 hän-

112 846 58 21 delse
185 846 42 21 alla
242 845 26 21 de
284 845 66 22 lärare
366 846 39 21 och
420 846 124 26 lärarinnor,
560 853 45 14 som
617 846 68 21 under
697 846 56 21 detta
764 846 22 21 är
797 845 72 28 uppnä

114 880 160 28 pensionsälder
291 881 121 27 begagnade
428 881 32 26 sig
476 881 21 20 af
512 881 31 20 sin
560 883 40 18 rätt
615 883 30 19 att
660 881 47 20 med
724 881 38 20 full
779 881 88 27 pension

112 921 26 14 ur
152 915 92 27 tjensten
260 915 54 27 afgä,
329 917 74 26 utgöra
419 915 65 27 enligt
504 915 226 27 Skolöfverstyrelsens
746 915 123 28 beräkning,

112 949 156 28 sammanlagdt
284 950 74 25 12,500
373 949 65 22 mark.
468 949 32 22 Dä
517 950 35 21 det
567 950 21 21 af
598 949 159 22 Statsutskottet
769 949 34 21 vid
814 950 55 21 före-

112 984 82 27 gående
209 983 126 28 landtdagar
349 983 66 28 följda
430 984 191 27 beräkningssättet
635 991 46 14 som
697 985 67 26 utgått
774 984 46 21 från
833 984 36 21 det

112 1018 130 27 antagandet
256 1020 30 19 att
302 1018 79 27 ärligen
397 1018 164 28 proportionsvis
576 1025 80 15 samma
672 1019 56 21 antal
751 1019 118 27 öfveräriga

112 1053 68 20 lärare
196 1053 39 20 och
250 1053 119 20 lärarinnor
383 1053 47 20 icke
445 1053 97 27 begagna
557 1053 31 27 sig
604 1053 21 21 af
635 1053 31 21 sin
678 1055 40 19 rätt
730 1053 32 22 till
772 1053 97 28 pension,

113 1087 53 21 visat
188 1087 32 27 sig
241 1087 47 21 icke
311 1087 52 21 blott
387 1094 49 14 vara
458 1087 130 27 fullkomligt
606 1087 94 27 tillfylles
716 1090 51 18 utan
783 1087 31 21 till
830 1087 39 21 och

113 1122 47 20 med
184 1121 61 27 gifvit
268 1121 120 26 öfverskott,
408 1122 113 27 föreligger
536 1122 52 21 intet
603 1122 45 21 skäl
664 1124 29 18 att
708 1129 29 14 nu
752 1122 117 28 öfvergifva

113 1156 122 21 detsamma.
266 1156 144 21 Pensionerna
426 1156 20 21 ät
461 1156 283 28 folkskollärarepersonalen
762 1156 25 28 pä
798 1156 72 22 landet

113 1191 107 28 uppgingo
238 1191 33 20 vid
289 1191 55 20 1904
359 1191 34 20 ärs
408 1191 80 28 utgäng
504 1191 31 21 till
550 1191 7 20 i
572 1191 64 21 rundt
655 1191 29 21 tal
706 1191 75 26 60,000
804 1191 66 21 mark.

114 1225 48 21 Med
178 1225 78 21 fästadt
271 1225 99 21 afseende
386 1225 51 21 därä
452 1227 30 19 att
497 1225 112 28 pensioner
631 1225 85 22 komma
730 1228 30 19 att
782 1225 88 28 beviljas

113 1259 63 22 äfven
192 1259 79 21 sädana
286 1259 67 21 lärare
369 1260 39 20 och
424 1259 118 22 lärarinnor
556 1260 71 21 hvilka
642 1260 44 21 före
702 1260 100 28 uppnädd
818 1266 52 22 pen-

114 1293 118 22 sionsälder
246 1293 33 22 för
294 1293 114 28 sjuklighet
423 1293 48 28 afgä
486 1294 72 21 kunde
574 1294 156 21 ofvannämnda
751 1301 84 14 summa
850 1294 21 21 af

115 1328 76 27 12,500
206 1328 61 21 mark
282 1328 102 21 afrundas
398 1328 66 28 uppät
478 1329 33 20 till
528 1329 74 26 13,000
617 1329 65 20 mark.
712 1329 73 28 Enligt
800 1329 71 21 denna

114 1363 118 27 beräkning
246 1362 69 22 skulle
330 1363 90 21 sälunda
434 1363 32 21 till
482 1363 113 28 pensioner
610 1363 20 22 ät
646 1363 40 22 den
700 1363 106 28 egentliga
815 1362 56 22 folk-

114 1397 240 28 skollärarepersonalen
370 1397 26 28 pä
412 1397 72 22 landet
500 1397 68 22 under
582 1397 23 21 är
621 1398 55 21 1905
691 1397 48 28 ätgä

303 1449 183 27 60,000-413,000
494 1459 28 10 =
531 1450 75 26 73,000
623 1449 58 22 mark

184 1511 142 20 Statsutskottets
338 1511 111 20 betänkande
461 1511 38 19 N:o
512 1513 17 17 6.
