1103 1750
316 142 29 23 U.
361 143 28 22 B.
406 156 27 2 —
448 142 74 28 Prop.
538 141 45 23 N:o
599 141 39 22 24.
846 141 12 20 7

173 209 105 23 Utskottet
292 211 33 20 får
339 212 7 19 i
362 211 93 27 enlighet
470 211 48 20 med
534 210 76 27 nådiga
625 210 158 28 propositionen
798 208 61 21 vörd-

101 247 54 19 samt
179 245 77 21 föreslå

377 281 33 20 att
429 279 125 21 Ständerna
572 278 57 27 ville,
644 278 73 21 såsom
732 278 77 27 bidrag
825 277 35 22 till

309 313 139 28 uppförande
469 313 29 28 af
509 313 145 28 folkskolehus
669 313 39 21 och
722 312 139 28 slöjdlokaler

310 348 35 28 för
367 348 27 21 år
409 349 60 20 1905
485 348 80 27 bevilja
580 349 29 20 ett
624 348 77 27 anslag
716 347 29 28 af
756 347 105 27 150,000

310 383 69 21 mark.

174 469 105 27 Anslaget
302 469 35 21 till
361 469 100 21 bibliotek
476 469 36 28 för
526 469 165 27 folkskollärare
707 468 39 21 och
764 467 96 22 lärarin-

105 510 41 15 nor
160 504 10 20 i
185 503 224 22 landskommunerna
425 505 37 19 har
478 504 79 27 utgjort
572 503 77 26 25,000
673 503 59 21 mark
756 509 33 15 om
811 502 50 21 året.

107 538 69 21 Sedan
200 544 88 15 numera
312 538 71 27 hyarje
399 537 102 22 kommun
518 537 83 22 erhållit
616 538 36 21 sitt
667 537 102 22 särskilda
785 537 76 21 biblio-

105 573 36 21 tek
164 573 95 21 kommer
282 573 71 21 dessas
369 573 56 21 antal
441 573 46 21 icke
499 573 71 21 vidare
581 574 31 19 att
622 572 126 22 nämnvärdt
760 572 52 21 ökas
822 572 39 21 och

106 614 63 20 synes
185 608 35 20 det
236 607 54 27 förty
306 607 47 21 icke
367 607 69 21 finnas
451 607 116 27 anledning
583 609 30 19 att
627 609 51 25 göra
692 606 68 28 någon
772 606 90 27 ändring

108 642 7 20 i
139 642 35 21 det
197 642 123 20 nuvarande
336 641 218 28 biblioteksanslagets
569 641 83 28 belopp.
682 641 107 21 Utskottet
809 641 53 20 före-

106 676 42 21 slår
163 676 71 21 därför
249 675 106 22 vördsamt
370 677 30 20 att
415 675 117 22 Ständerna
543 675 49 21 ville
608 675 32 21 för
656 675 159 28 ifrågavarande
825 677 37 18 än-

107 710 70 22 damål
200 711 111 26 godkänna
335 713 29 18 ett
387 711 73 27 anslag
482 710 69 21 under
565 710 24 21 år
605 710 54 21 1905
675 710 20 21 af
711 710 75 27 25,000
802 709 59 22 mark

107 745 39 21 och
162 745 112 27 godkänna
285 745 166 27 propositionens
467 745 78 27 förslag

383 786 33 20 att
443 784 173 29 ifrågavarande
643 785 77 28 anslag
745 785 70 21 under
837 784 26 21 år

314 820 61 20 1905
391 819 37 21 bör
442 819 53 28 utgå
510 820 49 21 med
575 820 88 26 25,000
678 819 69 22 mark.

178 917 104 27 Anslaget
307 917 36 27 för
366 917 233 28 fortsättningskurser
624 918 37 20 har
686 917 73 22 hittills
783 918 80 27 utgjort

109 952 75 26 40,000
201 951 59 21 mark
275 958 34 14 om
325 951 49 22 året.
405 951 36 22 Uti
456 952 41 21 den
514 951 75 28 nådiga
605 952 155 27 propositionen
777 951 86 22 medde-

111 987 31 20 las
157 988 29 19 att
202 985 79 22 sådana
296 986 75 21 kurser
385 986 70 21 hållits
470 987 7 19 i
493 986 40 21 alla
549 986 59 21 delar
623 986 23 21 af
659 987 73 20 landet
753 987 72 26 hvarje
841 986 24 21 är

109 1020 22 21 så
147 1020 71 21 talrikt
233 1023 29 18 att
277 1021 100 27 bidragen
394 1021 32 20 för
441 1021 108 21 desamma
564 1021 47 21 icke
626 1021 58 21 alltid
701 1021 81 21 kunnat
803 1021 60 20 utbe-

109 1055 52 21 talas
182 1062 24 14 ur
227 1055 35 21 det
279 1055 90 28 löpande
385 1055 54 21 årets
455 1055 79 28 anslag.
565 1055 107 22 Utskottet
687 1056 37 20 har
740 1056 31 27 sig
787 1055 76 22 bekant

109 1091 30 19 att
153 1090 7 20 i
176 1089 157 21 Presteståndet
348 1090 112 20 inlemnats
475 1092 31 19 ett
521 1090 208 27 petitionsmemorial
747 1091 6 19 i
769 1090 54 27 syfte
835 1092 29 18 att

109 1124 48 26 höja
172 1124 57 20 detta
245 1124 74 27 anslag
333 1124 39 20 och
388 1124 37 20 har
441 1124 108 22 Utskottet
564 1124 67 21 tillika
647 1124 39 20 fått
708 1124 32 21 del
757 1124 21 20 af
788 1126 30 19 ett
829 1124 34 20 vid

109 1157 174 23 remissdebatten
307 1158 5 21 i
334 1158 178 28 Borgareståndet
532 1158 88 27 afgifvet
639 1158 107 22 uttalande
760 1158 81 28 gående
857 1158 7 21 i

109 1199 81 14 samma
211 1193 98 28 riktning.
339 1192 32 21 Då
394 1193 45 20 skäl
454 1199 65 20 synas
538 1192 114 21 förefinnas
675 1193 31 20 för
730 1193 99 27 höjandet
844 1193 21 20 af

109 1227 160 27 ifrågavarande
284 1226 79 28 anslag,
378 1227 32 20 får
425 1227 108 21 Utskottet
548 1227 77 21 föreslå

383 1269 32 19 att
432 1267 126 22 Ständerna
573 1267 51 22 ville
639 1267 35 28 för
687 1267 21 22 år
715 1269 61 20 1905
784 1267 79 28 bevilja

315 1303 30 20 ett
361 1302 78 27 anslag
456 1302 29 27 af
491 1303 89 26 50,000
587 1302 64 21 mark
658 1302 35 27 för
699 1302 165 28 fortsättnings-

317 1337 76 20 kurser
414 1337 37 20 vid
467 1337 150 27 folkskolorna
629 1337 32 27 på
676 1337 79 21 landet.

181 1434 73 21 Säsom
270 1435 79 27 anslag
365 1434 35 21 till
413 1435 122 28 stipendier
548 1435 36 27 för
599 1434 151 27 auskultering
770 1435 38 21 och
819 1437 46 19 stu-

109 1468 95 22 dieresor
226 1469 87 21 föreslås
335 1471 30 19 ett
383 1469 90 28 förhöjdt
493 1469 74 28 anslag
582 1469 21 21 af
620 1469 74 27 10,500
710 1469 58 21 mark
784 1475 38 22 per
837 1469 28 21 är.

179 1510 162 19 Statsutskottets
354 1511 119 18 betänkande
485 1511 42 18 N:o
540 1511 17 17 6.
