1103 1748
287 121 28 19 80

286 184 96 22 skriften
401 185 72 22 förses
496 186 52 21 med
572 186 39 21 det
630 186 187 28 stämpelbelopp,
839 192 49 14 som
906 186 13 20 å
935 184 97 22 hufvud-

286 221 96 22 skriften
397 221 88 22 brister.

355 257 72 29 Intyg
441 258 7 21 i
459 257 147 22 omförmäldt
622 257 106 22 afseende
745 258 40 21 bör
801 257 59 21 helst
877 257 115 21 meddelas
1009 256 26 22 af

284 293 87 22 notarie
388 293 53 22 eller
457 294 7 21 i
481 294 50 21 stad
548 294 25 21 af
587 293 137 22 ordförande
741 294 6 21 i
758 293 148 28 magistraten
918 293 53 21 eller
982 293 49 21 där-

283 328 40 22 vid
339 329 98 22 anställd
453 329 138 28 tjensteman
608 330 42 21 och
661 331 30 28 på
701 330 78 21 landet
791 328 26 23 af
825 329 99 26 domare,
935 331 95 26 prester-

284 365 56 28 skap
359 365 54 22 eller
428 365 172 28 kronobetjent;
617 365 109 22 skolande
744 365 70 22 andra
831 365 59 28 gode
906 367 60 24 män,
982 371 48 15 som

283 401 80 21 sådant
390 401 113 29 bestyrka,
525 401 72 28 jemte
620 404 93 19 namnet
736 403 85 20 utsätta
845 401 35 21 sin
902 400 145 29 befattning
1036 396 15 38 -

283 436 53 22 eller
352 437 39 22 sitt
406 438 57 28 yrke
479 438 42 21 och
537 437 104 22 hemvist.

623 529 26 20 18
664 527 20 28 &.

352 574 41 22 Om
418 575 123 29 stämpling
565 575 26 22 af
611 575 85 22 sådana
722 578 77 27 öppna
822 575 53 22 bref
888 577 13 19 å
917 575 111 25 embeten,

280 610 145 29 värdigheter
441 611 42 22 och
500 611 87 26 afsked,
603 619 49 14 som
668 612 26 21 af
704 612 64 21 Hans
781 610 129 29 Kejserliga
920 610 108 29 Majestät

279 647 154 29 egenhändigt
448 647 172 27 undertecknas,
638 647 100 29 besörjer
753 648 46 22 den
815 647 147 26 embetsman,
979 654 48 14 som

279 682 125 29 föredragit
427 684 94 21 ärendet
536 684 8 20 i
560 684 105 22 Senaten.
697 684 53 22 Men
766 683 38 22 för
819 683 124 29 stämpling
959 683 26 21 af
998 683 29 21 de

279 718 162 28 expeditioner,
453 726 48 15 som
512 719 103 22 utfärdas
627 720 108 28 antingen
747 720 26 22 af
783 720 98 21 Senaten
893 719 53 21 eller
956 719 70 21 andra

277 753 144 23 embetsverk
437 762 65 15 svare
519 756 44 21 den
578 754 145 29 tjensteman,
735 763 49 15 som
795 755 183 28 kontrasignerat
989 762 36 14 ex-

276 790 139 28 peditionen,
440 792 59 26 eller,
524 793 40 21 där
588 793 197 28 kontrasignation
809 790 20 30 ej
851 793 37 27 egt
904 799 56 18 rum,
977 798 48 15 som

276 826 102 22 utfärdat
394 828 137 22 densamma.

594 966 35 22 IV
643 969 58 18 KAP.

274 1029 35 23 Om
322 1030 191 29 stämpelpappers
525 1031 40 23 och
578 1031 201 28 stämpelmärkens
791 1029 142 30 försäljning,
946 1030 26 23 så
981 1031 42 22 ock

313 1065 56 23 huru
387 1066 126 29 ersättning
530 1067 35 22 må
581 1067 69 22 sökas
666 1067 37 23 för
720 1066 103 29 stämpel,
841 1071 47 18 som
905 1072 77 23 genom

355 1102 150 29 misskrifning
523 1103 55 23 eller
594 1103 28 29 på
638 1104 68 22 annat
723 1103 50 23 sätt
790 1101 150 25 förderfvats.

615 1184 26 19 19
657 1180 20 29 8.

342 1227 190 30 Stämpelpapper
548 1229 42 21 och
606 1229 194 29 stämpelmärken
817 1228 64 22 skola
896 1228 76 22 finnas
989 1231 33 19 att

269 1262 64 28 tillgä
357 1262 25 22 af
403 1264 136 21 ätminstone
562 1264 102 28 följande
680 1265 99 21 värden:
797 1264 184 29 stämpelpapper
998 1264 26 22 af

268 1296 116 30 tjugufem
400 1299 42 21 och
459 1299 78 22 femtio
553 1300 81 28 pennis
651 1303 57 19 samt
725 1308 35 16 en,
779 1302 40 19 tvä
830 1300 42 21 och
882 1300 52 28 fyra
945 1301 75 21 marks

268 1334 96 26 valörer,
381 1337 59 19 samt
456 1336 190 28 stämpelmärken
662 1336 26 22 af
696 1336 54 26 fem,
764 1336 39 25 tio,
815 1335 74 29 tjugu,
899 1335 121 29 tjugufem,

267 1368 85 29 fyratio
369 1370 42 22 och
427 1370 79 22 femtio
522 1372 81 28 pennis
619 1374 59 19 samt
694 1380 28 13 en
736 1372 88 25 marks,
839 1379 29 13 en
879 1372 43 21 och
932 1380 29 13 en
972 1372 51 22 half

267 1405 83 26 marks,
374 1408 46 24 två,
437 1408 40 24 tre,
493 1407 58 28 fyra,
567 1407 54 26 fem,
637 1408 39 26 tio,
692 1408 98 25 femton,
807 1406 74 30 tjugu,
898 1406 121 30 tjugufem,

266 1440 84 26 trettio,
375 1441 90 29 fyratio,
489 1442 86 26 femtio,
601 1444 127 26 etthundra,
753 1443 132 21 tvähundra
906 1444 42 21 och
963 1444 56 21 fem-

266 1476 89 22 hundra
371 1478 76 21 marks
462 1478 95 24 valörer,
