1106 1756
262 146 13 20 6
572 146 41 20 N:o
630 146 26 20 27

234 215 76 27 gamla
326 214 41 22 och
385 214 130 29 tillbyggda
531 214 164 22 stationshuset
711 217 24 18 är
751 213 94 28 tillföljd
861 213 22 21 af
899 213 43 21 den
953 212 38 21 då-

233 249 49 27 liga
304 249 80 28 grund,
408 249 84 28 hvarpå
516 249 39 21 det
570 248 77 22 blifvit
663 248 115 28 uppfördt,
794 248 96 21 likasom
906 247 42 21 ock
963 246 28 21 de

234 283 72 21 under
328 283 74 27 punkt
423 284 14 20 4
460 284 136 20 omnämnda
616 282 175 28 stationshusen,
810 284 73 19 utsatt
897 281 36 21 för
947 281 45 21 för-

235 317 145 28 skjutningar
405 318 38 21 vid
469 318 179 27 källossningen,
674 317 149 28 hvarigenom
850 316 141 21 eldstäderna

235 352 83 21 rubbas
342 352 42 21 och
403 352 85 21 eldfara
504 352 100 28 uppstär.
634 352 45 20 Till
695 352 62 20 detta
774 351 82 27 arbete,
871 350 68 22 hvars
953 350 38 21 be-

235 386 100 21 räknade
354 386 158 22 totalkostnad
527 387 89 27 uppgår
631 386 35 21 till
682 386 94 21 936.000
792 385 63 21 mark
870 384 42 22 och
927 384 65 21 hvar-

234 420 35 21 till
294 420 114 21 allaredan
432 420 100 21 anvisats
551 420 93 27 136.000
658 420 70 21 mark.
745 420 140 21 erfordrades
899 418 94 23 800,000

234 454 70 21 mark.

304 483 20 22 6.
354 483 74 22 Sedan
452 491 26 14 en
496 484 34 20 del
551 484 22 20 at
589 483 27 21 de
633 483 92 21 arbeten
741 485 10 19 ä
768 483 100 27 Viborgs
883 481 108 28 bangård,

234 517 94 22 hvartill
347 518 127 21 Ständerna
492 518 38 21 vid
547 518 55 21 1900
618 519 35 20 års
670 517 110 28 landtdag
795 516 96 29 beviljat
906 517 85 26 anslag,

235 551 77 22 blifvit
335 552 111 21 slutförda
469 553 20 20 d.
505 561 19 12 v.
540 561 16 12 s.
572 553 87 20 inlösen
679 553 23 20 af
719 552 64 21 mark
799 551 35 22 för
849 551 143 22 stationsom-

236 586 74 22 rädets
327 587 124 28 förstoring
466 587 122 21 verkstälts
604 590 58 18 samt
678 587 143 27 anläggning
837 586 22 21 af
872 585 67 28 gods-
950 585 41 21 och

235 621 264 28 rangeringsbangärdar
521 622 5 20 i
551 622 36 20 det
611 624 114 18 närmaste
743 621 78 21 blifvit
837 619 155 28 färdigstälda,

236 656 84 20 äterstä
343 656 97 28 ändring
459 655 23 22 af
500 657 162 27 spärsystemet
676 657 12 20 &
704 654 214 29 personbangärden
934 656 59 19 samt

235 689 142 30 öfverföring
392 691 85 20 medels
494 690 64 21 broar
574 690 22 21 af
612 689 174 22 hufvudbanans
802 689 53 28 spår
865 688 63 22 öfver
940 688 52 21 ban-

235 724 97 27 gärdens
349 725 73 28 öfriga
438 725 58 27 spär.
525 725 49 20 Den
593 725 127 20 beräknade
736 724 72 21 totala
823 723 127 21 kostnaden
958 722 35 21 för

236 759 88 20 arbetet
346 761 69 26 utgör
433 759 113 27 6,968,971
562 759 64 21 mark
642 759 41 21 och
699 759 41 20 har
755 758 77 21 härför
846 758 68 21 redan
931 757 62 21 anvi-

235 796 47 18 sats
305 793 110 28 2,190,671
442 794 69 21 mark.
540 794 226 27 Järnvägsstyrelsen
790 793 71 28 begär
884 792 34 21 för
941 792 51 20 åren

240 827 138 22 1905—1907
394 828 116 27 4,220,000
524 828 69 21 mark.

305 863 19 26 7,
340 863 19 20 8.
389 862 68 21 Lahti
477 863 95 20 stations
591 863 195 27 späranläggning
802 862 45 25 har,
864 861 26 21 dä
907 863 86 26 utrym-

235 901 43 16 met
301 897 115 20 därstädes
436 898 49 19 från
503 897 76 27 början
596 897 58 21 varit
670 897 87 27 knappt
774 896 42 21 och
832 897 161 26 spärsystemet

237 929 23 22 af
282 931 65 28 ringa
371 931 77 28 längd,
473 931 109 21 heroende
606 931 22 21 af
652 931 256 28 terrängiörhällanden,
928 929 66 22 alltid

235 964 61 21 varit
318 965 146 27 otillräcklig,
484 973 50 13 men
550 972 53 14 vore
620 965 38 21 det
673 972 92 14 numera
781 965 8 20 i
804 964 56 28 följd
878 964 23 21 af
916 964 77 20 statio-

236 1006 56 14 nens
317 1000 101 20 växande
441 1000 116 28 betydelse
580 1000 94 20 alldeles
696 999 143 27 nödvändigt
863 1003 33 17 att
919 1006 28 13 en
961 1006 32 20 ny

236 1033 67 27 gods-
326 1034 42 20 och
391 1034 243 28 rangeringsbangärd,
654 1034 116 21 beräknad
786 1034 33 20 till
836 1033 79 27 95,000
930 1032 62 21 mark

237 1067 43 21 och
298 1068 92 20 hvartill
412 1068 62 21 mark
489 1068 68 21 redan
573 1068 125 21 anskaffats
714 1068 122 21 därstädes,
852 1068 90 20 komme
959 1067 33 21 till

237 1101 36 21 till
301 1102 126 21 utförande.
459 1097 74 26 Äfven
560 1102 43 21 den
629 1103 81 20 brunn,
736 1101 117 22 hvarifrån
874 1101 121 21 lokomoti-

238 1143 43 13 ven
297 1136 72 22 förses
384 1137 52 21 med
451 1139 85 25 vatten.
552 1140 24 18 är
592 1137 18 27 ej
627 1144 59 14 mera
704 1137 7 20 i
727 1136 67 22 stånd
806 1139 34 18 att
850 1136 56 28 fylla
917 1135 78 21 behof-

235 1173 38 18 vet
291 1171 35 20 för
341 1171 43 21 den
401 1171 133 28 tilltagande
551 1171 102 27 trafiken,
669 1171 93 21 hvarför
777 1178 28 14 en
820 1170 174 27 vattenledning

236 1204 50 21 från
296 1205 114 27 Vesijärvi
421 1205 33 28 sjö
466 1206 68 20 borde
545 1206 116 28 anläggas,
670 1205 117 22 beräknad
795 1205 36 21 till
838 1205 80 27 80,000
925 1204 70 21 mark.

305 1240 19 20 9.
355 1239 145 28 Utläggning
523 1240 22 20 af
567 1240 95 21 dubbelt
680 1240 52 27 spår
746 1240 85 20 mellan
847 1239 90 21 Kerava
953 1239 40 21 och

236 1272 134 28 Riihimäki,
387 1273 88 21 hvilket
491 1274 75 20 arbete
582 1274 6 20 i
606 1274 182 21 statsutskottets
799 1273 144 21 betänkande
953 1272 41 22 N:o

236 1308 14 20 9
265 1308 27 20 A.
308 1308 39 20 vid
364 1308 56 21 1900
435 1309 34 20 års
485 1308 109 28 landtdag
610 1308 7 21 i
632 1308 88 28 princip
736 1308 140 28 godkändes,
892 1307 41 21 bar
948 1306 47 22 tills

237 1342 54 20 dato
314 1342 80 21 endast
419 1342 86 21 kunnat
527 1342 87 21 utföras
637 1343 35 20 till
694 1342 132 28 Järvenpää
849 1341 41 21 och
909 1341 87 21 fordrar

237 1378 61 19 ännu
314 1384 27 13 en
358 1376 115 22 beräknad
488 1376 98 22 kostnad
602 1377 22 21 af
639 1376 94 28 911,000
747 1376 71 27 mark,
829 1375 80 22 hvaraf
919 1375 35 21 för
966 1383 29 13 nu

237 1410 174 28 ifrågavarande
427 1410 152 28 finansperiod
595 1411 93 28 begäres
705 1410 94 27 736,000
813 1410 70 21 mark.
