1106 1753
263 126 26 18 10

259 188 150 21 Sistnämnda
418 189 114 28 paragraf,
545 196 49 15 som
606 189 7 21 i
625 189 139 22 oförändrad
772 189 60 21 form
843 189 75 28 ingått
926 188 33 21 uti
967 188 44 21 alla

259 223 304 30 bevillningsförordningar
579 225 58 22 efter
648 228 24 18 är
686 228 62 23 1882,
757 224 127 22 innehåller
895 224 116 28 nämligen

258 260 47 21 den
320 260 90 29 tydliga
426 261 154 28 grundsatsen
596 263 33 19 att
646 261 120 28 hembrygd
781 261 124 27 maltdryck
921 263 24 18 är
959 260 52 21 från

258 295 129 29 bevillning
402 296 108 29 fritagen;
529 297 42 21 och
588 297 63 21 detta
666 297 96 21 innebär
778 299 32 18 att
827 296 142 28 svagdricka,
981 296 29 21 då

258 332 74 28 sagda
348 332 73 28 dryck
436 332 179 28 fabriksmässigt
630 333 96 21 beredes
740 335 25 19 är
776 332 61 21 skatt
847 331 162 26 underkastad,

258 375 56 14 vare
331 368 35 28 sig
382 368 103 28 drycken
499 368 119 22 tillverkas
635 371 89 19 ensamt
739 368 35 21 för
791 368 36 28 sig
843 367 55 22 eller
913 367 96 22 erhålles

260 410 49 15 som
325 404 124 28 biprodukt
465 404 39 21 vid
521 404 135 28 ölbrygden.
689 404 42 22 Om
748 404 62 21 detta
826 403 127 29 stadgande
969 410 40 14 un-

258 439 42 21 der
323 440 45 21 den
392 442 92 26 gångna
507 440 64 21 tiden
595 440 49 21 icke
667 440 77 21 blifvit
759 440 8 20 i
783 439 30 21 all
835 439 36 22 sin
891 439 118 28 stränghet

259 475 135 29 tillämpadt,
416 476 75 28 ligger
512 476 62 25 felet,
599 476 72 28 enligt
694 476 130 21 Utskottets
841 475 65 29 åsigt,
922 475 42 21 hos
981 474 28 22 de

258 511 170 29 myndigheter,
452 514 13 19 &
487 512 79 21 hvilka
589 512 129 21 kontrollen
740 512 66 21 öfver
830 510 179 29 författningens

260 547 139 21 efterlefnad
422 548 133 21 ankommer
571 548 120 21 äfvensom
708 550 12 18 å
736 547 207 28 åklagaremakten,
960 554 48 14 som

258 583 50 21 icke
332 583 126 29 behörigen
481 583 105 29 fullgjort
603 583 35 22 sin
654 584 133 28 skyldighet
802 583 53 21 med
872 582 108 22 afseende
996 585 13 19 å

260 619 130 21 beifrandet
406 619 24 21 af
446 619 86 21 sådana
547 619 223 29 lagöfverträdelser.
796 619 113 28 Beloppet
925 618 23 22 af
964 618 45 22 den

257 654 89 29 ökning
362 655 7 21 i
384 655 160 22 maltskattens
560 655 108 27 intrader,
685 662 48 15 som
745 657 32 19 ett
792 654 112 29 lagenligt
919 654 89 22 beskat-

257 690 70 22 tande
351 691 23 21 af
390 691 46 21 den
451 691 185 28 fabriksmässigt
650 691 107 21 bedrifna
773 690 235 29 svagdricksproduk-

256 726 80 21 tionen
352 726 74 22 skulle
449 727 110 26 medföra,
576 727 45 21 kan
636 727 8 20 i
660 727 58 21 brist
733 729 29 26 på
777 726 142 29 tillgängligt
934 726 73 21 statis-

257 762 57 21 tiskt
336 762 103 22 material
462 763 50 21 icke
535 763 53 21 med
611 763 162 28 noggrannhet
796 762 143 29 uppskattas,
955 769 53 14 men

259 798 67 21 torde
351 798 53 21 med
430 798 30 21 all
487 798 145 22 sannolikhet
658 798 137 22 åtminstone
822 800 116 19 motsvara
964 797 45 22 den

259 833 140 29 minskning,
424 841 49 14 som
496 834 170 22 ofvanberörda
686 834 151 28 nedsättning
860 833 23 22 af
906 833 102 22 skattens

258 869 173 29 minimibelopp
448 870 72 21 skulle
536 870 125 21 förorsaka.

329 905 67 22 Inom
414 905 118 22 Utskottet
552 906 41 21 har
606 905 86 29 jemväl
715 905 132 29 föreslagits
863 907 33 20 att
910 905 99 22 bestäm-

258 941 114 28 ningarna
392 941 33 22 uti
446 942 14 28 &
480 945 20 22 6,
517 941 159 22 innefattande
692 941 84 22 förbud
792 943 48 20 mot
857 941 151 22 användande

257 977 25 21 af
311 980 106 25 surrogat
442 977 36 22 för
493 977 62 26 malt,
581 980 70 19 måtte
670 977 138 29 förtydligas
824 977 8 21 i
849 979 24 19 så
889 979 70 19 måtto
976 978 33 20 att

257 1013 116 21 därunder
396 1013 137 28 inbegrepes
558 1013 69 22 äfven
643 1013 86 22 sådana
744 1013 159 28 ingredienser
922 1013 23 20 af
960 1019 49 14 mer

256 1049 56 21 eller
331 1049 89 21 mindre
439 1049 145 28 helsovådlig
603 1052 41 23 art,
664 1056 48 14 som
728 1049 50 21 icke
795 1049 73 21 sällan
883 1048 41 22 vid
940 1048 69 21 fabri-

257 1084 108 21 kationen
382 1084 23 22 af
420 1084 155 29 maltdrycker
590 1085 90 21 komme
691 1084 35 22 till
736 1084 157 28 användning.
915 1083 94 22 Utskot-

256 1122 34 19 tet
317 1127 67 14 anser
400 1120 39 22 det
455 1120 126 22 emellertid
599 1128 56 14 vara
671 1120 19 29 ej
708 1120 59 22 blott
787 1120 151 28 öfverflödigt
953 1122 56 19 utan

256 1156 71 21 äfven
354 1156 132 28 principielt
512 1156 93 28 oriktigt
631 1159 33 19 att
679 1156 33 22 uti
728 1156 64 21 detta
808 1155 135 29 stadgande,
959 1162 50 15 som

256 1192 62 21 afser
333 1191 176 29 förebyggande
525 1192 23 21 af
560 1192 199 25 skatteunderslef,
771 1191 76 22 införa
857 1191 150 25 föreskrifter,

255 1227 30 21 de
310 1227 42 21 där
376 1228 76 28 åsyfta
468 1230 33 18 att
515 1228 83 21 hindra
613 1228 116 21 missbruk
744 1227 42 22 vid
801 1227 169 28 försäljningen
985 1227 24 21 af

255 1263 163 28 maltdrycker,
445 1263 59 21 helst
530 1264 145 21 verksamma
700 1263 174 28 bestämningar
899 1262 8 22 i
927 1262 82 22 sådant

255 1298 63 28 syfte
344 1298 72 22 redan
442 1299 54 28 ingå
521 1299 34 21 uti
572 1299 106 29 gällande
694 1298 108 29 strafflag
818 1299 42 21 och
876 1298 72 22 andra
963 1298 45 21 för-

256 1334 134 28 fattningar.

328 1370 40 21 Uti
396 1370 29 29 SS
446 1374 20 22 3,
483 1374 13 18 5
513 1371 43 21 och
574 1374 25 19 13
616 1371 41 21 har
672 1370 120 22 Utskottet
807 1370 100 28 vidtagit
923 1372 85 19 smärre

256 1405 157 22 redaktionela
440 1406 131 28 ändringar,
597 1406 79 22 hvilka
692 1405 19 29 ej
728 1405 67 22 torde
812 1405 104 22 erfordra
931 1408 78 25 någon

254 1441 81 21 vidare
361 1441 145 29 motivering.
539 1442 39 21 Ett
604 1442 33 21 uti
657 1442 14 29 8
694 1445 26 19 14
736 1441 25 22 af
776 1441 46 22 den
837 1441 78 22 finska
929 1443 80 20 texten
