1106 1753
223 143 14 19 6
453 140 26 23 U.
495 140 18 22 B
530 154 26 2 —
572 141 73 28 Prop.
659 141 42 22 N:s
716 135 43 27 20

294 213 38 22 Då
358 210 40 25 en
408 213 148 28 fullständig
574 212 129 29 reglering
723 211 25 22 af
767 211 215 30 bevillningsbud-

224 249 76 28 geten
319 248 21 28 ej
361 247 50 22 kan
430 253 47 23 ega
497 253 54 16 rum
571 247 43 22 vid
634 247 83 22 denna
736 246 131 29 landtdag,
888 247 39 22 får
941 247 40 22 Ut-

224 282 94 22 skottet
336 282 99 26 föreslå,
457 283 35 20 att
512 281 142 22 Ständerna
674 281 58 22 ville
745 281 98 22 besluta

501 363 37 21 att
568 361 79 23 ofvan
677 361 105 23 stående
813 361 104 29 utgifter
945 362 37 21 be-

432 396 97 22 stridas
561 396 58 22 från
651 396 179 28 tillgångarna
859 396 10 22 i
897 396 86 22 bevill-

433 430 181 30 ningsfonden.

296 594 11 21 I
327 593 118 23 afseende
465 593 13 22 å
498 593 48 22 den
569 593 42 22 vid
631 594 100 21 senaste
750 592 123 30 landtdag
892 593 90 22 väckta

224 628 92 30 frågan
338 628 131 29 angående
489 628 176 28 omtryckning
684 627 25 23 af
719 627 187 29 handlingarna
917 627 65 23 ifrån

225 662 188 30 landtdagarna
443 662 138 23 1863—64
611 662 45 22 och
687 662 65 22 1867
781 662 83 22 finner
883 662 39 29 sig
942 662 41 22 Ut-

226 698 95 21 skottet
339 704 34 15 nu
392 697 53 22 icke
464 697 63 22 böra
546 696 138 23 framställa
703 697 78 28 något
800 696 103 29 förslag.
939 696 44 23 Ge-

226 738 59 16 nom
316 731 115 23 anstälda
462 731 193 22 reklamationer
686 731 47 22 har
764 731 25 22 af
819 731 31 22 de
881 731 102 22 svensk-

227 766 120 29 språkiga
373 766 185 29 handlingarna
583 765 56 22 från
663 765 93 22 nämda
777 765 153 29 landtdagar
949 767 34 20 ett

226 801 98 22 mindre
352 801 68 22 antal
448 800 127 29 exemplar
603 800 99 22 kunnat
730 800 39 22 för
798 800 98 22 arkivet
923 800 60 28 hop-

226 835 113 30 bringas.
378 835 38 22 En
441 835 183 28 omtryckning,
645 835 154 28 betingande
824 841 31 15 en
873 834 108 23 kostnad

227 870 26 22 af
278 870 61 22 allra
363 870 74 21 minst
458 869 94 27 10,000
570 869 80 26 mark,
674 869 70 22 torde
765 869 150 22 åtminstone
934 868 47 23 tills

227 905 88 22 vidare
340 905 86 21 kunna
446 904 7 21 i
472 904 68 22 detta
565 904 43 22 fall
634 903 132 26 undvikas,
785 903 66 22 hälst
870 903 113 22 handlin-

227 945 81 24 garna
328 939 21 28 ej
364 939 7 22 i
386 939 113 22 enskilda
518 938 121 23 bibliotek
659 939 44 21 äro
722 938 85 29 någon
826 938 154 29 sällsynthet.

226 974 86 22 Annat
336 974 28 21 är
389 973 169 22 förhållandet
582 973 57 22 med
664 979 95 16 samma
782 972 199 23 ständermötens

226 1007 190 30 finskspråkiga
435 1007 160 29 handlingar.
627 1007 54 22 Den
701 1007 38 22 för
759 1007 150 22 ständernas
927 1007 56 22 räk-

226 1043 62 28 ning
314 1042 97 28 tryckta
430 1042 239 28 originalupplagan
689 1042 25 21 af
733 1041 192 29 propositioner,
943 1041 40 22 be-

226 1076 147 23 tänkanden
396 1076 46 22 och
462 1082 29 16 en
511 1076 40 22 del
571 1075 364 30 sammanjämkningsförslag,
955 1076 28 21 är

226 1111 38 22 till
273 1111 49 22 den
333 1111 64 29 grad
408 1110 112 29 sällsynt,
539 1112 36 20 att
592 1110 115 22 hvarken
728 1110 177 22 Universitets-
924 1110 59 22 eller

228 1145 257 23 Ständerbiblioteket
510 1146 27 20 är
562 1145 7 21 i
593 1145 138 29 besittning
757 1144 25 22 af
807 1144 99 22 absolut
929 1144 54 22 full-

227 1180 117 28 ständiga
370 1180 138 28 exemplar;
529 1180 22 28 ej
574 1179 79 22 häller
673 1180 71 22 torde
764 1179 97 22 sådana
879 1186 103 15 numera

226 1214 87 22 kunna
344 1214 46 22 hos
421 1214 114 22 enskilda
566 1214 131 28 påträffas.
737 1214 38 21 En
804 1220 33 21 ny
863 1213 119 29 upplaga,

226 1248 180 22 innehållande
419 1248 94 29 jämväl
526 1248 67 22 förut
606 1248 116 28 otryckta
735 1247 161 29 handlingar,
909 1254 74 22 synes

226 1283 100 22 således
345 1289 62 15 vara
426 1282 134 30 högeligen
574 1282 107 29 önsklig.
711 1282 56 22 Men
787 1281 197 30 ifrågavarande

228 1318 162 28 aktstyckens
416 1317 129 29 språkliga
569 1317 75 22 dräkt
670 1318 28 20 är
717 1316 35 22 till
771 1317 49 21 den
839 1316 65 29 grad
923 1316 60 22 otill-

225 1352 202 26 fredsställande,
455 1352 36 21 att
519 1352 127 22 desamma
673 1352 8 21 i
709 1358 30 15 en
767 1350 95 30 mängd
890 1350 43 22 fall
961 1351 21 28 ej

226 1386 88 22 kunna
343 1386 131 29 begagnas
498 1387 61 20 utan
583 1385 144 29 jämförelse
746 1385 57 22 med
823 1385 31 22 de
873 1385 110 22 svenska

227 1420 149 29 originalen,
397 1420 45 22 och
467 1416 32 26 då
519 1426 29 16 en
569 1420 184 29 undervisning
772 1419 61 22 eller
851 1425 34 22 ny
905 1419 80 22 öfver-

227 1455 112 28 sättning
367 1455 25 21 af
418 1454 126 29 naturliga
570 1454 54 22 skäl
650 1455 21 28 ej
691 1454 47 22 bör
756 1453 101 22 komma
877 1453 7 22 i
903 1452 80 30 fråga,

297 1498 140 17 Statsutskottets
449 1497 113 18 betänkande
574 1499 37 15 N:o
624 1497 18 18 8.
