1103 1753
337 157 29 23 U.
383 157 28 22 B.
427 170 25 3 —
468 157 75 28 Prop.
557 158 44 22 N:o
617 157 37 23 24.
863 159 12 19 3

119 227 105 28 egentliga
255 227 195 28 lärarepersonalen
475 227 33 22 vid
532 227 144 22 folkskolorna
694 227 27 28 pä
743 227 77 28 landet,
843 228 33 21 5:0

119 262 75 28 anslag
216 262 31 21 till
270 263 114 27 pensioner
406 262 21 22 ät
448 263 40 20 den
511 262 106 28 egentliga
632 263 192 27 lärarepersonalen
841 261 35 22 vid

118 297 143 21 folkskolorna
284 297 27 28 pä
332 297 79 26 landet,
434 297 32 21 6:o
481 297 76 28 bidrag
572 297 31 21 till
619 297 149 28 pensionering
783 297 22 21 af
819 297 54 21 folk-

119 331 240 27 skollärarepersonalen
375 332 7 21 i
398 332 103 26 städerna,
517 333 33 20 7:0
574 332 73 26 anslag
662 331 20 22 åt
698 332 61 27 sjuka
773 332 102 21 folkskol-

122 366 68 21 lärare
205 366 37 21 och
258 366 124 28 lärarinnor,
398 367 33 21 8:o
448 366 73 28 bidrag
538 366 31 21 till
585 366 131 28 uppförande
731 366 22 21 af
762 366 113 21 folkskole-

119 401 41 21 hus
180 401 39 21 och
241 401 142 27 slöjdlokaler,
399 402 33 21 9:0
448 401 73 27 anslag
536 401 32 21 till
583 400 100 22 bibliotek
700 401 32 21 för
754 401 121 21 folkskollä-

122 442 46 14 rare
184 436 38 20 och
239 436 119 21 lärarinnor
372 436 7 20 i
394 436 222 26 landskommunerna,
633 436 46 21 10:0
696 436 72 27 anslag
783 436 33 21 för
826 436 49 21 fort-

120 470 184 27 sättningskurser,
333 471 46 20 11:0
403 470 73 28 anslag
499 470 31 21 till
553 470 115 28 stipendier
683 470 33 22 för
730 470 146 27 auskultering

121 505 39 21 och
175 505 128 21 studieresor
326 506 39 20 och
389 506 46 20 12:0
459 505 73 27 anslag
553 504 33 22 för
606 504 136 22 anskaffande
763 505 21 21 af
799 504 74 22 äskäd-

120 539 205 28 ningsmaterielfför
339 539 144 21 folkskolorna
498 539 27 28 pä
539 539 76 21 landet.
632 540 2 7 '

190 649 107 28 Bidraget
311 649 36 22 till
361 649 207 28 folkskoleväsendet
582 649 9 21 i
605 649 104 22 städerna
732 651 23 20 är
769 650 30 21 uti
816 651 60 20 stats-

120 685 100 27 förslaget
234 685 33 20 för
283 684 22 21 är
321 685 55 20 1904
391 684 117 21 beräknadt
523 684 32 21 till
570 685 7 19 i
588 685 64 20 rundt
664 685 28 20 tal
706 685 90 27 655,000
810 685 65 20 mark.

121 719 76 21 Denna
218 725 83 15 summa
323 720 23 20 är
369 718 31 22 uti
416 718 40 22 den
473 718 77 28 nädiga
565 719 156 27 propositionen
737 721 90 25 antagen
844 719 31 21 till

119 753 161 28 begynnelseta]
302 753 33 21 för
357 753 145 21 beräknandet
525 753 22 21 af
568 753 160 27 ifrågavarande
751 753 73 27 anslag
842 754 33 20 för

120 788 141 21 instundande
276 787 149 27 finansperiod.
454 788 71 26 Enligt
540 788 128 27 upplysning
683 787 47 21 frän
746 788 127 20 statskonto-

120 818 31 20 ret
165 817 39 21 har
218 816 95 28 bidraget
328 816 31 21 till
375 816 108 21 städernas
498 816 197 22 folkskoleväsende
717 816 63 21 likväl
803 816 33 21 för
851 816 23 21 är

121 852 54 20 1904
190 850 89 29 uppgätt
295 850 31 22 till
341 850 65 28 nägot
421 851 59 21 öfver
497 851 91 27 661,000
611 851 64 21 mark.
706 851 108 21 Utskottet
837 851 38 21 har

119 885 83 22 derföre
225 887 70 19 ansett
317 887 30 19 att
356 884 158 28 "beräkningen
538 887 74 19 rättast
634 885 37 21 bör
693 885 51 27 utgå
762 886 45 20 från
824 885 51 21 talet

119 920 95 26 660,000.
244 919 47 22 Den
308 920 65 27 årliga
396 919 106 27 ökningen
518 920 21 20 af
555 919 100 27 bidragen
670 920 39 20 har
723 920 6 20 i
746 926 18 14 n.
780 920 95 27 proposi-

119 955 72 21 tionen
214 955 132 27 uppskattats
361 954 31 21 till
408 954 75 25 40,000
502 954 65 21 mark.
597 953 33 21 Då
645 954 175 28 medelökningen
837 961 38 21 per

119 989 24 21 år
160 989 22 21 af
204 989 101 27 bidragen
328 988 31 22 till
383 988 108 21 städernas
511 988 115 21 folkskolor
641 988 68 22 under
724 988 48 22 åren
791 989 84 21 1898—

120 1024 55 21 1904
191 1023 93 27 utgjordt
300 1023 75 26 33,600
392 1022 58 22 mark
466 1022 82 22 och"dä
563 1022 28 22 de
606 1023 98 27 faktorer,
714 1023 109 21 städernas
834 1024 41 20 till-

120 1059 56 25 växt,
191 1057 243 22 "lefnadskostnadernas
456 1057 99 27 stegring,
581 1057 95 27 stegrade
705 1057 119 28 fordringar
849 1058 26 27 pä

119 1092 216 22 folkskoleväsendets
350 1091 78 28 hygien
442 1091 39 22 och
497 1091 264 28 undervisningsmateriel,
777 1099 46 14 som
839 1092 36 21 be-

119 1127 67 27 tingat
198 1127 69 21 denna
283 1126 85 27 ökning,
380 1121 105 37 sannolikt
497 1121 68 37 jämväl
579 1125 105 27 framgent
693 1126 82 21 komma
785 1128 30 19 att
824 1128 50 25 göra

119 1161 32 28 sig
159 1161 145 27 gällande,
269 1156 35 37 har
313 1161 112 26 Utskottet,
433 1167 44 14 som
485 1160 123 27 visserligen
616 1160 70 21 funnit
694 1167 96 15 summan
799 1161 76 26 40,000

120 1195 62 28 något
202 1196 50 27 högt
267 1195 100 28 tilltagen,
382 1195 65 20 likväl
454 1195 47 20 icke
518 1195 56 20 velat
582 1195 95 20 nedsätta
686 1195 128 21 densamma.
835 1195 40 20 Till

120 1230 110 21 underhäll
248 1230 21 21 af
289 1229 108 22 städernas
420 1229 117 20 folkskolor
559 1228 68 21 skulle
646 1229 60 21 alltsä
722 1229 105 21 erfordras
843 1229 32 21 för

177 1270 23 21 är
215 1270 54 21 1905
300 1286 4 5 .
334 1286 5 5 .
369 1286 3 4 .
403 1269 343 28 660,000
506 1264 19 37 |
536 1269 210 28 40,000—700,000
762 1269 59 21 mark

121 1315 38 21 och
176 1315 31 22 får
222 1315 108 22 Utskottet
345 1315 82 21 således
443 1315 108 20 vördsamt
565 1315 76 21 föreslå

395 1361 32 20 att
450 1359 125 22 Ständerna
595 1360 50 21 ville
660 1360 72 21 såsom
748 1360 76 28 bidrag
841 1360 35 21 till

323 1395 204 27 folkskoleväsendet
542 1395 9 20 i
565 1395 103 21 städerna
686 1395 70 20 under
769 1395 28 20 år
812 1395 62 20 1905

321 1429 79 27 bevilja
415 1430 30 20 ett
459 1429 78 27 anslag
553 1429 27 27 af
596 1429 102 26 700,000
712 1429 69 21 mark.

190 1519 141 19 Statsutskottets
343 1520 110 18 betänkande
464 1519 38 19 N:o
515 1522 16 17 6,
