1103 1753
802 105 28 19 27

81 168 107 22 medeltal
211 175 63 15 mera
295 171 29 19 än
339 168 39 22 det
393 168 34 22 uti
442 169 85 28 nådiga
542 167 172 30 propositionen
730 168 101 29 kalkyle-

81 204 54 22 rade
151 204 115 29 beloppet.

152 311 47 22 Vid
220 315 55 20 1897
294 315 35 18 års
345 313 124 28 Landtdag
484 313 91 21 anhöllo
593 312 128 21 Ständerna
737 314 38 23 att,
795 312 37 21 för

82 347 45 21 den
141 347 111 22 händelse
267 349 72 27 några
355 348 124 28 ändringar
494 348 8 21 i
518 348 46 21 den
583 351 30 25 på
629 347 35 21 arf
678 347 69 28 lagda
765 350 66 19 stäm-

80 382 131 29 pelskatten
226 383 77 22 kunde
319 383 107 22 befinnas
442 384 92 28 nödiga,
551 382 138 30 detaljerade
706 382 126 22 statistiska

82 419 117 28 uppgifter
218 419 18 29 ej
260 419 88 22 mindre
369 427 37 14 om
427 420 28 21 de
476 420 92 28 belopp,
587 426 49 15 som
657 419 8 21 i
681 419 96 29 stämpel
795 419 37 21 för

80 454 339 29 bouppteckningsinstrument
428 455 42 22 och
478 457 152 20 testamenten
645 454 74 22 under
729 454 63 22 vissa
807 457 25 19 år

80 490 87 22 influtit
183 494 30 18 än
229 491 43 21 ock
287 490 146 23 beträffande
449 491 75 29 öfriga
535 491 202 28 omständigheter,
753 490 79 22 hvilka

80 526 41 22 vid
137 528 32 20 ett
184 526 109 22 framtida
308 527 135 29 reglerande
460 528 24 20 af
494 527 140 21 arfsskatten
644 526 77 22 kunde
731 526 100 28 förtjena

81 562 116 26 afseende,
217 564 69 20 måtte
307 562 156 22 införskaffas.
495 563 11 21 I
523 562 133 29 anslutning
671 562 77 22 härtill
763 562 68 22 fram-

80 597 47 22 höll
145 598 258 29 Bevillningsutskottet
423 599 41 21 vid
487 602 56 20 1900
566 601 36 19 års
623 598 122 29 Landtdag
764 598 67 22 önsk-

81 633 128 22 värdheten
221 634 73 26 däraf,
305 636 33 20 att
348 634 50 22 icke
409 634 59 22 blott
478 634 160 22 förstnämnda
647 633 118 29 uppgifter
775 636 56 19 utan

81 669 70 22 äfven
175 670 127 28 utredning
327 670 98 22 rörande
452 670 28 22 de
506 670 92 29 belopp,
624 677 48 15 som
694 672 13 19 ä
726 670 105 28 samtliga

81 704 74 29 öfriga
175 705 115 28 vigtigare
308 705 62 22 titlar
389 706 89 21 influtit
496 706 73 21 under
589 708 71 26 något
680 708 24 19 år
721 705 24 22 af
759 705 72 29 påföl-

77 740 70 29 jande
162 741 166 28 finansperiod,
336 741 78 22 blefve
426 741 129 22 Ständerna
565 741 113 29 förelagd;
691 742 42 21 och
744 741 87 22 beslöto

81 776 129 22 Ständerna
224 777 8 21 i
249 777 102 28 enlighet
365 777 96 22 härmed
477 780 33 19 att
525 778 41 21 hos
582 777 148 29 Regeringen
741 777 91 22 anhålla

81 820 37 14 om
133 820 30 14 en
179 813 112 21 statistisk
307 813 175 28 undersökning
498 813 7 21 i
520 813 132 22 förberördt
667 813 67 29 syfte.

153 848 80 22 Såsom
258 851 33 19 ett
306 849 95 22 resultat
425 849 23 21 af
467 849 100 22 nämnda
585 849 170 28 framställning
772 849 59 21 före-

80 885 63 28 ligga
165 893 32 13 nu
220 887 86 20 tvenne
326 885 46 22 den
398 885 86 28 nådiga
509 885 172 28 propositionen
707 885 124 28 vidfogade

80 921 93 26 tablåer,
208 921 161 22 innehållande
402 921 45 22 den
473 929 44 14 ena
542 921 135 22 summarisk
700 921 93 28 uppgift
819 923 13 19 å

79 956 110 29 beloppet
213 957 23 21 af
260 957 226 28 stämpelbevillning
501 957 74 21 under
591 957 112 21 särskilda
717 956 114 29 vigtigare

81 993 136 22 skattetitlar
236 993 36 21 för
291 995 25 19 år
338 995 55 20 1902
414 995 59 19 samt
492 993 46 22 den
553 993 72 21 andra
640 993 120 21 enahanda
774 999 58 22 upp-

81 1029 44 27 gift
147 1031 13 19 &
183 1029 206 21 sammanräknade
416 1029 110 28 beloppet
554 1029 22 21 af
600 1028 231 28 stämpelbevillning,

81 1071 49 15 som
143 1064 70 28 sagde
222 1066 25 20 är
256 1064 72 28 enligt
336 1064 91 28 Nädiga
434 1064 169 28 förordningen
615 1064 45 22 den
671 1066 26 20 21
711 1064 121 21 december

82 1103 57 19 1900
157 1100 74 21 under
248 1100 62 22 vissa
324 1100 130 28 kategorier
471 1100 85 28 erlagts
571 1100 37 22 för
623 1099 208 29 boupptecknings-

79 1136 140 21 instrument
234 1136 43 21 och
292 1138 159 19 testamenten.

151 1171 71 22 Hvad
247 1172 46 21 den
316 1172 160 21 förstnämnda
498 1172 24 21 af
540 1172 69 21 dessa
628 1171 125 22 statistiska
767 1171 65 21 redo-

80 1208 102 28 görelser
205 1208 151 26 vidkommer,
375 1208 47 21 kan
442 1207 119 23 Utskottet
582 1208 81 21 endast
683 1208 52 21 med
756 1207 76 22 bekla-

81 1243 75 28 gande
175 1243 134 22 konstatera
329 1245 33 20 att
381 1243 29 22 de
429 1243 51 21 däri
500 1243 114 29 ingäende
629 1243 148 29 uppgifterna
793 1246 38 18 äro

81 1279 23 21 af
127 1281 26 19 sä
175 1278 124 30 bristfällig
319 1279 170 26 beskaffenhet,
510 1282 33 18 att
558 1279 118 22 Utskottet
690 1279 50 22 icke
757 1281 76 19 ansett

80 1314 37 29 sig
136 1315 79 21 kunna
235 1317 30 26 på
286 1315 52 21 dem
360 1314 90 29 grunda
466 1318 73 25 några
554 1315 109 29 kalkyler.
695 1315 81 21 Redan
791 1314 41 22 vid

80 1358 30 14 en
125 1350 60 28 ytlig
200 1350 144 28 granskning
359 1350 102 28 framgår
474 1353 32 19 att
516 1350 8 22 i
535 1350 76 22 denna
623 1350 69 22 tabell
700 1350 132 29 betydande

81 1386 181 28 stämpelbelopp
282 1386 24 21 af
321 1393 30 14 en
366 1386 56 21 eller
437 1394 79 13 annan
531 1386 67 21 orsak
614 1386 49 21 icke
679 1386 152 21 medräknats.

80 1421 79 29 Enligt
182 1421 46 22 den
252 1421 151 22 summariska
422 1421 124 29 uppgiften
566 1421 42 22 har
628 1421 116 29 nämligen
765 1423 67 20 stäm-
