1103 1750
169 187 34 21 Är
221 190 72 20 1889.
327 204 3 4 .
364 204 3 4 .
401 204 4 4 .
424 187 60 21 Fmk
499 190 95 22 664,053
611 204 24 24 +
653 207 44 23 124
713 205 29 29 0/0

181 240 11 11 »
221 226 73 20 1890.
330 240 1 4 <
403 240 3 4 <
455 240 11 9 n
499 225 95 24 746458
612 240 24 23 |
667 243 31 20 Er

181 276 10 8 »
221 262 73 19 189.
365 276 41 3 <
454 276 10 10 »
498 261 94 23 788962
655 257 78 41 pa

182 312 9 10 »
222 297 72 20 1892.
328 312 3 4 .
403 312 3 3 0.
498 297 96 23 694,853
613 322 24 3 —
654 293 45 41 18.
724 293 11 10 ”

182 348 10 10 »
222 333 72 19 1898.
328 347 4 4 .
403 347 3 3 0.
455 348 10 9 >
498 333 96 23 599,808
614 358 24 2 —
669 329 31 41 5
724 329 10 10 »

183 384 9 10 »
222 368 72 20 1894.
328 383 3 4 +
368 383 1 3 =
403 383 63 10 «<»
499 369 95 23 566,629
614 383 23 23 |
656 365 43 41 128
725 365 10 10 ”

182 419 10 9 »
222 404 73 20 1895.
328 419 4 3 .
366 419 3 3 .
403 419 4 3 .
456 419 10 10 x
499 404 95 24 686,212
614 419 23 24 |
655 401 44 41 JE
725 401 10 9 2

183 456 9 9 »
222 441 73 20 1896.
333 455 1 4 2
403 455 4 4 «
456 456 10 9 »
500 441 94 23 788,528
614 455 24 24 |
655 436 45 42 a
725 437 10 10 ”

183 492 10 10 »
223 477 73 20 1897.
329 492 4 3 <
404 491 62 10 =»
500 477 95 23 820194
614 491 24 23 |
656 473 44 40 de
725 473 10 9 2

184 528 9 10 »
224 513 72 20 1898.
367 527 3 4 <
405 527 3 4 =
457 527 10 10 n
500 513 94 23 912576
615 527 23 23 |
669 509 31 40 Ba
725 509 10 10 ”

183 563 10 10 »
224 549 72 19 1899.
330 563 40 4 2.
404 563 4 4 .
457 563 10 9 »
500 549 94 23 941,807
614 563 24 24 |
669 545 31 41 aa
726 545 10 10 »

185 600 9 10 »
224 585 72 20 1900.
330 600 4 3 .
374 599 1 4 0
405 600 3 3 .
457 600 10 10 oo»
500 584 95 24 948,692
615 610 24 2 —
669 580 32 42 20
725 581 10 9 ”

185 636 10 10 »
224 621 73 19 1901.
331 636 4 3 .
368 635 3 4 .
405 636 3 3 .
457 636 10 9 ,
501 620 95 24 929,908
656 616 45 41 jös
726 617 11 9 a

185 672 10 9 »
225 656 72 20 1902.
331 671 3 4 <
368 671 3 3 <
405 672 3 3 <
458 671 10 9 n
502 656 94 24 780898
615 682 24 2 —
669 652 32 41 5,

186 707 9 10 »
225 692 72 20 1908.
331 707 3 4 <
368 707 3 3 <
406 707 62 9 <»
502 692 94 24 715868
616 718 24 2 —
670 688 31 41 6,

187 744 9 9 »
226 728 72 20 1904.
333 744 4 3 .
371 744 3 2 .
408 743 3 4 .
461 744 9 10 =,
504 728 96 24 670,000
685 724 6 9 >
727 724 10 10 »

155 798 172 21 Ofvanstäende
342 797 71 22 tabell
428 798 62 21 visar
502 800 32 19 att
544 797 148 22 maltskatten
702 797 74 21 under
787 797 46 21 den

83 836 94 26 gängna
191 834 65 21 tiden
270 833 60 22 varit
345 834 157 21 underkastad
522 833 88 29 ganska
625 833 133 28 betydande
774 833 59 21 fluk-

82 870 115 21 tuationer
213 870 43 21 och
272 871 33 19 att
319 869 42 21 här
376 869 57 26 icke,
450 872 75 19 säsom
540 869 41 22 vid
593 868 194 29 stämpelskatten,
805 876 30 14 en

83 906 110 21 konstant
207 905 91 22 tillväxt
314 908 24 18 är
354 908 33 18 att
401 906 108 28 päräkna.
540 905 65 21 Efter
621 907 33 19 ett
668 904 166 29 kontinuerligt

82 941 120 29 uppsving
211 941 74 21 under
292 940 110 30 perioden
411 944 145 20 1887—1891
565 941 124 21 inträffade
697 940 74 22 under
779 942 55 20 ären

85 980 147 20 1892—1894
252 979 34 19 ett
306 976 132 30 betydande
454 977 168 28 nedätgäende;
649 976 101 22 härefter
765 976 70 28 följer

83 1015 49 19 åter
148 1020 29 14 en
193 1013 104 28 stegring
313 1013 59 21 ända
387 1013 35 21 till
438 1016 24 18 är
480 1016 63 23 1900,
563 1013 35 28 då?
600 1012 124 22 maximum
737 1015 94 23 948,692

83 1049 66 21 mark
176 1048 143 29 uppnäddes.
350 1048 82 22 Under
451 1051 78 19 senast
554 1048 167 29 tilländalupna
746 1048 89 22 finans-

83 1084 81 29 period
179 1084 42 22 har
236 1084 147 22 maltskatten
399 1087 24 19 är
439 1085 59 21 efter
514 1088 24 18 är
554 1084 120 26 minskats;
692 1084 43 22 och
749 1084 85 22 medel-

84 1120 170 28 afkastningen,
280 1128 49 14 som
353 1123 62 19 ännu
441 1120 73 22 under
534 1120 110 28 perioden
663 1123 146 19 1898—1900
827 1120 9 21 i

84 1156 71 21 rundt
169 1156 32 22 tal
217 1159 97 26 uppgått
335 1156 36 22 till
395 1159 95 24 934,000
511 1156 65 22 mark
591 1163 41 22 per
648 1158 25 19 år
689 1156 55 21 eller
759 1158 29 21 30
805 1156 29 28 %

84 1192 67 22 öfver
167 1192 38 22 det
220 1193 92 28 belopp,
328 1193 93 21 hvartill
437 1193 91 21 skatten
542 1192 41 22 vid
596 1195 54 20 1897
663 1195 36 18 ärs
710 1192 125 28 Landtdag

83 1228 151 26 beräknades,
260 1228 106 29 utgjorde
382 1228 74 21 under
471 1228 199 29 budgetperioden
687 1231 147 19 1901—1904

84 1264 83 22 endast
183 1267 95 23 774,000
294 1264 70 26 mark,
387 1264 95 21 hvilken
498 1271 90 15 summa
602 1263 54 22 med
672 1264 65 21 öfver
754 1266 81 24 50,000

83 1300 66 22 mark
164 1300 146 29 understiger
329 1300 45 22 den
389 1300 153 22 medelintrad
562 1307 42 21 per
620 1302 31 24 är,
671 1306 50 15 som
737 1299 24 22 af
778 1302 57 20 1900

84 1339 36 19 års
137 1336 123 28 Landtdag
279 1336 41 22 vid
339 1336 162 28 uppgörandet
527 1336 23 21 af
575 1335 260 29 bevillningsbudgeten

83 1372 37 22 för
137 1372 72 28 sagda
224 1372 81 28 period
320 1372 146 28 kalkylerats.

157 1408 79 28 Enligt
258 1408 62 22 hvad
343 1408 161 21 erfarenheten
527 1408 69 28 gifvit
610 1407 41 22 vid
671 1407 93 21 handen
779 1407 56 22 bero

83 1444 197 21 fluktuationerna
299 1444 34 21 uti
354 1443 226 29 maltbevillningens
596 1443 133 28 afkastning
744 1442 24 22 af
778 1443 58 21 flere
