1109 1753
252 152 27 19 14
451 150 24 23 U.
492 150 24 23 B.
532 163 29 3 —
579 151 65 27 Prop.
661 151 38 23 N:o
715 151 30 21 18.

365 215 99 23 hvaraf
493 215 42 23 för
567 216 135 22 arbetenas
735 215 171 23 bedritvande
932 222 47 16 un-

365 252 46 21 der
435 251 215 29 tinansperioden
675 252 177 22 1905—1907
868 252 110 22 anvisas

366 287 162 27 3,000,000
544 288 81 22 mark.

279 456 2 2 .
294 435 45 23 Vid
363 435 176 30 behandlingen
564 436 24 22 af
610 436 135 23 förberörda
769 436 88 29 förslag
877 435 33 23 till
931 442 47 23 nya

223 471 186 30 banbyggnader
424 473 8 21 i
447 471 89 28 landet,
554 472 43 23 har
613 473 64 22 inom
689 472 122 23 Utskottet
822 472 101 22 kommit
934 478 44 15 un-

221 507 41 22 der
286 507 156 30 ompröfning,
464 507 119 24 huruvida
603 507 40 24 det
663 507 222 30 byggnadssystem,
903 507 75 29 enligt

222 543 91 23 hvilket
328 543 70 23 dessa
414 543 73 23 banor
503 546 40 21 äro
560 544 135 29 föreslagna
711 545 35 22 att
762 543 97 28 utföras,
876 545 26 21 är
912 544 8 21 i
931 543 47 22 alla

221 579 130 26 afseenden
375 579 40 23 det
438 579 181 30 förmänligaste
643 579 43 23 och
706 579 36 23 för
761 586 30 16 en
807 579 59 23 hvar
882 579 25 23 af
923 579 54 22 dem

221 615 41 22 det
277 615 37 23 för
329 615 178 23 förhällandena
523 615 250 30 ändamälsenligaste.
806 615 171 23 Diskussionen

222 651 81 22 härom
327 651 42 23 har
393 651 52 23 icke
469 652 27 22 sä
521 651 97 30 mycket
634 651 59 29 gällt
709 651 150 30 spårvidden,
876 651 101 23 emedan

223 686 120 23 Utskottet
367 688 84 26 ansett,
469 688 35 22 att
528 694 30 15 en
581 687 115 23 afvikelse
717 687 54 23 från
791 687 41 22 det
853 686 38 23 vid
908 687 69 22 stats-

223 722 105 23 banorna
347 722 118 23 härintills
481 722 109 23 öfverallt
606 722 111 23 använda
735 722 154 30 bredspåriga
904 723 74 28 syste-

222 759 49 21 met
292 758 53 23 med
366 765 29 16 en
415 758 112 30 spårvidd
551 758 26 23 af
592 762 13 19 5
622 765 53 23 eng.
692 758 35 23 fot
750 758 58 23 eller
825 762 49 23 1,594
891 764 30 16 m.
938 758 40 22 vid

221 794 74 29 ingen
312 794 23 22 af
351 794 29 23 de
395 801 33 16 nu
447 794 127 23 omordade
590 794 106 24 banorna
713 794 70 23 borde
795 794 181 29 ifrågakomma.

222 829 113 23 Däremot
355 830 43 23 har
418 830 76 30 enligt
509 830 135 23 Utskottets
661 830 72 23 tanke
750 830 37 23 för
803 831 65 22 vissa
884 830 24 22 af
923 830 54 22 dem

221 872 31 16 en
264 865 106 30 -ändring
386 866 123 23 befunnits
525 866 25 22 af
567 866 112 23 behofvet
695 866 112 29 påkallad
820 866 56 22 med
886 866 91 29 hänsyn

222 901 35 23 till
278 901 109 23 enskilda
402 902 113 23 tekniska
530 902 107 30 detaljer,
654 902 113 22 särskildt
783 901 64 23 hvad
863 901 115 23 beträffar

221 937 47 22 den
284 937 179 23 bestämmande
480 938 139 29 stigningen
635 938 44 22 och
695 937 149 23 skenvikten.

293 973 36 23 De
345 973 74 23 första
429 974 80 27 banor,
522 980 51 16 som
584 974 9 22 i
603 974 82 22 landet
695 973 113 28 utfördes,
819 980 56 16 voro
887 973 91 23 sådana

222 1008 55 23 med
297 1016 18 16 s.
332 1009 23 23 k.
371 1011 62 27 tung
453 1009 187 29 öfverbyggnad,
659 1009 111 23 försedda
787 1008 54 24 med
857 1009 62 23 räler
938 1011 40 21 vä-

221 1044 80 29 gande
317 1044 111 29 omkring
443 1049 29 19 30
489 1045 34 29 kg
537 1052 42 22 per
595 1045 100 29 löpande
712 1047 82 20 meter.
822 1045 44 22 För
877 1046 36 21 att
923 1045 55 22 ned-

223 1080 86 29 bringa
332 1080 325 30 anläggningskostnaderna
680 1081 44 22 och
747 1080 76 24 under
843 1080 136 29 antagande

222 1117 35 21 att
273 1115 29 24 de
319 1118 49 21 mot
384 1123 54 16 norr
454 1116 43 23 och
513 1117 52 22 inåt
575 1116 81 23 landet
667 1117 37 29 sig
715 1116 144 23 sträckande
872 1116 107 23 banorna

221 1151 36 22 till
281 1158 29 16 en
334 1152 83 29 början
441 1152 77 23 skulle
537 1153 98 22 komma
654 1154 35 21 att
704 1152 116 23 förmedla
837 1159 29 16 en
882 1152 97 29 mycket

222 1188 70 28 ringa
315 1187 80 28 trafik,
416 1187 105 24 infördes
537 1189 8 22 i
562 1188 43 23 och
626 1188 55 23 med
699 1188 76 23 Wasa
791 1188 91 23 banans
899 1188 79 29 anläg-

222 1222 79 29 gande
322 1230 29 16 en
371 1223 84 23 lättare
479 1224 187 28 öfverbyggnad,
687 1223 84 23 därvid
787 1224 88 22 skenor
892 1223 24 23 af
932 1227 47 25 22,3

223 1258 54 29 kg:s
293 1258 52 23 vikt
360 1258 95 24 kommo
472 1259 35 23 till
519 1259 160 29 användning.
704 1260 53 22 Med
768 1259 125 29 undantag
904 1258 25 23 af
939 1259 40 29 Jy-

222 1294 101 29 väskylä
338 1294 87 28 banan,
442 1295 71 23 hvars
529 1295 108 23 starkare
653 1296 136 28 stigningar
807 1294 126 29 betingade
949 1301 29 16 en

223 1331 74 21 större
314 1330 109 30 skentyp,
439 1331 46 22 och
501 1331 90 23 Torneå
608 1331 87 28 banan,
707 1334 40 20 äro
758 1331 114 29 samtliga
880 1331 99 29 järnvä-

222 1372 45 22 gar
286 1366 8 22 i
315 1366 119 23 mellersta
456 1366 43 23 och
522 1373 70 16 norra
615 1366 101 24 Finland
741 1366 94 24 utförda
859 1366 55 22 med
935 1366 45 22 lätt

222 1400 185 30 öfverbyggnad.
440 1402 197 23 Sammanställer
653 1409 56 16 man
725 1402 47 23 alla
790 1402 73 22 banor
873 1403 8 21 i
892 1401 87 28 landet,

223 1436 100 23 erhålles
342 1437 104 30 följande
462 1437 173 24 skenvikterna
650 1437 129 30 belysande
796 1437 71 27 tablå,
885 1437 95 23 hvarest

222 1472 133 29 längderna
371 1475 39 21 äro
427 1473 99 30 angifna
541 1473 160 24 inberäknadt
715 1473 110 24 bibanor:

295 1521 186 23 Järnvägsutskottets
494 1521 111 19 betänkande
619 1521 34 19 N:o
666 1523 16 17 1.
