1103 1756
242 159 14 20 4
464 160 29 22 U.
512 161 24 21 B.
553 173 27 2 —
596 160 75 29 Prop.
687 161 42 22 N:o
745 161 34 22 24.

244 228 75 21 nalens
331 228 66 27 ärliga
413 229 80 21 tillväxt
509 229 68 21 under
592 229 161 27 ifrägavarande
768 230 74 26 period
858 230 30 21 till
899 230 99 27 omkring

244 262 42 21 100
296 263 67 20 lärare
375 263 39 21 och
430 263 42 21 lika
487 263 77 27 mänga
574 263 119 22 lärarinnor
709 264 38 21 och
763 264 56 27 förty
835 264 111 27 godkänna
962 264 35 21 det

242 297 7 20 i
257 297 162 26 propositionen
430 297 121 28 föreslagna
561 298 188 27 anslagsbeloppet
759 298 22 21 af
793 298 89 26 150,000
893 298 59 21 mark
963 299 33 20 vid

242 331 64 22 hvars
328 331 147 22 fastställande
497 332 66 27 nödig
584 332 135 27 försiktighet
740 333 115 27 iakttagits.
886 333 111 22 Utskottet

244 365 122 22 hemställer
382 365 70 22 därför

516 431 33 19 att
562 429 125 22 Ständerna
703 430 50 21 ville
767 430 118 27 godkänna
900 430 42 21 den
958 429 38 21 nä-

448 464 52 27 diga
512 464 167 27 propositionen
695 465 10 20 i
719 465 73 20 denna
807 465 41 20 del.

313 595 165 28 Statsbidragen
502 597 34 20 till
558 597 126 27 aflönandet
703 597 29 27 af
743 597 128 27 slöjdlärare
886 595 62 22 hafva
964 598 31 19 ut-

241 630 73 26 gifvits
330 630 31 21 till
376 631 42 21 lika
434 631 82 27 belopp,
530 637 44 15 som
587 631 166 21 kommunernas
769 631 80 26 bidrag,
865 630 53 21 dock
934 630 62 27 högst

242 665 28 20 75
286 665 66 21 mark.
382 665 301 21 Handarbetslärarinnorna
698 665 62 21 hafva
775 665 21 21 af
811 664 123 22 statsmedel
943 671 52 20 upp-

242 699 59 21 burit
317 699 76 21 endast
408 699 28 22 50
451 699 65 22 mark.
546 700 74 21 Under
628 699 171 27 finansperioden
810 699 139 21 1901—1904
958 699 37 20 har

245 733 98 27 anslaget
358 733 33 22 för
407 734 62 21 dessa
485 734 74 27 bidrag
573 734 55 21 varit
642 734 77 25 91,250
734 734 60 21 mark
809 740 39 20 per
859 733 22 21 är
892 733 39 21 och
942 733 53 21 visat

242 767 34 27 sig
291 774 52 15 vara
357 767 49 23 fullt
421 768 120 27 tillräckligt
554 771 55 19 samt
621 769 31 21 till
667 769 40 21 och
723 769 48 21 med
787 768 78 21 lemnat
877 774 25 15 en
914 767 81 21 mindre

241 802 128 27 behällning.
399 803 80 26 Ehuru,
493 804 71 20 säsom
580 804 6 20 i
602 804 40 20 den
659 804 76 26 nädiga
750 803 161 27 propositionen
928 804 67 24 säges,

244 832 173 32 Öfverstyrelsen
430 837 32 21 för
470 838 150 20 skolväsendet
628 837 63 21 bland
701 839 64 19 annat
773 837 6 21 i
791 836 22 22 af
820 837 90 21 Senaten
919 836 76 21 afford-

241 871 47 21 radt
304 871 109 21 utlätande
431 872 109 26 föreslagit
558 878 26 15 en
606 871 123 27 förhöjning
750 871 23 21 af
793 872 151 25 statsbidraget
964 870 31 21 till

242 905 288 22 handarbetslärarinnornas
546 906 59 21 löner
620 906 48 21 med
684 906 27 21 25
727 906 64 25 mark,
808 906 38 20 har
857 905 96 27 anslaget
962 904 32 22 för

243 940 59 20 detta
323 940 97 21 ändamål
442 940 54 21 dock
515 940 114 21 beräknats
645 940 66 27 enligt
726 943 31 18 ett
772 940 75 26 bidrag
862 940 32 20 för
911 939 83 27 slöjdlä-

240 980 48 14 rare
312 974 21 21 af
355 974 27 21 75
400 974 60 21 mark
476 974 38 22 och
529 974 237 22 handarbetslärarinna
781 974 21 21 at
817 974 28 21 50
860 974 65 21 mark.
956 974 37 21 Ut-

240 1008 82 21 skottet
339 1008 38 21 har
392 1009 63 21 likväl
470 1009 44 21 icke
529 1011 71 19 ansett
616 1010 32 26 sig
664 1009 51 21 böra
730 1008 79 22 föreslä
823 1008 69 27 nägon
910 1008 83 21 föränd-

240 1042 50 27 ring
304 1042 7 21 i
324 1043 58 21 detta
397 1043 105 26 afseende,
518 1043 26 21 dä
559 1043 35 21 det
610 1044 6 20 i
626 1043 73 27 hvarje
711 1043 101 21 händelse
821 1043 75 21 endast
904 1044 23 19 är
935 1042 59 27 fräga

238 1083 35 14 om
294 1077 156 27 jämförelsevis
474 1078 46 21 smä
542 1078 82 26 belopp,
644 1080 49 18 utan
710 1078 31 21 fär
757 1078 110 20 vördsamt
889 1077 104 27 tillstyrka

514 1137 30 19 att
555 1136 104 26 förslaget
666 1135 9 21 i
683 1136 41 20 den
733 1135 83 27 nädiga
825 1134 166 28 propositionen

446 1170 65 20 mätte
527 1170 28 26 af
568 1169 125 21 Ständerna
707 1170 135 27 godkännas.

307 1289 40 21 Vid
363 1289 100 27 pröfning
478 1289 22 21 af
513 1289 187 27 anslagsbeloppet
717 1289 111 26 1,530,000
843 1288 59 22 mark
918 1289 31 21 till
963 1289 29 21 lö-

236 1323 186 27 neförhöjningar
444 1324 23 20 ät
484 1324 41 20 den
541 1324 107 26 egentliga
663 1323 203 27 lärarepersonalen
882 1323 37 21 vid
933 1324 56 26 folk-

236 1357 102 21 skolorna
359 1357 32 27 pä
415 1358 72 20 landet
507 1358 38 20 har
568 1358 111 21 Utskottet
702 1358 45 20 icke
763 1357 71 21 funnit
849 1357 45 21 skäl
910 1357 30 21 till
956 1364 35 14 an-

237 1392 118 26 märkning.

306 1505 162 19 Statsutskottets
481 1507 118 17 betänkande
612 1507 38 17 N:o
663 1507 16 17 9.
