1106 1756
278 136 26 21 12
585 137 41 22 N:o
642 138 26 21 27

248 205 117 22 äfvensom
384 206 35 21 för
437 206 123 28 byggande
580 206 22 22 af
620 214 28 14 en
662 206 97 28 järnväg
775 206 49 21 från
841 205 105 22 Suolahti
962 208 45 19 sta-

247 240 49 20 tion
315 240 36 21 till
370 240 140 28 Suonnejoki
529 240 84 22 station
631 240 52 22 med
702 240 114 28 1,000,000
833 240 65 21 mark
915 240 41 21 och
971 239 36 22 för

248 273 122 29 byggande
394 274 22 22 af
438 282 28 14 en
484 274 96 29 järnväg
599 274 50 22 frän
666 275 103 21 Joensuu
788 274 36 22 till
842 274 97 22 Nurmes
953 274 53 21 med

247 307 115 28 2,000,000
377 309 70 27 mark,
463 308 126 29 hvarjemte
605 309 35 21 för
657 309 142 21 bestridande
816 309 22 21 af
853 308 151 22 kostnaderna

247 342 36 21 för
312 343 71 21 under
405 343 182 28 finansperioden
610 343 185 21 förekommande
816 343 189 28 järnvägsunder-

247 377 125 29 sökningar
387 378 73 20 skulle
478 378 73 21 anslås
567 380 33 19 ett
616 378 83 28 belopp
716 378 22 21 af
754 377 93 28 100,000
861 378 70 20 mark.

316 412 114 28 Slutligen
450 412 64 22 torde
529 412 8 21 i
552 412 164 28 kapitalrabatt
735 412 41 21 och
793 412 163 21 omkostnader
971 412 35 20 för

247 445 39 21 det
305 446 38 21 lån
362 446 22 21 af
402 447 112 20 nominelt
532 447 28 20 50
578 447 54 28 milj.
651 447 70 26 mark,
738 454 48 14 som
802 445 111 22 härofvan
928 445 77 22 blifvit

247 480 140 27 ommämndt,
404 481 55 21 böra
475 481 74 21 ansläs
564 481 115 27 4,100,000
693 481 70 21 mark.

315 514 106 22 Fondens
441 523 15 13 s.
475 515 21 21 k.
516 515 174 22 extraordinarie
708 515 97 28 utgifter
823 515 90 20 komme
932 514 71 27 enligt

246 548 164 22 ofvanstäende
427 553 33 18 att
476 552 76 26 uppgå
570 550 33 21 till
620 550 129 21 41.836.000
765 549 69 22 mark.

350 653 290 27 Komimunikationstoundens
656 653 109 22 ordinarie
780 653 124 21 inkomster:

314 721 224 30 Statsjärnvägamas
554 723 130 20 trafikvinst
699 723 58 21 hade
773 723 35 20 för
821 721 180 29 finansperioden

245 755 143 22 1901—1904
411 757 120 20 beräknats
555 757 34 20 till
615 757 3 20 i
643 757 106 21 medeltal
773 757 64 26 28%
854 756 23 21 af
891 756 112 21 bruttoin-

244 790 110 26 komsten.
371 798 52 13 men
438 791 41 21 har
494 791 6 20 i
517 791 81 28 sjelfva
613 791 79 21 verket
708 791 72 21 under
795 791 53 20 åren
861 790 142 21 1901-1903

243 824 87 28 utgjort
350 825 79 21 endast
447 833 56 20 resp.
520 826 33 26 18,
573 826 27 20 15
616 826 40 21 och
681 826 62 26 19%
760 825 22 21 af
798 825 135 21 densamma.
966 825 37 20 Då

243 858 75 21 denna
340 859 212 29 beräkningsgrund
571 860 95 21 sälunda
691 860 56 21 visat
776 860 36 27 sig
838 859 102 21 ohällbar
962 859 41 20 har

243 892 35 21 för
302 893 180 22 bestämmandet
500 894 22 21 af
540 894 43 21 den
602 895 118 20 sannolika
736 894 157 21 nettovinsten
909 893 40 21 här
965 901 37 13 ne-

242 927 44 20 dan
303 927 59 28 lagts
373 928 36 20 till
422 928 75 28 grund
508 929 117 21 skilnaden
636 929 84 21 mellan
730 929 43 20 den
786 928 119 21 sannolika
916 928 86 21 brutto-

244 961 128 21 inkomstan
385 962 41 21 och
438 963 178 27 bruttoutgiften
627 963 71 20 under
710 963 53 20 åren
775 962 149 27 1905—-1907,
936 962 65 21 hvar-

243 994 38 21 vid
297 996 62 20 säväl
375 996 100 21 inkomst
491 1004 47 14 som
554 996 71 28 utgift
640 997 140 28 kalkylerats
797 996 108 21 särskildt
920 996 35 21 för
966 996 35 28 sig

244 1029 50 21 med
311 1030 93 28 ledning
420 1030 24 22 af
453 1031 206 28 medelstegringen
668 1031 36 21 för
712 1031 116 21 desamma
835 1030 73 22 under
915 1030 86 22 nästfö-

244 1064 110 27 regäende
370 1064 51 28 fyra
432 1066 36 20 års
483 1065 83 27 period.
592 1065 214 21 Bruttoinkomsten
824 1064 105 29 utgjorde
946 1065 6 20 i
969 1065 32 21 af-

244 1098 100 21 rundade
360 1099 32 21 tal
404 1100 24 20 är
440 1100 53 20 1901
506 1112 26 2 —
543 1100 129 26 26,600,000
683 1100 70 26 mark,
766 1100 56 20 1902
835 1112 26 2 —
872 1099 130 27 26,900,000

243 1132 70 22 mark,
326 1132 56 22 1903
394 1146 26 2 -—
431 1134 129 26 30,100.000
570 1134 63 20 mark
642 1137 59 18 samt
709 1134 65 21 torde
783 1134 35 20 för
826 1134 25 20 är
860 1133 55 21 1904
923 1134 78 20 kunna

242 1167 76 21 anslås
333 1167 35 21 till
385 1168 129 26 31,500,000
530 1168 69 21 mark.
630 1168 138 28 Stegringen
792 1170 70 26 utgör
876 1168 6 20 i
894 1168 105 20 medeltal

244 1201 112 27 1.600,000
364 1202 65 20 mark
438 1202 41 21 och
488 1202 62 21 torde
559 1202 206 22 bruttoinkomsten
774 1202 61 28 förty
842 1202 77 21 kunna
927 1202 74 21 anslås

242 1235 36 21 till
294 1236 130 26 33,100.000
439 1236 63 21 mark
518 1238 24 19 är
558 1237 60 20 1905.
635 1237 130 27 34,700,000
780 1237 65 21 mark
857 1237 24 20 är
892 1236 55 21 1906
959 1237 41 20 och

241 1270 130 26 36,300.000
393 1271 65 21 mark
481 1272 23 19 är
527 1271 61 21 1907.
618 1271 71 21 Drift-
712 1271 41 21 och
777 1271 224 21 underhällskostna-

241 1304 71 21 derna
338 1305 106 28 utgjorde
470 1305 6 21 i
500 1305 71 21 runda
597 1306 31 20 tal
651 1306 131 27 21,800.000
804 1305 63 21 mark
891 1306 24 20 år
938 1305 61 27 1901,

240 1338 132 28 22,900,000
395 1340 64 20 mark
482 1342 24 18 är
528 1340 62 21 1902,
614 1340 128 27 24,500,000
760 1340 65 20 mark
844 1340 24 20 år
888 1339 54 21 1903
958 1340 42 20 och

240 1373 64 21 torde
327 1374 76 28 uppgä
429 1374 33 20 till
482 1374 130 27 27,100,000
626 1375 64 21 mark
706 1375 24 20 är
746 1374 62 21 1904.
838 1374 139 28 Stegringen
993 1374 5 20 i

239 1406 211 23 driftkostnadema
474 1411 42 25 gör
534 1409 6 19 i
560 1409 104 21 medeltal
689 1408 97 22 sålunda
805 1408 113 22 1.700,000
937 1409 61 20 mark
