1109 1756
270 140 14 19 6
389 154 2 2 S
471 137 24 24 U.
511 138 24 23 B.
552 150 29 9 —
597 138 65 28 Prop.
679 137 38 24 N:o
734 138 30 22 18.

240 209 31 16 en
287 209 84 22 genom
388 203 150 29 Rautalampi
554 203 90 29 dragen
656 203 63 23 bana
730 202 179 29 otvifvelaktigt
919 202 77 23 skulle

240 238 123 29 tillgodose
387 240 34 21 ett.
444 245 66 16 mera
534 238 140 23 utveckladt
697 238 298 23 kommunikationsbehof.

240 274 35 23 På
290 274 55 23 ved-
369 275 42 22 och
436 274 131 30 stockskog
589 275 80 22 finnes
693 274 46 29 god
755 273 103 30 tillgång
872 274 40 23 vid
929 274 68 23 hvar-

241 309 57 24 dera
320 310 116 28 banorna;
461 310 118 23 särskilda
603 310 76 23 forsar
702 310 81 23 finnas
807 310 78 27 äfven,
901 317 56 16 men
973 310 25 23 af

241 345 71 24 dessa
335 346 96 23 komma
452 346 29 23 de
503 347 74 22 större
593 346 44 23 och
653 353 66 16 mera
735 345 137 30 betydande
887 348 110 21 närmare

241 381 107 24 Suolahti
362 373 161 43 —-Suonnejoki
551 382 88 23 banan.
671 377 78 28 Äfven
773 383 8 22 i
805 383 34 22 ett
867 383 73 22 annat
964 381 32 23 af-

242 417 87 23 seende
345 425 56 22 eger
424 418 77 29 sagda
524 418 63 23 bana
603 419 34 22 ett
652 418 89 29 viktigt
757 417 124 24 företräde.
913 417 83 23 Medan

243 453 28 23 de
292 453 24 23 af
338 453 148 30 Jyväskylä
501 453 154 24 Pieksämäki
676 454 81 23 banan
781 453 100 24 berörda
904 454 94 29 sjöarna

243 491 40 21 äro
296 489 175 30 jämförelsevis
495 490 52 23 smä
571 490 45 23 och
631 491 59 22 utan
707 489 122 30 synnerlig
845 489 79 27 trafik,
942 489 56 22 skär

243 525 106 23 däremot
375 525 283 30 Suolahti-Suonnejoki
683 525 82 24 banan
790 525 135 23 Konnevesi
948 525 49 22 vid-

243 561 107 23 sträckta
373 563 81 22 vatten
477 561 41 23 vid
541 561 125 23 Kivisalmi
689 568 51 16 som
765 561 94 23 förenar
881 561 49 22 öfre
954 561 42 22 och

242 596 73 23 nedre
331 597 141 28 Konnevesi,
489 597 44 23 och
548 597 99 30 bringar
658 597 139 30 därigenom
812 597 185 30 vidtutgrenade

244 633 54 22 med
313 633 164 30 regelbunden
491 633 312 30 ängbätskommunikation
814 632 109 24 försedda
935 633 63 29 sjöar

243 669 8 22 i
267 669 142 23 förbindelse
432 669 55 23 med
508 670 140 29 järnvägen.
681 669 83 23 Säsom
788 669 35 22 uti
843 668 47 24 den
906 668 92 29 Nädiga

243 705 174 29 propositionen
433 705 107 30 utförligt
550 705 145 28 framhälles,
707 705 77 23 skulle
795 705 47 22 den
853 705 70 28 länge
935 704 63 23 sväf-

243 741 78 22 vande
337 741 85 29 frägan
439 747 38 17 om
490 741 164 29 kanalisering
665 741 25 22 af
700 741 29 22 de
741 740 78 23 härtill
831 740 167 30 angränsande

244 777 172 29 vattendragen
432 777 44 23 och
492 777 113 23 särskildt
621 777 26 23 af
662 778 69 22 näset
746 777 104 23 emellan
865 777 133 23 Konnevesi

245 812 44 23 och
304 813 90 23 Keitele
408 820 85 23 genom
511 813 79 23 denna
607 812 162 30 banbyggnad
780 813 97 23 komma
889 814 34 21 att
936 812 62 23 brin-

245 855 44 22 gas
306 849 34 22 till
357 856 29 16 en
402 849 105 29 naturlig
524 849 139 29 afslutning.

317 885 53 23 Med
387 885 96 23 hänsikt
501 885 32 23 till
551 885 71 23 dessa
637 884 206 30 omständigheter
859 884 43 23 och
918 884 30 22 dä
960 884 38 22 ba-

245 927 49 16 nan
310 920 53 24 frän
388 921 107 23 Suolahti
516 921 33 23 till
567 920 147 30 Suonnejoki
730 923 27 20 är
772 920 46 23 den
834 920 106 23 kortaste
956 920 41 22 och

242 956 92 29 jämväl
360 956 117 30 billigaste
504 956 211 30 föreningslänken
743 956 102 23 emellan
869 956 131 29 Jyväskylä

245 992 44 22 och
311 992 115 23 Savolaks
451 992 111 28 banorna,
585 992 43 23 har
649 992 122 23 Utskottet
790 992 79 22 funnit
890 992 38 28 sig
944 991 56 23 böra

246 1028 119 29 tillstyrka
387 1028 134 23 utförandet
545 1028 25 23 af
590 1028 79 23 denna
687 1029 111 28 järnväg,
818 1028 97 22 hvarom
932 1027 67 23 Stän-

245 1064 75 22 derna
336 1064 71 23 äfven
423 1064 100 30 tidigare
539 1065 156 29 petitionerat.
720 1063 153 23 Beträffande
889 1062 110 30 tidpunk-

246 1101 40 21 ten
310 1100 36 22 för
371 1100 93 23 banans
490 1100 127 29 byggande
643 1100 44 22 har
704 1099 122 23 Utskottet
852 1099 63 23 velat
942 1098 58 23 före-

246 1135 35 23 slå
297 1137 42 26 att,
349 1136 151 22 alldenstund
515 1136 36 22 för
567 1135 149 23 närvarande
733 1135 85 23 endast
834 1142 29 16 en
878 1134 121 30 banbygg-

246 1171 48 23 nad
310 1174 27 20 är
352 1172 75 22 under
449 1172 125 22 utförande
598 1172 43 22 och
663 1171 152 29 erforderliga
831 1170 170 23 ledarekrafter

247 1207 65 23 torde
336 1207 79 23 finnas
439 1207 139 30 disponibla,
602 1207 81 23 banan
707 1206 145 24 omedelbart
872 1206 74 23 måtte
963 1206 37 22 be-

247 1242 84 30 läggas
355 1243 55 23 med
433 1243 90 28 arbete;
544 1243 44 23 och
605 1243 30 23 då
651 1242 228 30 byggnadsarbetet,
895 1248 51 16 som
964 1242 36 22 be-

246 1278 100 23 räknats
362 1280 57 28 taga
435 1286 30 16 en
481 1279 34 23 tid
531 1279 25 23 af
572 1279 51 29 21/,
639 1279 26 22 år
681 1280 8 21 i
705 1278 111 30 anspråk,
833 1278 49 22 kan
898 1278 49 22 helt
958 1277 42 23 och

247 1314 74 23 hållet
344 1314 56 23 eller
424 1315 143 23 åtminstone
589 1315 34 22 till
641 1316 36 21 sin
693 1314 131 23 hufvuddel
841 1314 111 22 slutföras
968 1314 32 22 in-

247 1356 49 16 nan
319 1350 162 24 innevarande
505 1350 174 30 finansperiods
701 1350 99 29 utgång,
822 1350 43 22 har
881 1348 121 24 Utskottet

248 1387 79 21 ansett
343 1386 96 30 skäligt,
457 1388 34 22 att
506 1386 54 23 hela
575 1386 41 23 det
631 1386 36 23 för
685 1385 192 29 banbyggnaden
889 1384 112 24 erforder-

247 1421 50 29 liga
315 1422 114 30 beloppet,
447 1426 12 20 6
468 1424 29 27 1/,
513 1422 57 30 milj.
587 1422 76 28 mark,
680 1422 73 23 måtte
769 1421 73 23 redan
854 1427 33 17 nu
899 1420 24 23 af
934 1420 67 23 Stän-

248 1457 75 24 derna
339 1459 102 22 anvisas.

321 1506 187 24 Järnvägsutskottets
520 1507 111 18 betänkande
643 1506 34 18 N:o
691 1507 15 17 1.
