1106 1750
358 131 24 23 U.
399 130 23 23 B.
438 144 30 2 —
484 131 64 28 Prop.
565 131 38 23 N:o
620 130 30 24 18.
826 133 25 19 11

128 196 158 29 komplettera
302 195 140 24 hvarandra.
462 196 72 22 Detta
549 195 49 23 kan
614 195 114 23 särskildt
744 201 71 16 anses
826 201 56 16 vara

129 231 68 23 fallet
212 232 9 22 i
235 231 53 23 vårt
303 231 110 30 nordliga
428 231 56 23 land
500 231 45 23 och
558 231 54 23 icke
623 231 78 22 minst
707 231 35 22 uti
753 237 33 16 nu
797 230 85 29 ifräga-

129 267 105 23 varande
258 267 48 28 fall
329 267 31 23 dä
383 267 76 22 kändt
483 269 32 25 är,
532 268 35 21 att
583 266 158 24 folktätheten
765 269 26 20 är
812 267 71 22 störst

129 302 68 23 invid
212 303 174 30 vattendragen
410 303 45 22 och
471 303 42 22 där
529 303 71 22 äfven
615 302 132 23 förefinnas
763 301 119 24 förutsätt-

130 339 86 29 ningar
240 339 35 22 för
299 338 109 30 stigande
428 339 82 29 odling
524 339 44 23 och
584 338 222 23 framåtskridande.
838 337 46 23 Det

130 374 42 23 bör
187 374 81 23 vidare
285 375 100 27 anföras,
395 376 36 21 att
445 375 9 22 i
465 375 70 22 Pielis
547 374 33 23 älf
591 374 148 23 förekomma
749 374 53 29 fyra
810 375 73 22 större

132 410 75 23 försar
223 410 54 23 med
293 410 179 29 sammanlagdt
487 417 19 16 c.
525 414 79 24 11,000
621 409 151 28 hästkrafter,
789 409 43 24 och
844 416 40 16 an-

131 446 88 29 tagligt
241 449 33 24 är,
292 447 34 22 att
349 446 70 23 dessa
444 446 74 23 blifva
533 447 8 22 i
557 446 73 29 högre
646 445 58 30 grad
721 448 29 21 än
767 445 117 24 härintills

132 483 75 28 tagna
229 483 9 22 i
261 482 130 23 industrins
415 483 82 29 tjänst,
521 483 27 22 så
572 483 67 22 snart
659 488 29 17 en
712 481 25 24 af
753 481 132 23 årstiderna

132 518 132 23 oberoende
286 518 259 23 kommunikationsled
561 518 36 23 för
612 524 113 17 varornas
741 519 35 21 ut-
793 517 44 23 och
852 517 33 22 in-

133 554 70 23 försel
220 554 105 23 erhålles.
350 553 81 24 Andra
447 554 132 23 värdefulla
590 554 76 23 forsar
676 553 78 23 finnas
765 554 36 22 uti
811 553 74 23 Koida

134 590 44 23 älfs
202 590 71 23 nedre
297 590 43 23 och
364 590 121 24 mellersta
507 590 54 30 lopp
585 590 55 23 med
664 589 178 30 sammanlagdt
865 596 20 16 c.

132 630 82 24 20,000
231 626 150 28 hästkrafter,
393 626 44 23 och
454 626 76 23 skulle
547 626 75 29 enligt
638 626 31 22 all
685 625 158 27 sannolikhet,
860 625 27 22 så

132 664 67 21 snart
216 662 39 23 vid
271 669 29 16 en
317 662 56 23 eller
388 662 59 23 flere
465 662 24 23 af
504 662 70 23 dessa
590 662 76 23 forsar
676 668 66 16 mera
752 660 134 30 betydande

132 697 150 24 industriella
305 697 58 24 verk
387 698 122 29 uppstode,
534 705 30 16 en
587 697 53 23 från
656 697 96 23 trakten
768 697 24 23 af
809 697 77 23 Uima-

136 734 69 29 harju
221 733 119 30 utgående
355 733 76 30 några
446 733 125 24 kilometer
594 733 58 30 lång
667 733 89 23 bibana
772 733 115 29 anläggas

134 776 88 23 genom
247 769 104 24 enskildt
374 770 111 27 initiativ,
501 769 31 30 pä
555 776 94 16 samma
672 770 48 22 sätt
736 775 50 17 som
803 767 85 24 sådant

135 805 66 24 skett
217 805 39 23 vid
272 806 56 22 flere
345 807 64 22 stora
425 805 62 23 bruk
502 806 9 22 i
528 805 74 24 andra
618 805 65 22 delar
699 805 25 22 af
739 804 87 23 landet.

207 841 44 23 För
275 842 35 22 att
333 841 106 23 undvika
463 841 47 23 den
534 847 84 24 genom
638 842 86 28 ytterst
739 841 63 29 glest
817 840 70 23 befol-

135 877 62 23 kade
213 877 44 23 och
273 877 75 30 karga
363 877 92 23 trakter
469 877 92 30 gående
572 877 113 23 sträckan
696 876 54 23 från
760 875 128 30 Lylykoski

135 913 35 23 till
186 913 86 23 Lieksa
289 914 13 22 å
317 913 47 23 den
388 913 54 23 från
458 913 104 23 Värtsilä
578 912 144 23 undersökta
737 912 74 30 linjen
828 912 61 22 samt

135 949 77 23 tillika
235 950 50 22 föra
310 949 78 23 banan
412 951 110 21 närmare
546 949 30 22 de
597 950 64 21 stora
677 948 107 23 forsarna
799 947 90 24 Pamilo

138 985 44 23 och
197 985 122 23 Kuusamo
335 986 8 21 i
359 985 74 23 Koida
457 985 45 22 älfs
526 985 73 22 nedre
622 984 44 28 del,
688 984 72 23 hafva
775 983 114 30 föresprå-

137 1021 76 23 karne
230 1021 36 23 för
281 1021 104 23 Värtsilä
402 1021 151 22 alternativet
569 1020 69 23 tänkt
654 1021 37 28 sig
706 1020 74 30 linjen
797 1019 92 23 föränd-

136 1057 44 22 rad
196 1057 107 27 sålunda,
329 1058 34 21 att
387 1057 47 22 den
450 1057 7 22 i
474 1057 116 22 närheten
609 1056 24 23 af
650 1055 149 30 Mäntykoski
815 1055 75 22 skulle

135 1093 99 29 öfvergå
251 1093 74 23 Koida
341 1093 32 22 älf
389 1092 45 23 och
451 1092 73 29 därpå
544 1093 57 28 följa
617 1092 91 22 dennas
724 1098 69 16 norra
809 1091 82 22 strand

137 1128 36 23 för
199 1130 36 21 att
259 1128 40 23 vid
321 1128 141 30 Uimaharju
489 1127 169 24 sammanfalla
683 1127 55 23 med
764 1127 46 23 den
839 1126 53 23 från

137 1164 106 23 Joensuu
269 1164 118 30 utgående
414 1164 83 30 linjen.
535 1164 53 23 Den
614 1163 102 24 sålunda
741 1162 150 30 korrigerade

137 1201 75 30 linjen
235 1201 55 22 från
313 1200 104 23 Värtsilä
441 1207 85 22 genom
551 1200 119 28 Ilomants,
692 1199 141 29 Uimaharju
849 1198 42 23 och

137 1237 87 22 Lieksa
241 1237 35 22 till
291 1237 108 27 Nurmes,
411 1236 71 23 hvars
494 1236 53 23 från
556 1236 40 23 det
604 1235 168 30 ursprungliga
780 1234 113 29 förslaget

139 1272 128 23 afvikande
292 1272 142 29 sträckning
459 1272 53 23 icke
534 1271 78 24 blifvit
628 1271 30 30 pä
673 1271 69 23 fältet
757 1270 135 27 undersökt,

139 1308 99 23 erhåller
247 1315 28 16 en
284 1308 73 29 längd
368 1308 25 23 af
401 1315 19 16 c.
429 1311 45 20 218
483 1308 124 22 kilometer
615 1307 44 23 och
665 1307 56 26 kan,
730 1307 60 22 efter
801 1312 92 17 samma

139 1344 133 29 enhetspris
295 1351 41 22 per
360 1344 175 23 bankilometer
556 1350 51 16 som
624 1343 74 29 gäller
713 1342 35 23 för
764 1342 29 23 de
808 1341 85 24 under-

138 1380 71 23 sökta
226 1380 103 27 delarna,
346 1379 121 24 beräknas
483 1379 69 23 kosta
568 1386 18 15 c.
606 1382 130 24 16,190,000
752 1377 76 24 mark.
860 1377 35 22 Dä

140 1416 45 23 den
203 1415 51 24 frän
280 1415 106 24 Joensuu
410 1415 121 29 utgäende
552 1415 73 29 linjen
641 1415 8 22 i
666 1415 37 22 sin
719 1413 80 23 helhet
814 1413 81 23 kostar

142 1455 132 24 12,050,000
298 1451 75 27 mark,
395 1453 26 20 är
438 1451 127 23 skilnaden
581 1450 87 23 mellan
684 1449 160 23 kostnaderna
860 1448 35 23 för

211 1499 191 23 Järnvägsutskottets
414 1499 112 18 betänkande
539 1499 34 18 N:o
588 1499 14 17 1.
