1106 1753
444 125 41 20 N:o
501 125 27 21 27
827 126 13 19 3

112 195 89 25 utgäng
224 192 73 28 enligt
319 192 141 22 förestående
483 193 62 21 tablå
564 202 15 12 s.
595 193 21 21 k.
631 193 142 21 reserverade
790 193 80 27 anslag

113 226 19 21 d.
148 234 20 14 v.
185 234 16 13 s.
219 227 197 28 anslagssummor,
436 227 78 21 hvilka
532 228 69 20 redan
618 227 76 21 blifvit
710 228 72 20 såsom
800 226 70 29 utgif-

113 264 34 17 ter
163 261 4 20 i
184 261 85 21 fonden
291 261 117 27 bokförda,
432 261 71 21 ehuru
521 262 115 20 desamma
651 262 39 20 vid
706 262 59 20 årets
780 262 90 27 utgång

113 298 61 18 ännu
191 295 48 23 icke
255 295 76 21 blifvit
346 296 35 20 för
396 296 27 20 de
438 296 53 20 med
506 296 52 21 dem
573 296 93 21 afsedda
682 296 134 20 ändamålen
832 302 39 14 an-

113 329 80 27 vända,
217 330 36 20 till
274 330 84 27 belopp
381 330 23 21 af
426 330 114 27 7,000,000
562 330 64 21 mark
649 330 117 21 äfvensom
782 330 89 20 diverse

113 363 125 22 kreditorer
253 364 42 21 och
310 363 154 29 utgiftsrester
479 371 37 14 om
532 364 114 27 1,300,000
661 365 70 20 mark.
742 364 52 21 Alla
806 364 65 21 dessa

113 400 77 25 poster
208 398 91 21 komma
317 399 125 20 emellertid
459 399 37 20 vid
512 399 56 20 1904
584 400 35 19 ärs
635 399 88 27 utgång
739 401 34 18 att
790 399 79 26 belöpa

113 431 35 29 sig
172 432 36 21 till
226 432 80 21 endast
321 433 59 20 circa
395 433 27 20 15
431 435 27 24 1/,
473 433 106 28 miljoner
594 433 70 27 mark,
680 433 89 21 hvadan
786 432 83 21 fonden

113 466 39 21 vid
167 467 193 28 finansperiodens
375 468 89 27 utgång
479 470 62 18 utom
559 467 169 21 oivannämnda
744 467 35 20 län
796 467 76 21 häitar

115 501 34 20 till
175 501 69 21 andra
270 501 79 22 fonder
374 501 35 22 för
431 509 27 14 en
482 501 125 22 sväfvande
630 501 67 22 skuld
720 501 22 21 af
764 501 107 29 omkring

113 535 115 28 2,000,000
249 536 69 21 mark.
348 537 36 20 Dä
406 536 72 21 likväl
496 544 28 13 en
543 536 110 28 ställning
669 543 48 14 som
733 536 43 21 den
792 536 79 21 ofvan-

114 569 113 22 skildrade
250 570 7 21 i
280 570 100 29 längden
402 574 25 18 är
450 571 108 27 ohållbar,
578 571 40 20 har
634 570 38 21 det
687 574 86 17 ansetts
788 571 84 28 nödigt

114 605 34 19 att
162 604 306 22 kommunikationsfondens
484 605 87 28 budget
582 605 35 21 för
625 605 181 28 finansperioden
815 605 56 21 1905

115 638 83 22 --1907
208 639 77 21 ställes
294 640 30 26 sä,
334 642 34 18 att
376 639 96 21 fondens
483 642 52 26 eget
544 639 106 21 behällna
658 639 85 28 kapital
752 639 40 21 vid
799 639 72 28 perio-

114 673 55 20 dens
184 674 95 28 utgång,
296 673 70 22 ökadt
376 674 52 21 med
439 674 62 21 lånet
511 673 50 22 från
573 673 299 28 lagmanstingsgästnings-

113 706 91 28 fonden,
222 714 46 14 som
285 708 126 21 tillsvidare
425 708 77 21 kunde
516 708 95 27 innestå,
624 708 106 20 betäcker
740 708 131 20 förberörda

114 741 34 20 uti
162 741 163 29 järnvägarnas
341 742 147 28 hushållning
504 742 103 28 ständigt
620 742 92 21 bundna
722 742 149 28 placeringar,

113 775 155 22 hvarförutom
288 779 86 19 ansetts
392 777 103 28 önskligt
510 780 34 18 att
559 776 84 22 fonden
659 776 39 21 vid
714 777 54 21 1907
784 778 36 20 års
836 780 35 18 ut-

114 810 62 28 gång
199 810 57 28 egde
279 811 127 27 disponibla
429 812 125 28 tillgångar
572 811 36 21 till
624 812 24 20 sä
666 813 56 19 stort
737 811 84 28 belopp
837 814 33 18 att

114 844 27 20 de
157 844 77 28 banor,
250 852 36 14 om
303 845 88 22 hvilkas
403 846 143 28 beläggande
557 845 52 21 med
620 846 75 21 arbete
706 846 72 20 under
787 846 84 28 ifråga-

115 879 97 21 varande
232 880 78 26 period
328 880 95 21 särskild
447 880 70 28 nådig
535 880 141 28 proposition
692 880 34 21 till
744 880 126 21 Ständerna

114 913 91 29 aflåtits,
224 914 75 21 kunde
316 914 50 21 med
381 914 65 22 dessa
461 914 125 29 tillgångar
601 914 130 22 fullbordas.
761 914 110 22 Kommu-

112 948 213 22 nikationsfondens
336 949 95 28 utgifter
441 949 43 21 och
495 949 125 21 inkomster
634 949 71 21 under
719 949 152 22 instundande

114 982 158 28 finansperiod,
284 983 140 21 omfattande
436 986 51 18 ären
499 984 147 26 1905--1907,
658 983 90 21 komma
760 986 32 18 att
804 984 65 21 ställa

114 1017 36 28 sig
165 1024 49 14 som
224 1017 74 28 följer:

227 1126 292 27 Kommunikationsfondens
534 1127 109 21 ordinarie
660 1127 98 28 utgifter:

182 1189 158 22 Annuiteterna
354 1189 69 28 jemte
441 1190 221 28 bankirprovisioner
677 1190 41 21 och
730 1190 72 28 öfriga
813 1190 58 21 min-

114 1223 38 21 dre
175 1223 123 21 kostnader
316 1226 12 18 å
346 1224 28 21 de
389 1224 141 28 förefintliga
551 1224 174 28 järnvägslånen
742 1225 77 27 uppgå
835 1224 36 21 till

114 1258 106 28 omkring
242 1258 114 28 6,250,000
378 1259 64 20 mark
465 1259 88 28 ärligen
576 1259 55 21 eller
654 1258 166 28 sammanlagdt
836 1258 35 22 för

114 1292 179 28 treärsperioden
317 1293 127 27 18,750,000
459 1294 70 20 mark.
559 1294 35 20 Då
610 1292 132 28 emellertid,
758 1293 74 21 såsom
849 1293 22 20 af

114 1326 38 21 det
174 1326 101 29 följande
292 1330 102 19 närmare
414 1328 106 28 framgår,
540 1332 34 16 att
592 1330 52 26 nytt
666 1327 94 21 statslån
779 1334 36 14 om
831 1334 40 14 no-

114 1362 80 22 minelt
212 1362 59 22 circa
286 1362 129 28 50,000,000
430 1362 65 21 mark
511 1362 63 21 torde
590 1362 72 21 blifva
676 1361 72 21 under
762 1361 109 27 perioden

114 1396 149 29 erforderligt,
279 1398 41 20 bör
336 1396 169 22 öfvannämnda
516 1397 84 28 belopp
610 1396 55 21 ökas
676 1396 51 21 med
738 1396 132 21 annuiteten

114 1432 11 19 å
142 1431 38 20 det
198 1438 44 21 nya
262 1432 67 20 lånet.
359 1431 50 21 Med
429 1439 25 12 en
475 1431 99 21 räntefot
594 1430 25 21 af
631 1431 55 27 4%/,
703 1430 87 21 hvilket
806 1429 64 22 torde
