1100 1750
418 132 57 24 N:o
491 132 45 22 20

305 435 75 26 Hans
399 435 180 34 Kejserliga
597 434 154 34 Majestäts
768 434 87 33 nädiga

236 482 149 33 proposition
412 481 40 26 till
479 481 108 26 Finlands
614 481 99 25 Ständer
734 480 121 34 angäende

237 528 125 25 anvisande
382 528 27 25 af
424 528 76 26 medel
518 528 40 25 till
575 527 151 26 bestridande
741 527 27 25 af
777 527 77 25 landt-

238 573 194 34 dagskostnader,

169 643 43 21 Vid
237 644 54 20 1897
314 645 35 19 års
373 644 110 27 landtdag
502 643 57 21 hade
583 642 124 22 Ständerna
725 643 33 20 till
776 643 79 21 bestri-

99 678 72 21 dande
187 679 23 20 af
229 678 28 20 de
275 678 33 21 uti
328 681 13 22 $
359 678 29 20 82
404 678 22 21 af
441 677 260 29 Landtdagsordningen
718 676 137 22 omnämnda

99 713 112 21 allmänna
236 713 95 27 utgifter
353 712 35 21 för
414 712 137 28 landtdagen
571 713 24 20 år
614 712 57 21 1900
688 712 115 20 äfvensom
821 711 35 21 för

98 747 82 21 vården
199 747 39 21 och
254 747 145 21 underhållet
414 747 72 21 under
502 746 193 28 budgetperioden
713 746 55 21 1898
777 759 14 2 --
800 746 55 21 1900

98 781 22 21 af
136 782 154 20 ständerhuset
313 786 56 16 samt
391 781 138 21 Ständernas
549 781 63 21 arkiv
631 781 40 21 och
687 781 111 21 bibliotek
816 788 38 13 an-

97 816 60 21 visat
181 824 26 12 en
225 823 88 13 summa
329 816 22 20 af
366 816 94 26 440,000
474 816 70 21 mark.
574 815 33 22 Af
621 816 61 20 detta
698 815 83 28 belopp
797 815 56 21 hade

98 850 127 22 Ständerna
242 850 107 21 beräknat
367 854 35 17 att
417 850 94 27 352.000
525 850 63 21 mark
605 850 72 21 skulle
692 850 55 28 ätgä
762 850 33 20 till
813 850 39 21 be-

98 884 115 22 stridande
239 884 24 21 af
283 884 27 22 de
334 885 114 21 allmänna
471 884 126 29 utgifterna
620 884 35 22 för
673 884 141 28 landtdagen
831 885 25 20 är

99 919 60 21 1900.
190 919 11 21 I
224 919 81 27 sjeltva
330 920 78 20 verket
427 919 57 21 hade
500 919 139 21 sistnämnda
657 919 95 27 utgifter
766 919 88 27 utgjort

97 953 92 27 332,232
205 954 64 20 mark
286 954 27 20 63
329 954 76 27 penni,
421 953 116 21 fördelade
554 954 29 27 pä
599 954 26 20 de
643 954 59 20 olika
718 953 136 21 ändamälen

98 988 71 20 säsom
187 988 94 27 bilagda
297 988 61 21 tablä
374 988 93 21 utvisar.

166 1022 36 21 Då
225 1022 126 21 emellertid
367 1022 127 21 Ständerna
511 1023 110 21 beräknat
636 1030 30 13 nu
684 1022 171 28 ifrågavarande

97 1056 122 21 kostnader
243 1057 35 20 för
299 1056 152 22 innevarande
475 1057 111 27 landtdag
609 1057 34 20 till
667 1056 94 28 405,000
782 1056 70 21 mark.

97 1090 64 22 torde
184 1091 47 21 skäl
256 1090 122 22 förefinnas
402 1096 32 16 att
458 1092 124 27 uppskatta
606 1098 85 14 samma
705 1091 96 27 utgifter
817 1090 36 22 för

98 1124 55 22 1907
169 1126 36 20 &rs
221 1125 153 21 ständermöte
391 1126 32 20 till
441 1126 94 27 420,000
551 1126 68 21 mark.

165 1160 160 21 Kostnaderna
345 1159 35 22 för
397 1160 81 21 värden
499 1160 40 21 och
556 1160 139 21 underhället
714 1160 25 21 af
753 1160 100 21 ständer-

96 1193 67 22 huset
179 1199 59 16 samt
253 1193 35 22 för
303 1194 85 21 värden
405 1195 41 20 och
462 1195 206 27 kompletteringen
683 1194 22 21 af
716 1194 137 21 Ständernas

97 1228 63 21 arkiv
177 1229 42 21 och
237 1229 117 21 bibliotek,
371 1229 77 21 hvilka
465 1229 24 21 af
505 1229 126 21 Ständerna
646 1229 35 20 för
691 1229 160 28 budgetperio-

96 1262 45 22 den
162 1263 142 21 1901—1904
326 1263 123 21 beräknats
472 1263 35 21 till
533 1264 92 26 127,500
646 1263 69 21 mark.
733 1263 67 21 hafva
817 1263 34 21 för

96 1297 53 21 åren
170 1297 149 27 1900—1903,
338 1297 36 21 för
392 1297 77 22 hvilka
487 1298 181 27 räkenskaperna
683 1297 66 21 redan
767 1301 38 17 äro
821 1297 35 21 af-

95 1331 89 21 slutade
213 1332 42 20 och
277 1331 70 21 bland
365 1331 78 21 hvilka
459 1332 66 28 ingär
541 1335 32 18 ett
589 1332 152 27 landtdagsär.
758 1332 99 27 uppgätt

95 1365 37 21 till
154 1366 81 21 inalles
261 1366 92 26 109,993
376 1366 64 21 mark
457 1366 28 21 66
501 1366 74 28 penni.
606 1366 64 21 Huru
693 1366 63 21 detta
773 1366 83 27 belopp

95 1399 98 22 fördelar
211 1400 36 27 sig
262 1400 30 28 pä
307 1400 27 20 de
351 1400 73 20 skilda
441 1401 53 19 åren
512 1401 40 21 och
569 1400 140 21 ändamälen.
721 1400 99 28 framgår
831 1398 28 22 af

95 1434 109 28 närlagda
221 1434 73 21 tablä.
