1106 1756
252 115 39 19 84"

250 179 51 21 från
318 179 159 29 befattningen
497 180 65 21 skild.
595 174 146 27 Öfverträder
760 178 119 29 försäljare
895 179 107 21 förbudet

250 215 8 21 i
275 217 28 19 23
319 214 21 29 $,
358 223 95 14 ansvare
469 216 45 21 han
531 215 77 22 därför
619 217 74 20 såsom
709 215 36 22 för
756 215 65 29 olaga
837 215 105 29 uppbörd
959 215 42 21 och

251 251 70 21 varde
338 251 68 21 äfven
422 252 8 20 i
447 252 62 21 detta
524 251 41 22 fall
581 251 51 22 från
649 251 158 29 befattningen
823 251 66 21 skild.

597 337 27 20 30
640 335 18 27 8.

323 388 65 22 Huru
405 389 44 21 den
466 389 57 21 skall
539 388 97 27 straffas,
653 396 56 18 som,
725 388 36 22 för
773 391 33 19 att
821 389 84 21 bereda
921 389 34 27 sig
972 388 29 22 el-

250 424 33 21 ler
300 432 76 13 annan
391 427 73 26 nytta,
489 425 53 21 eller
565 426 70 20 skada
659 432 82 19 annan,
767 424 100 29 eftergör
887 425 54 20 eller
956 424 43 21 för-

250 460 86 21 falskar
353 461 186 28 stämpelpapper
555 461 53 21 eller
631 461 185 28 stämpelmärke;
841 461 54 20 eller
911 463 40 26 gör
967 460 35 28 sig

251 496 53 21 eller
327 504 75 14 annan
425 497 183 28 förfalskningen
632 497 34 21 till
682 497 70 28 godo;
778 497 53 20 eller
848 499 40 26 gör
906 497 56 20 bruk
979 496 25 21 af

251 532 54 21 eller
321 535 69 19 sätter
406 533 7 21 i
430 533 93 29 omlopp
547 534 53 21 äkta
623 533 185 29 stämpelpapper
827 533 54 21 eller
897 532 104 29 stämpel-

250 568 85 27 märke,
353 576 48 14 som
416 569 85 22 honom
517 569 125 29 veterligen
658 570 70 21 redan
744 569 36 21 för
791 569 39 22 sitt
843 569 104 21 ändamål
964 576 37 14 an-

250 604 94 26 vändts;
361 605 60 25 eller,
437 605 36 21 för
490 607 32 20 att
538 605 83 22 bereda
637 606 35 28 sig
685 605 53 22 eller
749 613 76 13 annan
835 607 72 26 nytta,
919 612 82 21 genom

252 640 83 29 oriktig
350 641 94 28 uppgift
460 641 53 22 eller
530 644 68 19 annat
615 642 55 21 svek
691 641 160 28 undandrager
867 641 53 21 eller
936 641 66 21 söker

250 676 151 29 undandraga
416 677 88 22 kronan
520 677 166 29 stämpelskatt:
704 677 79 22 därom
795 676 63 29 skiljs
870 676 6 21 i
889 677 113 20 allmänna

251 712 145 29 Strafflagen.

597 782 26 19 31
641 779 19 28 8.

312 832 179 22 Vederbörande
507 833 105 28 åklagare
628 833 85 29 åligger
729 833 40 22 vid
785 832 168 29 tjensteansvar
969 835 32 19 att

251 869 30 27 på
297 868 39 21 det
351 871 169 26 noggrannaste
536 869 59 22 vaka
611 869 64 22 öfver
692 870 74 21 denna
777 868 146 29 förordnings
935 868 66 21 efter-

250 903 79 22 lefnad
345 905 42 20 och
404 904 162 23 öfverträdelse
583 905 68 22 däraf
664 905 98 28 lagligen
779 905 78 21 beifra.
1003 911 3 3 i

598 997 27 19 32
641 994 20 28 &.

322 1047 78 26 Böter,
417 1055 48 14 som
482 1048 71 28 enligt
569 1049 74 21 denna
658 1048 135 29 förordning
804 1049 99 25 ädömas,
913 1048 89 22 tillfalla

250 1082 94 22 kronan.

322 1118 87 22 Saknas
426 1119 97 29 tillgäng
533 1120 34 21 till
578 1120 105 22 böternas
695 1120 56 22 fulla
762 1120 121 28 gäldande,
894 1120 107 22 förvand-

250 1153 33 22 las
300 1154 28 21 de
345 1154 59 22 efter
420 1155 83 21 allmän
519 1155 114 29 Strafflag.

597 1230 27 19 33
640 1227 19 27 &.

321 1272 54 29 Ätal
391 1280 36 22 för
437 1280 62 22 brott
515 1283 61 19 emot
592 1282 74 21 denna
681 1282 136 28 förordning
833 1285 112 26 upptages
959 1283 42 21 och

250 1314 102 23 afdömes
370 1316 26 21 af
409 1316 44 21 den
477 1319 51 23 rätt,
550 1318 40 20 där
606 1317 83 22 brottet
705 1318 77 22 blifvit
798 1318 135 29 uppenbart,
949 1326 52 14 men

249 1351 120 28 uppdagas
394 1352 85 22 brottet
501 1353 39 21 vid
565 1354 141 21 embetsverk
723 1354 52 21 eller
793 1354 42 22 ock
851 1354 41 22 hos
908 1353 93 29 tjenste-

250 1394 60 18 man,
327 1394 48 14 som
392 1387 20 29 ej
431 1396 53 20 eger
500 1389 116 26 domsrätt,
641 1390 96 22 förvisas
756 1390 70 22 mälet
841 1390 34 21 till
891 1390 109 22 vederbö-

248 1423 71 21 rande
334 1424 172 22 underdomstol
517 1427 34 27 pä
567 1428 90 23 orten,
670 1428 33 19 att
714 1426 40 22 där
765 1426 26 22 af
801 1426 82 22 allmän
895 1426 106 29 äklagare

248 1458 94 22 utföras.
