1106 1753
281 128 13 20 2
586 129 41 22 N:o
644 130 27 21 18

249 196 53 21 med
317 196 28 22 de
360 197 23 21 af
397 197 145 28 majoriteten
559 198 41 21 vid
614 198 72 29 sagda
701 198 183 22 sammanträden
899 199 114 20 utttalade

251 231 179 28 önskningsmål.
449 232 52 21 Den
511 232 97 21 sålunda
617 230 143 31 uppgångna
770 233 72 28 linjen
851 233 75 28 utgår,
935 233 76 21 såsom

251 265 67 22 äfven
344 265 127 23 Ständerna
493 267 39 21 vid
556 267 58 21 1900
636 268 35 20 års
694 267 112 28 landtdag
828 267 107 28 förordat,
959 267 51 22 från

249 299 265 29 Jyväskylä—Suolahti
533 301 84 22 bandel
632 301 40 22 vid
688 302 68 21 Vatia
772 301 114 29 platform,
903 301 108 28 omkring

249 334 14 20 9
281 334 120 22 kilometer
424 335 103 21 söderom
548 335 107 22 Suolahti
674 336 85 21 station
780 336 43 21 och
838 336 8 21 i
861 336 110 21 närheten
986 336 26 21 af

248 368 243 29 utgreningspunkten
509 370 37 20 till
566 370 44 21 den
626 370 99 28 tidigare
740 371 142 27 uppgångna
897 378 112 13 samman-

251 402 199 29 bindningsbanan
466 404 36 21 till
518 404 148 28 Suonnejoki.
691 404 65 22 Efter
772 406 34 20 att
821 412 28 14 en
862 405 78 27 knapp
950 404 58 22 kilo-

248 439 72 19 meter
335 437 113 22 nedanom
459 439 148 27 Kapeakoski
617 439 29 21 ha
657 439 148 21 öfverskridit
815 439 39 21 det
863 439 144 28 vattendrag,

248 479 49 14 som
319 474 70 26 utgör
405 473 106 28 utloppet
529 473 37 21 för
584 473 91 21 Keitele
698 473 43 22 och
761 473 124 29 Saarijärvi
905 475 102 23 vattnen,

247 506 66 22 berör
328 506 72 28 linjen
414 507 106 22 Koivisto
531 508 31 28 by
574 508 42 21 och
626 508 118 21 fortsättes
755 508 74 21 söder-
841 508 42 21 och
893 510 112 19 vesterom

247 540 113 22 Niinivesi
382 541 37 22 till
441 542 107 21 Honkala
571 542 37 28 by,
632 542 107 28 öfvergår
756 542 180 28 Hietamakoski,
956 549 51 21 pas-

247 582 61 14 serar
323 577 62 19 strax
400 576 113 22 nedanom
528 577 124 21 Parantala
666 576 46 22 fors
725 576 42 22 och
778 576 118 22 fortsättes
907 578 100 20 österom

247 609 153 29 Summajärvi
416 611 37 21 till
469 611 124 28 Saarijärvi
608 611 111 28 kyrkoby,
736 611 66 21 berör
817 611 70 21 sedan
902 611 104 21 Kalmari

246 644 32 28 by
289 644 43 21 och
341 652 103 20 passerar
454 646 110 20 Karstula
574 645 106 29 kyrkoby
689 646 30 27 på
730 647 34 19 ett
774 644 91 22 afstånd
876 644 23 22 af
908 644 100 29 ungefär

246 679 13 20 3
279 678 126 33 kilometer,
428 679 67 22 berör
516 680 116 21 Kiiminki
650 680 110 28 jernbruk
777 680 43 21 och
835 680 42 27 går
891 682 114 18 vesterom

246 712 115 29 Kyyjärvi
376 713 36 21 till
427 713 111 22 närheten
554 713 22 22 af
591 713 74 22 Perho
681 714 79 28 kyrka,
780 714 39 21 der
837 714 45 21 den
899 713 107 28 öfvergär

245 747 74 22 Perho
343 748 18 21 å.
391 747 161 22 Fortsättande
572 749 8 20 i
598 749 112 20 närheten
732 749 23 20 af
778 748 141 28 landsvägen
937 748 67 27 längs

245 782 73 28 högra
340 782 107 21 stranden
471 782 22 21 af
515 783 143 21 sistnämnda
676 784 13 20 &
707 783 37 21 till
763 783 126 21 sockenrän
907 782 95 21 emellan

245 816 74 22 Perho
342 816 41 21 och
407 817 70 28 Vetil,
500 817 153 21 öfverskrider
671 817 73 29 linjen
762 817 127 21 sedermera
903 817 72 20 Halso
991 819 14 18 &

245 850 40 22 vid
299 851 86 21 Vallila
400 851 31 28 by
447 851 43 22 och
505 851 71 22 sedan
591 851 44 22 den
650 854 90 19 närmat
756 852 36 28 sig
802 851 63 22 Vetil
877 851 40 21 och
930 851 74 21 Kaus-

245 885 64 21 tinen
331 886 137 28 kyrkobyar,
491 885 35 22 för
550 886 70 21 andra
643 887 93 28 gången
758 886 74 21 Perho
851 887 19 26 å,
889 884 117 23 hvarefter

244 919 51 29 den,
314 920 125 22 berörande
454 921 124 28 vägkorset
594 921 97 21 emellan
706 921 142 28 landsvägen
863 919 50 22 frän
929 916 74 25 Saari-

243 954 59 27 järvi
318 954 37 21 till
371 955 194 28 Gamla-Karleby
576 955 40 21 och
629 955 44 21 den
683 955 51 21 frän
744 954 112 29 Terijärvi
866 954 137 21 kommande

243 991 76 26 vägen
334 988 117 22 fortsätter
466 989 60 22 förbi
540 989 132 22 Nedervetil
687 989 106 29 kyrkoby
809 989 40 22 och
866 988 90 22 förenar
966 988 38 27 sig

244 1023 52 21 med
316 1023 265 29 Seinäjoki-Uleäborg
600 1024 96 28 jernväg
717 1026 63 19 strax
799 1031 90 14 norrom
911 1023 91 21 Gamla-

243 1057 102 28 Karleby
361 1057 91 21 station.

311 1092 37 20 Dä
363 1091 40 21 vid
418 1092 178 21 sammanträdet
611 1092 8 21 i
635 1092 109 21 Karstula
761 1092 44 20 den
816 1090 186 23 ofvanbeskrifna

243 1126 163 28 sträckningen
428 1129 113 19 vesterom
564 1126 114 28 Kyyjärvi
698 1126 33 28 sjö
752 1126 23 21 af
794 1125 147 29 pluraliteten
956 1124 45 22 för-

242 1160 101 28 ordades,
366 1160 82 21 medan
467 1162 13 19 &
498 1160 178 22 sammanträdet
691 1161 8 20 i
714 1160 74 22 Perho
806 1161 47 20 äter
869 1160 81 27 ansägs
967 1161 34 19 att

242 1194 71 28 linjen
328 1194 70 22 borde
414 1194 81 28 dragas
511 1197 98 19 österom
620 1195 74 21 denna
705 1194 33 28 sjö
750 1194 43 22 och
803 1201 83 21 genom
897 1194 102 27 Humppi

243 1228 29 28 by
287 1228 36 22 för
338 1230 34 20 att
388 1229 95 21 sälunda
498 1230 72 27 nägot
584 1229 90 21 minska
688 1228 115 22 afständet
813 1228 50 21 frän
874 1228 126 28 jernvägen

241 1262 37 22 till
292 1263 121 28 Kivijärvi,
429 1264 113 28 uppgicks
558 1271 28 13 en
600 1264 90 20 variant
704 1264 9 20 i
728 1263 72 28 längd
815 1263 58 27 46,94
888 1263 45 27 km,
945 1262 55 21 ski!-

239 1297 69 28 jande
323 1298 36 28 sig
375 1297 51 22 frän
443 1298 44 21 den
504 1298 62 21 förut
583 1298 143 28 uppgängna
740 1297 74 28 linjen
828 1297 9 21 i
851 1296 108 22 närheten
977 1296 23 20 af

240 1332 45 21 den
299 1332 9 20 i
321 1332 104 21 Kalmari
435 1332 31 28 by
476 1332 130 28 föreslagna
615 1332 123 28 haltpunkt
755 1331 42 21 och
812 1331 88 28 gäende
915 1338 84 20 genom

239 1366 105 28 Humppi
366 1366 37 28 by,
427 1368 98 20 österom
548 1366 115 28 Kyyjärvi
683 1366 42 22 och
747 1365 124 22 förenande
891 1365 36 28 sig
946 1365 53 21 med

239 1400 45 21 den
308 1400 61 21 förra
394 1400 72 28 linjen
491 1401 97 20 emellan
611 1400 130 21 Lintulahti
764 1400 129 27 föreslagna
913 1399 86 21 station

240 1435 5 20 i
262 1434 131 22 Lintulahti
416 1435 31 28 by
470 1435 40 21 och
533 1435 135 28 Viitalampi
690 1434 109 28 platform
816 1434 9 21 i
842 1433 108 22 närheten
976 1433 24 20 af
