1106 1750
289 167 28 20 24
489 166 24 23 U.
530 166 22 23 B.
569 179 29 3 —
614 167 65 28 Prop.
696 166 37 24 N:o
751 165 29 25 18.

473 233 38 20 att
535 232 76 21 Hane
635 230 146 31 Kejserliga
805 231 122 30 Majestät
949 232 61 22 ville

403 267 40 22 till
468 267 148 23 Ständerna
641 267 86 23 aflåta
748 267 83 30 nådig
843 268 164 29 proposition

402 303 10 22 i
428 304 92 22 ämnet.

330 487 79 24 Ehuru
426 488 120 23 Utskottet
562 489 25 22 af
602 489 59 27 skäl,
679 495 50 16 som
745 489 35 22 uti
791 488 54 23 dess
857 487 150 24 betänkande

257 523 42 23 N:o
316 527 12 19 2
346 524 145 28 framhållas,
507 525 52 22 icke
577 526 78 22 ansett
671 525 82 29 nödigt
764 525 35 22 att
811 525 34 22 för
856 524 78 23 denna
943 525 64 28 gång

257 559 86 24 föreslå
367 561 186 23 verkställandet
578 561 24 23 af
625 562 76 28 några
724 561 183 23 instrumentala
921 561 83 23 under-

257 596 131 30 sökningar
404 597 23 22 af
442 604 47 22 nya
503 597 191 30 järnvägslinjer,
710 597 66 23 torde
792 597 60 23 dock
869 604 28 16 en
912 604 94 16 summa

258 632 55 23 böra
337 632 78 23 anslås
440 632 34 23 för
498 633 28 22 de
550 632 167 23 förberedande
736 633 104 27 arbeten,
857 640 50 15 som
925 634 81 21 kunna

256 667 175 30 ifrågakomma
453 669 74 22 under
551 668 46 23 den
623 669 99 29 löpande
746 669 189 29 finansperioden
951 675 54 16 vare

256 704 38 29 sig
310 704 35 23 för
361 704 88 23 sådana
466 705 209 29 kompletteringar
691 705 24 22 af
730 705 101 29 tidigare
847 705 160 29 ihopkommet

257 740 298 30 undersökningsmaterial
573 741 42 22 och
633 741 294 22 ekonomiskt-statistiska
945 740 61 28 data,

256 782 52 16 som
324 776 121 23 Utskottet
468 777 34 22 uti
525 777 55 22 dess
604 777 73 22 redan
701 777 130 29 åberopade
854 776 151 23 betänkande

256 812 54 23 med
328 812 111 23 afseende
461 813 14 22 å
494 814 33 21 ett
543 814 74 21 större
641 813 65 22 antal
729 813 74 22 banor
827 814 79 21 ansett
927 813 24 22 af
968 813 37 22 be-

256 846 80 24 hofvet
352 848 130 29 påkallade,
499 848 56 23 eller
570 849 44 22 ock
631 849 36 22 för
683 849 322 29 järnvägsundersökningar

256 890 51 16 som
332 884 24 23 af
379 884 79 23 städer
481 885 55 22 eller
556 884 209 23 landskommuner
782 884 111 30 möjligen
910 885 95 22 komma

256 920 35 21 att
306 919 76 23 under
405 927 91 16 samma
519 920 127 29 tidsperiod
671 920 120 23 ästundas.
823 920 120 23 Utskottet
964 920 42 23 har

255 955 36 22 för
314 955 47 23 den
385 956 62 23 skull
470 957 64 22 velat
555 956 93 27 föreslå,
673 957 34 22 att
723 956 140 26 Ständerna,
881 956 52 22 med
949 955 55 30 god-

255 991 129 23 kännande
401 991 24 23 af
448 992 45 22 den
518 991 87 30 nådiga
627 993 173 28 propositionen
816 992 72 22 äfven
903 992 9 22 i
927 991 78 23 denna

256 1027 44 27 del,
316 1027 54 23 ville
388 1028 102 22 besluta:

470 1094 37 21 att
532 1093 40 23 för
596 1093 166 23 bestridande
785 1093 32 23 af
829 1094 174 22 kostnaderna

400 1129 39 22 för
471 1129 208 23 förekommande
706 1129 299 29 järvägsundersöknin-

398 1173 49 21 gar
470 1166 45 21 och
540 1164 86 23 andra
651 1165 10 22 i
684 1165 193 29 sammanhang
896 1165 109 22 därmed

398 1201 105 22 stående
526 1201 104 22 arbeten
655 1200 89 23 anslås
769 1201 82 22 under
876 1201 129 28 finanspe-

398 1237 90 22 rioden
505 1237 176 22 1905—1907
691 1237 32 22 ett
735 1237 90 29 belopp
837 1237 32 22 af
878 1237 127 26 100,000

398 1273 79 22 mark.

325 1450 53 23 Med
395 1451 90 30 hänsyn
501 1451 35 23 till
552 1451 40 23 det
608 1451 116 23 samband
744 1458 33 15 nu
797 1451 149 23 behandlade
963 1451 40 22 nå-

254 1486 56 29 diga
325 1488 142 28 proposition
483 1487 43 23 har
550 1487 55 22 med
625 1487 86 29 nådiga
728 1487 173 29 propositionen
918 1486 41 23 N:o
977 1491 27 18 16

324 1534 183 24 Järnvägsutikottets
519 1534 110 18 betänkande
643 1533 34 19 N:o
691 1535 16 17 1.
