1106 1739
416 93 53 24 N:o
486 93 43 24 29

301 490 69 25 Hans
400 489 161 34 Kejserliga
592 489 143 34 Majestäts
765 488 90 34 Nädiga

232 535 150 34 proposition
408 535 41 25 till
476 536 109 25 Finlands
612 535 100 26 Ständer
733 534 121 34 angående

232 581 41 25 det
291 581 86 33 bidrag
399 581 38 25 till.
462 582 106 25 militära
591 580 115 33 ändamäl,
724 590 50 17 som
792 580 63 26 skall

232 627 28 25 af
274 627 76 25 finska
368 628 144 24 statsverket
536 627 39 25 till
595 627 259 25 Riksskattkammaren

234 673 116 33 erläggas.

163 749 12 21 I
192 748 110 22 anseende
319 748 83 29 därtill,
420 751 34 18 att
465 748 138 22 Ständernas
615 748 105 21 anhållan
733 748 121 21 beträifan-

95 784 27 21 de
138 783 126 22 ordnandet
280 783 22 21 af
318 783 197 22 militärväsendet
528 784 8 21 i
550 783 99 22 Finland
659 783 44 22 kan
720 783 70 22 varda
800 783 55 21 defi-

94 818 70 22 nitivt
180 816 90 30 afgjord
280 817 58 22 först
352 818 69 21 sedan
433 818 44 21 den
488 819 36 20 för
533 818 156 28 begränsning
700 817 22 22 af
733 817 122 22 områdena

94 853 36 21 för
145 852 69 21 rikets
232 852 114 21 allmänna
362 852 41 21 och
428 852 44 21 den
490 853 76 21 lokala
584 853 74 21 finska
679 852 176 28 lagstiftningen

96 887 106 21 särskildt
222 887 104 21 nedsatta
342 887 143 22 Kommittén
508 887 106 28 fullgjort
630 887 39 21 sitt
685 887 82 27 arbete,
783 886 73 21 finner

94 921 64 21 Hans
174 920 108 29 Majestät
297 920 111 29 Kejsaren
425 921 40 21 och
484 921 139 22 Storfursten
640 921 34 21 för
685 920 57 29 godt
752 923 39 25 att,
804 920 52 21 med

95 955 66 22 bifall
181 955 36 21 till
236 955 43 22 den
300 963 30 14 nu
346 955 138 22 församlade
499 955 163 28 Landtdagens
678 955 177 28 framställning,

95 990 47 21 tills
158 990 78 21 vidare
254 990 92 21 inställa
365 990 178 29 tillämpningen
562 990 22 21 af
602 990 215 28 Värnepliktslagen
834 989 23 21 af

96 1025 42 20 den
162 1025 28 20 29
212 1025 57 20 Juni
288 1024 35 27 (12
341 1024 57 27 Juli)
418 1025 64 27 1901,
506 1025 95 21 hvarvid
623 1024 73 22 finska
719 1024 137 21 statsverket

96 1059 55 21 skall
169 1059 50 20 från
235 1059 44 20 den
298 1059 11 20 1
330 1059 96 21 Januari
451 1059 56 21 1905
530 1059 33 21 till
588 1059 117 28 utgången
722 1059 23 20 at
760 1059 24 20 år
800 1058 55 21 1907

95 1093 37 21 till
147 1093 251 22 Riksskattkammaren
416 1093 93 28 erlägga
528 1096 31 19 ett
576 1094 67 27 årligt
660 1093 80 28 bidrag
751 1093 33 21 till
798 1093 59 21 mili-

95 1131 50 18 tära
161 1128 111 21 ändamål.

164 1162 52 21 Med
232 1162 86 21 fästadt
334 1163 105 21 afseende
456 1163 13 20 å
485 1163 88 21 landets
590 1163 130 28 tillgångar,
737 1170 67 20 synes
818 1162 39 21 det

96 1197 84 28 billigt,
197 1199 34 18 att
246 1197 107 28 beloppet
370 1196 25 22 af
408 1197 63 20 detta
488 1197 81 28 bidrag
583 1197 64 21 fastställes
680 1197 68 28 till
761 1197 33 20 tio
805 1196 52 21 mil-

93 1231 67 28 joner
176 1231 70 21 mark.

164 1265 82 28 Enligt
262 1265 110 22 Senatens
388 1266 34 21 för
438 1265 102 22 Finland
554 1266 106 21 anmälan
673 1268 81 25 utgöra
766 1265 91 21 militie-

96 1300 96 21 fondens
204 1299 128 29 disponibla
343 1300 133 28 tillgångar,
488 1300 51 21 med
551 1300 79 27 afdrag:
642 1299 22 22 af
679 1299 96 22 fondens
785 1297 72 30 utgif-

96 1340 39 22 ter,
152 1335 107 28 omkring;
276 1334 114 28 1,200,000
404 1335 66 20 mark
487 1342 36 13 om
540 1335 53 27 året,
610 1335 42 20 och
667 1334 69 21 förslä
752 1334 27 21 de
795 1333 63 28 förty

95 1369 51 21 icke
161 1369 35 20 till
213 1369 145 21 bestridande
374 1369 23 21 af
412 1369 76 21 denna
504 1369 76 28 utgift.
610 1369 11 20 I
636 1368 58 28 följd
711 1367 65 22 häraf
792 1367 65 27 skall,

96 1403 72 29 enligt
184 1404 66 25 Hans
267 1403 130 29 Kejserliga
419 1403 120 31 Majestäts
562 1403 130 29 anvisning,
709 1403 71 21 under
804 1403 53 20 åren
