1106 1753
822 102 28 19 21

102 165 78 22 kunna
202 165 110 22 likställas
336 165 53 22 med
411 165 77 29 bilaga
507 165 8 22 i
538 165 46 22 den
607 165 94 29 mening
724 165 14 29 8
754 168 13 20 4
784 165 67 26 afser,

102 201 85 22 företes
203 201 37 21 för
256 201 98 22 domstol
374 201 55 22 eller
452 209 76 14 annan
544 201 137 29 myndighet
704 201 43 22 och
763 201 89 22 således

102 237 72 22 borde
190 237 8 21 i
214 237 102 28 enlighet
331 237 53 22 med
400 237 28 22 de
444 237 8 22 i
467 237 14 29 &
498 240 12 19 6
527 239 86 20 utsatta
626 237 147 22 skattesatser
785 239 68 20 stäm-

103 273 155 28 pelbeläggas.
279 273 54 22 Med
349 273 125 29 anledning
489 273 66 22 häraf
571 273 42 22 och
629 273 29 22 då
674 273 118 22 Utskottet
802 273 51 21 fun-

103 309 35 22 nit
153 317 31 13 nu
202 309 105 28 gällande
323 309 143 22 föreskrifter
482 309 8 22 i
506 309 63 22 detta
579 312 66 19 ämne
657 309 96 29 erbjuda
761 317 30 14 en
801 309 53 21 fullt

103 345 213 21 tillfredsställande
324 345 96 28 ledning
428 345 40 21 vid
475 345 182 29 tillämpningen,
666 345 42 21 har
720 347 78 26 någon
806 352 48 14 mer

104 380 141 29 vidtgående
264 380 159 29 omarbetning
444 381 23 21 af
486 381 46 22 den
553 381 85 29 nådiga
659 380 194 30 propositionen
841 376 15 39 i

106 416 75 22 denna
197 416 38 22 del
250 416 50 22 icke
316 419 86 19 ansetts
417 424 57 14 vara
490 418 23 21 af
527 417 111 22 behofvet
652 417 113 29 påkallad.

456 507 50 29 87.

179 560 63 22 Enär
258 562 32 20 ett
305 560 76 22 flertal
399 560 163 30 myndigheter
585 561 108 21 åstundat
713 561 82 21 sådant
810 560 47 22 för-

108 596 136 29 tydligande
257 596 23 22 af
291 596 158 29 stadgandena
464 597 119 28 angående
599 597 70 21 frihet
683 597 53 21 från
752 596 105 29 stämpel-

109 632 69 29 afgift
195 632 37 22 för
252 632 29 22 de
297 632 33 22 uti
346 632 13 29 &
376 636 12 19 5
405 633 24 21 af
449 632 264 30 stämpelförordningen
729 633 23 21 af
768 633 46 22 den
829 635 27 20 21

108 668 129 22 December
265 671 56 20 1900
346 669 150 28 uppräknade
522 669 73 26 bevis,
619 671 33 20 att
674 677 27 14 ur
727 669 52 22 dem
805 668 54 22 med

109 704 146 22 bestämdhet
270 704 136 29 framginge,
419 705 115 21 huruvida
550 705 71 28 sagda
636 704 65 22 bevis
715 704 86 29 jemväl
817 707 42 19 när

111 740 28 22 de
160 743 75 19 såsom
256 740 78 28 bilaga
357 740 79 29 åtfölja
458 740 145 29 handlingar,
625 748 48 14 som
696 741 42 21 hos
761 740 99 22 domstol

110 776 56 21 eller
189 783 77 14 annan
289 776 136 28 myndighet
448 780 89 25 upptes,
559 779 38 19 äro
617 776 44 22 fria
680 776 52 22 från
754 776 105 29 stämpel-

111 812 74 28 afgift,
205 812 61 21 hade
286 812 29 21 K.
333 812 106 26 Senaten,
459 820 56 18 som,
531 815 30 26 på
577 815 45 19 sätt
641 812 118 22 Utskottet
773 812 87 22 inhem-

110 850 34 19 tat
162 855 27 14 ur
208 848 40 21 det
266 848 40 21 vid
330 848 105 22 ärendets
462 848 167 28 föredragning
649 848 67 22 förda
739 848 120 29 protokoll,

112 886 76 19 ansett
211 884 167 28 stämpelfrihet
397 884 36 21 för
452 884 176 28 ifrågavarande
651 883 65 23 bevis
739 884 57 22 böra
819 891 43 21 ega

112 927 50 14 rum
189 920 79 22 endast
294 920 37 22 vid
357 920 154 27 utfärdandet,
537 920 34 22 uti
595 920 268 29 propositionsförslaget

112 956 107 28 upptagit
242 956 52 21 dem
318 958 75 20 såsom
417 956 142 29 stämpelfria
582 956 73 22 under
676 956 12 30 &
706 960 21 22 3,
743 956 120 22 hvaremot

113 992 159 28 stadgandena
296 999 37 14 om
356 992 52 21 dem
430 992 53 22 från
503 992 14 29 &
533 995 12 19 5
562 992 121 22 uteslutits.
715 992 83 22 Denna
818 992 45 22 för-

113 1028 101 22 ändrade
238 1028 165 28 uppställning,
424 1035 49 15 som
497 1028 130 22 bibehållits
648 1028 33 22 uti
702 1028 45 22 den
771 1028 93 28 slutliga

113 1063 151 22 redaktionen
285 1063 23 22 af
326 1064 46 21 den
392 1063 86 29 nådiga
500 1063 172 29 propositionen
696 1066 54 19 utan
771 1066 33 19 att
819 1063 45 22 frå-

114 1106 46 21 gan
175 1099 71 22 likväl
261 1099 34 21 uti
311 1099 46 22 den
372 1099 123 22 inledande
516 1099 168 28 motiveringen
702 1099 100 27 beröres,
819 1100 46 21 kan

114 1135 59 21 dock
188 1135 51 21 icke
256 1135 75 28 gifvas
350 1135 46 21 den
410 1135 115 22 innebörd
541 1142 48 15 som
605 1135 24 22 af
645 1135 100 22 Senaten
759 1135 105 29 åsyftats,

114 1173 55 20 enär
186 1178 28 14 en
230 1171 73 21 sådan
318 1171 105 28 tolkning
439 1171 74 22 skulle
530 1174 35 19 stå
575 1171 8 21 i
593 1171 119 29 uppenbar
728 1171 137 29 motsägelse

114 1207 35 21 till
165 1207 139 28 stadgandet
318 1207 8 21 i
348 1207 6 21 I
370 1214 66 15 mom.
454 1207 25 22 af
494 1215 31 14 nu
541 1207 159 28 föreliggande
716 1207 13 29 8
742 1210 18 19 7.
785 1207 81 22 Tvärt-

115 1250 37 14 om
169 1250 69 21 synes
255 1250 29 14 en
296 1242 133 29 jemförelse
446 1243 98 22 emellan
554 1250 59 21 resp.
625 1243 28 28 88
664 1243 33 21 uti
707 1243 159 28 författnings-

115 1279 112 28 förslaget
245 1279 131 28 otvetydigt
392 1279 64 28 gifva
472 1279 41 21 vid
528 1279 99 26 handen,
644 1281 32 19 att
692 1279 85 21 sådana
793 1278 73 26 bevis,

115 1315 96 21 hvarom
231 1315 42 21 här
293 1317 24 19 är
332 1315 72 28 fråga,
422 1315 78 21 därest
518 1315 122 28 förslagets
665 1314 124 29 stilisering
804 1314 63 22 bibe-

115 1350 81 26 hölles,
212 1350 47 22 icke
278 1357 56 15 vore
352 1351 171 21 underkastade
545 1350 133 29 ytterligare
695 1349 172 30 stämpelafgift,

116 1386 30 21 då
161 1386 29 21 de
207 1389 76 18 såsom
304 1386 78 29 bilaga
396 1386 35 21 till
447 1386 100 22 domstol
566 1386 55 21 eller
641 1386 135 29 myndighet
799 1386 69 21 fram-

116 1421 95 22 lemnas.
