1103 1753
229 109 12 19 2
378 107 24 21 U.
419 107 23 21 B.
459 119 29 3 —
504 107 65 26 Prop.
585 107 40 22 N:o
642 108 35 23 21,
694 108 27 20 22
738 107 42 21 och
797 107 36 20 25.

301 171 170 30 Afkastningen
487 172 24 21 af
526 172 29 21 de
572 172 60 21 olika
647 171 184 28 bevillningarna
839 171 37 22 för
886 173 25 19 år
924 173 56 20 1905

228 208 43 21 har
279 207 24 22 af
310 207 117 22 Utskottet
435 207 135 29 förslagsvis
579 207 140 28 kalkylerats
727 207 34 21 till
769 207 104 28 följande
882 207 96 28 belopp:

302 243 278 29 Spelkortsbevillningen
621 261 4 3 .
659 261 3 3 .
696 261 4 3 .
734 261 3 3 .
755 243 58 21 Fmk
845 245 134 24 36,000:—.

301 279 148 22 Maltskatten
471 296 5 5 .
509 297 4 3 .
547 297 4 3 .
584 296 4 4 .
622 296 3 4 .
659 297 3 2 .-
696 296 4 4 «+
809 296 1 9 0
833 281 147 22 600,000:—.

302 311 191 37 Stämpelskatten
508 332 4 4 .
779 332 10 10 »
812 317 122 23 1,900,000:
944 327 36 8 —

623 356 94 22 Summa
733 356 58 21 Fmk
807 359 125 23 2,536,000:
943 369 35 7 —

301 423 12 21 I
329 422 101 29 enlighet
445 423 53 21 med
513 422 38 22 det
562 422 71 22 ofvan
644 422 97 22 anförda
751 422 43 21 och
807 422 29 21 då
846 421 136 22 förberörda

228 458 294 28 bevillningsprovisorium
543 458 107 22 omfattar
666 458 87 28 jemväl
774 458 92 20 skatten
886 458 36 21 för
938 457 43 21 till-

229 494 116 28 verkning
360 494 23 22 af
408 494 104 26 bränvin,
539 494 36 21 får
590 493 257 29 Bevillningsutskottet
863 493 118 21 vördsamt

229 530 132 22 hemställa:

445 575 34 20 att
499 572 91 23 landets
609 572 136 29 Höglofliga
765 570 110 28 Ständer,
895 571 8 22 i
919 571 62 23 hän-

373 608 62 22 delse
450 608 186 23 Statsutskottets
658 607 162 31 förenämnda
846 606 93 31 förslag
956 606 31 31 af

374 644 135 23 Ständerna
532 644 146 30 godkännes,
700 643 73 23 mätte
789 646 92 27 antaga
898 651 27 14 en
942 642 39 23 sä-

375 680 116 30 lydande:

447 752 136 28 Förordning
603 751 115 29 angående
741 752 63 22 skatt
829 750 38 24 för
886 751 97 22 tillverk-

376 788 50 28 ning
452 787 28 23 af
504 788 98 28 bränvin,
629 788 114 28 bevillning
777 786 39 24 för
843 786 139 28 tillverkning

374 823 28 23 af
416 824 156 28 maltdrycker,
594 823 116 29 bevillning
727 822 40 24 för
781 823 103 28 spelkort
902 821 79 24 äfven-

375 865 47 17 som
439 859 210 29 stämpelbevillning
667 859 70 23 under
753 864 82 17 senare
853 857 87 24 hälften
958 857 28 23 af

377 895 26 23 år
419 896 63 23 1905.

447 967 66 23 Skatt
538 968 40 28 för
604 967 152 29 tillverkning
773 966 30 30 af
815 966 110 27 bränvin,
942 966 39 22 be-

376 1003 100 29 villning
490 1003 40 29 för
546 1003 152 29 tillverkning
713 1002 29 30 af
754 1002 171 30 maltdrycker,
943 1002 39 22 be-

377 1039 99 29 villning
490 1039 40 29 för
545 1039 104 28 spelkort
665 1038 122 29 äfvensom
799 1038 184 29 stämpelbevill-

376 1075 59 29 ning
450 1075 62 22 skall
529 1074 76 23 under
620 1081 83 16 senare
729 1073 91 30 hälften
838 1073 30 30 af
879 1073 29 22 år
925 1073 57 22 1905

377 1111 110 28 erläggas
513 1110 73 29 enligt
609 1110 29 22 de
663 1110 115 29 grunder,
802 1117 52 15 som
869 1109 40 29 för
924 1108 59 23 åren

378 1147 64 27 1901,
460 1146 63 27 1902,
542 1146 57 22 1903
615 1147 44 21 och
677 1145 57 23 1904
748 1146 80 29 finnas
844 1145 116 29 stadgade
978 1145 7 22 i

377 1181 90 30 nådiga
481 1182 209 29 förordningarna
708 1181 29 30 af
748 1181 45 22 den
812 1182 13 21 4
841 1181 44 22 och
900 1181 28 22 21
944 1181 40 22 de-

377 1218 93 22 cember
487 1218 58 22 1900
571 1217 124 30 angående
721 1217 66 22 dessa
814 1217 100 28 skatter;
941 1217 44 22 och

377 1253 66 23 skola
459 1254 166 29 stadgandena
638 1254 7 21 i
659 1253 134 30 åberopade
808 1253 178 29 förordningar

373 1289 93 29 jemväl
483 1290 7 21 i
507 1289 77 30 öfriga
601 1289 68 22 delar
686 1289 73 22 lända
777 1289 37 22 till
831 1288 155 29 efterrättelse

374 1324 58 30 från
449 1325 44 23 den
509 1326 11 21 1
533 1325 52 23 Juli
602 1325 57 22 1905
676 1325 36 22 till
728 1324 123 30 utgången
868 1323 30 30 af
908 1323 77 30 sagda

379 1368 35 15 år.

450 1391 164 22 Inkomsterna
639 1391 29 29 af
686 1391 71 28 ofvan
778 1390 108 22 nämnda
904 1390 82 21 bevill-

378 1426 161 29 ningsskatter
554 1426 122 29 äfvensom
693 1427 29 21 de
732 1426 94 29 anslag,
838 1425 80 23 hvilka
928 1424 58 30 från
