1086 1750
442 99 41 22 N:o
498 99 29 21 24
820 100 14 21 9

174 168 46 21 Det
235 168 88 28 bidrag,
339 175 48 14 som
402 168 116 22 härintills
529 169 89 21 kunnat
628 168 97 29 beviljas
735 168 35 22 för
780 168 84 28 ifråga-

106 202 98 21 varande
228 202 111 28 ändamål,
362 202 41 21 har
421 202 7 21 i
448 203 125 21 allmänhet
588 203 50 21 icke
654 202 130 29 öfverstigit
800 203 65 28 1,500

107 236 64 21 mark
185 236 36 21 för
236 236 79 29 hvarje
331 237 64 21 skola
410 237 43 21 och
468 237 41 21 har
524 237 126 21 detsamma
662 237 110 21 tilldelats
784 237 80 21 endast

106 270 108 29 fattigare
229 271 135 21 kommuner
380 271 42 22 och
435 271 150 28 skoldistrikt,
596 271 90 22 hvilket
696 271 52 22 med
758 271 105 22 afseende

107 304 53 22 derå
175 307 34 19 att
224 305 152 22 kostnaderna
393 305 37 22 för
443 313 46 21 nya
505 305 94 22 skolhus
614 305 126 22 merendels
756 306 61 28 stiga
827 305 37 22 till

107 339 64 28 8,000
185 339 14 22 &
214 339 79 28 12,000
307 340 64 21 mark
392 339 79 22 blifvit
494 347 28 14 en
544 341 67 27 ringa
628 340 102 28 lindring
748 340 36 21 för
799 339 65 22 dessa

107 374 140 28 kommuner,
269 374 42 21 och
335 374 73 21 skulle
427 374 70 21 hafva
519 382 28 14 en
566 377 62 19 ännu
643 374 88 22 mindre
746 374 118 29 betydelse

109 415 36 14 om
160 408 27 21 de
203 408 50 21 icke
268 408 75 21 tillika
359 409 90 21 erhållit
460 409 126 22 understöd
597 409 23 21 af
630 409 136 22 statsverket
782 409 8 21 i
805 409 59 22 form

109 442 22 21 af
145 442 161 22 kostnadsfritt
324 443 64 21 virke
403 450 27 14 ur
445 443 99 22 kronans
560 443 84 28 skogar
660 443 117 22 äfvensom
793 451 71 14 amor-

108 477 132 28 teringslån,
264 477 141 22 sistnämnda
427 477 37 21 till
487 480 32 19 ett
543 477 169 28 sammanlagdt
734 478 84 27 belopp
841 477 26 22 af

109 511 114 29 3,722,900
244 511 65 22 mark
331 511 71 22 under
424 511 64 22 tiden
511 511 50 22 från
584 512 42 21 och
649 512 52 21 med
717 513 24 20 år
756 512 57 21 1900
828 512 37 21 till

109 546 43 21 och
166 546 52 21 med
233 547 24 20 år
273 546 62 21 1904.

176 581 37 21 Då
237 580 173 29 ifrågavarande
434 581 81 29 bidrag
546 581 95 21 sålunda
666 581 114 21 härintills
806 581 58 21 varit

107 615 165 28 jemförelsevis
295 616 48 20 små
366 615 43 22 och
430 616 97 21 kommit
550 616 80 21 endast
650 618 34 19 ett
699 616 87 21 mindre
803 616 62 21 antal

110 650 75 21 skolor
199 650 37 20 till
251 650 37 21 del
303 653 59 18 samt
377 650 29 21 då
417 650 63 21 detta
491 651 91 27 anslags
593 650 99 28 höjande
702 650 36 21 till
748 650 117 28 betydligt

109 684 71 28 högre
194 684 84 28 belopp
298 691 67 21 synes
380 691 55 14 vara
449 684 121 29 betingadt
583 685 87 28 jemväl
686 684 22 21 af
723 684 143 29 nödvändig-

109 718 69 21 heten
200 720 33 19 att
255 718 72 21 under
349 726 29 13 en
399 718 36 22 för
457 718 257 29 folkbildningsarbetet
731 719 75 28 viktig
821 719 45 21 tid-

109 753 74 27 punkt
202 753 9 20 i
233 753 78 21 landet
332 753 167 21 verksammare
522 753 138 22 understöda
682 753 133 28 isynnerhet
838 753 27 21 de

110 789 72 19 sämre
205 787 74 22 stälda
301 788 170 27 kommunerna,
494 788 29 27 pä
546 787 38 22 det
607 790 34 19 att
658 788 51 21 icke
728 787 137 28 folkskolan,

111 828 48 15 som
173 821 108 22 hitintills
298 821 117 22 omfattats
431 822 53 21 med
498 822 80 21 kärlek
594 822 42 22 och
646 822 96 21 intresse
753 822 23 21 af
786 821 79 28 folket,

110 857 37 20 mä
162 856 64 28 börja
240 857 88 21 kännas
344 857 73 21 såsom
434 864 29 14 en
473 857 147 28 betungande
631 857 77 27 börda,
719 870 25 2 —
752 859 114 26 upptages

111 890 62 21 detta
188 891 80 28 anslag
286 890 36 22 för
340 891 189 22 nästkommande
549 891 155 28 finansperiod
722 891 35 21 till
773 893 33 19 ett
821 890 45 22 för-

110 924 66 29 höjdt
190 925 84 28 belopp
291 925 22 21 af
328 925 94 28 150,000
436 925 65 22 mark
516 933 36 14 om
568 926 49 21 året
632 926 55 21 eller
704 926 65 21 alltså
784 925 36 22 för
832 927 35 18 tre

111 960 24 20 är
149 959 37 21 till
201 959 24 21 in
241 967 87 14 summa
343 959 94 29 450,000
451 960 70 22 mark.

162 1132 19 22 9.
206 1132 69 28 Anslag
290 1132 26 22 till
332 1132 90 22 bibliotek
436 1132 31 22 för
481 1132 145 22 folkskollärare
642 1132 36 22 och
694 1132 106 22 lärarinnor
814 1132 4 21 i

390 1167 199 22 landskommunerna.

180 1235 36 21 Då
231 1242 29 14 en
275 1234 24 22 af
314 1230 183 33 Öfverstyrelsen
519 1234 35 22 för
577 1234 161 22 skolväsendet
761 1233 107 22 särskildt

111 1269 121 21 utarbetad
254 1269 98 21 relation
374 1269 119 28 angående
515 1268 322 28 folkskollärarebiblioteken,
860 1268 10 21 i

112 1303 102 28 enlighet
233 1303 53 22 med
301 1303 139 22 Ständernas
455 1303 40 21 vid
511 1305 89 20 senaste
615 1303 111 28 landtdag
742 1303 76 21 derom
833 1304 36 19 ut-

112 1337 75 22 talade
203 1338 93 27 önskan,
312 1338 103 21 kommer
431 1339 33 20 att
479 1337 114 29 delgifvas
609 1337 128 22 Ständerna
750 1337 119 28 samtidigt

111 1372 53 21 med
179 1372 74 21 denna
267 1372 149 29 proposition,
432 1371 131 22 framhälles
579 1372 41 21 här
636 1372 80 21 endast
727 1373 33 20 att
769 1371 100 22 nämnda

112 1406 111 22 bibliotek
245 1406 60 22 varit
327 1405 96 22 föremål
445 1406 36 21 för
501 1414 27 14 en
544 1406 109 29 grundlig
668 1405 201 29 omorganisation,
