1106 1748
444 132 41 21 N:o
502 132 28 21 18
830 130 13 21 7

110 200 107 29 öfvergår
232 201 149 28 Haapakoski
396 200 114 22 nedanom
526 201 72 27 sågen
613 200 43 21 och
671 199 119 22 fortsättes
801 199 9 21 i
820 202 51 18 när-

112 235 67 21 heten
202 235 23 21 af
246 235 142 28 landsvägen
407 234 37 21 till
465 234 148 22 Oravinsaari
632 234 37 28 by,
686 234 40 21 der
740 234 132 21 densamma

111 269 79 28 skiljer
211 269 37 28 sig
266 269 51 21 från
336 269 99 28 linjerna
449 267 309 30 Jyväskylä—Mäntyharju
773 267 44 22 och
831 267 41 28 Jy-

110 303 231 29 väskylä—Heinola,
353 304 45 21 ooh
408 303 107 28 öfvergår
526 303 99 22 derefter
635 302 136 29 Leppävesi.
794 302 77 28 Unge-

111 337 36 22 fär
162 339 11 20 1
189 339 40 20 km
244 337 51 22 från
308 340 61 19 östra
379 337 110 22 stranden
500 337 22 22 af
533 337 75 22 denna
618 337 34 28 sjö
664 337 80 28 skiljer
753 337 37 28 sig
800 336 72 28 linjen

111 372 51 21 från
175 372 306 29 Jyväskylä—Pieksämäki
493 372 73 28 linjen
577 372 42 21 och
629 371 119 22 fortsättes
759 371 36 21 till
806 370 66 22 södra

112 407 108 21 stranden
240 406 22 22 af
281 407 119 21 Keskinen
419 406 40 29 sjö,
476 406 107 29 öfvergår
598 406 174 21 vattenledaren
787 405 85 21 mellan

111 441 112 28 Päijänne
239 441 43 21 och
296 441 130 28 Puulavesi,
446 441 116 21 hvarefter
577 441 73 28 linjen
664 440 89 28 dragits
768 439 38 22 till
821 442 51 19 när-

111 475 69 21 heten
195 475 24 21 af
233 475 166 28 Kangasniemi
414 475 112 29 kyrkoby.
548 475 106 21 Derefter
670 475 42 28 går
722 474 73 29 linjen
805 474 66 27 längs

111 510 109 22 stranden
239 510 23 22 af
281 510 125 22 Puulavesi
427 510 37 22 till
479 510 136 28 Uimaharju
630 510 65 28 sund,
711 509 93 22 hvarest
818 508 54 22 den-

112 551 87 15 samma
214 544 105 29 öfvergår
333 545 100 21 nämnda
450 544 41 29 sjö,
506 544 119 22 fortsättes
640 544 38 21 till
693 544 127 29 Harjumaa
833 542 37 29 by,

112 578 43 22 och
177 578 67 29 följer
265 579 78 21 vidare
365 579 143 28 landsvägen
532 579 86 21 mellan
640 578 167 28 Kangasniemi
829 576 41 22 och

113 613 33 21 S:t
160 614 81 21 Michel
258 616 59 19 samt
331 614 91 21 förenar
437 614 37 28 sig
489 614 53 21 med
557 614 111 21 Savolaks
684 613 76 21 banan
774 611 98 29 ungefär

112 648 14 20 2
141 648 39 21 km
194 648 51 21 från
261 648 32 22 S:t
307 648 95 22 Michels
418 648 97 22 stations
534 648 66 22 södra
618 648 65 21 vexel
700 647 42 22 och
757 648 30 27 på
802 646 69 22 skildt

112 684 53 26 spår
179 683 127 21 inkommer
322 683 35 21 till
373 683 33 21 S:t
421 683 96 21 Michels
533 683 91 21 station.

180 718 47 20 Det
242 717 35 22 för
293 718 73 21 denna
381 718 56 28 linje
452 717 130 29 uppgjorda
592 716 198 28 kostnadsförslag
801 716 71 21 slutar

112 751 36 28 sig
164 752 13 20 &
192 752 59 21 Fmk
272 752 133 28 10,220,000,
426 752 160 21 motsvarande
601 751 99 29 ungefär
714 751 78 28 91,162
807 750 65 22 mark

112 792 41 21 per
169 785 170 22 bankilometer.

181 820 84 28 Linjen
287 820 128 29 Jyväskylä
439 815 161 38 Pieksämäki,
622 820 129 29 utgörande
774 820 7 21 i
800 819 71 28 längd

112 854 59 28 94,84
185 855 46 28 km,
247 854 78 29 skiljer
340 855 36 28 sig
391 854 51 23 från
457 855 73 28 linjen
548 850 126 38 Jyväskylä
684 850 54 38 —S:t
748 854 84 22 Michel
842 854 29 28 pä

113 891 33 19 ett
166 889 91 21 afständ
273 889 22 21 af
310 889 97 28 ungefär
423 890 12 21 1
451 890 40 21 km
506 889 51 22 från
572 889 130 29 Leppävesi
717 892 61 19 östra
794 888 77 22 strand

113 923 43 22 och
177 923 64 29 böjer
263 924 36 28 sig
321 926 48 21 mot
387 924 102 29 nordost,
508 927 92 18 närmar
614 924 37 28 sig
667 924 144 21 Lievestuori
826 923 45 29 sjös

112 957 68 22 södra
204 958 83 28 strand,
313 959 64 27 löper
405 966 92 14 norrom
527 958 147 29 Niemisjärvi
700 959 43 21 och
768 958 102 22 söderom

112 992 181 28 Kuhankajärvi,
317 993 52 21 skär
392 993 143 29 landsvägen
557 994 85 20 mellan
660 993 151 21 Hankasalmi
829 992 44 21 och

113 1026 167 28 Kangasniemi
303 1028 28 27 pä
351 1030 34 18 ett
405 1028 92 21 afständ
517 1028 23 21 af
554 1028 98 28 ungefär
666 1028 14 21 9
696 1028 13 21 &
725 1028 28 20 10
767 1028 39 20 km
821 1026 49 22 från

112 1061 152 21 Hankasalmi
279 1062 111 28 kyrkoby,
407 1062 66 22 berör
489 1062 99 22 derefter
602 1062 137 28 Armisjärvi
749 1062 46 28 sjös
806 1061 64 22 södra

112 1095 85 29 strand,
215 1097 42 27 gär
271 1103 90 14 norrom
377 1096 196 29 Venettekäjärvi,
589 1097 65 21 berör
670 1096 28 22 de
712 1096 52 21 frän
778 1096 93 22 Hanka-

112 1130 65 21 salmi
195 1130 42 22 och
251 1130 167 28 Kangasniemi
436 1131 37 21 till
491 1131 149 22 Pieksämäki
655 1131 96 21 ledande
767 1131 104 21 landsvä-

112 1171 82 19 garnes
217 1164 220 29 förgreningspunkt
460 1166 43 21 och
526 1166 100 21 ansluter
649 1166 36 28 sig
703 1166 37 21 till
761 1165 110 22 Savolaks

115 1198 73 21 banan
203 1199 66 21 invid
284 1199 66 21 södra
365 1199 76 22 ändan
457 1199 24 21 af
495 1200 148 22 Pieksämäki
658 1200 92 21 station.

182 1233 159 21 Kostnaderna
363 1233 37 21 för
422 1234 76 21 denna
520 1234 56 28 linje
598 1234 70 22 hafva
689 1234 123 22 beräknats
835 1234 34 20 till

112 1267 115 28 7,922,000
242 1268 65 21 mark
322 1268 55 21 eller
391 1268 82 28 83,530
488 1268 66 22 mark
569 1276 40 20 per
623 1268 173 22 bankilometer.

181 1301 209 29 Undersökningen
409 1302 22 21 af
449 1302 74 29 linjen
540 1302 103 22 Joensuu
660 1305 114 19 vesterom
791 1302 81 22 Pielis-

111 1335 60 28 järvi
194 1336 33 28 sjö
247 1343 82 21 genom
349 1336 78 22 Juuka
443 1337 38 21 till
496 1337 97 22 Nurmes
608 1337 141 22 verkstäldes
768 1338 24 20 är
810 1336 62 22 1903.

113 1369 90 29 Linjen,
226 1370 67 22 hvars
316 1371 72 28 längd
411 1374 25 19 är
459 1372 73 28 130,54
551 1372 45 29 km,
616 1372 68 28 utgär
703 1371 51 22 frän
769 1371 103 22 Joensuu

112 1404 97 21 stations
232 1413 67 13 norra
322 1405 59 22 ända
404 1406 43 21 och
467 1406 169 22 sammanfaller
656 1407 29 28 pä
701 1414 28 13 en
744 1406 90 21 sträcka
849 1405 24 22 af
