1106 1750
439 134 54 22 N:o
509 133 42 23 19

319 409 69 25 Hans
416 408 168 35 Kejserliga
611 408 146 34 Majestäts
785 406 88 34 Nådiga

251 455 150 33 proposition
427 455 40 25 till
491 455 109 25 Finlands
625 454 101 26 Ständer
752 452 121 35 angående

250 500 142 26 utfärdande
419 500 28 26 af
470 500 140 34 förordning
637 498 121 35 angående
784 499 87 27 brand-

251 546 212 34 stodsföreningar.

182 622 13 21 I
209 621 148 29 underdänig
373 616 124 27 skrifvelse
513 621 27 22 af
553 621 45 22 den
614 623 26 20 30
656 621 70 28 April
738 621 54 21 1897
804 619 71 22 hafva

114 655 133 22 Ständerna
263 656 104 28 anhällit,
384 658 35 19 att
434 656 66 21 Hans
511 655 133 30 Kejserliga
655 655 111 29 Majestät
776 655 98 27 täcktes,

115 691 60 21 efter
189 690 122 21 inhemtad
326 694 106 17 närmare
447 690 129 29 utredning
591 690 9 21 i
615 689 79 28 saken,
710 689 71 22 afläta
804 689 71 28 nädig

115 725 145 28 proposition
283 731 37 15 om
343 725 168 28 upphäfvande
534 725 26 21 af
580 727 20 25 4,
621 726 11 21 5
649 724 44 22 och
709 727 12 19 6
736 725 28 26 88
781 725 27 20 24
823 723 53 29 kap.

115 759 230 29 Byggningabalken
369 761 60 20 samt
451 759 134 29 Kejserliga
608 759 169 28 förordningen
800 758 44 22 den
863 760 13 19 4

116 793 67 29 April
201 795 60 26 1864,
278 801 49 14 som
342 793 63 22 afser
421 796 35 19 att
471 793 135 22 underlätta
620 793 105 22 inträdet
734 793 36 21 uti
781 793 40 21 det
831 792 45 21 den

117 829 26 20 20
159 827 104 22 Oktober
280 829 53 20 1857
349 828 120 21 inrättade
485 828 70 29 bolag
570 828 38 21 för
623 827 136 28 försäkring
769 829 50 20 mot
829 826 48 22 eld-

116 862 73 21 skada
206 862 26 21 af
245 862 138 29 byggnader
399 862 44 21 och
459 862 115 29 egendom
589 863 31 28 pä
634 861 87 22 landet.

184 896 13 21 I
216 896 129 29 anledning
367 896 71 22 häraf
451 896 44 22 har
510 896 177 29 undersökning
702 903 38 14 om
755 895 122 22 brandför-

117 930 288 29 säkringsförhällandena
428 931 30 28 pä
481 931 82 21 landet
577 931 127 21 verkstälts
720 937 85 22 genom
820 930 57 21 För-

116 965 268 28 säkringsinspektören,
401 965 44 21 och
461 965 43 22 har
520 965 81 22 dervid
616 965 116 28 framgått
754 967 36 19 att
810 964 44 21 den
869 963 8 21 i

115 999 111 28 gällande
241 999 188 28 lagstadganden
443 999 121 29 päbjudna
574 998 304 28 brandskadeersättnings-

118 1033 167 29 skyldigheten
307 1033 38 22 för
367 1033 310 22 hemmansinnehafvarena
695 1033 30 28 pä
740 1033 82 21 landet
835 1039 42 14 nu-

118 1075 63 14 mera
190 1067 53 22 icke
253 1069 129 20 motsvarar
393 1067 28 22 de
432 1067 57 22 kraf
498 1068 30 28 pä
539 1068 74 21 sädan
621 1067 257 28 branskadereglering,

118 1109 49 14 som
187 1102 27 21 af
233 1102 45 21 den
293 1102 153 21 ekonomiska
461 1102 169 28 utvecklingen
645 1102 8 21 i
668 1101 80 22 landet
763 1101 114 28 betingas,

117 1138 62 19 samt
193 1138 36 19 att
245 1136 73 28 sagda
333 1136 149 29 stadganden
498 1137 72 21 verka
584 1136 130 28 hinderligt
726 1137 30 27 pä
766 1135 113 29 uppkom-

117 1173 53 19 sten
185 1171 26 21 af
221 1171 128 29 tidsenliga
359 1171 283 29 brandstodsföreningar
654 1171 44 21 och
708 1170 171 28 utvecklingen

118 1205 27 21 af
160 1205 128 22 desammas
304 1206 157 21 verksamhet.
492 1206 66 21 Hans
573 1206 133 28 Kejserliga
716 1205 112 29 Majestät
837 1205 42 21 har

119 1239 147 21 fördenskull
289 1240 80 20 funnit
391 1240 30 21 de
445 1240 27 21 af
495 1240 131 21 Ständerna
642 1239 130 29 äberopade
787 1239 92 29 lagrum

118 1273 81 21 kunna
214 1274 137 28 upphäfvas.
383 1274 37 21 Dä
435 1274 133 22 emellertid
583 1282 29 13 en
625 1274 39 21 del
674 1274 27 21 af
709 1274 170 28 befolkningen

119 1308 8 20 i
142 1308 81 21 landet
246 1308 148 21 fortfaranda
417 1308 68 22 torde
504 1316 56 14 vara
576 1308 8 21 i
600 1308 116 22 afsaknad
731 1308 27 21 af
772 1308 45 21 den
833 1315 47 14 om-

119 1342 71 21 tanke
207 1344 35 19 att
258 1342 45 21 den
318 1342 52 22 icke
381 1342 76 21 skulle
468 1342 124 22 underläta
604 1344 36 20 att
651 1342 112 28 frivilligt
773 1342 108 22 försäkra

118 1376 38 22 sin
171 1376 114 28 egendom
300 1379 49 19 mot
364 1376 152 22 brandskada
532 1376 44 22 och
586 1377 52 21 icke
649 1377 67 28 ringa
728 1376 153 22 ekonomiska

120 1410 111 22 förluster
247 1411 36 21 till
298 1410 61 29 följd
375 1411 69 21 deraf
459 1412 93 20 komme
562 1414 36 19 att
608 1412 91 28 uppstä,
711 1411 42 21 har
764 1411 40 21 det
814 1413 67 26 synts

119 1445 147 28 nödvändigt
289 1447 40 26 att,
350 1445 73 28 jemte
447 1445 41 22 det
508 1446 45 21 den
568 1446 37 21 för
620 1445 261 22 hemmansinnehafva-
