1109 1750
347 126 24 24 U.
388 127 23 22 B.
426 140 31 2 —
473 127 65 28 Prop.
555 126 38 24 N:o
611 127 29 23 18.
830 130 11 18 7

189 190 53 24 Med
258 191 52 23 stöd
326 192 24 22 af
365 191 41 23 det
422 191 99 23 anförda
537 191 38 23 får
590 192 122 22 Utskottet
723 192 70 22 alltså
805 191 67 23 vörd-

117 228 64 22 samt
203 226 92 28 föreslå,
320 228 35 22 att
379 227 134 23 Ständerna
528 227 56 23 ville
601 227 42 23 hos
659 227 66 23 Hans
740 227 133 30 Kejserliga

117 262 112 30 Majestät
251 263 8 22 i
279 262 190 30 underdånighet
491 263 102 28 anmäla,
611 264 35 22 att
662 262 140 28 Ständerna,
819 262 53 24 med

118 298 174 30 godkännande
307 300 8 21 i
331 298 138 24 hufvudsak
485 299 25 23 af
525 299 48 23 den
589 298 94 30 Nådiga
697 300 175 28 propositionen

118 334 149 23 beträffande
283 334 78 24 denna
379 335 68 27 bana,
464 334 108 24 beslutit:

334 402 38 21 att
395 408 31 15 en
450 401 196 29 normalspårig
671 401 118 29 järnväg
814 401 59 29 byg-

261 443 43 22 ges
322 436 60 23 från
399 436 122 23 Suolahti
534 437 98 22 station
643 437 46 22 vid
700 436 173 29 Haapamäki

261 472 331 29 —Jyväskylä—Suolahti
609 472 88 23 banan
709 472 42 22 till
762 472 111 23 Suonne-

258 508 58 28 joki
332 508 94 23 station
444 509 46 22 vid
507 508 128 23 Savolaks
651 508 102 27 banan;

334 551 37 21 att
395 549 122 23 arbetena
543 549 17 23 å
581 550 152 22 densamma
766 550 107 22 omedel-

263 586 57 22 bart
337 586 124 29 vidtaga;
479 588 68 20 samt

334 629 38 21 att
388 628 50 22 den
455 628 42 22 för
508 628 87 22 denna
608 628 165 29 anläggning
785 628 88 22 beräk-

263 664 68 22 nade
355 663 246 23 kostnadssumman
623 664 156 26 6,500,000
797 664 76 22 mark

264 699 81 23 under
369 699 180 23 innevarande
567 699 182 29 finansperiod
765 700 108 22 anvisas

263 735 144 23 oafkortad.

191 914 47 22 Det
253 914 74 22 andra
346 914 279 30 banbyggnadsföretag,
642 914 123 30 angående
782 914 91 23 hvilket

119 949 74 30 nådig
221 950 143 29 proposition
387 950 114 30 förelagts
525 950 163 23 innevarande
711 950 161 23 ständermöte

119 987 26 21 är
160 985 116 23 Karelska
293 986 90 22 banans
399 986 158 30 fortsättning
577 986 81 23 ifrån
674 986 133 24 Joensuu
823 986 49 23 till

118 1021 131 23 Nurmes.

191 1057 36 23 Då
251 1057 132 23 Ständerna
406 1058 40 22 vid
469 1062 58 19 1900
549 1059 38 22 års
603 1058 116 29 landtdag
734 1058 138 23 framstälde

118 1099 30 16 en
164 1092 149 30 underdånig
329 1094 99 29 petition
444 1094 8 22 i
469 1094 66 23 detta
546 1094 69 29 syfte,
628 1094 101 30 angåfvo
741 1094 132 23 Ständerna

118 1129 80 22 såsom
214 1128 120 24 blifvande
351 1129 151 30 ändpunkter
518 1130 37 23 för
570 1130 81 23 banan
661 1130 30 22 de
702 1130 73 23 redan
786 1130 87 22 nämda

118 1166 93 21 orterna
235 1164 105 24 Joensuu
362 1166 44 22 och
429 1165 110 28 Nurmes,
567 1166 127 23 lemnande
724 1166 84 29 frågan
835 1173 37 16 om

119 1200 92 23 banans
228 1201 98 23 ledande
343 1203 62 22 öster
421 1201 57 23 eller
494 1203 81 22 vester
590 1209 39 16 om
645 1202 131 29 Pielisjärvi
788 1203 35 28 sjö
834 1203 39 22 be-

118 1236 87 23 roende
230 1236 23 23 af
277 1239 108 21 närmare
409 1237 130 30 utredning
563 1237 124 30 angående
703 1238 170 29 sträckningen

118 1273 79 22 vester
212 1279 38 16 om
267 1273 139 23 förenämda
422 1274 42 29 sjö.
495 1273 81 24 Jämte
591 1273 41 23 det
647 1273 124 23 resultatet
787 1273 24 23 af
826 1273 46 23 den

118 1307 112 23 tekniska
253 1308 188 30 undersökning,
465 1316 52 16 som
538 1310 8 22 i
568 1309 129 29 anledning
713 1309 68 23 häraf
796 1309 77 23 föran-

118 1344 94 22 staltats
228 1344 37 22 för
281 1344 44 23 den
341 1346 79 21 vestra
437 1344 228 30 bansträckningen,
676 1346 35 22 uti
725 1345 45 23 den
785 1345 88 29 nådiga

118 1380 174 28 propositionen
315 1380 118 30 delgifves
457 1380 142 28 Ständerna,
622 1381 99 23 föreslås
744 1381 76 23 tillika
844 1381 29 29 på

118 1415 118 23 särskilda
251 1415 111 30 grunder,
379 1417 35 22 att
433 1416 136 23 Ständerna
585 1417 73 23 måtte
674 1416 99 28 besluta,
791 1418 34 22 att
842 1417 31 23 al-

117 1451 128 23 ternativet
260 1451 62 23 ifrån
345 1452 106 23 Joensuu
467 1453 80 22 vester
563 1459 37 16 om
619 1452 68 23 Pielis
704 1452 33 23 älf
752 1452 44 23 och
812 1454 62 22 öster

189 1499 187 23 Järnvägsutskottets
388 1500 112 18 betänkande
513 1500 35 18 N:o
562 1501 17 18 1.
