1106 1753
369 126 22 18 U.
404 125 21 19 B.
439 136 22 2 —
474 126 60 23 Prop.
547 125 36 18 N:o
596 125 30 18 23.

399 506 205 28 Reservation.

177 585 33 21 Dä
228 585 123 22 Utskottets
367 586 66 21 flertal
450 591 27 15 nu
494 585 28 27 pä
539 585 67 27 grund
623 585 21 21 af
660 586 28 20 ett
700 584 108 22 uttalande
820 584 5 21 i
837 584 58 21 Bon-

106 621 113 21 deständet
235 623 70 19 ansett
321 622 35 26 sig
371 622 54 20 böra
440 621 75 27 frängä
532 621 40 21 den
589 627 27 15 nu
633 621 100 27 gällande
750 620 96 28 grunden
863 620 32 20 för

105 657 148 27 fördelningen
278 658 21 20 af
323 658 40 20 den
388 658 151 21 kommunerna
559 657 125 21 tillfallande
700 656 93 21 andelen
810 656 5 20 i
831 656 64 20 brän-

106 693 131 21 vinsskatten
255 695 55 19 samt
325 693 90 21 föreslär
431 699 27 15 en
474 693 121 26 fördelning
606 693 22 20 af
638 693 126 20 densamma
775 692 54 20 efter
838 691 57 21 folk-

106 729 113 26 mängden,
244 729 63 21 hafva
323 729 20 20 vi
360 729 47 21 icke
423 729 79 21 kunnat
518 729 82 20 biträda
615 729 111 26 förslaget,
744 727 88 22 oaktadt
848 727 47 21 det-

106 769 81 16 samma
210 765 36 20 vid
270 765 66 21 första
361 765 119 26 päseendet
504 770 65 21 synes
592 770 51 15 vara
667 770 44 21 nog
731 763 24 22 sä
772 763 123 22 tilltalande.

106 799 69 28 Enligt
199 801 157 26 approximativ
377 801 118 26 beräkning
516 801 68 20 skulle
600 801 114 26 nemligen,
732 800 42 21 ifall
792 799 103 26 förslaget

106 835 135 27 godkändes,
259 842 26 15 en
302 836 34 21 del
353 837 124 20 kommuner
493 837 85 20 komma
594 838 30 19 att
640 836 21 21 af
677 835 162 28 ifrägavarande
850 840 45 15 me-

106 871 34 21 del
159 872 99 26 uppbära
274 872 18 27 ej
310 877 38 16 ens
365 872 78 21 hälften
460 872 21 21 af
497 873 55 20 hvad
569 872 27 26 pä
613 872 63 21 deras
692 872 62 21 andel
772 871 33 21 för
820 871 75 20 närva-

105 907 64 21 rande
186 908 91 26 belöper
293 908 41 27 sig,
351 907 27 22 dä
395 908 96 21 deremot
507 908 65 21 andra
588 908 124 21 kommuner
728 907 59 27 finge
804 907 36 20 det
856 907 39 20 be-

106 943 59 26 lopp,
190 943 42 21 ifall
256 943 145 28 fördelningar
417 944 82 21 skedde
516 944 66 27 enligt
597 943 153 27 folkmängden
769 943 80 20 inemot
865 943 30 20 tre

105 978 82 27 gånger
203 979 28 21 de
248 979 134 21 härförinnan
400 979 86 22 erhållit.
513 979 40 26 Då,
569 979 33 21 för
618 981 30 19 att
659 979 74 21 anföra
744 979 67 26 några
822 983 73 16 exem-

106 1015 42 25 pel,
173 1015 78 21 Kimito
276 1015 101 21 kommun
402 1021 26 15 nu
446 1016 83 26 uppbär
548 1015 65 21 omkr.
630 1015 65 26 2,200
712 1015 41 26 mk,
770 1014 69 21 skulle
856 1014 39 21 Ut-

106 1050 91 21 skottets
222 1051 83 27 förslag
329 1051 67 21 sänka
420 1051 104 26 beloppet
548 1051 29 21 till
602 1051 65 20 omkr.
684 1051 43 20 870
744 1050 42 25 mk,
804 1050 91 20 Halikko

105 1085 100 21 kommun
231 1092 47 15 som
296 1092 26 15 nu
343 1086 88 22 erhäller
451 1087 62 25 1,900
530 1087 41 25 mk,
588 1086 57 27 finge
662 1086 114 20 framdeles
794 1086 42 20 795
853 1085 42 25 mk,

105 1115 82 27 Ålands
204 1123 66 20 härad
287 1128 27 15 nu
331 1123 66 25 7,752
414 1123 41 25 mk,
473 1123 85 20 härnäst
574 1122 65 26 3,600
656 1122 41 25 mk,
714 1122 111 20 hvaremot
841 1123 13 19 t.
863 1126 33 16 ex.

105 1156 30 22 S:t
156 1158 109 26 Johannes
290 1158 109 26 kommun,
421 1164 46 15 som
485 1164 26 15 nu
528 1158 83 26 uppbär
627 1158 65 20 omkr.
709 1158 43 20 310
770 1157 42 25 mk,
829 1157 67 26 enligt

105 1193 104 27 förslaget
225 1194 115 21 bekomma
357 1195 48 20 900.

177 1230 52 20 Med
255 1230 65 21 dessa
341 1230 98 26 exempel
459 1230 32 21 för
508 1232 86 24 ögonen
610 1242 29 2 —
656 1230 26 20 de
698 1229 72 21 kunde
787 1228 43 21 helt
843 1229 53 20 visst

105 1264 161 28 mängdubblas
283 1278 29 2 —
328 1266 41 21 och
387 1266 27 20 dä
431 1266 36 21 det
483 1267 21 19 är
520 1267 30 19 att
566 1265 72 21 märka
649 1267 30 19 att
690 1266 41 20 den
742 1265 154 21 kommunerna

104 1300 125 22 tillfallande
246 1302 91 20 andelen
355 1303 5 19 i
376 1302 186 20 bränvinsskatten
579 1302 122 26 egentligen
718 1302 64 25 utgör
793 1300 103 26 nederlag

104 1336 33 21 för
158 1337 106 21 mantalen
283 1337 133 27 frängängen
433 1338 40 20 rätt
488 1338 30 20 till
535 1337 232 26 husbehofsbränning,
785 1336 110 21 hvarutom

104 1372 14 20 9
142 1372 72 21 städer
238 1374 55 20 samt
315 1373 67 27 nägra
406 1374 124 20 hommuner
554 1374 5 19 i
578 1372 146 27 Lappmarken
740 1373 38 19 äro
796 1371 42 21 helt
854 1371 41 21 och

104 1407 65 22 hållet
193 1409 108 20 uteslutna
323 1408 46 21 från
392 1409 131 26 delaktighet
547 1409 5 20 i
576 1408 27 21 de
628 1414 16 15 s.
668 1408 18 21 k.
707 1406 188 22 bränvinsmedlen

104 1448 66 21 synes
195 1444 36 21 det
247 1449 39 16 oss
302 1444 81 27 vägadt
399 1446 30 19 att
445 1446 49 19 utan
512 1449 148 22 noggrannare
676 1443 114 26 utredning
807 1443 5 19 i
829 1442 67 21 saken

104 1479 89 21 omfatta
217 1480 42 21 den
276 1480 21 20 af
314 1480 111 21 Utskottet
441 1480 122 27 föreslagna
579 1478 239 28 fördelningsgrunden,
835 1478 62 21 hvar-
