1103 1753
447 130 39 21 N:o
502 131 28 21 27
828 131 13 21 KÖ

184 199 32 21 10.
233 200 32 20 11.
295 199 75 21 Bland
385 199 28 21 de
429 199 99 27 arbeten,
544 206 48 14 som
604 202 37 18 äro
652 199 170 28 nödvändigast
831 199 39 21 vid

113 233 218 28 späromändringen
351 234 12 20 &
378 234 176 28 Fredriksbergs
573 234 42 20 och
631 234 145 28 Helsingfors
792 233 78 22 statio-

112 276 42 14 ner
176 268 41 22 och
240 268 79 21 hvilka
336 268 92 21 arbeten
444 268 36 21 till
496 268 57 21 först
568 268 69 21 borde
653 268 91 21 komma
760 268 33 21 till
811 268 59 21 utfö-

114 303 68 22 rande
201 306 38 18 äro
255 302 122 29 byggande
393 302 23 21 af
431 305 33 18 ett
480 302 72 28 tredje
568 302 85 28 (depöt)
669 303 52 27 spär
736 302 50 21 frän
801 302 69 21 Fred-

114 338 117 27 riksbergs
254 337 69 27 depöt
342 336 36 21 till
393 336 145 28 Helsingfors
555 337 85 20 station
656 339 58 18 samt
729 337 142 27 utdragning,

114 370 23 23 af
152 374 33 19 ett
201 371 112 28 stickspår
327 371 6 20 i
350 370 57 22 Tölö
422 371 179 28 bergsskärning
617 371 28 28 pä
660 371 39 20 det
714 374 34 18 att
763 371 38 21 vid
817 378 53 14 vex-

114 406 49 28 ling
187 408 12 19 &
222 405 174 28 vedbangärden
416 405 5 21 i
438 405 146 28 Helsingfors
607 406 68 27 tägen
699 405 27 28 ej,
743 406 73 21 säsom
833 413 37 19 nu,

115 440 96 22 behöfde
226 441 57 27 utgä
298 441 29 26 pä
337 439 175 28 hufvudspären.
543 440 51 21 Den
604 440 129 21 beräknade
743 440 125 21 kostnaden

114 475 35 21 för
165 475 38 20 det
218 474 59 21 förra
294 475 85 20 arbetet
396 477 68 25 utgör
479 474 81 21 inalles
576 474 114 27 1,013,700
706 481 68 20 mark,
791 474 80 21 hvaraf

113 509 36 21 för
171 509 107 28 perioden
301 509 69 20 borde
393 509 75 20 anslås
486 509 94 27 713,700
594 509 64 20 mark
674 508 70 28 jämte
759 509 52 20 hela
827 509 43 20 den

114 543 129 21 beräknade
258 543 126 21 kostnaden
402 543 35 21 för
452 543 38 21 det
506 551 78 13 senare
600 543 88 21 arbetet
698 543 93 26 370,000
800 543 70 21 mark,

184 577 32 21 12.
246 576 159 29 Uppförandet
421 577 21 21 af
454 577 333 29 administrationsbyggnaden
798 577 8 21 i
816 577 54 21 Hel-

113 612 100 28 singfors
229 615 24 18 är
267 612 67 20 redan
352 619 27 13 en
395 612 89 28 afgjord
500 612 41 21 sak
557 612 42 21 och
612 612 102 20 kommer
724 612 88 20 arbetet
822 612 48 20 der-

114 646 52 21 med
182 648 34 19 att
231 649 88 18 snarast
334 646 91 28 möjligt
440 646 100 28 vidtaga.
559 654 48 13 men
625 646 26 21 dä
668 646 38 21 det
722 646 76 21 härför
808 646 62 21 anvi-

113 680 54 22 sade
191 681 104 28 anslaget
316 680 93 27 600,000
431 681 63 21 mark
518 680 19 28 ej
562 683 24 19 är
601 681 141 27 tillräckligt,
758 684 54 18 enär
827 680 41 22 den

115 715 128 21 beräknade
260 715 126 20 kostnaden
405 717 69 26 utgör
491 715 94 27 902,160
600 715 69 27 mark,
685 715 95 27 begäres
796 714 35 21 för
845 715 25 20 fi-

114 749 165 28 nansperioden
295 751 33 19 ett
343 749 192 28 tillskottsanslag
551 749 22 21 af
588 749 93 27 302,160
696 749 69 21 mark.

184 783 32 21 13.
246 783 67 22 Först
324 784 68 21 sedan
403 783 333 29 administrationsbyggnaden
748 783 8 21 i
763 783 107 28 Helsing-

113 819 46 20 fors
183 821 24 18 är
230 819 23 20 sä
276 825 52 21 pass
343 818 81 28 färdig,
444 821 34 18 att
493 819 7 20 i
516 818 131 21 densamma
662 818 148 28 provisoriskt
825 818 44 21 kan

114 853 89 20 inredas
219 852 27 21 de
261 852 36 22 för
312 853 107 21 trafikens
433 853 148 21 bedrifvande
591 853 86 28 nödiga
687 853 115 20 lokalerna
813 854 59 19 samt

113 887 111 28 styrelsen
248 887 100 28 inflyttat
371 887 2 20 i
393 887 27 21 de
440 895 44 20 nya
500 887 209 22 ombetslokalerna.
728 887 45 21 kan
788 886 83 21 nedrif-

113 921 85 29 ningen
223 921 22 22 af
268 921 39 22 dot
321 922 129 21 nuvarande
467 922 164 21 stationshuset
646 925 57 18 samt
719 921 153 28 uppförandet

115 955 23 22 af
159 956 39 21 det
220 964 45 21 nya
288 956 99 29 vidtaga.
407 956 237 29 ilgodsexpeditionen
660 956 71 21 under
746 956 70 21 skildt
832 955 39 21 tak

114 993 59 18 samt
188 998 158 21 perrongema.
376 991 31 21 Af
422 991 44 21 den
481 991 181 28 approximativt
672 990 129 22 beräknade
810 988 62 23 kost-

114 1025 74 21 naden
203 1025 83 27 härför,
302 1025 115 27 2,145,000
432 1025 70 27 mark,
518 1025 71 28 begär
599 1025 225 27 Järnvägsstyrelsen
837 1024 34 20 för

116 1058 172 29 ifrågavarande
303 1059 152 28 finansperiod
472 1059 115 28 1,223.000
602 1059 69 21 mark.

184 1093 33 21 14.
246 1093 46 21 För
307 1093 41 21 den
366 1094 122 21 elektriska
505 1094 150 28 belysningen
669 1093 22 21 af
702 1093 169 28 stationshuset,

113 1127 206 22 embetslokalema
341 1128 42 21 och
405 1128 132 28 bangården
560 1128 7 21 i
590 1127 143 29 Helsingfors
756 1130 57 18 samt
837 1126 35 21 för

113 1161 131 22 kraftbehof
263 1162 35 21 till
317 1162 54 21 drift
387 1162 22 21 af
424 1162 78 28 hissar,
519 1162 225 29 verktygsmaskiner
759 1169 27 13 m.
802 1161 21 21 fl.
838 1161 34 20 in-

113 1196 135 28 rättningar,
265 1196 110 21 erfordras
388 1197 142 28 uppförande
545 1197 22 20 af
581 1204 28 13 en
622 1203 130 22 gemensam
764 1195 107 22 elektrisk

114 1231 86 20 central
223 1231 35 21 för
280 1231 143 28 Helsingfors
448 1231 41 21 och
513 1231 169 28 Fredriksberg.
707 1230 113 21 beräknad
836 1229 34 21 till

112 1265 95 26 400,000
221 1265 70 21 mark.

184 1299 32 21 15.
245 1299 46 21 För
307 1300 177 28 komplettering
500 1301 22 20 af
534 1299 286 28 verkstadsanläggniugen
835 1298 36 21 vid

114 1333 164 29 Fredriksberg
302 1334 110 21 erfordras
435 1335 143 28 uppförande
601 1335 23 20 af
643 1342 26 13 en
685 1333 86 28 smedja
786 1332 42 22 och
844 1340 27 13 on

114 1368 192 21 mälareverkstad
330 1369 50 20 med
399 1369 104 28 pannhus
520 1369 41 21 och
577 1368 171 28 värmeledning
764 1371 57 18 samt
837 1370 35 18 ut-

113 1402 113 28 läggning
250 1402 22 21 af
294 1402 87 22 diverse
405 1404 56 26 spår.
498 1403 54 21 Med
574 1403 65 21 dessa
662 1403 97 26 arbeten,
782 1402 94 20 hvilkas

115 1436 95 21 kostnad
229 1436 119 22 beräknats
364 1437 60 28 stiga
440 1437 36 21 till
492 1438 93 27 504.300
601 1438 68 20 mark.
686 1437 75 21 kunde
772 1436 100 22 emeller-
