1103 1750
830 121 25 19 11

109 184 187 22 förekommande
319 184 99 29 tryckfel
441 184 41 21 har
505 184 109 28 därjemte
637 184 23 21 af
677 184 118 21 Utskottet
814 185 43 19 rät-

108 222 53 19 tats.

183 255 114 21 Frånsedt
313 255 70 21 ofvan
399 255 94 29 angifna
508 255 161 28 förändringar
685 255 41 21 har
740 255 118 21 Utskottet

114 293 75 19 ansett
215 290 35 29 sig
275 290 56 22 böra
356 291 115 29 tillstyrka
489 291 169 28 godkännande
674 291 23 21 af
713 291 44 21 den
772 290 86 28 nådiga

112 326 180 30 propositionen,
308 327 94 21 hvilken
421 327 69 21 äfven
505 329 62 19 utom
584 326 134 22 förberörda
729 326 129 22 afvikelse
846 322 15 38 i

109 362 15 30 $
147 365 20 23 2,
190 365 24 19 är
233 362 8 22 i
260 362 128 29 väsentliga
404 362 63 22 delar
483 362 250 22 öfverensstämmande
749 362 53 22 med
817 369 41 14 nu-

111 398 106 28 gällande
233 398 142 29 förordning.

182 434 33 21 På
243 434 75 28 grund
345 435 24 20 af
386 434 62 21 hvad
464 435 70 20 ofvan
550 434 87 21 anförts
653 434 35 21 får
704 434 154 27 Bevillnings-

112 470 111 21 utskottet
239 470 118 21 vördsamt
372 470 83 21 föreslå

326 531 31 20 att
375 530 84 22 landets
475 529 123 29 Höglofliga
616 529 97 22 Ständer
730 530 74 21 under
813 530 46 27 för-

254 566 125 28 utsättning
405 567 31 21 att
459 565 177 30 ifrågavarande
652 565 120 29 bevillning
787 565 73 27 finnes

255 602 66 28 nödig
332 602 33 22 till
374 602 101 28 fyllande
485 602 28 28 af
521 602 87 22 landets
619 602 68 27 behof,
700 601 65 22 måtte
776 604 83 24 antaga

254 645 27 15 en
297 637 124 29 sålydande

204 739 134 29 Förordning
355 745 34 17 om
406 740 115 28 bevillning
538 739 38 23 för
591 740 137 28 tillverkning
745 738 27 24 af

407 782 156 28 maltdrycker.

462 835 14 29 $
495 838 17 19 1.

184 870 141 22 Tillverkare
341 871 24 21 af
381 871 28 26 öl,
424 874 79 26 porter
514 871 55 21 eller
580 878 75 14 annan
666 870 128 29 maltdryck
803 870 58 22 skall

111 907 8 21 i
144 906 127 29 bevillning
295 906 92 29 erlägga
411 914 29 14 en
463 907 64 21 mark
550 907 37 21 för
606 906 79 29 hvarje
700 906 32 22 tio
748 906 112 28 kilogram

112 942 62 26 malt,
190 950 50 14 som
256 943 35 21 till
305 942 131 22 beredande
452 943 24 21 af
492 943 71 21 sådan
579 943 73 28 dryck
668 942 123 22 användes.

183 978 97 29 Uppgår
296 978 183 29 förbrukningen
495 979 23 21 af
533 978 56 22 malt
603 978 41 22 vid
660 980 32 20 ett
703 978 109 28 bryggeri
820 985 41 13 un-

113 1014 41 22 der
174 1016 49 20 året
241 1014 34 22 till
291 1022 48 14 mer
356 1017 29 19 än
400 1014 148 22 femtiotusen
563 1014 119 28 kilogram,
698 1014 115 28 uppbäres
829 1016 32 19 ett

113 1050 98 22 tillskott
230 1050 24 22 af
273 1050 32 22 tio
327 1050 70 29 penni
413 1050 36 22 för
464 1050 79 29 hvarje
559 1050 32 22 tio
607 1050 111 28 kilogram
734 1050 61 25 malt,
812 1056 49 14 som

113 1086 93 22 utöfver
229 1086 72 28 sagda
323 1086 84 29 belopp
432 1086 42 22 och
497 1086 35 22 till
548 1086 42 22 och
605 1086 54 21 med
674 1086 188 21 etthundratusen

113 1122 113 28 kilogram
242 1122 41 21 vid
298 1122 111 28 bryggeri
419 1122 116 22 användes
547 1122 36 22 för
593 1122 149 28 tillverkning
752 1122 23 21 af
782 1124 79 18 nämn-

115 1157 29 22 da
167 1157 104 29 drycker,
296 1160 58 19 samt
377 1158 65 29 tjugu
464 1158 71 29 penni
553 1158 37 22 för
608 1157 79 29 hvarje
702 1157 32 22 tio
749 1157 112 28 kilogram

112 1193 62 26 malt,
198 1201 49 14 som
271 1194 74 21 under
364 1196 49 19 året
430 1194 122 21 förbrukas
567 1194 92 21 utöfver
675 1193 187 22 etthundratusen

114 1229 39 22 och
169 1229 34 22 till
218 1229 39 22 och
275 1230 49 21 med
340 1229 195 23 tvåhundratusen
551 1230 113 28 kilogram,
682 1229 113 28 äfvensom
808 1229 54 27 fem-

113 1266 28 21 tio
154 1267 73 26 penni
241 1267 36 27 för
293 1265 77 29 hvarje
387 1266 73 27 belopp
477 1266 28 27 af
517 1266 28 21 tio
562 1265 107 29 kilogram
685 1265 53 22 malt
753 1272 47 15 som
820 1272 43 14 un-

114 1301 39 21 der
170 1301 48 22 året
233 1301 152 28 tillgodogöres
400 1301 87 27 utöfver
502 1301 195 22 tvähundratusen
713 1301 114 28 kilogram.

464 1361 14 29 8
494 1364 21 18 2.

186 1402 46 22 Har
247 1402 8 21 i
271 1402 118 29 bryggeri,
406 1403 40 21 där
462 1402 130 29 maltdryck
607 1402 124 26 tillverkas,
747 1402 73 21 under
831 1404 32 19 ett

113 1440 26 18 år
154 1438 50 21 icke
220 1438 132 22 förbrukats
368 1441 25 19 sä
409 1441 47 19 stor
472 1438 114 22 kvantitet
599 1438 61 26 malt,
672 1440 33 19 att
715 1438 148 28 bevillnings-
