1103 1753
423 141 41 22 N:o
487 142 29 21 25

444 210 14 22 6
474 211 20 26 8.

161 256 144 29 Afhandling
329 257 96 21 emellan
448 256 96 22 enskilda
565 257 60 20 samt
647 255 138 22 förbindelse
808 255 43 22 och

94 299 75 14 annan
193 291 74 28 skrift,
293 298 48 15 som
365 290 25 22 af
410 291 85 22 sådana
516 290 110 29 utfärdas,
648 291 37 20 må
708 289 90 22 affattas
822 290 30 28 på

792 141 28 22 37

868 247 115 25 Stämpelaf-

867 277 37 25 gift
915 277 31 18 för
958 276 27 18 af-

869 306 118 23 handlingar

95 325 138 29 ostämpladt
255 333 92 21 papper,
364 333 52 14 men
431 325 48 28 bör,
495 325 29 22 dä
539 325 45 22 den
598 324 84 23 företes
697 324 40 22 vid
753 324 98 21 domstol
866 335 84 19 mellan
957 340 33 12 en-

95 360 54 21 eller
172 360 229 28 embetsmyndighet,
425 343 71 39 förses
518 360 53 21 med
594 359 70 22 sådan
683 359 104 28 stämpel,
804 366 48 14 som

95 394 42 22 här
151 395 74 21 nedan
241 394 35 22 för
290 395 79 28 hvarje
385 395 41 21 fall
440 394 73 22 finnes
529 397 79 26 utsatt,
625 394 93 22 såframt
728 394 45 21 slik
782 393 71 21 hand-

96 430 49 28 ling
167 429 52 22 icke
241 430 35 21 för
293 430 58 22 visst
367 429 103 29 angifvet
486 429 106 22 åndamål
607 432 24 18 är
646 431 118 27 upptagen
779 429 75 20 såsom

97 464 132 28 stämpelfri.
255 464 210 28 Stämpelbeloppet
481 467 24 19 är
520 464 116 21 bestämdt
649 463 35 22 för
698 463 52 21 hela
760 462 95 22 afhand-

97 499 79 27 lingen
200 499 55 21 eller
274 498 103 28 skriften,
393 501 56 19 utan
465 498 106 22 afseende
586 499 13 21 å
614 498 50 22 dess
680 498 62 27 vidd,
758 497 74 21 derest
847 496 9 21 i

98 532 93 22 tariffen
207 533 50 21 icke
272 533 158 29 uttryckligen
445 536 73 26 säges,
534 535 34 19 att
584 532 96 28 stämpel
695 532 111 22 beräknas
821 531 35 21 för

97 567 80 29 hvarje
192 568 47 28 ark,
255 568 80 21 hvaraf
350 568 97 21 skriften
462 568 82 28 består,
556 568 55 21 eller
622 567 56 21 efter
689 574 75 14 annan
775 565 81 29 grund.

101 631 2 21 |

103 740 142 54 mui
239 748 8 14 i
261 740 90 28 handel,
367 740 85 29 fartyg,
468 740 62 22 bank
545 740 42 22 och
602 740 129 22 industriell

238 775 127 29 inrättning
381 775 55 21 eller
451 777 70 19 annat
536 774 96 29 företag,
649 782 47 14 som
707 778 25 18 är

238 809 115 29 grundadt
368 810 30 27 pä
413 809 80 28 aktier,
510 809 115 28 stämplas,
642 809 28 21 dä
680 807 67 23 hela
734 803 17 40 !

239 844 101 21 insatsen
362 843 36 21 för
415 843 79 29 hvarje
512 844 62 21 aktie
589 846 25 19 är
628 843 104 22 bestämd

239 878 37 21 till
292 878 42 22 100
349 878 64 21 mark
428 878 55 21 eller
498 878 117 28 derunder,
632 878 66 21 med.

105 927 2 8 i
167 922 8 9 »
237 912 135 28 derutöfver,
389 912 36 22 för
441 908 76 64 hvarje
529 908 61 37 fulla
606 892 42 53 100
662 912 70 28 mark,

105 948 2 2 i
241 947 52 21 med
316 965 4 3 .
352 965 3 3 .
386 964 4 4 .
730 964 3 3 +
747 949 2 29 |

106 963 1 38 |
126 959 115 56 Anvisning
255 982 109 28 stämplas
380 982 75 21 såsom
455 964 3 4 |
471 960 166 54 Förskrifning.
661 964 3 4 -
748 979 1 3 i

107 1027 1 16 |
117 1015 255 28 Arfskiftesinstrument,
399 1016 29 21 då
454 1016 126 22 detsamma
604 1018 130 26 upprättats

186 1051 74 20 såsom
276 1058 27 13 en
319 1050 59 21 ifrån
396 1050 339 29 bouppteckningsinstrument
749 1061 2 16 |

186 1083 84 23 afskild
292 1084 118 29 handling,
435 1085 109 28 stämplas
568 1085 74 21 såsom
660 1092 75 14 annan

186 1119 83 28 bilaga.
299 1119 30 22 Se
343 1119 15 21 4
373 1120 19 26 8.

109 1158 2 27 |
119 1154 202 31 Arrendekontrakt,
337 1161 23 14 se
375 1153 123 22 Kontrakt.

109 1177 2 47 |
127 1173 154 55 Assuransbref
299 1188 43 21 och
364 1187 216 29 assuransförnyelse,
602 1195 24 14 se
641 1187 111 35 Försäk-
742 1183 12 43 |

184 1218 124 37 ringsbrei.
751 1225 2 9 |

110 1250 1 7 *
120 1250 155 34 Bodmeribref
287 1257 81 28 drager
379 1257 97 28 stämpel
488 1258 73 21 såsom
572 1256 166 29 Förskrifning.

111 1291 1 5 i
120 1291 214 28 Borgesförbindelse,
349 1299 24 14 se
388 1291 226 22 Löftesförbindelse.

111 1341 1 4 |
121 1326 322 29 Bouppteckningsinstrument,
468 1326 74 28 enligt
564 1325 89 22 hvilket
674 1325 64 22 boets

111 1341 2 31 |
189 1360 134 29 behållning
331 1360 51 22 icke
390 1361 90 28 uppgår
487 1360 37 21 till
534 1360 63 28 1,000
604 1360 69 28 mark,
689 1359 51 28 fritt

111 1378 2 46 |
189 1395 48 21 Der
251 1395 164 28 behållningen
430 1395 8 20 i
453 1395 55 21 boet
522 1396 90 27 uppgår
624 1394 36 21 till
669 1377 71 38 minst

111 1425 2 14 i
226 1429 64 28 1,000
313 1429 72 28 mark,
410 1428 74 22 förses
506 1429 161 21 instrumentet
688 1428 52 21 med

112 1449 2 30 |
225 1463 98 29 stämpel
338 1463 37 22 till
390 1463 85 28 belopp
492 1463 31 22 af:

729 881 19 24 si

750 1100 1 8 |

750 1123 2 25 |

750 1150 2 15 I

765 655 85 21 Fe
813 639 12 48 |
833 639 20 48 ja

782 960 25 2 —
828 945 31 22 110]

857 960 2 9 |

894 363 68 19 skilda.
