1106 1753
832 151 26 19 19

108 214 38 28 pel
170 214 72 28 enligt
265 214 45 22 den
334 214 33 21 uti
389 216 125 20 momentet
535 213 95 29 angifna
650 213 129 27 skattesats,
801 216 58 19 samt

109 250 107 26 därefter,
236 252 74 20 såsom
330 250 119 28 undantag
469 250 52 21 från
541 250 76 21 denna
637 249 63 29 regel
720 249 91 29 inryckt
827 251 32 19 ett

109 286 134 28 stadgande,
266 286 24 21 af
312 285 100 22 innehåll
433 288 32 19 att
485 286 132 21 kontraktet
636 285 7 21 i
659 285 44 21 alla
722 285 28 21 de
766 285 47 26 fall,
830 285 29 21 då

108 321 40 22 det
171 321 117 22 användes
311 322 7 20 i
342 322 115 28 egenskap
481 322 24 21 af
524 321 159 28 förskrifning,
699 321 42 22 bör
756 321 102 21 karteras

109 357 72 28 enligt
197 357 45 22 den
258 357 36 22 för
310 357 133 22 skuldebref
463 357 114 28 gällande,
595 356 116 29 betydligt
728 356 64 29 lägre
808 364 51 21 pro-

109 395 136 19 centsatsen.
278 393 88 22 Genom
390 393 76 22 denna
491 393 158 28 uppställning
674 393 101 28 framgår
802 393 57 21 altså

108 429 53 21 med
184 429 44 21 full
248 429 115 28 tydlighet
386 432 32 19 att
442 429 82 22 sådant
546 429 114 26 kontrakt,
684 429 30 21 bl.
736 436 19 14 a.
775 429 29 21 då
821 429 38 21 det

108 465 86 21 företes
210 465 36 21 för
261 465 117 22 vinnande
394 465 23 22 af
432 465 135 28 inteckning
582 465 35 21 till
635 465 107 21 säkerhet
757 465 36 22 för
804 465 55 21 kon-

108 501 96 21 traktets
220 501 107 21 framtida
340 501 105 26 bestånd,
456 501 42 22 bör
508 501 110 28 beläggas
629 501 52 21 med
693 501 98 28 stämpel
801 501 58 21 efter

108 536 46 22 den
169 536 9 22 i
193 539 125 20 momentet
333 537 113 28 ingående
462 537 72 28 högre
550 537 100 21 tariffen.

180 573 37 21 En
233 580 76 14 annan
324 573 159 28 anmärkning,
500 580 49 15 som
565 573 53 21 med
633 573 40 28 fog
687 572 88 21 kunnat
790 573 69 20 fram-

109 609 77 21 ställas
204 611 60 19 emot
279 611 136 20 momentets
431 609 126 28 affattning
572 609 8 21 i
591 616 31 13 nu
636 608 105 29 gällande
753 608 106 29 stämpel-

108 644 143 29 förordning,
275 647 25 19 är
324 645 50 26 den,
399 647 32 19 att
455 645 68 22 dessa
546 645 144 28 stadganden
710 644 50 22 icke
780 645 79 20 kunna

108 680 115 28 tillämpas
239 683 30 25 på
285 681 85 21 sådana
385 681 109 21 kontrakt
510 681 118 27 angående
645 683 44 18 rätt
705 680 34 21 till
755 680 103 28 skogsaf-

108 716 122 28 verkning,
246 716 34 22 uti
294 716 79 22 hvilka
389 716 133 29 vederlaget
537 717 36 21 för
589 716 197 29 nyttjanderätten
804 716 54 21 fast-

108 752 66 22 stälts
189 752 35 22 till
239 752 47 22 viss
307 752 68 28 afgift
394 760 41 21 per
457 752 88 22 försåld
566 755 57 19 stam
640 752 54 22 eller
715 752 58 22 efter
789 754 70 20 annat

108 790 63 24 mått,
186 790 57 19 utan
260 790 32 19 att
307 788 163 21 slutsummans
494 788 84 28 belopp
599 788 101 28 framgår
715 795 28 14 ur
763 788 95 22 afhand-

107 823 85 29 lingen.
225 824 79 28 Enligt
326 824 62 21 hvad
408 824 119 22 Utskottet
543 824 42 21 har
606 824 35 28 sig
661 824 85 21 bekant
769 827 38 19 äro
823 824 35 21 till

108 859 76 22 denna
207 860 104 28 kategori
332 860 103 21 hörande
455 860 179 28 skogskontrakt
653 860 50 21 icke
724 860 134 28 sällsynta
844 855 17 38 i

107 898 53 19 värt
174 896 66 25 land;
262 896 42 21 och
323 896 125 29 anledning
469 904 69 21 synes
555 896 90 22 därföre
668 896 142 22 förekomma
825 898 34 19 att

107 934 30 25 pä
154 934 45 18 sätt
215 932 55 21 eller
286 934 69 18 annat
370 932 55 21 söka
441 932 59 28 fylla
516 932 102 28 antydda
633 931 67 22 lucka
715 932 8 21 i
739 934 40 19 vär
790 934 67 20 stäm-

107 967 192 29 pellagstiftning.
331 967 129 29 Uppgiften
475 968 42 21 har
533 967 127 22 emellertid
670 968 50 21 icke
731 968 60 22 varit
800 970 58 19 utan

108 1003 124 29 svärighet,
244 1004 30 21 dä
284 1004 7 21 i
303 1004 152 21 förevarande
465 1004 42 21 fall
517 1006 78 26 nägon
609 1004 80 28 gifven
699 1004 159 21 värdemätare

107 1039 19 28 ej
144 1039 77 22 finnes
238 1040 36 21 för
289 1039 173 22 bestämmande
479 1040 23 21 af
518 1040 163 21 skattesatsens
701 1039 91 29 belopp.
817 1039 40 22 Ut-

108 1075 84 21 skottet
208 1075 41 21 har
272 1075 19 28 ej
317 1075 71 22 heller
411 1075 90 29 lyckats
517 1075 95 29 päfinna
631 1077 78 26 nägon
724 1075 133 29 lämpligare

106 1113 73 26 utväg
195 1113 30 19 än
241 1113 38 24 att,
296 1111 8 21 i
320 1111 90 28 analogi
420 1111 54 22 med
484 1111 63 22 hvad
558 1119 49 14 som
621 1114 24 18 är
656 1111 108 28 stadgadt
774 1111 83 22 beträf-

106 1146 70 22 fande
192 1149 160 24 testamenten,
368 1147 34 21 uti
417 1147 80 22 hvilka
512 1147 59 22 visst
586 1147 71 21 värde
672 1147 51 21 icke
739 1150 25 18 är
779 1149 78 24 utsatt,

106 1182 84 21 föreslä
206 1189 30 14 en
255 1183 117 28 kartering
389 1183 23 21 af
435 1183 68 21 dessa
522 1183 108 21 kontrakt
652 1183 53 21 med
725 1185 33 19 ett
773 1183 84 28 belopp

106 1217 24 21 af
145 1220 13 19 2
175 1218 36 21 till
226 1220 44 20 200
286 1218 70 26 mark,
372 1218 62 21 inom
450 1218 96 22 hvilken
556 1218 83 21 latitud
653 1219 205 28 stämpelbeloppet

106 1253 58 22 efter
174 1254 112 28 pröfning
300 1254 24 21 in
336 1261 53 15 casu
400 1254 73 22 skulle
489 1254 24 22 af
529 1254 108 22 domaren
653 1254 144 22 bestämmas.
817 1254 40 22 Ut-

106 1288 85 22 skottet
201 1290 41 21 har
252 1289 82 22 härvid
344 1290 50 21 icke
405 1290 113 26 förbisett,
530 1292 33 19 att
570 1290 41 21 fall
621 1290 77 22 kunde
709 1290 148 26 förekomma,

106 1324 28 22 dä
151 1325 69 21 äfven
241 1325 201 29 maximibeloppet
461 1326 79 21 kunde
561 1333 66 14 anses
651 1326 68 21 altför
739 1326 118 28 lindrigt
842 1320 17 38 i

104 1360 145 22 förhällande
272 1361 35 21 till
331 1361 239 29 afverkningsrättens
594 1362 77 25 värde,
696 1369 53 14 men
772 1362 48 26 har,
845 1364 12 19 &

104 1396 74 21 andra
193 1396 73 26 sidan,
283 1397 53 21 med
351 1397 92 28 hänsyn
453 1397 36 21 till
500 1398 46 21 den
555 1397 158 28 betänklighet
726 1398 131 27 pröfnings-

104 1433 76 20 rätten
203 1432 65 21 alltid
291 1434 72 19 mäste
387 1432 98 29 erbjuda
508 1440 29 14 en
557 1435 176 26 samvetsgrann
757 1433 99 26 domare,
