1014 1675
228 131 80 24 Ständ.
324 132 52 23 Pet.
396 144 21 3 —
434 132 169 23 Petitionsbet.
619 131 40 23 N:o
674 130 35 23 16.
800 131 12 20 3

162 194 63 22 Emot
239 194 123 22 införandet
377 195 25 21 af
415 196 36 20 det
466 194 123 28 föreslagna
605 202 42 21 nya
662 195 101 27 systemet
778 194 24 20 är
812 193 30 22 vi-

93 230 51 20 dare
160 228 105 27 anmärkt,
282 231 32 19 att
328 229 74 21 landet
419 230 58 20 ännu
491 230 48 21 icke
555 229 99 22 öfverallt
669 229 58 21 inom
742 229 48 21 dess
800 228 43 22 vid-

93 264 96 21 sträckta
204 264 86 21 område
306 265 52 26 egde
374 264 152 21 underlättade
541 264 41 21 och
599 263 156 29 jemförelsevis
770 263 72 27 billiga

93 297 209 22 kommunikationer
322 298 40 21 och
375 298 81 28 jemväl
471 299 97 21 saknade
583 298 123 21 fördelarne
721 297 24 22 af
758 304 26 15 en
800 297 42 22 alla

92 333 56 21 tider
164 333 27 27 pä
206 333 46 20 året
267 333 133 21 obehindrad
423 333 130 22 förbindelse
569 334 48 21 med
633 334 26 20 de
675 332 167 27 spanmälsorter

92 368 7 21 i
115 367 105 26 utlandet,
236 367 115 26 hvarifrän,
363 368 35 21 vid
407 368 131 21 inträffande
550 369 63 20 svära
623 368 132 24 missväxter,
766 366 33 21 till
809 368 32 19 ut-

93 403 51 20 säde
160 401 74 28 tjenlig
250 402 38 21 säd
303 401 72 22 kunde
390 402 99 22 erhällas.
520 402 71 22 Häraf
607 402 68 21 skulle
690 401 34 22 för
738 401 103 28 styrelsen

93 436 98 27 betingas
214 436 187 27 nödvändigheten
424 439 39 24 att,
487 438 28 20 dä
537 438 36 20 det
588 437 157 26 öfvervägande
760 435 82 22 antalet

93 471 83 21 mindre
188 470 143 28 jordbrukare
346 471 69 21 sällan
431 471 52 21 eller
499 471 69 28 aldrig
583 471 55 21 varit
646 466 10 38 i
652 470 102 21 tillfälle
764 472 32 19 att
806 470 36 21 be-

93 512 65 21 spara
172 506 75 20 utsäde
262 505 33 21 för
311 505 128 22 kommande
455 506 30 25 är,
501 507 29 26 pä
545 505 70 22 skilda
634 507 57 20 orter
707 504 64 22 hafva
785 505 7 20 i
807 504 35 21 be-

93 539 92 28 redskap
202 539 108 28 betydliga
325 540 167 26 sädesförräder,
508 541 33 21 för
551 543 32 19 att
594 540 35 22 vid
639 540 134 21 allmännare
783 539 59 21 miss-

93 576 51 20 växt
159 575 21 20 ät
196 575 81 20 sädana
289 574 145 28 jordbrukare
449 575 85 21 utlänas
550 575 52 21 eller
616 574 105 28 försäljas.
752 574 90 21 Kostna-

93 610 41 20 den
150 608 33 22 för
197 609 158 27 förvaltningen
371 609 23 21 af
408 610 66 27 sagde
489 610 97 21 förräder
599 610 68 27 jemte
681 610 42 20 den
739 608 103 22 ränteför-

93 644 49 25 lust,
158 650 45 14 som
218 644 68 20 under
300 644 57 21 vissa
378 644 56 21 tider
449 645 14 20 ä
478 645 48 21 dem
541 645 114 27 uppstode,
671 644 55 21 hade
742 643 54 22 visat
811 643 31 27 sig

93 679 50 21 vida
165 678 125 29 understiga
312 679 148 21 kostnaderna
482 679 33 21 för
533 679 79 27 import
627 678 48 22 frän
691 678 97 21 utlandet
803 678 40 21 och

93 712 167 22 framskaffande
275 713 33 21 till
323 713 120 27 aflägsnare
459 713 132 21 landsändar
606 712 24 22 af
643 714 38 20 der
696 712 91 28 behöflig
798 713 44 20 säd.

93 748 95 21 Landets
204 747 291 22 kommunikationsväsende
505 748 45 21 har
565 747 55 22 dock
635 748 69 20 under
719 749 84 19 senaste
816 746 26 22 ti-

93 783 38 20 der
147 783 46 20 nätt
209 789 26 14 en
250 782 94 27 betydlig
360 783 53 26 grad
429 782 24 21 af
466 782 135 27 förbättring.
626 782 82 21 Genom
719 782 124 27 öppnandet

95 816 24 21 af
131 816 64 21 Pielis
217 816 65 21 kanal
305 817 39 20 och
360 817 124 27 byggandet
499 817 24 20 af
536 816 238 22 Tammerfors-Wasa
786 816 57 27 jern-

93 852 48 26 väg,
164 857 45 14 som
225 851 7 20 i
248 851 40 21 den
311 853 98 19 snaraste
432 851 89 21 framtid
539 851 55 21 skall
609 851 33 21 för
657 850 64 22 trafik
736 850 107 28 upplätas,

94 885 108 22 äfvensom
218 892 76 20 genom
310 886 41 20 den
367 885 73 22 vidare
453 885 210 28 jernvägsbyggnad,
679 892 45 14 som
739 885 35 21 vid
784 885 60 20 inne-

95 920 95 21 varande
206 920 103 27 landtdag
320 920 62 20 torde
397 919 88 22 komma
499 922 32 19 att
547 919 101 26 beslutas,
659 919 65 22 hafva
733 919 33 21 till
776 920 68 20 större

96 953 62 22 delen
175 955 25 20 de
216 954 83 25 hinder,
315 961 45 14 som
367 953 52 30 frän
430 954 250 21 kommunikationernas
691 953 108 29 synpunkt
808 961 36 14 an-

95 991 53 18 setts
171 989 59 20 möta
252 989 41 20 den
315 988 125 27 föreslagna
462 989 116 26 åtgärdens
593 989 175 27 genomförande,
783 988 60 21 fallit.

94 1023 42 20 För
152 1022 64 28 öfrigt
231 1023 72 20 kunde
316 1023 80 27 jemväl
412 1024 43 20 den
470 1024 77 26 åtgärd
557 1023 104 27 vidtagas,
673 1025 33 19 att
720 1023 8 21 i
743 1023 55 21 vissa
808 1023 36 20 län

94 1057 52 21 eller
161 1057 129 26 landsdelar,
306 1064 45 14 som
366 1058 37 20 äro
419 1057 126 22 vanlottade
560 1057 7 21 i
583 1057 100 22 afseende
698 1058 14 21 å
726 1057 118 21 kommuni-

93 1091 106 26 kationer,
223 1091 76 24 tillåta,
315 1093 32 19 att
368 1092 72 27 någon
461 1091 54 22 efter
529 1091 165 22 förhållandena
709 1092 86 28 lämpad
810 1091 34 22 del

94 1126 25 21 af
132 1127 41 20 den
188 1126 42 21 fixa
250 1126 196 27 penningeskatten
462 1126 57 28 finge
535 1126 118 22 tillsvidare
667 1127 76 27 gäldas
758 1127 7 20 i
781 1134 62 20 span-

95 1160 42 21 mål
152 1160 54 21 efter
221 1162 30 19 ett
267 1160 24 21 af
304 1161 127 27 regeringen
447 1160 114 26 bestämdt,
577 1161 78 27 skäligt
670 1161 50 27 pris,
744 1161 30 21 På
785 1162 60 20 detta

95 1196 42 20 sätt
160 1194 68 22 skulle
251 1195 129 21 statsverket
403 1195 75 21 kunna
496 1196 115 26 disponera
626 1195 59 22 öfver
700 1196 97 27 spanmål
812 1195 33 22 för

94 1229 128 21 inträffande
245 1230 109 25 missväxt,
370 1230 69 21 under
454 1231 37 20 det
507 1232 32 19 att
554 1230 55 21 dock
624 1230 112 28 principen
752 1230 24 22 af
786 1230 58 28 jord-

94 1265 96 21 skattens
206 1265 182 26 oföränderlighet
403 1271 51 15 vore
470 1265 121 21 fasthållen.

162 1299 30 21 På
214 1300 70 26 grund
306 1299 24 21 af
350 1299 57 22 hvad
429 1299 93 22 sålunda
537 1299 82 22 anförts
634 1300 39 21 och
688 1301 70 20 under
772 1299 73 22 åbero-

94 1335 71 26 pande
185 1334 80 27 jemväl
286 1334 24 21 af
330 1335 26 20 de
376 1333 47 22 skäl
439 1336 86 19 senaste
541 1334 92 21 Ständer
648 1335 32 20 uti
696 1335 61 20 deras
772 1334 73 22 ofvan-

94 1369 94 20 nämnda
198 1369 150 26 underdåniga
358 1376 48 14 svar
417 1369 126 26 framhållit,
553 1369 22 21 få
583 1369 122 21 Ständerna
714 1369 38 21 hos
763 1369 82 22 Eders

94 1403 181 27 Kejserliga
293 1403 151 28 Majestät
460 1403 7 21 i
482 1404 172 27 underdånighet
670 1404 93 25 anhålla,

356 1441 29 17 att
399 1439 81 20 Eders
495 1439 124 24 Majestät
632 1440 9 19 i
653 1440 62 19 nåder
725 1440 69 19 täcktes
805 1440 41 20 låta

207 1470 11 14 *
298 1473 88 20 utarbeta
401 1474 34 19 och
449 1474 230 20 nästsammanträdande
688 1475 92 24 landtdag
794 1475 50 24 före-
