1023 1675
316 114 244 20 Petitionsbetänkande
571 114 39 20 N:o
623 115 32 19 32.
828 117 11 18 5

105 172 7 18 i
124 172 21 18 de
157 172 52 18 flesta
220 172 38 22 fall,
275 172 73 18 erhållit
360 172 64 18 endast
435 172 49 18 bitar
499 172 20 18 af
530 173 27 17 ett
570 172 81 21 vetande,
664 178 37 12 som
713 172 27 18 för
753 174 28 17 att
794 172 68 19 erhålla

105 200 59 24 någon
182 200 69 23 verklig
268 200 91 23 betydelse
377 200 99 18 förutsätta
491 201 33 17 och
540 200 80 18 erfordra
633 200 32 18 den
679 201 99 24 afslutning
791 202 19 18 af
821 202 41 17 kur-

106 235 56 16 serna,
175 234 37 12 som
224 229 68 17 lemnas
302 228 46 18 först
360 228 23 24 på
396 229 20 17 de
429 229 56 23 högre
498 230 33 17 och
543 229 66 23 högsta
620 230 97 17 klasserna.

174 262 39 18 Den
225 262 139 24 nödvändighet,
376 268 38 12 som
426 268 24 12 nu
462 263 95 18 förefinnes
570 264 27 16 att
610 263 54 18 redan
676 263 31 18 vid
719 263 46 23 tidig
778 264 50 18 ålder
840 274 22 2 —

106 292 11 18 9
130 291 10 17 a
153 292 21 18 10
186 291 20 17 är
218 301 22 3 —
252 291 98 18 bestämma
362 292 28 17 ett
404 292 54 17 barns
470 291 92 18 blifvande
577 292 122 22 lefnadsbana,
712 292 33 18 och
757 292 74 18 hvilken
844 294 20 16 är

106 320 21 18 så
138 320 81 23 plågsam
231 320 27 18 för
270 320 37 18 alla
318 320 90 18 föräldrar
420 320 32 18 och
465 320 94 23 målsmän,
569 321 59 17 skulle
640 322 65 16 nästan
714 321 39 17 helt
764 322 32 17 och
806 321 58 17 hållet

107 349 86 22 upphöra,
206 348 5 18 i
225 348 30 18 det
267 348 33 18 den
312 348 57 18 första
382 348 150 23 undervisningen
545 349 58 18 blefve
615 354 101 18 gemensam
728 349 27 18 för
769 350 37 17 alla
816 350 49 17 olika

107 378 101 22 riktningar
227 378 32 17 och
278 378 6 17 i
303 378 36 17 alla
351 378 37 20 fall,
402 378 51 17 äfven
466 378 56 17 sedan
534 378 49 18 valet
595 379 20 16 är
627 378 65 23 gjordt,
706 378 88 18 hvardera
807 378 57 22 slaget

108 406 19 18 af
143 406 55 23 högre
216 406 65 21 skolor,
299 406 135 23 Real-lyceerna
451 406 90 18 likasåväl
557 412 37 12 som
610 407 21 17 de
643 407 99 21 Klassiska,
755 407 59 17 kunde
826 406 39 18 föra

107 435 46 18 fram
166 435 46 18 ända
224 435 30 18 till
266 435 130 18 universitetet.

176 469 160 18 Hufvudstammen
354 470 20 17 af
390 470 63 17 skolan
472 470 58 17 skulle
548 469 93 18 bibehålla
656 469 21 18 de
689 470 90 17 klassiska
792 469 72 22 studier,

108 498 23 23 på
143 498 62 18 hvilka
216 503 42 12 man
270 498 10 17 å
292 498 20 17 så
323 497 73 23 månget
407 498 38 18 håll
458 499 57 17 sätter
527 498 20 18 så
559 499 46 17 stort
617 508 22 3 —
651 498 6 17 i
669 498 36 18 min
717 498 55 18 tanke
785 498 27 17 ett
823 498 41 17 allt-

108 527 28 17 för
148 528 46 16 stort
206 537 21 3 —
240 527 61 21 värde;
313 528 19 21 ty
345 526 21 18 de
378 527 42 17 vida
432 528 69 21 vägnar
514 527 131 23 öfvervägande
658 527 69 18 antalet
739 527 59 23 lyceer
807 526 57 18 skulle

107 555 20 23 ju
145 555 57 18 blifva
218 555 100 23 Klassiska,
336 555 116 18 meddelande
465 556 30 18 vid
508 556 80 17 inträdet
599 556 31 17 till
642 556 125 18 universitetet
778 556 39 17 lika
830 561 36 12 om-

108 584 82 18 fattande
202 584 81 23 insigter,
296 590 36 12 som
344 584 28 18 för
384 585 116 20 närvarande,
514 585 6 17 i
532 585 21 17 de
567 585 62 17 antika
641 585 70 17 folkens
724 584 53 23 språk
790 584 33 18 och
836 584 30 17 lit-

108 614 74 17 teratur.
206 613 41 17 Men
265 612 24 23 på
306 618 67 12 samma
390 613 48 22 gång
453 613 64 20 skulle,
529 613 6 17 i
548 613 30 17 det
591 613 107 18 åtminstone
713 614 26 17 ett
755 613 46 18 fåtal
813 613 53 17 Real-

109 642 58 22 lyceer
178 641 47 23 finge
238 641 47 23 plats
298 641 6 18 i
316 641 145 23 organisationen
474 641 33 18 och
519 641 123 23 berättigades
655 643 28 16 att
695 641 56 18 sända
761 641 40 18 sina
810 641 56 17 alum-

110 675 31 12 ner
159 670 29 17 till
206 669 70 18 landets
288 670 92 22 högskola,
394 671 26 16 ett
431 670 106 22 rättmätigt
549 670 113 17 erkännande
674 670 79 17 tilldelas
766 670 34 17 den
814 669 52 22 åsigt,

110 704 38 12 som
165 699 7 16 i
190 699 36 17 alla
241 699 32 17 fall
289 699 59 22 hyllas
364 699 20 17 af
394 699 27 16 ett
433 699 39 17 icke
484 698 20 18 så
517 699 41 17 litet
571 699 49 17 antal
633 699 20 17 af
663 699 70 17 landets
745 698 121 23 medborgare,

111 728 27 17 att
156 727 89 23 nemligen
263 727 125 23 fördjupandet
406 727 6 17 i
430 733 20 12 en
468 729 51 15 snart
534 727 27 18 för
573 727 84 18 tvåtusen
670 727 19 18 år
701 727 54 18 sedan
767 727 99 22 förgången

111 755 36 18 tids
166 755 54 24 språk
238 756 32 18 och
283 755 99 23 åskådning
394 755 40 18 med
446 755 58 18 fördel
517 755 58 18 kunde
588 756 77 17 ersättas
677 755 19 18 af
707 755 73 21 studier,
794 754 73 18 stående

111 784 7 17 i
129 785 82 17 närmare
224 784 128 23 sammanhang
364 784 40 17 med
416 784 81 22 nutiden,
512 784 39 17 dess
564 784 23 17 lif
598 784 32 17 och
641 784 38 17 dess
688 784 98 22 forskning.
804 783 64 18 Denna

111 813 217 22 undervisningsriktning
346 813 33 17 har
397 812 67 18 hittills
484 813 77 17 faktiskt
576 813 47 18 varit
635 813 85 22 bannlyst
731 812 40 18 från
784 812 40 17 vårt
836 817 32 12 un-

112 840 194 24 dervisningsväsende,
320 841 102 22 derigenom
434 842 28 16 att
474 841 28 17 för
515 841 110 17 närvarande
638 841 53 22 ingen
703 841 90 17 realskola
804 840 64 18 beredt

111 870 35 22 väg
158 870 30 16 till
200 869 68 18 studier
280 869 30 18 vid
322 869 130 18 universitetet.
471 869 38 18 Och
523 871 28 16 att
563 870 47 22 plats
623 870 72 17 beredes
709 869 18 17 åt
739 870 27 16 ett
778 874 33 18 par
823 868 45 18 real-

111 898 82 18 läroverk
211 898 40 18 med
270 898 58 18 denna
339 900 37 16 rätt
393 900 19 16 är
428 898 76 18 förvisso
516 899 39 17 icke
568 898 27 18 för
607 898 75 23 mycket,
697 898 3 18 i
711 897 105 23 jemnbredd
828 897 40 18 med

112 926 34 18 den
164 926 75 23 myckna
256 927 89 18 klassiska
362 927 75 23 lärdom,
456 933 38 12 som
512 928 47 22 finge
578 927 28 17 stå
625 932 42 18 qvar
684 927 7 17 i
709 927 30 17 det
752 926 58 22 öfriga
822 926 47 18 skol-

112 955 90 18 väsendet.

181 994 39 18 Den
239 994 135 24 ifrågavarande
393 996 186 22 skolorganisationen
595 995 58 18 skulle
669 995 84 23 slutligen
765 994 58 18 blifva
835 994 34 18 den

110 1023 129 23 jemförelsevis
256 1024 56 17 minst
330 1024 109 17 kostsamma
451 1024 28 17 för
492 1025 65 22 staten.
582 1023 62 18 Såsom
659 1024 123 17 erfarenheten
794 1022 76 22 utvisar,

112 1048 20 21 är
144 1052 89 22 nemligen
246 1052 90 18 elevernas
349 1052 49 18 antal
412 1052 10 18 å
434 1052 21 18 de
467 1052 58 23 högre
535 1052 90 18 stadierna
635 1052 20 17 af
663 1052 149 22 undervisningen
819 1052 50 16 stän-

112 1080 40 23 digt
163 1080 75 23 fåtaligt
250 1082 48 16 emot
308 1081 48 17 hvad
369 1081 30 17 det
411 1082 20 16 är
444 1080 10 18 å
466 1080 22 18 de
502 1081 55 23 lägre.
575 1080 68 18 Genom
653 1080 128 23 särskiljandet
790 1080 20 17 af
818 1080 52 17 dessa

113 1108 49 19 olika
180 1109 68 18 stadier
263 1108 23 24 på
299 1109 59 18 skilda
370 1110 82 17 läroverk
465 1120 21 2 —
500 1109 147 18 bottenskolorna
659 1109 32 18 och
703 1109 83 22 lyceerna
798 1118 22 3 —
833 1108 37 18 blir

113 1137 31 18 det
160 1137 68 19 derföre
246 1138 48 18 blott
311 1138 65 23 nödigt
387 1140 27 15 att
426 1138 82 18 ofvanom
519 1138 146 17 bottenskolorna
677 1138 86 23 upprätta
776 1137 32 18 det
820 1137 50 18 antal

112 1166 56 23 högre
180 1167 70 22 skolor,
262 1172 37 12 som
311 1168 19 16 är
343 1167 113 22 erforderligt
468 1167 28 17 för
506 1168 28 16 att
543 1166 40 18 med
592 1166 89 23 fulltaligt
690 1166 89 17 elevantal
790 1165 10 18 å
809 1165 62 23 hvarje

112 1195 62 17 kunna
186 1195 90 22 emottaga
288 1195 22 18 de
322 1195 86 21 alumner,
421 1194 150 19 bottenskolorna
583 1195 72 22 afgifva,
661 1194 62 18 medan
733 1193 62 23 hvarje
805 1195 66 21 system

112 1223 41 18 med
166 1229 13 11 s.
192 1223 18 17 k.
221 1223 119 23 fullständiga
352 1223 60 18 skolor
424 1223 90 18 erfordrar
527 1225 28 16 att
567 1223 6 17 i
585 1223 62 22 hvarje
657 1223 86 17 särskildt
751 1221 82 19 läroverk
840 1222 32 17 till

114 1251 21 18 de
154 1251 19 18 af
189 1251 43 18 fullt
250 1252 90 17 elevantal
358 1253 93 22 upptagna
463 1251 51 23 lägre
527 1251 92 18 klasserna
631 1251 42 23 foga
685 1251 54 22 högre
751 1249 40 19 med
808 1250 64 17 endast

114 1281 26 16 ett
153 1280 46 17 fåtal
211 1280 58 18 elever
280 1280 24 23 på
316 1280 76 17 klassen.
416 1279 63 18 Redan
496 1280 102 22 derigenom
611 1279 35 18 blir
658 1279 118 23 besparingen
789 1278 82 23 ansenlig

113 1310 39 16 mot
168 1308 48 18 hvad
233 1308 120 23 fullständiga
370 1308 82 18 läroverk
467 1308 25 23 på
509 1309 37 17 alla
558 1308 44 17 eller
614 1309 27 16 ett
653 1308 58 17 flertal
723 1308 20 17 af
753 1309 48 16 orter
814 1307 58 17 skulle

114 1337 61 21 kosta;
188 1337 32 18 och
232 1337 105 22 betydelsen
350 1337 51 18 deraf
411 1337 35 17 blir
459 1338 49 16 ännu
519 1338 60 19 större,
590 1336 23 18 då
621 1342 42 12 man
672 1337 50 22 tager
731 1336 7 17 i
748 1335 123 20 betraktande,

114 1367 29 16 att
155 1365 33 18 den
200 1365 57 23 högre
269 1365 155 23 undervisningen,
437 1365 29 17 till
478 1364 47 23 följd
537 1365 20 17 af
568 1365 53 22 högre
634 1365 108 17 lärarelöner
751 1370 23 12 m.
784 1369 28 18 m.,
822 1363 7 23 i
839 1363 33 18 och

114 1393 27 18 för
154 1394 28 22 sig
194 1395 19 16 är
226 1393 90 23 ansenligt
328 1393 129 18 kostsammare
470 1395 22 15 än
506 1394 35 17 den
553 1393 55 23 lägre.
630 1393 58 18 Också
698 1393 5 17 i
713 1393 50 18 detta
772 1391 102 24 ingalunda

118 1423 2 2 |
184 1428 95 17 Allmänna
290 1428 160 17 Besvärsutskottets
462 1428 106 17 betänkande
580 1428 35 16 N:o
629 1428 29 16 18.
