1014 1678
279 110 244 20 Petitionsbetänkande
535 110 38 19 N:o
585 111 30 18 17.
792 112 11 17 9

69 168 35 18 För
117 168 59 18 denna
188 167 114 24 befolknings
314 168 117 23 uppväxande
444 168 70 18 döttrar
526 169 20 16 är
559 168 19 17 af
588 169 59 16 staten
657 168 47 17 intet
714 168 74 18 tillfälle
798 168 28 17 be-

69 197 40 18 redt
125 197 33 20 att,
174 196 58 18 derest
248 196 21 18 de
282 196 14 23 ej
310 196 44 23 vilja
366 197 98 22 öfvergifva
477 197 32 17 sitt
521 197 112 22 modersmål,
646 197 80 18 inhemta
739 197 31 17 det
781 197 45 17 mått

71 225 19 18 af
106 225 82 20 vetande,
206 230 36 12 som
261 225 19 18 af
297 231 20 12 en
337 225 61 18 bildad
411 225 66 23 qvinna
489 225 74 18 fordras.
589 225 34 18 Väl
635 225 54 18 hafva
702 225 81 18 enskilda
794 225 34 18 här

71 254 33 17 och
117 253 31 18 der
160 253 41 18 sökt
213 253 7 18 i
232 253 59 23 någon
303 259 41 12 mon
357 254 81 23 afhjelpa
450 254 59 17 denna
520 254 47 17 brist
579 259 63 18 genom
652 254 104 17 inrättande
766 254 19 17 af
792 254 36 23 pri-

71 283 43 17 vata
125 282 108 17 flickskolor.
257 282 56 18 Dessa
325 282 60 18 skolor
397 282 54 18 hafva
463 282 45 18 dock
521 283 89 20 öfverallt,
622 288 39 12 men
674 283 136 22 besynnerligen
822 282 6 18 i

72 310 22 18 de
109 310 85 23 fattigare
209 310 132 18 landsändarne
356 312 28 17 att
396 311 67 22 kämpa
474 312 37 17 mot
524 312 49 17 stora
585 311 115 18 ekonomiska
713 311 116 22 svårigheter,

73 338 52 18 deras
143 344 43 12 vara
205 338 43 18 eller
266 338 39 18 icke
323 344 43 12 vara
384 339 68 23 hänger
467 339 44 21 ofta,
524 339 57 17 såsom
593 344 41 12 man
647 341 57 21 säger,
718 339 23 23 på
753 340 27 17 ett
791 339 39 18 hår.

73 367 34 17 Att
119 368 27 16 ett
158 366 64 18 sådant
235 366 113 19 förhållande
360 368 6 17 i
378 367 66 23 många
456 368 94 17 afseenden
563 368 63 18 verkar
639 368 110 18 förlamande
758 368 24 22 på
791 368 40 17 sko-

73 396 41 17 lans
132 396 114 18 verksamhet
264 398 20 15 är
301 396 20 17 så
340 396 53 21 klart,
412 398 28 15 att
459 396 30 18 det
503 396 15 23 ej
534 396 84 18 behöfver
631 396 20 18 af
661 397 37 22 mig
710 398 82 16 närmare
804 398 28 16 ut-

74 424 70 23 läggas.

144 448 58 23 Äfven
218 453 6 18 i
239 453 63 18 staden
315 453 27 18 S:t
354 453 66 18 Michel
437 454 31 17 och
482 453 40 18 dess
535 454 89 23 omnejder
636 453 62 24 gjorde
710 454 28 23 sig
751 454 82 17 behofvet

76 481 19 19 af
106 487 21 12 en
142 482 56 23 högre
212 481 50 18 flick-
275 482 43 17 eller
332 482 175 18 fruntimmersskola
521 482 40 18 med
573 483 57 17 finskt
641 482 192 23 undervisningsspråk

76 511 92 22 gällande.
192 511 42 17 Med
252 511 80 17 enskilda
351 511 65 22 bidrag
431 511 100 18 inrättades
549 511 30 17 der
591 511 5 17 i
609 511 44 23 följd
666 511 54 18 häraf
730 517 28 12 om
770 511 63 18 hösten

77 540 46 18 1879
141 545 21 12 en
181 539 49 23 dylik
249 539 56 22 skola,
324 545 38 12 som
378 545 67 12 samma
456 539 43 18 höst
510 539 73 23 började
596 540 27 17 sin
635 540 113 17 verksamhet
760 539 40 18 med
812 545 22 12 en

77 568 55 17 klass.
157 561 48 24 Åren
224 569 44 17 1880
286 568 33 17 och
338 569 44 18 1881
396 568 101 17 tillkommo
510 568 99 17 sedermera
627 573 21 12 en
665 568 56 18 andra
734 568 32 18 och
778 568 57 23 tredje

77 596 50 18 klass
140 597 33 16 och
185 596 67 17 räknar
264 596 68 21 skolan,
346 602 37 12 som
395 602 42 12 man
450 597 61 17 ämnat
523 597 97 17 successivt
632 597 72 18 utbilda
715 597 30 17 till
758 597 77 17 sexklas-

79 625 33 22 sig,
130 630 25 13 nu
174 624 10 18 å
202 625 39 17 sina
258 626 28 17 tre
303 625 69 17 klasser
388 625 58 18 elever
461 625 29 17 till
503 626 27 17 ett
542 625 50 18 antal
605 625 20 17 af
635 625 56 23 något
704 625 48 18 öfver
764 625 71 23 fyratio.

79 653 39 18 Den
136 653 53 23 fyller
207 653 76 18 sålunda
294 655 27 16 ett
333 653 101 23 uppenbart
445 653 59 18 behof.
529 654 104 17 Emellertid
647 655 19 16 är
678 655 73 17 skolans
763 653 73 18 framtid

80 682 69 22 ganska
167 682 145 23 bekymmersam,
336 682 41 18 Med
396 682 55 17 ökadt
467 682 50 18 antal
530 682 68 18 klasser
611 682 32 18 och
656 682 58 18 elever
726 682 47 23 stiga
786 682 51 18 äfven

80 710 232 18 underhållskostnaderna,
341 710 39 18 Den
398 710 83 18 enskilda
499 710 155 23 offervilligheten,
673 712 71 22 strängt
762 711 74 20 anlitad,

81 739 47 17 skall
147 739 21 23 ej,
187 739 20 17 så
224 739 70 18 befarar
312 745 47 17 man,
372 740 6 16 i
390 739 79 23 längden
481 739 56 18 förmå
549 739 45 23 fylla
606 739 92 18 behofven.
723 740 76 17 Skolans
812 740 26 17 di-

81 768 72 18 rektion
171 768 33 17 har
220 768 58 17 derför
296 768 51 17 äfven
366 768 27 17 för
412 767 59 23 någon
483 768 28 17 tid
524 768 53 17 sedan
590 768 33 17 hos
635 768 47 22 höga
695 768 67 18 kronan
775 768 64 22 begärt

82 796 56 24 något
156 796 110 23 statsbidrag
284 796 29 18 till
331 796 73 18 skolans
421 796 100 18 underhåll.
545 796 28 18 Då
585 796 24 23 på
621 796 57 18 denna
691 797 78 22 begäran
782 796 58 23 afslag

82 825 47 23 följt,
148 831 39 12 men
206 826 71 16 skolans
295 824 105 24 undergång
415 830 42 12 vore
472 825 29 17 till
519 826 37 16 stor
568 825 55 17 skada
636 825 27 17 för
675 824 50 18 såväl
738 825 63 17 staden
814 825 26 17 S:t

83 854 73 20 Michel,
174 859 37 12 som
229 853 138 23 kringliggande
384 853 47 23 nejd,
447 859 52 12 anser
513 853 31 23 jag
556 854 37 22 mig
604 854 67 22 pligtig
682 853 159 23 vördsammeligen

84 882 33 18 hos
129 882 93 23 vällofliga
233 882 152 22 Borgareståndet
396 882 80 20 anhålla,
489 882 30 18 det
531 882 43 18 ville
587 882 72 17 ståndet
667 882 75 22 inbjuda
750 882 92 18 medstån-

85 911 34 18 den
132 911 33 17 och
175 911 55 23 jemte
243 910 51 18 dessa
309 910 29 18 till
351 910 50 18 Hans
414 910 99 24 Kejserliga
526 911 85 23 Majestät
623 910 43 23 ingå
678 910 40 18 med
730 910 112 23 underdånig

85 940 77 23 petition
175 940 60 17 derom

294 982 25 14 att
334 980 33 16 den
379 980 7 16 i
398 980 27 16 S:t
439 980 69 16 Michels
523 979 39 17 stad
577 980 21 22 af
608 979 77 17 enskilda
695 985 80 17 personer
787 980 57 16 inrät-

294 1008 39 17 tade
348 1009 30 15 och
392 1008 87 17 bekostade
491 1009 49 20 högre
547 1007 90 22 flickskola
649 1008 36 17 med
692 1008 52 21 finskt
755 1007 89 18 undervis-

294 1036 102 23 ningsspråk
408 1036 53 23 blefve
473 1036 99 22 tillräckligt
583 1036 147 17 subventionerad.

157 1082 9 17 I
182 1082 86 17 händelse
286 1081 58 18 denna
362 1082 36 17 min
417 1081 112 20 vördsamma
541 1081 85 24 anhållan
639 1081 20 18 af
669 1081 73 18 ståndet
753 1083 93 21 upptages,

89 1111 52 18 torde
154 1111 74 17 ärendet
239 1111 61 17 kunna
312 1111 30 16 till
354 1110 92 18 allmänna
458 1110 163 18 besvärsutskottet
633 1110 106 17 remitteras.

763 1110 83 23 Helsing-

89 1140 37 18 fors
133 1139 40 18 -den
186 1141 10 17 7
208 1139 87 18 Februari
308 1140 50 18 1882.

619 1173 45 18 Em.
676 1173 102 18 Berner".

254 1256 8 8 y
264 1242 44 18 Till
321 1242 36 18 det
369 1241 140 18 hedervärda
521 1241 173 18 Bondeständet.

162 1289 36 18 Vid
214 1288 170 23 gvinnobildningen
402 1288 34 17 har
448 1288 6 17 i
465 1287 42 18 vårt
518 1288 44 17 kära
577 1287 125 18 fädernesland
714 1287 39 17 icke
765 1292 36 17 nog
813 1287 38 17 stor

93 1318 93 23 betydelse
198 1317 70 20 fästats,
282 1317 14 22 ej
309 1317 57 17 heller
378 1317 33 16 har
425 1316 18 17 ät
453 1316 102 18 densamma
564 1315 89 18 tilldelats
663 1315 114 23 erforderligt
786 1315 65 17 under-

94 1346 46 18 stöd.
164 1345 195 21 Fruntimmersskolor,
373 1344 74 18 afsedda
459 1344 27 18 för
498 1343 116 19 meddelande
627 1343 20 18 af
657 1344 56 22 högre
723 1343 87 23 bildning,
821 1344 31 16 äro

95 1377 48 16 ännu
161 1375 69 22 ganska
247 1374 24 17 få.
295 1374 9 17 I
322 1373 97 23 synnerhet
436 1372 54 18 hafva
509 1372 167 18 de'finskatalande
688 1372 6 17 i
707 1372 51 18 detta
770 1371 82 18 afseende

95 1404 63 18 blifvit
174 1402 120 24 bortglömda.
319 1402 24 18 Sä
357 1402 57 17 finnes
433 1402 6 16 i
454 1401 42 17 hela
512 1401 75 17 Savolax
600 1401 32 17 och
644 1400 42 18 hela
698 1400 31 18 det
740 1400 113 18 vidsträckta

166 1438 95 16 Allmänna
273 1437 161 17 Besvärsutskottets
445 1436 104 17 betänkande
561 1436 34 16 N:o
608 1436 27 16 14.
