1014 1678
343 133 233 25 Petitlonsbetänkande
595 136 37 22 N:o
652 135 32 22 13.
842 135 20 18 11

136 201 93 23 sällspord
242 201 133 23 offervillighet
387 201 34 18 hos
434 201 67 18 staden
513 201 127 23 Björneborgs
652 201 35 18 och
700 201 43 17 dess
756 200 104 23 omnejders
869 201 27 17 in-

136 230 92 17 nevänare
246 230 32 18 det
296 230 62 17 finska
376 230 124 23 privatlyceet
517 230 6 17 i
540 229 122 23 Björneborg.
686 229 66 18 Redan
770 229 41 17 från
830 229 65 22 början

136 259 88 22 lyckades
238 258 103 18 detsamma
353 259 87 17 tillvinna
453 259 28 22 sig
493 259 139 17 allmänhetens
645 258 78 23 välvilja
735 258 34 17 och
782 257 113 21 förtroende,

136 287 73 18 hvilket
220 287 43 18 bäst
274 287 73 18 bevisas
360 287 20 18 af
391 287 32 18 det
435 287 72 18 talrika
519 287 52 18 antal
584 287 46 18 barn
643 286 53 24 (115)
709 292 38 12 som
761 286 39 18 deri
813 286 44 18 sökt
868 286 27 18 in-

137 315 53 18 träde
208 316 34 17 och
261 316 23 17 de
296 316 42 17 rika
351 315 160 23 stipendiifonder,
525 321 39 12 som
577 315 30 18 till
624 315 104 18 detsamma
742 315 94 18 donerats.
860 315 36 18 Att

136 344 113 18 elevantalet
266 346 50 16 ännu
333 344 72 18 kunnat
417 349 45 13 vara
474 344 43 18 vida
529 345 67 20 större,
608 344 6 17 i
627 344 90 18 händelse
730 344 77 18 skolans
820 343 75 18 tillvaro

136 373 48 17 varit
201 372 52 18 fotad
271 373 25 22 pä
314 378 22 12 en
353 372 38 18 fast
407 372 66 23 grund,
486 373 37 17 kan
536 374 80 21 antagas
629 372 54 18 deraf
694 374 29 16 att
735 372 41 18 frän
789 372 32 18 det
833 373 62 17 vestra

136 402 106 17 Satakunta
259 402 78 22 ungefär
354 402 24 17 40
393 401 47 18 barn
453 402 45 17 sökt
510 402 75 17 inträde
597 402 6 17 i
616 401 116 18 Tavastehus
744 401 150 22 normallyceum,

136 429 32 18 der
187 430 23 17 de
222 430 42 18 haft
276 430 56 18 säker
343 430 60 23 utsigt
415 430 29 17 för
456 431 30 16 att
498 430 55 18 deras
565 429 73 18 studier
650 430 42 18 icke
705 430 73 17 komme
790 431 29 16 att
831 429 63 22 afbry-

137 460 33 16 tas.
194 459 27 17 Af
237 458 22 18 de
276 459 22 18 86
310 458 67 22 elever,
390 463 39 13 som
441 459 30 18 för
484 458 117 19 närvarande
613 459 71 17 besöka
696 458 125 23 Björneborgs
833 457 62 18 finska

136 487 138 23 privatlyceum,
287 489 33 16 äro
332 488 22 17 37
367 487 158 18 hemmahörande
537 487 6 18 i
555 487 127 23 Björneborgs
695 487 48 22 stad,
755 487 23 18 de
786 487 59 22 öfriga
852 487 42 17 frän

136 516 142 23 kringliggande
291 516 79 18 trakter.

205 550 29 18 Då
247 550 31 18 det
290 550 48 18 dock
350 551 37 17 blir
399 555 23 13 en
435 550 111 23 omöjlighet
558 551 30 17 att
601 551 65 22 längre
678 550 42 18 med
728 549 121 24 hopsamlade
858 555 36 12 me-

136 579 29 18 del
184 579 112 18 underhålla
311 579 67 18 skolan
391 579 35 18 och
439 579 42 18 dess
493 579 73 23 ganska
577 579 185 23 förhoppningsfulla
773 579 70 17 elevers
856 579 38 17 stu-

136 607 39 18 dier
188 607 79 18 sälunda
280 607 61 18 skulle
353 607 92 24 afbrytas,
458 608 47 23 väga
517 608 17 17 vi
547 608 34 17 hos
594 607 95 24 vällofliga
697 607 159 23 Borgareständet
863 612 32 13 an-

136 636 57 21 hålla,
212 637 29 16 att
259 636 76 18 ståndet
347 636 44 18 ville
404 637 84 21 utverka,
501 638 30 16 att
543 636 103 19 ständerna
658 637 74 22 inginge
745 636 30 17 till
787 636 52 18 Hans
850 635 44 23 Kej-

136 665 69 22 serliga
216 665 91 22 Majestät
319 665 41 17 med
372 669 24 13 en
408 665 118 23 underdänig
537 665 87 23 petition,

376 697 30 18 att
417 696 32 19 det
458 696 68 22 finska
532 696 138 24 privatlyceet
684 696 2 18 i
698 694 126 26 Björneborg
834 693 61 21 måtte

342 730 96 24 antingen
454 730 125 20 omedelbart
592 728 52 26 från
659 731 60 19 nästa
734 728 77 21 läseärs
821 729 74 23 början

342 764 28 24 af
379 766 66 18 staten
461 764 124 27 öfvertagas,
603 765 48 19 eller
667 764 37 20 ock
716 762 77 22 erhålla
804 764 89 19 tiliräck-

192 808 5 5 -
341 798 28 25 lig
384 798 117 20 subvention
517 799 28 24 af
555 799 115 19 statsmede!
682 799 54 19 intill
744 799 45 19 dess
800 800 26 18 ett
835 800 59 18 stats-

341 833 76 25 lyceum
433 833 42 19 kan
490 834 66 19 varda
568 831 30 27 pä
612 834 68 24 sagda
696 836 32 16 ort
742 833 106 19 inrättadt.

204 865 28 18 En
252 865 54 18 skola
323 865 42 17 med
384 865 35 18 den
433 866 128 22 organisation
577 866 46 18 våra
634 866 114 22 fyrklassiga
760 866 62 22 lyceer
834 865 61 21 hafva,

136 894 60 18 bildar
215 894 48 18 dock
281 894 41 18 icke
341 894 58 22 nägot
417 894 92 18 afslutadt
527 894 46 22 helt,
589 894 35 18 den
638 894 71 18 lemnar
722 894 41 18 sina
775 894 84 18 alumner
871 894 25 22 pä

136 922 62 18 halfva
216 924 58 21 vägen
291 922 30 18 till
335 922 32 18 det
382 922 37 18 mä!
433 922 22 18 de
469 923 76 18 sträfva.
569 923 40 18 Den
622 923 37 17 kan
673 922 73 19 säledes
758 923 42 17 icke
812 923 6 17 i
831 928 22 12 en
866 922 29 18 sä-

136 952 36 17 dan
184 951 48 18 form
244 951 131 18 tillfredställa
387 951 184 23 bildningsbehofvet
583 952 35 17 hos
631 956 22 13 en
667 952 58 17 talrik
734 951 114 23 befolkning,
855 956 40 12 som

136 985 30 13 ser
178 980 28 23 sig
218 980 91 18 hänvisad
321 982 74 16 ensamt
410 980 30 18 till
453 980 42 22 den,
508 980 34 18 och
555 986 23 12 en
591 980 111 23 utvidgning
714 980 21 18 af
745 980 107 18 densamma
865 980 30 17 till

136 1009 28 17 ett
175 1008 121 23 fullständigt
308 1009 87 17 läroverk
408 1009 37 17 blir
457 1010 30 16 ett
499 1009 36 17 allt
547 1013 51 13 mera
610 1009 95 17 kännbart
717 1008 61 18 behof.
802 1008 29 18 Dä
842 1007 53 23 Björ-

136 1037 79 22 neborgs
234 1037 42 18 stad
288 1037 35 18 har
335 1042 23 13 en
371 1037 109 22 folkmängd
493 1037 21 18 af
524 1038 99 21 9—10,000
634 1042 90 18 personer
736 1037 35 18 och
784 1037 35 18 den
832 1037 63 22 kring-

136 1065 86 24 liggande
240 1065 109 18 landsorten
368 1067 21 16 är
407 1065 57 18 bland
483 1066 74 18 landets
575 1066 44 18 bäst
634 1066 100 18 befolkade
751 1066 34 17 och
798 1068 48 15 mest
858 1065 38 18 väl-

135 1094 79 18 mäende
226 1094 52 18 delar
291 1096 49 16 samt
352 1095 25 17 dä
389 1100 42 12 man
444 1095 92 18 betänker
549 1097 29 16 att
590 1095 23 17 de
625 1097 85 16 närmast
722 1095 80 22 belägna
809 1094 87 18 fullstän-

136 1123 43 23 diga
196 1123 62 18 finska
276 1123 87 23 lyceerna
380 1123 51 23 ligga
443 1123 24 23 pä
480 1125 23 16 20
515 1124 42 17 mils
570 1123 76 18 afständ
659 1124 4 17 i
676 1118 41 23 Åbo
730 1123 35 18 och
778 1124 44 21 18!/,
834 1123 42 17 mils
890 1123 6 16 i

136 1152 121 21 Tavastehus,
270 1153 48 16 samt
330 1152 58 23 begge
401 1152 41 17 med
455 1152 26 17 all
495 1153 90 17 säkerhet
597 1153 75 17 komma
684 1153 30 17 att
722 1152 58 17 blifva
786 1151 109 23 öfverfylda,

136 1180 94 18 äfvensom
242 1182 30 16 att
283 1181 44 17 hela
339 1181 32 17 det
380 1181 56 17 södra
444 1176 123 23 Österbotten
576 1181 107 22 antagligen
693 1181 5 17 i
707 1186 23 13 en
739 1180 44 23 läng
791 1180 28 18 tid
828 1180 69 17 framät

135 1209 42 18 icke
195 1209 83 18 kommer
296 1211 30 16 att
340 1209 74 18 erhålla
426 1209 63 23 någon
501 1209 111 24 fullständig
625 1209 48 18 finsk
686 1209 143 21 lärdomsskola,
841 1209 55 17 torde

136 1237 32 18 det
180 1237 93 24 klarligen
286 1238 83 21 framstä,
383 1239 29 17 att
423 1239 29 17 ett
465 1238 63 24 dylikt
539 1238 93 21 läroverk,
645 1238 83 23 förlagdt
736 1238 6 17 i
750 1237 116 23 Björneborg
874 1239 22 16 är

136 1267 20 17 af
172 1266 68 23 högsta
258 1267 60 18 nöden
337 1267 100 22 päkalladt
455 1267 36 18 och
509 1267 102 22 ingalunda
623 1267 84 18 kommer
720 1267 29 17 att
761 1266 39 18 lida
812 1266 48 18 brist
872 1266 25 22 pä

136 1295 66 18 elever.
226 1295 23 18 Vi
267 1295 47 23 våga
332 1295 79 22 derföre,
429 1295 45 18 fullt
486 1296 101 17 förlitande
601 1301 30 12 oss
644 1296 24 22 pä
680 1297 29 16 att
721 1295 95 23 vällofiiga
827 1295 69 22 Borga-

136 1323 98 18 reständet
251 1325 45 17 utan
315 1324 63 18 vidare
393 1324 147 18 kommentarier
553 1325 50 17 inser
615 1325 63 22 vigten
691 1325 35 17 och
738 1324 88 17 behofvet
838 1323 20 18 af
868 1325 30 16 ett

136 1352 120 23 fullständigt
274 1352 59 19 finskt
350 1352 88 18 läroverk
453 1353 6 17 i
477 1353 121 23 Björneborg,
611 1353 101 18 hemställa
723 1354 29 16 att
765 1352 75 18 ständet
853 1352 44 17 ville

136 1381 87 22 behjerta
245 1381 61 18 denna
328 1381 58 18 redan
409 1381 30 18 vid
459 1382 114 22 föregäende
593 1382 113 22 landtdagar
726 1381 114 18 framhällna
860 1386 37 12 om-

137 1409 109 23 ständighet
268 1410 34 18 och
325 1410 28 18 för
376 1410 125 18 medständen
524 1410 70 18 föreslä
614 1410 101 23 ingäendet
733 1410 30 18 till
781 1410 52 18 Hans
853 1408 44 22 Kej-

138 1438 68 22 serliga
225 1438 91 23 Majestät
334 1438 42 19 med
394 1444 23 12 en
436 1438 117 24 underdänig
571 1439 80 23 petition
670 1444 28 13 om
717 1440 29 17 att
759 1438 32 18 det
802 1436 96 20 blifvande

208 1475 107 22 Allmänna
331 1475 192 20 Besvärsutskottets
539 1475 128 21 betänkande
680 1476 39 20 N:o
736 1475 34 21 13.
