1020 1675
187 108 23 18 60
374 106 242 20 Petitionsbetänkande
627 106 38 19 N:o
676 106 33 19 32.

163 177 59 14 mera
244 170 87 28 nyttiga
353 170 133 29 kunskaper,
509 171 28 20 än
560 170 37 21 för
618 169 136 22 närvarande
778 168 28 22 då
823 168 27 22 de
869 168 52 29 afgå

164 204 48 21 från
227 204 147 22 latinskolans
389 204 61 29 lägre
465 204 93 22 klasser.

233 236 118 24 Utskottet
365 238 78 29 tyckes
459 238 115 22 föreställa
589 239 34 28 sig
639 241 32 19 att
683 238 99 22 eleverne
793 238 7 21 i
811 238 41 21 den
863 237 58 22 före-

165 271 77 29 slagna
265 272 156 22 bottenskolan
448 273 63 22 skola
533 273 69 22 blifva
624 273 47 21 lika
693 272 103 29 förtjuste
818 272 7 21 i
848 271 72 22 denna

165 305 71 28 skola,
260 313 46 14 som
330 307 116 21 Utskottet
465 307 61 28 sjelft
545 307 41 21 och
606 310 33 18 att
654 307 100 20 eleverne
769 306 87 21 derföre
871 306 49 21 icke

165 340 63 21 skola
253 340 64 29 skilja
339 341 35 29 sig
397 341 56 21 ifrån
473 341 71 22 denna
564 341 63 21 skola
647 341 46 20 förr
709 341 27 20 än
751 340 27 21 de
793 340 128 29 genomgått

165 374 145 29 densamma.
328 374 82 29 Skiljer
433 375 34 29 sig
489 375 110 29 nämligen
623 375 75 22 eleven
721 375 66 26 förut,
810 375 25 21 så
854 375 23 20 är
895 375 24 28 ju

164 408 131 23 Utskottets
311 409 52 28 plan
383 409 101 27 förfelad,
499 413 25 25 ty
538 409 107 22 kurserna
661 409 65 21 hafva
740 409 29 21 då
783 409 49 21 icke
847 408 74 21 blifvit

165 443 25 21 af
202 443 65 21 desse
282 443 71 22 elever
369 443 172 30 genomgångne.
564 443 133 29 Egentligen
713 443 68 21 borde
796 442 35 21 väl
842 449 79 22 genom

165 477 37 28 lag
225 477 90 30 stadgas
339 481 32 18 att
389 478 67 29 ingen
475 478 46 21 elev
540 478 33 21 får
592 478 65 28 skilja
676 478 35 28 sig
729 477 48 21 från
793 477 128 21 Utskottets

165 511 148 22 bottenskola.
343 512 35 29 Ty
397 513 74 21 säkert
490 513 24 20 är
529 515 32 18 att
576 519 80 14 annars
672 512 70 21 elever
757 511 115 22 framdeles
889 511 33 21 så-

166 553 47 14 som
236 545 80 23 hittills
339 547 87 21 komma
448 549 32 19 att
499 547 48 21 från
566 547 43 21 alla
627 547 87 21 klasser
730 546 57 28 afgå.
817 544 49 23 Och
882 546 40 20 när

167 580 78 21 sådant
268 580 69 22 skulle
359 580 95 28 inträffa,
477 581 24 21 så
523 589 51 13 vore
593 581 38 21 det
649 581 89 28 mycket
755 580 105 22 tänkbart
879 580 42 21 och

166 614 114 30 naturligt,
304 618 31 18 att
359 615 83 29 förslag
465 616 37 20 vid
524 623 26 14 en
573 615 130 21 kommande
725 614 106 29 landtdag
850 614 72 22 skulle

166 649 82 21 väckas
267 657 34 13 om
320 649 134 29 vidtagande
472 650 25 20 af
513 650 72 28 någon
601 658 29 20 ny
645 650 78 28 åtgärd
738 649 42 21 och
796 648 76 22 dervid
887 648 34 22 så-

166 690 47 14 som
237 686 33 18 ett
293 684 70 21 starkt
385 684 69 21 motiv
476 684 127 21 framhållas
623 684 191 28 nödvändigheten
830 686 32 18 att
876 682 45 22 till-

166 718 85 28 godose
266 718 37 21 det
318 718 57 28 höga
389 718 124 28 procenttal
529 718 25 21 af
567 718 77 27 elever,
660 726 47 14 som
723 718 71 28 afgått
810 717 48 21 från
874 717 47 21 bot-

166 752 117 21 tenskolan
298 755 52 18 utan
366 755 32 18 att
413 752 66 22 hafva
494 752 127 29 genomgått
636 752 79 22 nämda
730 752 75 21 skolas
822 752 83 21 kurser.

234 785 107 22 Likasom
363 786 116 22 Utskottet
501 787 77 28 tyckes
601 794 60 20 anse,
685 789 32 18 att
734 786 100 21 eleverne
852 786 7 20 i
882 785 39 21 all-

166 820 90 21 mänhet
274 820 48 21 icke
341 820 63 21 skola
423 821 50 28 afgå
490 821 58 20 ifrån
566 820 157 22 bottenskolan
738 820 46 21 förr
799 821 28 20 än
842 819 26 22 de
883 827 37 21 ge-

166 854 102 29 nomgått
286 854 131 27 densamma,
436 855 78 28 tyckes
533 855 118 21 Utskottet
670 854 13 21 å
702 855 68 20 andra
786 854 62 21 sidan
864 853 57 22 före-

166 888 66 21 ställa
252 889 34 28 sig
301 891 32 18 att
349 896 26 13 en
389 889 100 28 betydlig
504 889 80 28 mängd
601 889 65 27 skall,
682 889 66 20 sedan
764 887 156 23 bottenskolan

166 922 74 22 blifvit
256 923 173 28 genomgången,
444 923 48 22 icke
509 923 104 22 fortsätta
629 923 43 28 sin,
679 923 109 28 skolgång
804 925 53 18 utan
868 922 53 28 utgå

166 957 6 20 i
192 956 76 26 lifvet;
291 957 41 21 och
351 957 36 21 det
407 958 24 20 är
448 957 66 22 dessa
535 958 24 20 12
576 959 12 20 &
606 958 24 21 13
646 957 35 21 års
701 957 94 28 gamla
784 952 12 37 i
812 957 63 20 lifvet
889 959 34 18 ut-

165 990 84 29 gående
272 992 56 25 män,
352 991 75 21 hvilka
448 999 29 13 nu
502 991 68 29 enligt
592 991 129 22 Utskottets
744 991 88 28 mening
851 990 72 21 skulle

166 1024 66 21 hafva
255 1025 48 21 med
327 1025 34 28 sig
384 1025 29 28 på
432 1025 76 22 färden
527 1033 78 21 genom
625 1025 64 22 lifvet
707 1032 25 14 en
752 1025 54 21 fond
825 1024 24 21 af
861 1025 62 28 långt

166 1059 112 28 nyttigare
296 1059 134 28 kunskaper,
449 1060 27 20 än
492 1059 26 22 de
533 1059 75 22 hvilka
624 1059 73 29 afgått
711 1059 48 21 från
774 1059 148 21 latinskolans

166 1093 154 21 motsvarande
338 1093 93 21 klasser.
461 1093 45 22 Det
521 1094 43 21 kan
579 1094 49 21 icke
644 1101 53 13 vara
714 1096 51 18 utan
780 1093 94 21 intresse
890 1095 33 18 att

167 1128 99 20 närmare
285 1127 124 21 undersöka
428 1128 177 22 beskaffenheten
625 1128 25 21 af
665 1128 71 21 denna
755 1128 95 28 dyrbara
868 1127 54 21 fond

166 1161 42 21 och
228 1164 34 18 att
274 1162 92 28 jemföra
382 1162 125 21 densamma
522 1162 49 21 med
586 1162 42 21 den
643 1162 63 28 långt
720 1162 84 21 mindre
820 1162 103 28 dyrbara,

166 1202 47 14 som
233 1195 118 22 förefinnes
372 1196 40 21 hos
431 1196 145 21 latinskolans
595 1196 80 21 elever.
705 1196 30 21 Vi
755 1195 114 21 föreställa
884 1202 38 14 oss

166 1233 32 17 att
217 1230 38 21 det
274 1231 24 20 är
313 1230 62 28 fråga
390 1238 35 13 om
440 1230 66 22 dessa
522 1230 83 27 fonder,
621 1230 83 22 sådana
719 1230 26 20 de
761 1230 37 20 äro
815 1229 55 21 efter
885 1228 38 22 det

166 1264 32 21 dit
218 1264 91 21 samlats
328 1265 39 20 allt
383 1264 57 21 hvad
456 1265 103 28 antingen
576 1264 156 22 bottenskolan
748 1264 53 21 eller
816 1263 107 22 latinsko-

165 1298 48 21 lans
229 1301 34 18 tre
278 1298 85 21 klasser
378 1298 90 21 förmått
482 1299 67 28 gifva.

234 1332 12 21 I
264 1333 95 26 religion
375 1333 62 20 torde
452 1333 120 28 bidragena
587 1333 57 20 ifrån
655 1333 71 28 bägge
737 1332 106 21 skolorna
853 1331 70 22 blifva

165 1365 46 21 lika
230 1369 68 18 stora.
328 1359 32 28 Åt
378 1367 150 21 modersmålet
546 1367 62 21 torde
628 1366 156 22 bottenskolan
804 1366 66 21 hafva
884 1365 39 22 råd

166 1403 32 17 att
213 1400 63 21 anslå
291 1400 51 21 flere
357 1401 93 26 timmar,
465 1408 48 14 men
528 1401 133 21 latinskolan
677 1400 80 21 verkar
770 1407 79 22 genom
859 1399 65 22 latin-

234 1440 97 17 Allmänna
342 1440 160 18 Besvärsutskottets
513 1441 103 17 betänkande
629 1441 34 17 N:o
677 1441 29 16 18.
