1020 1675
260 99 279 23 Petitionsbetänkande.
555 111 27 5 —
597 100 41 22 N:o
653 99 36 23 29.
811 100 13 20 3

97 162 36 18 den
146 162 96 18 äiskilnad
254 163 28 15 att
293 163 61 16 större
367 161 85 23 förmåga
464 162 87 23 betingar
565 162 58 23 högre
636 168 66 16 onera;
713 162 6 17 i
732 162 47 22 följd
788 162 68 17 hvaraf

97 191 57 17 äfven
166 190 135 22 fabriksegore,
313 195 45 13 vare
370 191 30 22 sig
412 190 74 18 enskild
499 196 68 16 person
581 190 46 18 eller
639 190 63 24 bolag,
711 190 46 18 böra
769 190 84 23 skyldig-

97 218 73 19 kännas
182 220 29 16 att
223 218 89 24 kyrkliga
324 218 86 24 afgälder
423 218 84 24 erlägga,
520 220 6 16 i
539 218 118 19 förhällande
670 219 30 17 till
712 218 53 18 deras
778 218 76 18 rörelse.

98 247 9 17 I
120 247 68 18 sådant
206 247 86 17 afseende
310 246 85 18 anhåller
410 248 33 22 jag
460 248 69 20 derför,
542 248 31 17 det
588 248 46 17 ville
650 247 122 24 Högvördiga
784 248 71 16 Preste-

99 276 74 17 ständet
185 276 67 17 förena
264 276 29 22 sig
304 276 29 17 uti
346 281 23 12 en
381 276 120 23 underdänig
513 277 78 22 petition
605 276 30 17 till
643 277 53 17 Hans
705 276 105 23 Kejserliga
818 276 36 17 Ma-

96 305 64 22 jestät,
172 303 34 18 vär
218 303 133 24 allernädigste
363 304 118 18 Stor-Furste
493 309 30 12 om
537 304 65 18 sädant
614 305 68 23 tillägg
695 305 29 17 till
733 310 25 11 nu
767 304 88 23 gällande

99 332 117 23 näringslag,
232 334 27 15 att
276 332 120 18 industriella
412 333 133 23 inrättningar,
563 333 129 23 fabriksegare
710 333 33 18 och
760 333 63 23 bolag,
836 334 20 17 af

100 361 48 17 hvad
162 366 55 12 namn
230 361 23 18 de
266 367 44 12 vara
322 361 36 22 mä,
370 361 131 23 uttryckligen
513 361 58 18 mätte
582 362 106 23 förpligtas,
702 364 28 15 att
742 362 47 17 efter
801 361 53 18 deras

99 389 115 18 årsinkomst
232 390 61 17 skatta
309 390 29 17 till
356 389 35 18 den
409 390 121 23 församlings
542 390 62 23 kyrka
617 389 35 19 och
664 390 125 23 presterskap,
802 391 51 16 inom

100 419 56 17 hvars
168 418 76 18 omräde
257 418 82 18 rörelsen
352 418 76 18 drifves.

168 458 120 23 Helsingfors
302 458 34 18 den
349 459 11 18 4
373 459 91 17 Februari
478 459 50 17 1882.

592 489 50 18 Jos.
658 489 129 22 Grönberg.

267 614 50 22 Till
333 613 154 28 Högvördiga
502 614 188 23 Presteständet.

169 665 8 17 1
190 665 86 23 gällande
289 665 112 23 förordning
414 670 29 13 om
457 666 121 22 näringarna,
590 666 66 22 gifven
669 666 37 17 den
718 665 21 17 31
749 665 48 17 Mars
806 664 50 21 1879,

102 694 58 17 finnes
173 694 6 17 i
192 694 42 17 dess
246 694 42 22 kap.
301 695 9 15 2
325 694 44 17 »Om
382 694 48 18 hvad
442 695 6 16 i
461 694 94 18 särskiida
567 694 34 18 fall
614 694 31 18 vid
659 694 135 23 näringsyrkes
806 694 50 16 utöf-

101 722 60 17 vande
180 722 94 23 iakttagas
289 723 43 17 bör»
346 723 17 22 ej
377 722 61 24 nägon
452 724 121 21 bestämning
590 723 96 23 angäende
698 722 158 18 industriidkares

102 751 35 17 och
154 751 152 17 landthandlares
325 751 131 23 skyldigheter
473 754 97 21 gentemot
585 752 91 22 kyrkliga
688 752 35 17 och
735 750 122 18 kommunala

102 780 131 22 inrättningar.
258 781 9 20 $
282 779 20 17 18
313 780 7 16 i
333 780 81 17 nämnda
432 780 114 24 förordning
559 780 75 23 stadgar
646 780 66 18 endast
724 785 30 12 om
767 779 90 18 handlan-

103 808 32 18 des
147 807 11 18 &
170 808 64 17 landet
252 808 109 23 skyldighet
378 810 33 20 att,
430 810 83 16 förutom
532 809 68 18 allmän
617 808 197 22 inkomstbevillning,
831 813 26 12 er-

104 837 55 22 lägga
177 836 30 17 till
224 837 72 16 kronan
311 837 32 17 100
355 837 59 22 mark,
428 842 43 12 men
485 839 77 16 nämner
579 838 47 16 intet
639 842 29 12 om
682 837 62 17 desses
757 836 35 17 och
804 836 53 17 indu-

103 864 109 18 striidkares
231 865 90 23 kyrkliga
338 866 35 17 och
391 866 123 17 kommunala
533 865 105 24 utskylder.
668 865 34 18 Att
723 865 134 22 förordningen

103 893 61 18 skulle
176 893 63 23 äsyfta
250 896 28 15 att
290 893 40 18 frän
343 895 54 17 dessa
409 894 108 23 utskylders
530 894 104 23 utgörande
646 895 61 17 befria
719 893 138 18 ofvannämnde

104 922 128 23 medborgare.
250 928 40 11 mer
301 925 23 15 än
338 923 57 17 andra
415 923 122 18 medlemmar
549 924 21 17 af
581 922 30 19 det
623 923 90 23 kyrkliga
725 922 34 17 och
771 922 86 17 kommu-

103 950 44 17 nala
158 950 105 23 samhället,
277 953 20 15 är
310 951 86 24 omöjligt
410 953 27 16 att
449 954 75 21 antaga,
537 954 45 15 enär
592 951 22 18 de
624 953 20 16 af
651 951 41 18 dem
701 951 92 17 hvardera
802 950 56 18 hafva

103 984 72 13 samma
186 979 60 18 behof
257 979 34 18 och
304 982 59 21 nytta,
376 985 40 13 som
429 980 37 18 alla
479 980 66 22 andra;
557 981 80 16 rättvisa
649 980 34 17 och
696 979 87 23 billighet
795 979 64 17 fordra

105 1007 71 18 säledes
189 1010 27 16 att
228 1008 23 17 de
263 1009 149 22 proportionsvis
432 1009 56 18 äfven
505 1010 46 17 böra
563 1009 75 23 deltaga
649 1009 6 16 i
668 1009 22 17 de
704 1009 67 17 besvär
783 1007 34 18 och
830 1009 28 15 ut-

105 1036 83 23 skylder,
201 1041 40 13 som
254 1037 51 17 säväl
318 1037 31 18 det
360 1037 91 24 kyrkliga
465 1043 41 12 som
519 1037 122 18 kommunala
659 1037 153 18 samfundslifvet
824 1036 34 17 och

104 1065 54 18 deraf
174 1065 102 24 betingade
294 1066 126 23 inrättningar
438 1066 67 17 kräfva
518 1067 29 16 för
560 1066 62 17 dessas
639 1065 172 23 vidmagthällande
824 1065 34 17 och

103 1093 115 24 utveckling.
243 1094 36 17 Det
290 1094 92 24 kyrkliga
395 1094 35 18 och
441 1095 124 17 kommunala
576 1095 55 17 lifvet
643 1094 74 18 fordrar
729 1093 102 18 understöd
840 1093 21 17 af

103 1123 38 17 alla
152 1123 130 22 medborgare,
296 1128 30 12 om
339 1128 43 13 man
395 1123 35 17 vill
442 1124 87 17 undvika
541 1125 27 16 att
580 1124 29 17 för
621 1124 76 22 mycket
705 1123 84 22 betunga
797 1127 22 12 en
829 1122 30 17 del

104 1151 210 18 samhällsmedlemmar
326 1157 68 18 genom
406 1154 28 15 att
445 1154 48 16 utan
507 1152 41 18 skäl
561 1152 60 18 befria
632 1152 46 18 eller
686 1152 115 17 åtminstone
811 1150 48 18 med-

104 1180 52 23 gifva
168 1180 65 18 alltför
245 1182 40 16 stor
296 1180 72 18 lättnad
380 1180 20 18 ät
412 1180 58 18 andra
485 1181 41 17 frän
540 1182 78 17 skatters
631 1181 34 18 och
678 1180 109 23 utskylders
798 1179 61 23 erläg-

103 1208 67 24 gande.
194 1208 41 18 Med
248 1209 86 17 afseende
346 1208 12 18 &
370 1210 31 17 det
412 1210 93 23 kyrkliga
523 1210 175 23 församlingslifvet
711 1209 53 17 torde
777 1208 30 17 det
819 1208 40 18 der-

103 1238 30 17 för
145 1242 45 12 vara
202 1242 22 12 en
238 1238 104 23 berättigad
361 1238 75 18 fordran
454 1240 28 16 att
497 1238 147 18 industriidkare
662 1238 35 17 och
716 1236 143 19 landthandlare

103 1266 75 23 deltaga
190 1266 6 17 i
210 1266 69 22 kyrko-
293 1266 34 18 och
339 1266 199 24 prestgärdsbyggnad
551 1267 97 17 äfvensom
657 1267 6 16 i
672 1266 108 18 aflönandet
792 1265 21 17 af
819 1270 40 18 pre-

105 1294 83 23 sterskap
202 1294 34 18 och
248 1294 171 24 kyrkobetjening;
433 1296 42 17 med
488 1296 88 17 afseende
588 1295 40 18 äter
636 1295 11 17 &
655 1295 31 17 det
698 1293 123 19 kommunala
829 1294 31 16 lif-

103 1325 36 18 vet,
149 1325 27 15 att
187 1323 23 17 de
223 1325 43 21 taga
279 1323 28 18 del
320 1324 6 17 i
339 1324 103 23 utgifterna
455 1326 30 16 för
498 1324 139 18 folkskolornas
650 1324 105 21 underhåll,
765 1323 94 23 fattigför-

103 1352 110 22 sörjningen
226 1352 35 17 och
274 1352 58 17 andra
344 1352 121 18 kommunala
478 1353 73 17 besvär.
575 1352 38 18 Och
625 1351 51 19 detta
686 1352 20 18 så
716 1352 76 23 mycket
800 1351 58 17 hellre

103 1385 40 12 som
160 1380 149 17 industriidkare
328 1381 34 17 och
380 1381 145 18 landthandlare
543 1382 32 17 vid
592 1382 28 17 sin
637 1382 70 17 rörelse
720 1382 40 16 ofta
772 1380 86 17 använda

101 1408 40 17 lika
152 1407 74 24 mänga,
239 1407 79 24 mängen
330 1409 52 23 gäng
393 1409 44 18 flere
449 1409 87 18 biträden
549 1412 23 15 än
586 1409 139 23 medelmättiga
737 1409 35 17 och
784 1408 73 17 mindre

97 1436 128 25 jordbrukare
244 1437 35 17 och
297 1437 53 18 deras
366 1437 35 18 hus
419 1438 34 17 och
466 1437 47 24 gård
526 1438 29 17 till
568 1438 46 23 följd
628 1439 21 17 af
659 1438 37 17 den
709 1437 72 18 rörelse
794 1436 23 18 de
829 1437 30 17 be-
