1020 1678
201 108 14 20 2
310 107 80 22 Ständ.
406 107 50 22 Pet.
476 119 21 4 —
516 107 166 23 Petitionsbet.
697 107 39 22 N:o
751 107 33 22 10.

242 170 43 21 Det
306 171 48 20 med
376 171 148 26 stadgandena
545 171 7 20 i
570 171 92 21 berörda
677 170 79 27 nädiga
771 169 48 22 bref
831 170 88 21 afsedda

174 205 100 28 syftemäl
296 207 32 19 att
350 207 44 19 mot
416 205 94 22 åverkan
532 205 82 28 skydda
636 205 94 22 kronans
754 204 78 27 skogar
846 205 73 21 vinnes

176 239 110 28 möjligen,
301 246 48 15 men
364 240 28 26 pä
407 240 41 21 den
464 239 98 22 enskilda
572 240 155 27 skogsegarens
737 239 125 22 bekostnad.
885 240 37 21 Att

175 273 165 28 tillämpningen
362 273 24 22 af
405 275 66 26 sagda
493 274 48 21 bref
561 274 123 21 framkallat
701 273 101 28 missnöje
817 275 29 26 pä
860 275 62 20 dessa

174 309 91 24 trakter,
288 308 42 21 kan
352 308 35 21 vid
406 308 87 21 anfördt
507 309 135 21 förhållande
657 308 48 22 icke
720 308 68 22 väcka
803 307 117 28 förvåning.

176 342 79 21 Medan
277 342 106 27 nemligen
404 342 117 22 åverkaren
544 342 62 22 äfven
624 343 107 27 framgent
746 342 55 21 skall
816 342 59 22 finna
889 345 33 18 ut-

175 378 66 26 vägar
265 379 31 19 att
318 376 58 28 dölja
398 377 36 21 sitt
455 377 86 27 olofliga
563 377 161 25 förehafvande,
743 378 25 20 är
786 378 41 20 den
843 377 78 27 redlige

176 411 166 21 stockforslaren
364 413 67 19 utsatt
454 411 33 21 för
506 411 54 24 både
576 411 139 28 olägenheter
730 411 40 21 och
786 411 115 21 kostnader
915 411 6 20 i

176 445 40 22 och
231 445 34 21 för
281 448 135 25 transporten
432 445 23 22 af
468 446 37 21 sitt
520 446 64 22 virke.

245 479 42 22 Det
308 479 73 28 tyckes
404 480 81 21 således
508 481 75 20 endast
605 487 52 14 vara
680 487 26 14 en
730 480 74 21 rättvis
827 480 38 21 och
885 479 38 22 bil-

176 515 30 26 lig
229 514 87 21 fordran
341 516 32 19 att
400 515 62 20 dessa
490 515 138 27 olägenheter
642 516 64 26 göras
721 514 33 21 för
771 515 40 20 den
828 514 97 21 enskilda

177 549 143 27 skogsegaren
336 549 24 20 så
374 549 47 21 litet
436 549 117 28 tryckande
569 556 44 14 som
628 549 84 28 möjligt
728 551 55 19 samt
798 551 32 19 att
844 549 78 20 honom

176 583 49 22 icke
248 584 66 21 måtte
330 584 98 21 åsamkas
442 585 71 26 någon
529 583 90 22 särskild
634 583 136 22 omkostnad.
800 583 33 21 Då
848 583 77 21 krono-

178 618 143 21 länsmännen
341 618 30 21 uti
387 619 62 20 dessa
464 619 97 26 nordliga
576 618 59 21 delar
650 619 25 20 af
688 619 73 20 landet
777 617 45 22 ofta
836 619 37 20 äro
889 617 36 21 bo-

178 655 56 18 satte
250 652 89 27 aflägset
350 652 48 21 från
408 653 159 21 vederbörande
577 653 135 27 skogsegare,
724 659 48 14 men
782 652 78 27 jemväl
870 652 55 27 tjen-

178 688 85 20 stemän
283 686 23 21 af
321 686 124 22 forststaten
461 688 109 20 derstädes
586 688 36 20 äro
638 686 106 26 anstälde,
760 686 68 21 skulle
843 687 35 20 det
893 686 33 20 för

178 721 143 27 skogsegaren
343 721 96 21 medföra
461 728 26 14 en
508 722 47 20 icke
570 722 61 26 ringa
645 721 76 25 fördel,
738 728 34 14 om
788 720 62 22 äfven
866 721 59 21 forst-

178 756 175 27 tjenstemännen
376 756 71 21 ålades
470 758 32 18 att
526 756 27 26 på
576 757 94 26 begäran
689 755 88 21 utfärda
792 754 134 28 förpassning

178 790 40 21 och
234 790 94 21 anställa
347 797 37 21 syn
400 791 13 20 å
428 790 85 28 skogen,
531 791 27 20 då
573 791 67 21 sådan
655 790 117 26 utredning
788 796 49 15 vore
852 789 24 21 af
888 790 37 20 nö-

180 825 47 25 den,
243 824 66 22 likväl
324 827 52 19 utan
392 824 147 28 berättigande
554 832 50 14 vare
620 825 31 27 sig
662 824 34 22 för
706 825 48 19 dem
766 824 51 21 eller
827 824 33 20 för
870 824 56 20 läns-

178 860 96 20 männen
296 861 32 19 att
350 859 33 21 för
406 860 45 20 sina
473 860 132 26 åtgöranden
623 860 7 20 i
645 859 78 27 antydt
738 858 101 21 afseende
854 857 73 21 fordra

179 894 72 26 någon
274 894 119 26 ersättning
409 894 24 21 af
445 894 141 27 skogsegaren
602 893 52 21 eller
671 894 48 24 den,
736 892 33 21 för
784 892 84 21 hvilken
884 892 41 20 för-

179 928 131 27 passningen
325 928 104 22 utfärdas.

249 962 39 22 Om
311 963 36 21 det
369 962 83 22 derföre
475 970 60 14 anses
554 963 24 21 af
590 964 71 20 nöden
677 964 40 23 att,
733 961 91 21 oaktadt
839 961 40 21 den
895 961 33 20 in-

180 996 134 28 skränkning
335 998 7 20 i
364 998 41 20 den
428 998 106 21 enskildes
556 998 40 20 fria
619 997 172 27 förfoganderätt
807 996 58 20 öfver
879 997 49 19 dess

180 1031 59 27 skog,
256 1038 45 14 som
316 1032 148 27 stadgandena
478 1032 7 21 i
500 1032 90 21 berörda
605 1031 80 27 nådiga
701 1030 49 21 bref
762 1030 110 25 innebära,
888 1029 39 21 lik-

179 1065 35 21 väl
236 1065 117 22 tillsvidare
376 1066 107 21 bibehålla
505 1067 107 20 desamma
634 1066 7 20 i
656 1065 103 28 gällande
775 1063 63 26 kraft,
855 1063 21 22 få
891 1064 38 21 hos

180 1099 80 22 Eders
282 1100 148 28 Kejserliga
451 1101 125 27 Majestät
599 1100 123 21 Ständerna
736 1099 7 20 i
759 1098 170 27 underdånighet

180 1130 95 34 anhålla,
916 1152 3 3 N

386 1170 30 19 det
437 1171 125 24 skyldigheten
581 1172 28 18 att
623 1169 85 25 utfärda
722 1168 63 20 sådan
800 1167 129 26 förpassning,

384 1205 80 20 hvarom
485 1206 28 19 uti
533 1205 71 24 nädiga
618 1204 75 25 brefvet
707 1203 25 24 af
745 1203 35 19 den
794 1203 13 18 5
822 1202 44 24 Maj
879 1201 52 20 1881

384 1239 60 23 finnes
459 1239 95 25 stadgadt,
569 1239 33 20 mä
616 1238 112 21 utsträckas
740 1237 74 24 jemväl
828 1236 30 19 till
872 1236 59 23 forst-

386 1274 145 23 tjenstemännen
549 1274 12 19 ä
576 1275 53 18 orten
644 1273 102 24 äfvensom
761 1273 29 18 att
804 1271 33 24 för
851 1271 80 23 intygets

386 1308 109 19 erhällande
513 1308 56 25 nödig
584 1314 35 18 syn
633 1306 141 24 kostnadsfritt
788 1305 32 20 mä
835 1304 96 25 förrättas

386 1342 33 19 och
434 1342 31 19 det
478 1342 71 19 äskade
563 1342 71 24 intyget
647 1343 50 17 utan
711 1340 63 24 nägon
789 1339 104 24 ersättning
902 1344 29 13 ve-

386 1376 119 20 derbörande
520 1376 164 20 tillhandahållas.

248 1408 104 22 Finlands
370 1409 94 22 Ständer
478 1409 123 21 framhärda
616 1411 40 19 etc.

251 1443 133 27 Helsingfors,
406 1445 42 20 den
463 1446 12 19 5
490 1444 60 27 April
567 1444 60 21 1882.

302 1487 54 31 Helsi:
438 1486 13 22 J.
469 1482 68 35 Simelii
544 1482 99 35 arfvingars
655 1488 88 22 tryckeri,
755 1482 74 23 1883.
