1020 1675
300 101 243 19 Petitionsbetänkande
555 101 37 19 N:o
604 102 34 18 26.
804 103 20 17 13

91 158 123 28 berättigad
240 160 32 20 att
289 160 8 20 i
315 159 68 22 bredd
402 160 48 21 med
469 160 69 21 henne
557 159 22 21 få
597 159 55 22 efter
667 159 33 21 sin
715 159 134 27 uppfattning

91 194 69 21 vittna
179 199 35 15 om
237 193 123 27 sanningen.
390 193 41 22 Om
449 200 31 15 nu
497 194 27 21 de
539 193 69 22 finske
622 194 132 26 baptisterne
770 192 80 22 sträfva

91 227 35 21 till
141 234 26 15 en
182 228 57 27 yttre
254 227 241 28 församlingsbildning,
511 228 101 21 hvarföre
626 228 47 21 icke
687 227 105 27 tillstädja
802 227 48 21 dem

93 261 52 22 det?
167 261 75 22 Bättre
261 262 41 26 det,
321 264 28 19 än
367 263 32 20 att
418 262 57 21 lefva
492 262 7 21 i
519 262 85 27 ständig
621 262 94 27 polemik
730 262 49 21 med
794 261 55 22 dem.

92 295 50 22 Men
159 296 71 21 såvidt
243 296 38 27 jag
295 296 80 22 förstår
389 296 60 22 tiden
465 297 39 21 och
521 297 49 21 dess
585 296 83 27 tecken,
680 302 62 21 synes
753 296 37 21 det
799 296 52 21 nöd-

92 330 90 27 vändigt
196 331 33 20 att
243 332 51 25 taga
309 332 57 19 ännu
382 332 30 19 ett
428 332 48 25 steg
491 331 34 21 till
541 331 7 20 i
564 331 75 27 antydt
654 330 62 28 syfte.
740 329 112 22 Sannolikt

93 364 130 27 uppkomma
241 365 67 20 redan
323 365 7 20 i
350 365 39 20 den
406 366 107 20 närmaste
529 365 115 21 framtiden
660 365 57 20 inom
731 364 39 21 vår
784 363 68 28 kyrka

92 398 65 22 äfven
172 399 69 21 andra
255 399 117 22 dissenters
387 400 28 20 än
425 399 140 26 baptisterne.
587 399 59 26 Vilja
656 399 63 21 äfven
730 399 26 21 de
766 398 86 21 utträda

93 433 48 21 från
156 433 86 27 kyrklig
257 433 130 26 gemenskap
402 433 49 22 med
467 439 35 15 oss
518 433 39 22 och
574 433 60 21 bilda
648 433 71 21 skilda
732 432 120 22 församlin-

93 473 46 21 gar,
155 467 25 21 så
195 467 36 21 må
246 467 37 22 det
297 467 45 26 ske,
358 467 38 22 der
411 467 26 22 de
453 467 57 22 blott
524 467 95 22 vidhålla
635 467 41 22 den
691 467 79 26 Heliga
786 466 67 22 Skrift

94 501 72 22 såsom
186 501 37 22 det
238 502 55 21 enda
308 502 117 27 gudsordet
437 503 109 26 gentemot
562 501 44 22 alla
622 501 120 27 menskliga
756 501 97 21 traditio-

93 541 40 16 ner
152 535 40 22 och
209 536 8 21 i
237 536 36 21 det
291 536 133 27 apostoliska
443 536 119 27 symbolum
577 536 100 21 bekänna
691 536 33 27 sig
739 535 63 22 hafva
817 535 36 21 det

94 570 65 22 enkla
178 570 40 22 och
233 570 136 27 skriftenliga
384 570 109 28 uttrycket
507 570 24 22 af
544 570 33 22 sin
592 572 40 20 tro.
663 570 90 22 Vinsten
768 570 34 20 för
816 569 37 21 vår

94 604 68 28 kyrka
183 604 23 22 af
225 604 69 22 denna
312 605 8 21 i
338 604 25 22 så
380 604 67 22 måtto
467 605 119 21 utsträckta
607 604 171 28 religionsfrihet
795 609 57 21 vore,

95 645 63 21 synes
174 639 51 27 mig,
241 640 32 20 att
286 639 20 21 vi
317 638 47 22 icke
374 639 99 21 i-striden
484 639 34 21 för
530 639 39 21 och
581 641 58 20 emot
649 638 127 22 omtvistade
786 638 68 27 punk-

94 674 35 20 ter
144 673 7 21 i
167 674 41 20 den
223 673 83 21 kristna
321 673 61 21 läran
395 673 93 22 behöfva
497 673 82 22 förslöa
588 673 53 21 våra
651 673 104 21 försvars-
766 672 39 22 och
817 678 36 15 an-

95 706 120 28 fallsvapen
231 709 52 20 utan
294 707 22 21 få
326 708 49 20 med
385 708 83 21 samlad
479 707 58 22 kraft
547 708 97 21 använda
654 708 48 20 dem
713 707 7 21 i
730 707 41 21 den
782 708 72 25 egent-

95 741 45 28 liga
162 741 41 22 och
221 741 40 22 allt
279 748 46 15 mer
344 741 39 22 och
403 748 45 15 mer
467 742 148 28 påträngande
634 741 91 28 kampen
744 742 56 20 emot
818 740 36 21 det

95 776 126 27 uppenbara
245 776 53 21 eller
320 776 64 21 dolda
410 776 82 21 affallet
513 776 48 21 från
584 776 171 21 kristendomens
778 774 76 27 sjelfva

96 810 193 27 grundsanningar.

165 845 51 21 Med
239 845 115 26 anledning
376 844 22 22 af
416 845 37 21 det
472 844 63 22 ofvan
554 845 67 26 sagda
639 843 34 22 för
689 844 38 27 jag
745 843 109 22 vördsamt

95 879 87 26 föreslå,

338 945 32 17 att
390 941 84 21 landets
494 941 119 28 höglofliga
632 940 97 21 Ständer
747 941 51 20 ville
818 940 37 21 hos

304 975 62 22 Hans
386 975 129 29 Kejserliga
534 976 104 27 Majestät
657 975 10 20 i
681 974 175 29 underdånighet

305 1010 97 26 anhålla,
418 1010 36 21 det
470 1010 81 21 täcktes
564 1009 62 22 Hans
638 1010 106 28 Majestät
754 1010 9 20 i
774 1008 82 29 grund-

306 1045 107 28 lagsenlig
439 1045 96 28 ordning
555 1045 132 28 framlägga
707 1044 90 28 förslag
821 1043 35 21 till

305 1079 155 28 dissenterlag,
477 1079 64 21 hvari
560 1079 24 21 åt
602 1079 25 21 de
637 1078 71 28 finske
725 1078 131 28 baptisterne

304 1113 117 30 äfvensom,
437 1113 43 21 allt
495 1113 54 29 efter
565 1120 44 14 som
624 1113 26 21 de
662 1113 77 21 härom
746 1113 33 27 på
794 1113 9 19 i
810 1112 47 22 dis-

305 1148 136 28 senterlagen
451 1148 147 28 föreskrifvet
613 1148 45 20 sätt
673 1148 97 25 anhålla,
786 1147 23 21 åt
820 1154 36 13 an-

304 1182 42 21 dra
368 1182 60 20 inom
451 1182 74 21 landet
547 1181 170 29 uppkommande
734 1184 123 26 protestan-

306 1216 56 21 tiska
385 1216 126 26 dissenters,
535 1216 25 21 de
579 1216 38 21 der
641 1220 83 24 antaga
742 1216 116 28 symbolum

304 1251 142 28 apostolicum
465 1251 72 21 såsom
555 1250 108 30 uttrycket
681 1250 26 29 af
720 1252 34 19 sin
769 1254 35 17 tro
820 1249 38 22 och

306 1285 9 20 i
341 1285 71 29 öfrigt
443 1285 100 21 bekänna
571 1286 34 27 sig
636 1285 36 22 till
699 1283 59 23 Guds
785 1285 74 27 heliga

307 1319 41 21 ord
371 1319 70 22 såsom
462 1320 56 21 enda
537 1321 140 24 rättesnöret,
699 1319 111 28 hvarefter
828 1319 31 21 all

307 1354 49 21 lära
378 1355 9 19 i
408 1353 87 29 kyrkan
517 1354 57 21 skall
599 1361 61 14 anses
686 1354 40 21 och
752 1353 106 26 bedömas,

308 1387 143 22 tillerkännes
484 1388 177 29 religionsfrihet
689 1388 39 22 och
758 1387 102 29 kyrkliga

170 1427 123 22 Lagutskottets
304 1428 105 17 betänkande
422 1428 35 17 N:o
474 1429 29 16 10.
