1023 1678
297 109 245 21 Petitionsbetänkande
553 110 38 20 N:o
604 111 19 19 9.
806 113 10 17 9

85 170 50 26 taga
150 169 118 22 detsamma
282 176 52 16 vara
349 169 103 27 uppfördt
467 170 111 26 samtidigt
588 170 49 21 med
647 170 103 21 vallarne.
765 170 75 21 Denna

86 202 98 28 byggnad
207 204 39 21 har
267 204 28 27 på
316 210 76 16 senare
415 204 57 21 tider
491 204 71 21 blifvit
582 204 112 27 begagnad
708 204 33 21 till
757 204 83 26 hölada,

87 237 134 27 borggården
239 239 33 21 till
288 240 48 26 äng.
366 238 31 22 På
413 238 87 22 slottets
516 240 59 19 östra
590 238 46 22 sida
651 238 68 22 finnes
735 240 31 20 ett
780 240 61 19 utan-

87 272 58 27 verk,
161 272 63 22 hvars
240 274 67 21 vallar
322 275 37 19 äro
375 273 45 21 lika
436 273 94 21 massiva
545 279 46 15 som
607 273 165 21 slottsvallarne.

155 307 47 21 Den
217 314 17 15 s.
249 308 19 20 k.
284 314 41 21 nya
340 307 129 27 fästningen,
486 307 86 21 hvilken
588 307 68 21 under
671 307 27 21 de
713 309 85 20 senaste
808 307 34 21 år-

88 341 101 22 tiondena
204 341 70 22 blifvit
289 342 83 21 använd
387 347 47 16 som
450 341 72 26 häkte,
537 347 39 15 var
586 341 84 21 fordom
684 341 40 21 den
736 341 106 27 egentliga

88 375 82 22 staden.
200 376 100 21 Vallarne
319 378 37 19 äro
372 375 135 22 fortfarande
523 375 63 27 fasta,
602 382 47 15 men
665 375 23 22 af
702 376 60 21 äldre
777 375 65 28 bygg-

88 410 66 21 nader
176 410 81 21 återstå
278 411 76 21 endast
375 411 69 26 några
463 410 28 26 få,
511 410 65 21 bland
592 409 72 22 hvilka
678 416 27 15 en
720 410 66 27 något
800 409 42 22 för-

87 444 66 21 fallen
168 445 114 27 stenkyrka
298 447 55 19 samt
368 445 220 27 fängelsedirektorns
603 444 83 27 bostad,
702 451 45 14 som
763 444 6 21 i
784 444 59 21 tiden

88 479 60 21 torde
164 479 64 22 hafva
242 479 55 22 varit
312 479 100 28 högvakt,
429 481 38 19 äro
484 479 27 22 de
522 479 144 26 märkligaste.
689 479 33 21 De
736 479 33 21 till
779 478 64 21 häkte

88 513 124 27 begagnade
231 514 151 27 byggnaderna
400 513 118 22 förskrifva
538 513 33 27 sig
586 513 46 21 från
648 520 26 15 en
688 513 156 27 jemförelsevis

90 553 75 16 senare
180 549 81 26 period.

157 583 62 21 Hvad
242 583 45 21 åter
311 583 69 27 öfriga
403 583 6 20 i
433 583 75 21 landet
530 582 110 27 befintliga
658 582 127 27 fornborgar
800 581 44 21 vid-

90 617 102 26 kommer,
215 617 38 22 vill
275 617 105 22 utskottet
403 617 78 22 endast
503 619 84 24 nämna,
607 619 31 19 att
653 617 144 21 kostnaderna
811 615 34 22 för

90 652 257 21 restaurationsarbetena
362 652 13 21 å
390 651 129 27 Olofsborgs
535 652 52 21 slott
597 651 73 27 belöpt
681 651 32 27 sig
724 651 32 21 till
768 651 76 25 30,407

90 685 66 27 mark,
180 688 56 19 samt
258 688 31 19 att
308 682 175 31 Öfverstyrelsen
502 686 34 21 för
551 686 106 20 allmänna
673 684 172 28 byggnaderna
834 678 15 39 i

90 719 74 22 landet
182 720 85 27 nyligen
286 720 91 27 vidtagit
395 720 78 27 åtgärd
489 726 35 15 om
540 722 32 19 att
586 726 26 15 en
628 720 34 21 del
678 720 23 21 af
714 719 132 21 Tavastehus

90 753 52 22 slott
157 766 27 3 —
200 756 31 19 ett
246 755 64 21 rundt
324 756 49 20 torn
389 767 27 3 —
432 754 36 21 må
483 754 72 21 såsom
570 754 126 26 fornminne,
708 760 33 15 om
757 753 39 22 ock
811 759 35 15 en-

92 788 47 21 dast
155 789 71 21 såsom
242 789 52 26 ruin,
311 789 94 27 skyddas
421 790 46 19 mot
481 789 74 21 vidare
572 788 130 21 förstörelse.

160 857 33 21 Då
209 857 35 21 det
260 857 177 28 ovedersägligen
457 859 25 20 är
498 864 27 15 en
540 857 116 22 hederssak
672 857 33 21 för
720 856 73 27 hvarje
808 856 40 21 bil-

92 891 41 22 dad
149 891 73 21 nation
240 893 32 20 att
290 892 22 21 åt
326 892 131 21 kommande
477 892 83 27 slägten
579 892 79 21 bevara
673 891 46 22 sina
734 891 114 21 historiska

92 926 178 26 minnesmärken,
293 926 39 21 och
353 926 27 21 då
395 926 66 21 ofvan
476 926 127 22 meddelade
618 926 108 27 uppgifter
741 925 57 27 gifva
814 925 34 21 vid

92 959 90 26 handen,
206 962 32 19 att
256 959 51 22 flere
323 960 23 21 af
360 961 104 20 Finlands
480 961 115 26 vigtigaste
610 959 128 28 fornborgar
752 959 34 21 för
800 961 49 19 när-

92 995 94 20 varande
201 994 62 21 hotas
278 994 23 21 af
315 1001 50 14 snar
381 995 40 21 och
437 995 127 26 fullständig
583 994 114 26 förödelse,
713 994 39 21 har
767 993 82 21 utskot-

92 1030 32 20 tet
146 1028 104 27 enhälligt
272 1028 100 22 omfattat
391 1029 41 21 den
449 1028 64 28 åsigt,
529 1030 32 20 att
576 1028 107 22 allmänna
697 1028 71 21 medel
783 1027 66 21 borde

92 1062 72 22 anslås
176 1062 59 22 såväl
247 1062 33 22 för
294 1063 27 21 de
336 1063 93 27 partiela
441 1064 154 26 reparationer,
606 1062 82 22 hvilkas
700 1062 150 28 skyndsamma

92 1097 114 21 utförande
229 1099 24 19 är
276 1097 22 21 af
319 1098 77 26 nöden,
413 1104 47 14 som
476 1098 63 21 äfven
555 1097 33 21 för
604 1097 26 21 de
645 1103 59 15 mera
720 1096 130 22 omfattande

93 1132 251 26 restaurationsarbeten,
367 1131 74 22 hvilka
464 1132 56 21 först
539 1132 65 21 sedan
620 1138 25 15 en
661 1131 125 27 detaljerad,
802 1130 49 22 full-

94 1166 85 26 ständig
194 1166 50 26 plan
259 1166 71 21 blifvit
345 1166 24 21 af
383 1166 137 27 sakkunniga
534 1172 103 21 personer
652 1165 112 28 uppgjord,
780 1164 71 22 kunna

93 1200 161 26 ifrågakomma.
285 1194 19 27 Å
320 1200 67 21 andra
403 1200 63 22 sidan
483 1201 39 21 har
537 1200 105 22 utskottet
656 1200 127 26 visserligen
799 1200 53 20 trott

94 1234 36 21 det
141 1240 51 16 vara
204 1234 105 27 riktigast,
322 1237 32 19 att
364 1234 81 27 jemväl
458 1235 122 27 respektive
592 1234 125 22 kommuner
728 1234 48 21 med
787 1233 66 27 något

95 1268 75 28 bidrag
186 1269 86 27 deltaga
285 1270 30 20 uti
328 1269 141 21 bestridande
481 1269 24 21 af
515 1269 149 26 kostnaderna,
677 1268 93 26 hvartill,
782 1268 70 20 såsom

96 1303 62 21 ofvan
175 1309 69 21 synes,
260 1303 101 27 Wiborgs
377 1304 49 20 stad
443 1304 67 20 redan
527 1304 23 20 år
563 1303 53 21 1871
630 1303 38 21 och
682 1303 54 21 1873
748 1302 106 21 förklarat

95 1338 32 26 sig
142 1338 67 25 villig.
240 1338 112 21 Likaledes
372 1338 40 20 har
430 1338 108 21 utskottet
558 1338 102 25 enhälligt
676 1337 62 21 hållit
753 1336 53 26 före,
822 1337 32 19 att

94 1370 163 28 ifrågavarande
283 1372 145 26 reparations-
452 1371 40 21 och
520 1371 242 21 restaurationsarbeten
787 1370 67 21 borde

95 1405 121 21 utsträekas
232 1405 61 21 äfven
313 1406 33 20 till
366 1406 69 20 andra
451 1405 23 21 af
488 1406 103 20 Finlands
606 1405 126 27 fornborgar
748 1406 26 19 än
792 1404 25 21 de
833 1403 23 21 af

164 1445 94 17 Allmänna
271 1445 161 17 Besvärsutskottets
445 1446 105 16 betänkande
562 1445 34 17 N:o
610 1445 16 17 9.
