1017 1675
246 114 279 23 Petitionsbetänkande.
542 128 22 2 —
584 115 41 22 N:o
639 115 36 22 35.
795 115 13 20 5

81 179 36 22 ket
132 178 112 23 inskränkt
259 178 32 22 till
306 178 57 26 åker,
380 182 40 24 äng
435 178 39 22 och
489 179 117 28 beteshage,
624 179 47 21 med
686 186 27 14 en
728 178 106 29 obetydlig

82 213 93 30 eftergift
189 213 8 21 i
212 212 98 23 afseende
325 212 13 22 &
352 212 136 28 linodlingen,
505 213 52 21 dock
573 217 22 17 är
611 212 140 23 Guvernören
771 213 65 21 berät-

82 248 57 29 tigad
154 249 31 21 att
199 247 96 22 meddela
310 247 94 22 tillstånd
419 247 33 22 till
467 247 151 23 vidsträcktare
628 247 119 29 svedjande.
771 247 63 25 Sved,

83 282 90 22 derifrån
193 282 50 22 flere
258 286 27 18 än
300 282 36 22 två
351 282 146 22 sädesskördar
513 282 18 29 ej
547 282 22 22 få
583 285 64 26 tagas,
663 282 54 22 skall
733 282 5 21 i
754 282 44 22 åtta
812 281 23 23 år

83 317 66 22 hållas
171 316 107 29 inhägnad
295 317 39 21 och
352 316 73 22 fredad
439 316 33 22 för
486 317 144 22 kreatursbete
646 317 37 21 och
699 316 32 23 får
746 316 18 29 ej
781 316 54 29 ånyo

82 352 96 25 brännas,
194 352 65 21 innan
275 351 71 22 trettio
361 351 23 22 år
399 351 89 23 förflutit
502 351 47 23 från
564 354 82 20 senaste
661 352 96 21 skörden.

151 386 38 22 Uti
209 386 69 22 denna
299 385 131 23 sistnämnda
451 385 107 23 föreskrift
574 386 63 22 hafva
652 386 30 22 tid
698 386 53 22 efter
766 394 69 13 annan

82 420 63 30 gjorts
168 420 65 22 sådan
255 420 93 29 eftergift
367 422 31 20 att
412 420 58 22 tiden
486 420 32 22 för
532 421 62 22 sveds
613 420 98 23 hållande
729 420 105 29 inhägnad

82 456 40 21 och
136 454 72 23 fredad
223 455 33 21 för
270 455 48 22 bete
332 455 135 22 inskränktes
482 455 33 22 till
530 455 46 29 fyra
591 455 23 22 år
627 455 32 22 för
669 454 166 30 lägenhetsinne-

82 490 113 22 hafvarene
211 490 7 21 i
233 489 136 30 Savitaipale,
386 489 160 23 Suomenniemi
560 490 40 22 och
615 490 32 22 S:t
663 490 70 22 Andre
747 490 88 22 socknar

83 525 38 27 (K.
137 525 37 21 Br.
190 525 19 21 d.
226 525 26 21 21
269 524 50 22 Okt.
337 525 71 27 1857),
423 524 7 22 i
446 524 129 30 Taipalsaari
590 524 77 22 socken
683 525 38 26 (K.
730 525 37 21 Br.
778 524 19 22 d.
807 524 27 22 23

84 559 57 30 Sept.
160 560 69 27 1859),
245 559 8 22 i
267 559 85 22 Klemis
367 559 77 23 socken
460 559 37 28 (K.
514 560 37 21 Br.
567 560 19 21 d.
607 561 4 20 7
626 560 56 21 Mars
699 560 63 27 1860)
778 559 56 22 och
823 555 15 38 i

83 594 107 29 Lappvesi
209 594 78 22 socken
302 594 37 27 (K.
356 594 36 22 Br.
409 594 40 22 den
467 595 25 21 18
508 594 48 23 Juli
572 595 70 27 1861).
672 594 118 22 Fnahanda
805 593 29 22 in-

83 629 130 28 skränkning
228 629 38 22 har
281 629 62 22 äfven
358 629 62 26 skett,
436 629 53 22 dock
505 629 73 22 endast
592 629 32 22 till
641 629 54 22 1882
707 629 32 22 års
750 628 84 30 utgång,

83 664 33 22 till
131 663 81 22 förmon
228 663 33 22 för
276 663 140 23 Savolaksska
432 664 38 21 och
480 664 106 22 Karelska
597 664 113 21 andelarna
719 663 24 22 af
748 663 87 30 Kuopio

83 699 34 21 län
133 699 38 21 och
187 698 32 22 för
236 698 122 22 Wiitasaari
380 698 76 22 socken
472 699 39 26 (K.
526 699 36 21 Br.
579 699 19 21 d.
613 699 13 20 9
641 698 43 29 Maj
703 699 63 26 1873)
781 700 54 20 samt
853 722 2 2 .

83 733 31 22 för
132 733 114 22 Kerimäki
268 733 76 22 socken
365 733 37 27 (K.
420 733 36 22 Br.
473 733 40 22 den
529 735 13 20 9
558 733 49 22 Okt.
625 734 70 26 1874),
718 732 117 29 hvarjemte

83 768 59 22 dessa
157 768 118 21 landsdelar
289 767 123 29 berättigats
427 770 31 19 att
473 768 53 22 efter
542 768 59 29 tjugu
616 767 33 22 ärs
664 767 81 30 förlopp
755 768 80 21 bränna

82 811 80 14 samma
180 803 60 21 mark
260 803 38 21 och
317 803 94 28 borttaga
433 802 106 29 inhägnad
554 802 62 29 kring
630 803 57 26 sved,
704 802 63 22 redan
783 801 53 23 efter

82 837 37 22 tvä
133 836 33 23 &rs
181 836 88 30 förlopp,
280 837 32 21 för
327 836 41 22 den
382 836 100 22 händelse
498 840 31 19 att
544 836 158 30 svedjemarken
713 837 8 21 i
731 836 65 22 andra
805 839 31 19 ut-

83 872 58 21 sädet
154 871 59 22 besäs
228 871 49 22 med
292 870 32 23 frö
339 870 24 23 af
375 870 70 23 ädlare
460 872 99 28 grässlag.

151 906 44 22 Det
209 910 24 17 är
247 906 107 22 fortvaron
369 905 24 22 af
405 906 60 22 dessa
480 906 130 22 sistnämnda
630 906 117 28 eftergifter
762 906 6 21 i
784 905 51 22 afse-

84 941 52 21 ende
152 941 12 21 &
178 940 155 29 svedjebruket,
353 948 43 15 som
418 941 47 21 med
482 941 25 21 de
522 941 119 21 inlemnade
664 940 171 30 petitionsförsla-

84 983 40 21 gen
139 975 84 29 äsyftas.

151 1009 36 23 Dä
201 1010 26 21 de
241 1010 123 26 landsorter,
380 1010 32 21 för
426 1010 74 21 hvilka
515 1010 76 22 sädana
614 1010 115 28 eftergifter
748 1009 89 29 medgif-

84 1044 46 26 vits,
146 1044 93 29 nödgats,
256 1044 7 22 i
278 1044 80 22 saknad
373 1044 23 22 af
406 1044 102 22 snabbare
518 1044 265 22 kommunikationsmedel
793 1044 44 22 vin-

83 1078 69 26 tertid,
167 1079 73 21 basera
255 1079 33 21 sin
303 1078 184 30 smörproduktion
503 1078 182 30 hufvudsakligast
699 1079 27 29 pä
739 1086 98 15 sommar-

84 1114 68 25 beten,
168 1118 23 17 är
205 1113 150 29 svedjebruket
369 1113 7 22 i
392 1113 59 22 dessa
466 1113 126 23 landsändar
607 1113 123 29 oafvisligen
747 1113 91 22 nödvän-

84 1149 44 28 digt
142 1149 38 21 och
195 1148 76 22 skadar
287 1148 18 29 ej
321 1149 67 21 heller
400 1161 25 3 —
437 1148 47 22 med
500 1148 127 29 urskiljning
637 1148 104 22 bedrifvet
753 1160 24 3 —
788 1155 50 22 upp-

84 1183 96 22 komsten
198 1183 24 22 af
237 1183 58 29 skog.
325 1183 93 22 Jordens
440 1183 72 22 starka
534 1183 107 22 växtkraft
656 1183 7 22 i
679 1183 60 22 dessa
758 1182 81 22 trakter

83 1217 95 29 betingar
193 1217 18 30 ej
227 1218 68 22 heller
310 1225 26 14 en
351 1218 23 22 sä
388 1217 49 29 läng
452 1218 73 29 period
541 1218 32 22 för
583 1218 60 22 sveds
654 1217 133 29 inhägnande
799 1217 38 21 och

83 1253 64 22 innan
163 1253 40 22 den
219 1252 55 29 ånyo
289 1253 42 22 kan
346 1252 66 27 fällas,
428 1261 44 14 som
489 1253 7 21 i
511 1253 65 22 andra
591 1253 56 22 delar
663 1253 23 22 af
699 1253 76 21 landet.
801 1252 37 22 Ut

83 1287 84 26 skottet,
184 1295 45 14 som
244 1287 71 22 derför
329 1295 61 14 anser
400 1289 32 20 att
442 1287 26 22 de
478 1287 201 23 ofvanomförmälda
694 1286 145 30 eftergifterna

84 1322 6 21 i
106 1322 97 22 afseende
219 1322 12 22 &
245 1321 170 30 svedjeodlingen
439 1322 55 22 varit
509 1322 27 29 pä
551 1322 31 22 sin
602 1323 54 28 plats
675 1322 39 22 och
733 1324 32 19 att
779 1321 61 22 Stän-

84 1357 70 26 derna,
176 1361 50 18 utan
249 1357 99 22 afseende
368 1356 64 29 derpä
450 1358 32 21 att
498 1365 25 14 en
540 1357 62 28 nädig
618 1356 126 29 proposition
761 1363 34 14 om
811 1363 28 20 ny

84 1391 95 29 skogslag
194 1391 32 22 för
241 1391 72 22 landet
327 1396 23 17 är
365 1393 31 20 att
410 1391 98 22 förvänta
530 1391 99 29 möjligen
650 1391 64 22 redan
733 1391 32 22 till
781 1390 59 22 först

84 1425 141 22 instundande
242 1426 106 28 landtdag,
364 1426 64 21 borde
443 1426 116 22 medverka
574 1425 69 22 dertill
659 1428 29 19 att
704 1425 60 22 dessa
780 1425 61 21 efter-

84 1459 63 30 gifter
169 1461 54 28 finge
246 1460 87 23 fortfara
351 1460 63 23 äfven
434 1460 54 23 efter
506 1461 57 22 detta
582 1461 33 21 års
630 1460 77 29 utgång
723 1459 56 23 intill
795 1459 46 22 dess
