1020 1678
192 115 22 17 18
375 113 241 20 Petitionsbetänkande
628 113 38 19 N:o
679 113 31 19 32.

239 171 11 20 I
266 171 25 21 de
306 171 104 22 klassiska
424 171 100 28 lyceerna
532 172 25 20 är
565 170 102 22 franskan
678 170 45 21 helt
733 170 40 21 och
783 169 67 22 hållet
860 169 65 22 frivil-

169 205 41 28 ligt
226 205 116 22 läroämne.

241 308 57 27 13:0)
320 306 259 29 Undervisningsspråket
597 308 24 20 är
637 307 35 21 vid
688 307 73 27 hvarje
776 306 98 21 läroverk
890 313 36 14 an-

169 342 74 27 tingen
259 342 89 21 svenska
367 341 51 22 eller
436 341 75 25 finska,
527 354 28 2 —
570 354 27 2 —
613 353 34 9 —.
677 340 61 22 Dock
753 340 40 21 bör
808 340 34 22 för
856 340 70 22 befor-

170 376 83 21 drande
276 376 24 21 af
320 376 108 21 elevernas
447 375 98 27 kunskap
561 375 39 21 och
616 375 109 27 färdighet
739 374 7 21 i
762 374 36 22 det
813 374 68 21 andra
896 374 31 21 in-

170 410 90 21 hemska
284 409 91 28 språket,
398 410 62 21 äfven
479 410 60 20 detta
553 408 29 28 på
598 409 25 21 de
639 411 33 19 tre
687 409 77 27 högsta
779 408 111 22 klasserna
906 408 23 21 af

170 443 60 23 såväl
252 444 26 21 de
300 444 104 21 klassiska
422 451 46 14 som
483 444 145 27 reallyceerna
643 443 109 22 användas
767 443 35 21 vid
817 442 109 22 undervis-

170 479 79 27 ningen
265 479 7 20 i
288 478 34 22 två
345 478 51 22 eller
411 481 32 18 tre
466 478 130 25 läroämnen,
619 478 73 21 hvilka
711 472 167 32 Öfverstyrelsen
894 476 33 22 för

170 513 150 21 skolväsendet
336 512 101 22 särskildt
452 513 35 21 för
502 512 74 27 hvarje
591 512 100 22 läroverk
706 512 135 21 bestämmer.

243 548 56 26 14:0)
322 547 42 21 För
386 546 144 22 befordrande
553 546 24 22 af
596 546 121 22 kännedom
739 546 7 20 i
763 546 35 21 det
813 546 69 21 andra
896 546 31 20 in-

171 581 90 21 hemska
283 580 86 28 språket
391 581 40 21 bör
454 580 99 28 grundlig
569 580 152 28 undervisning
737 580 44 21 deri
797 580 109 21 meddelas
921 580 7 20 i

171 615 193 21 elementarskolan
380 616 67 20 under
463 615 125 27 tillräckligt
604 614 59 22 antal
679 614 92 26 timmar,
793 614 40 21 och
849 613 28 28 på
893 614 35 21 det

172 652 32 19 att
220 650 100 21 säkerhet
334 648 67 23 måtte
416 650 73 20 vinnas
505 649 80 26 derom,
601 651 32 19 att
643 649 103 21 eleverna
761 647 13 23 &
789 648 68 27 tredje
872 648 56 22 klas-

171 690 38 15 sen
225 683 24 22 af
263 683 58 21 såväl
336 683 101 22 klassiskt
451 691 46 14 som
512 683 129 28 reallyceum
656 683 73 21 kunna
750 682 48 21 med
816 681 113 29 framgång

171 718 101 27 begagna
290 717 151 28 undervisning
464 718 30 21 uti
509 717 69 28 några
592 719 77 20 ämnen
684 716 29 28 på
729 717 58 21 detta
802 715 71 28 språk,
889 716 40 21 bör

172 752 64 21 deras
252 751 144 28 uppflyttning
412 751 47 22 från
481 753 96 20 närmast
595 751 60 28 lägre
670 751 59 22 klass
743 752 64 27 göras
822 751 107 21 beroende

172 786 25 21 af
211 786 92 21 särskild
318 786 91 27 muntlig
425 787 39 20 och
479 785 93 28 skriftlig
586 786 103 27 pröfning
703 785 8 21 i
726 785 66 28 sagde
807 784 70 29 språk.

244 821 57 26 15:0)
316 820 87 25 Lärare,
420 827 45 14 som
481 820 66 27 aflagt
562 819 82 22 sådana
658 819 50 28 prof
723 819 29 28 på
766 819 66 28 insigt
847 819 7 20 i
869 826 60 14 sven-

172 855 40 20 ska
228 855 40 20 och
285 854 68 21 finska
368 853 99 28 språken,
487 861 46 14 som
555 855 34 20 för
605 855 125 26 kompetens
745 853 33 22 till
793 853 137 28 läraretjenst

172 889 68 20 redan
264 890 37 19 äro
324 888 52 21 eller
398 889 114 21 framdeles
535 889 66 21 varda
624 888 102 21 särskildt
748 887 134 26 föreskrifna,
905 889 25 19 är

173 923 85 28 skyldig
282 925 31 19 att
335 923 99 21 meddela
455 923 152 27 undervisning
629 923 7 20 i
656 923 26 20 de
696 922 33 21 till
744 922 53 21 hans
813 921 65 28 tjenst
893 921 36 21 hö-

172 957 69 21 rande
265 959 76 19 ämnen
364 957 18 27 ej
406 957 56 21 blott
482 956 29 28 på
526 957 85 21 skolans
626 955 236 28 undervisningsspråk,
878 958 53 18 utan

173 991 63 21 äfven
253 990 29 28 på
297 991 35 21 det
354 991 70 21 andra
441 991 111 21 inhemska
567 990 94 28 språket,
678 989 27 22 då
720 989 211 28 skolöfverstyrelsen

174 1025 90 27 pröfvar
279 1024 77 22 sådant
371 1032 52 14 vara
437 1026 80 26 nödigt.

244 1059 42 22 Det
308 1058 90 23 sålunda
421 1060 23 21 af
464 1060 105 21 utskottet
586 1058 124 28 uppgjorda
724 1058 104 28 förslaget
842 1058 32 21 till
889 1057 42 22 för-

173 1093 95 28 ordning
290 1094 7 20 i
319 1095 72 20 ämnet
413 1093 95 22 förekom
527 1093 33 22 till
575 1093 83 28 slutligt
674 1093 117 27 afgörande
806 1093 7 20 i
830 1092 103 21 Senatens

175 1127 284 28 Ekonomie-Departement
481 1128 40 21 den
541 1129 12 19 5
569 1128 43 27 Maj
632 1129 61 20 1881.
722 1127 211 26 Diskussionsproto-

177 1161 67 22 kollet
260 1162 34 21 för
308 1163 169 20 sammanträdet
499 1162 109 21 meddelas
623 1162 40 21 här
679 1161 20 21 in
716 1163 87 19 extenso
819 1161 40 21 och
874 1160 60 28 lyder

174 1195 74 22 såsom
264 1196 70 27 följer:

247 1231 52 26 »Vid
322 1230 36 21 det
380 1230 54 22 härå
455 1230 32 21 till
506 1230 161 27 öfverläggning
686 1229 7 21 i
708 1228 77 28 frågan
801 1228 80 26 skreds,
896 1235 39 20 yp-

176 1264 56 27 pade
248 1265 33 27 sig
297 1265 56 21 olika
368 1265 117 28 meningar,
501 1265 99 21 hvarföre
616 1264 133 27 omröstning
765 1263 85 25 skedde,
862 1262 73 21 dervid

175 1298 109 22 Senatorn
307 1299 112 26 Mechelin,
442 1298 69 23 såsom
535 1299 55 21 Chef
606 1299 34 20 för
655 1297 142 22 Ecklesiastik
812 1297 123 27 Expeditio-

176 1339 48 19 nen,
242 1332 77 21 främst
334 1333 102 27 uppläste
451 1335 30 19 ett
496 1332 116 28 sålydande
627 1332 112 28 yttrande:

246 1366 43 22 Det
307 1366 23 22 af
344 1367 140 21 skolkomitén
499 1367 49 21 med
563 1374 55 20 svag.
630 1366 112 28 pluralitet
757 1364 122 29 uppgjorda
894 1364 42 22 för-

175 1400 71 28 slaget
265 1401 32 21 till
316 1408 27 20 ny
362 1401 217 28 läroverksreglering
594 1400 86 28 åtföljes
697 1400 23 21 af
734 1407 25 14 en
775 1399 79 28 mängd
870 1406 67 14 reser-

247 1440 95 18 Allmänna
355 1441 160 17 Besvärsutskottets
526 1441 105 17 betänkande
643 1441 36 17 N:o
692 1440 28 17 18.
