1014 1634
189 43 12 17 2
379 41 243 19 Petitionsbetänkande
634 42 38 18 N:o
683 41 32 19 12.

166 99 62 17 hämta
240 98 62 18 härför
313 99 65 23 nödiga
390 99 107 23 kunskaper.
522 99 28 17 Då
562 99 73 23 tillfölje
647 99 54 18 häraf
711 99 22 17 de
744 98 91 23 frivillige,
845 104 37 13 som
891 104 32 13 un-

167 128 31 17 der
209 127 48 18 förra
270 127 38 18 året
320 127 69 18 inträdt
401 128 6 17 i
419 128 61 22 tjenst,
492 127 41 23 gått
545 127 94 23 förlustige
651 128 58 17 denna
721 127 69 23 vigtiga
801 127 120 23 förmonsrätt,

166 156 33 18 och
215 156 98 18 detsamma
326 156 66 22 jemväl
404 161 52 18 synes
472 156 68 18 förestå
552 156 44 20 dem,
609 156 62 18 hvilka
682 156 59 18 såsom
753 155 85 23 frivillige
851 156 71 18 inträda

165 184 30 18 vid
211 186 99 21 trupperna
324 184 56 18 under
394 186 90 16 närmaste
500 185 74 17 framtid
586 185 33 17 och
631 185 49 17 intill
693 185 40 17 dess
745 184 58 18 denna
815 185 106 23 angelägen-

165 214 32 17 het
208 213 62 18 blifvit
281 213 149 23 ändamålsenligt
442 214 88 22 reglerad,
542 214 28 17 får
580 214 32 22 jag
623 214 32 17 hos
665 213 98 23 Vällofliga
771 213 150 23 Borgareståndet

165 242 90 18 vördsamt
267 242 65 18 föreslå
344 248 20 12 en
378 242 112 22 underdånig
501 242 85 22 petition:

370 272 28 16 det
410 272 62 16 täcktes
484 272 50 16 Hans
547 271 97 22 Kejserliga
656 271 80 22 Majestät
748 271 38 17 låta
798 271 7 17 i
817 271 60 17 Nåder
880 272 39 22 för-

370 300 74 21 ordning
462 300 43 21 utgå
524 300 89 21 angående
630 300 20 16 de
668 300 7 16 i
692 300 164 22 wvärnepligtslagens
870 300 25 17 96
909 301 11 19 8

371 328 103 18 omnämnda
490 328 75 22 profven
585 328 87 22 äfvensom
691 328 88 22 angående
797 328 20 17 de
833 328 86 22 åtgärder.

370 364 35 10 som
419 358 61 16 kunna
497 358 74 21 befinnas
588 357 63 21 nödiga
661 357 32 23 för
709 360 32 17 att,
752 363 27 11 om
790 357 65 22 möjligt
865 358 54 16 redan

365 386 47 22 från
430 386 61 22 början
510 386 22 22 af
542 386 137 17 nästkommande
691 386 62 19 läseår,
765 386 61 17 bereda
831 386 88 22 frivillige

370 415 83 22 möjlighet
466 417 25 14 att
499 415 79 16 inhämta
589 414 16 23 ej
616 415 65 16 mindre
693 414 20 17 de
721 415 101 21 kunskaper,
831 421 35 10 som
873 415 46 16 kom-

370 449 30 11 ma
412 446 26 14 att
449 443 72 20 fordras
527 443 33 22 för
571 443 87 18 vinnande
673 443 22 23 af
707 443 108 23 officersgrad
826 443 31 17 vid
867 449 51 12 reser-

369 478 37 14 ven,
418 475 24 14 än
454 472 27 17 det
492 472 43 17 mått
548 472 22 22 af
579 472 145 22 specialbildning,
736 477 35 12 som
777 472 96 22 fastställes
884 478 34 11 som

369 501 55 16 vilkor
432 501 32 23 för
476 501 51 16 deras
538 500 92 23 befordran
642 501 28 16 till
681 501 56 22 officer
748 501 31 16 vid
790 501 47 16 aktiv
849 504 57 19 trupp.

232 535 117 22 Helsingfors,
362 535 34 17 den
408 536 11 17 3
432 534 86 18 Februari
532 535 48 18 1882.

645 575 96 19 Frithiof
750 574 98 20 Neovius.

230 679 113 22 Utskottet
360 680 39 21 har
414 680 91 21 rörande
520 679 147 28 föreliggande
682 679 62 27 fråga
758 679 105 22 inhemtat
877 679 39 22 föl-

159 715 75 26 jande:

231 749 71 21 Sedan
318 749 121 27 Kejserliga
452 749 92 21 Senaten
559 749 67 21 under
642 749 40 21 den
700 750 9 19 1
726 749 119 21 December
861 749 54 20 1880

161 783 33 21 till
214 783 65 27 nådig
298 783 98 27 pröfning
415 784 86 21 insändt
520 785 31 20 ett
569 783 23 21 af
610 783 257 27 Organisationskomitén
882 783 33 21 för

161 817 69 21 finska
248 818 156 26 värnepligtige
422 818 108 21 militären
549 818 115 27 uppgjordt
681 817 82 27 förslag
781 817 34 21 till
833 817 82 22 förord-

160 852 50 26 ning
230 852 110 26 angående
360 852 113 27 frivilliges
489 852 35 21 vid
539 853 27 21 de
580 852 70 21 finska
664 854 116 25 trupperna
795 852 120 26 antagande

160 886 40 21 och
215 886 122 26 befordran,
349 886 39 21 har
402 887 179 26 Krigsministern
596 887 6 20 i
618 886 170 27 Kejsaredömet,
804 886 33 21 till
852 886 63 22 hvars

159 920 134 22 bedömande
316 920 103 28 förslaget
438 921 160 26 öfverlemnats,
617 921 35 21 vid
672 921 119 21 detsamma
809 920 107 22 framstält

158 954 108 22 särskilda
285 955 173 27 anmärkningar,
476 956 72 21 hvilka
567 956 23 20 af
607 956 59 21 Hans
684 955 113 21 Excellens
813 954 102 22 General-

158 990 135 26 guvernören
314 989 70 21 blifvit
406 990 122 27 Kejserliga
550 990 93 22 Senaten
665 989 95 27 delgifna
778 989 71 21 tillika
866 990 49 21 med

159 1023 239 27 Generalguvernörens
414 1026 50 25 eget
474 1024 136 22 betänkande
621 1024 7 21 i
639 1025 78 20 ämnet.
740 1024 11 20 I
762 1023 153 27 sammanhang

157 1057 89 21 härmed
264 1058 56 21 hade
338 1058 62 26 fråga
418 1058 74 22 väckts
512 1064 33 16 om
565 1058 149 22 fastställande
729 1058 24 21 af
765 1064 100 20 program
880 1058 34 21 till

156 1092 41 20 den
213 1098 96 20 examen,
325 1098 46 15 som
386 1092 67 22 borde
466 1093 107 26 undergås
584 1092 24 22 af
616 1093 109 26 frivillige,
737 1092 72 21 hvilka
819 1092 94 22 önskade

157 1126 63 21 vinna
240 1126 117 21 befordran
372 1127 33 21 till
422 1126 112 22 officerare
548 1127 35 21 vid
600 1128 26 20 de
641 1127 73 21 aktiva
729 1128 117 25 trupperna
861 1126 53 22 eller

155 1159 69 22 finska
243 1160 119 22 militärens
381 1167 73 15 reserv
473 1161 54 27 eller
547 1161 111 21 landtvärn
675 1164 55 18 samt
745 1166 34 16 om
791 1160 122 22 inrättande

155 1194 23 21 af
195 1200 27 16 en
241 1194 218 28 undervisningskurs
478 1196 34 20 för
531 1195 26 22 de
576 1196 143 25 sistnämnde;
734 1195 40 21 och
789 1195 40 21 har
843 1194 69 22 Gene-

155 1228 175 27 ralguvernören,
346 1235 44 15 som
407 1229 49 22 låtit
470 1229 100 22 utarbeta
581 1229 82 27 förslag
675 1229 34 21 till
720 1234 100 21 program
831 1228 34 21 för
876 1229 35 20 be-

154 1262 88 21 fordran
262 1263 33 20 till
314 1263 73 22 officer
405 1264 36 21 vid
461 1270 107 20 reserven,
582 1264 67 27 jemte
665 1263 113 22 skrifvelse
794 1263 33 21 för
843 1263 40 21 den
899 1264 10 21 1

153 1296 45 21 Juli
214 1296 39 27 (19
268 1297 60 27 Juni)
346 1297 62 27 1881,
424 1298 119 21 detsamma
558 1299 32 20 till
605 1297 122 28 Kejserliga
738 1297 92 22 Senaten
842 1297 69 22 öfver-

153 1330 87 21 lemnat.
274 1331 148 22 Förenämnde
444 1333 93 20 ärenden
560 1332 64 22 hafva
644 1332 96 22 derefter
758 1332 127 21 behandlats
903 1333 7 20 i

220 1371 96 17 Allmänna
328 1371 160 18 Besvärsutskottets
500 1373 103 17 betänkande
615 1373 35 17 N:o
664 1372 28 17 12.
