1023 1678
198 116 11 18 4
387 114 242 20 Petitionsbetänkande
641 116 32 18 N:o
686 114 32 20 28.

175 172 47 17 dena
239 171 50 23 gifva
301 171 24 17 all
343 172 33 18 den
394 173 131 23 utsträckning,
539 172 65 18 hvaraf
617 172 90 18 desamma
723 172 60 18 kunna
794 172 79 18 befinnas
884 172 44 17 mot-

175 200 75 22 tagliga.

245 228 48 17 Enär
310 228 22 18 de
350 229 19 17 af
385 235 28 12 oss
431 229 101 23 föreslagna
552 229 97 23 ändringar
663 230 6 16 i
683 228 196 24 landtdagsordningen
891 228 37 18 icke

175 257 54 21 blott,
241 257 58 23 enligt
310 257 31 18 vår
353 258 121 23 uppfattning,
487 258 58 18 skulle
556 258 55 18 lända
623 258 30 18 till
665 258 133 22 förtydligande
810 258 19 17 af
836 257 92 21 särskilda,

174 286 29 17 för
221 285 30 18 det
269 286 110 18 närvarande
395 287 49 17 olika
462 287 78 21 tolkade,
559 286 111 24 stadganden
688 287 7 17 i
711 286 58 18 denna
781 286 92 23 grundlag,
885 287 44 17 utan

175 314 87 23 derjämte
273 315 7 17 i
292 316 89 22 väsentlig
391 315 42 18 mån
445 316 75 22 bidraga
535 315 30 18 till
579 315 152 23 förverkligandet
743 315 20 17 af
773 314 34 18 den
818 315 7 17 i
837 316 9 20 $
859 316 9 17 1
880 315 48 17 utta-

175 342 41 19 lade
235 343 90 18 allmänna
342 344 69 23 princip
429 350 28 12 om
476 344 111 23 landtdagen
602 343 58 18 såsom
675 349 22 12 en
710 343 69 23 verklig
791 343 137 22 nationalrepre-

175 372 91 17 sentation
283 372 28 17 för
328 372 56 18 finska
402 373 61 22 folket,
485 373 18 17 få
520 373 18 17 vi
557 373 91 17 vördsamt
665 372 75 18 anhålla
757 377 28 13 om
802 371 126 24 Borgarestån-

176 400 39 18 dets
227 401 53 17 bifall
291 401 30 17 till
333 401 50 18 detta
395 401 188 23 petitionsmemorials
595 401 61 18 remiss
668 401 31 18 till
710 401 128 22 lagutskottets
848 402 80 16 närmare

175 429 90 22 pröfning.
289 429 116 24 Helsingfors,
417 430 34 18 den
464 432 11 17 6
486 430 87 18 Februari
585 431 50 18 1882.

175 485 24 19 R.
213 485 92 20 Castrén.
441 487 86 19 Edvard
539 487 119 19 Molander.
728 486 66 19 Ernst
804 486 123 19 Rönnbäck.

244 520 23 19 F.
279 520 26 19 K.
318 521 86 24 Nybom.
673 521 24 19 A.
711 520 22 19 O.
745 521 125 19 Snellman
861 516 14 32 *

355 648 52 18 ”Till
420 649 123 22 Vällofliga
556 648 196 23 Borgareständet.

244 688 29 17 Dä
285 688 51 18 valen
349 688 18 18 af
379 688 159 24 Borgareständets
550 690 144 22 representanter
705 688 30 18 till
744 688 118 18 innevarande
871 687 58 18 landt-

174 716 37 23 dag
223 717 83 22 nogsamt
318 716 96 23 ådagalagt
426 718 38 17 icke
476 717 47 18 blott
535 718 28 17 att
579 717 63 23 sjelfva
656 717 89 18 valsättet
758 717 33 17 och
803 716 21 18 de
836 716 93 23 principer,

175 745 70 22 hvarpå
262 744 98 18 detsamma
377 745 92 23 grundats,
487 746 6 17 i
511 745 59 18 skilda
589 745 60 18 städer
670 745 49 18 varit
736 745 123 22 väsendtligen
876 745 53 20 olika,

176 774 44 17 utan
233 773 52 18 äfven
297 774 28 17 att
333 774 37 17 stor
383 774 78 17 ovisshet
475 774 137 23 mängenstädes
624 779 51 18 synes
687 774 48 17 varit
747 773 78 18 rådande
833 779 28 12 om
869 773 61 18 hvilka

175 802 46 17 böra
232 802 65 17 räknas
310 802 29 17 till
352 803 21 16 de
385 803 150 22 röstberättigade
548 803 33 17 och
593 803 62 17 hvilka
666 803 45 20 icke,
723 802 52 17 torde
789 801 141 18 åstadkomman-

175 830 32 18 det
225 830 19 18 af
260 835 22 12 en
299 835 100 18 gemensam
417 831 44 18 eller
478 831 23 23 på
519 831 94 18 enahanda
625 831 78 22 grunder
715 830 98 23 upprättad
825 830 105 23 valordning

175 859 28 17 för
221 859 92 17 städernas
332 859 199 23 landtdagsmanna-val
551 860 29 17 väl
598 865 43 12 vara
659 860 27 17 ett
700 859 77 18 allmänt
791 859 76 18 erkändt
878 859 52 18 önsk-

175 887 95 22 ningsmål.
294 887 65 18 Medan
375 893 40 12 man
429 888 31 18 vid
475 889 53 22 sagde
544 889 29 17 val
586 889 6 16 i
605 893 21 13 en
639 888 28 18 del
679 887 62 18 städer
752 887 41 23 följt
805 887 34 18 den
850 887 7 17 i
869 889 8 20 $
890 888 22 18 12
923 887 7 17 i

176 915 71 23 Nådiga
266 916 135 23 Förordningen
419 917 92 22 angående
530 916 213 23 kommunalförvaltning
755 916 7 17 i
773 916 41 17 stad
825 916 106 17 föreskrifna

175 944 142 23 begränsningen
331 945 6 17 i
349 946 74 17 rösträtt
435 945 31 18 vid
477 946 29 17 val
520 946 19 17 af
550 946 115 17 kommunens
679 945 149 22 förtroendemän,
843 945 32 17 har
889 950 41 12 man

175 973 6 17 i
194 973 56 18 andra
263 973 60 18 städer
341 974 118 23 bokstafligen
477 975 93 22 tillämpat
587 974 84 23 gällande
683 973 179 23 landtdagsordning,
875 973 55 18 sådan

176 1001 34 17 den
221 1007 64 17 genom
303 1002 71 22 Nådiga
392 1003 103 17 Manifestet
507 1003 20 17 af
540 1003 34 17 den
586 1004 23 17 20
621 1003 48 17 Mars
682 1003 47 17 1879
741 1002 60 17 blifvit
813 1001 72 21 ändrad,
897 1002 33 17 och

175 1029 89 18 beräknat
282 1031 91 21 ,rösterna
385 1030 45 18 efter
442 1031 93 17 skattören
548 1031 43 17 eller
603 1031 21 17 de
636 1031 57 17 andra
705 1030 84 22 grunder,
801 1030 57 22 enligt
869 1030 61 18 hvilka

176 1058 107 18 bestämmes
300 1058 47 18 hvad
365 1064 21 12 en
404 1060 44 17 hvar
461 1060 19 17 af
493 1060 22 17 de
527 1060 83 22 väljande
621 1060 33 17 bör
666 1060 76 21 erlägga
752 1059 30 17 till
794 1058 71 18 stadens
877 1058 53 18 kassa

175 1086 28 18 för
216 1086 91 18 allmänna
318 1087 69 18 behof*.
408 1088 23 17 Vi
443 1088 76 18 behöfva
530 1088 39 18 icke
581 1088 96 18 framhålla
688 1088 47 17 huru
748 1087 41 18 litet
797 1087 133 17 öfverensstäm-

175 1115 65 17 mande
251 1116 40 17 med
305 1116 90 18 allmänna
407 1116 131 19 rättsvetandet
551 1122 21 12 en
585 1116 55 18 sädan
649 1116 113 22 obegränsad
770 1116 75 18 rösträtt
853 1116 24 21 är,
884 1117 46 16 samt

174 1144 31 17 till
217 1144 63 18 hvilka
292 1145 101 22 onaturliga
405 1145 32 17 och
450 1145 20 18 af
480 1146 137 22 lagstiftningen
629 1145 42 23 föga
682 1144 106 18 förutsedda
802 1144 127 22 konsegvenser

176 1172 33 18 den
221 1173 36 17 kan
270 1172 45 18 leda.
335 1173 42 18 Men
389 1174 51 17 äfven
452 1174 7 17 i
471 1174 52 23 fräga
535 1180 28 12 om
575 1174 139 22 vallängdernas
724 1173 89 23 justering
821 1173 52 17 räder
883 1178 46 17 myc-

175 1201 35 17 ken
227 1201 100 18 osäkerhet.
351 1202 8 16 I
375 1202 41 17 flere
429 1202 61 18 städer
501 1202 33 18 har
547 1204 32 16 ett.
585 1202 194 22 landtdagsmannaval
790 1201 35 18 fått
837 1201 92 18 oanmärkt

175 1235 78 17 passera,
266 1230 33 18 och
317 1230 46 18 först
380 1230 76 18 derefter
473 1232 49 16 inom
538 1231 33 18 den
583 1231 7 17 i
602 1232 9 21 $
623 1232 22 17 16
656 1231 7 17 i
675 1230 198 23 landtdagsordningen
884 1230 45 17 före-

175 1258 69 18 skrifna
261 1259 28 17 tid
307 1260 32 16 har
357 1260 63 17 besvär
438 1260 48 17 skett
501 1260 33 17 och
546 1260 93 22 upptagits
651 1259 49 18 öfver
712 1258 113 23 vallängden.
848 1258 81 18 Försum-

175 1286 67 18 melsen
255 1288 28 16 att
295 1288 30 17 vid
337 1288 48 18 valet
396 1288 43 18 eller
451 1288 123 18 dessförinnan
586 1288 69 18 bevaka
666 1288 29 17 sin
707 1287 52 18 talan
767 1287 33 17 har
808 1286 75 18 sälunda
891 1286 38 18 icke

175 1314 84 18 inverkat
270 1315 23 23 pä
305 1316 94 18 besvärens
412 1317 116 22 upptagande
540 1317 32 17 och
584 1316 89 24 pröfning.
697 1316 60 18 Häraf
767 1316 34 17 har
812 1315 41 23 följt
864 1316 28 16 att
899 1315 30 18 vid

175 1342 120 23 landtdagens
308 1345 93 21 öppnande
414 1344 93 23 ätskilliga
518 1345 60 17 städer
590 1347 48 15 ännu
650 1345 67 17 saknat
731 1343 79 23 lagligen
824 1343 104 18 befullmäk-

174 1370 63 23 tigade
248 1373 147 21 representanter.
419 1373 50 17 Inom
482 1373 124 23 möjlighetens
618 1374 73 22 gränser
703 1372 59 22 ligger
774 1372 53 18 alltid
839 1373 28 16 att
879 1372 49 18 detta

173 1398 110 24 någongång
295 1400 58 18 kunde
365 1401 72 18 inträffa
449 1402 40 18 med
500 1402 86 18 flertalets
599 1402 19 17 af
628 1402 71 18 landets
711 1400 66 18 städer.

244 1441 123 21 Lagutskottets
378 1442 103 17 betänkande
493 1442 34 17 N:o
540 1443 28 17 12.
