1020 1675
183 114 25 18 40
374 114 244 21 Petitionsbetänkande
630 116 38 19 N:o
680 116 32 20 32.

231 171 37 21 Uti
291 172 150 22 ofvanstående
465 173 158 29 framställning
646 174 24 22 af
691 174 26 21 de
739 174 85 26 skiften,
841 172 76 28 frågan

161 212 35 14 om
219 212 26 14 en
261 207 169 27 reorganisation
446 207 24 22 af
483 208 103 21 Finlands
601 208 139 22 skolväsende
756 208 35 21 vid
806 208 40 21 och
863 208 53 20 efter

160 240 85 21 senaste
253 240 151 28 ständermöte,
413 242 54 21 varit
484 242 143 26 underkastad,
634 242 59 22 hafva
704 242 25 22 de
738 242 179 27 skildaförslagen

160 280 34 14 om
217 273 123 24 inrättande
362 276 24 21 af
406 283 40 20 nya
461 276 70 27 lyceer
547 276 48 21 med
610 277 64 20 finskt
689 274 229 30 undervisningsspråk

159 301 92 22 lemnats
267 301 13 22 å
294 303 46 22 sido
356 303 69 22 såsom
440 304 120 28 utgörande
576 311 25 15 en
617 303 61 30 fråga
694 305 33 21 för
743 305 38 28 sig,
798 304 120 22 oberoende

159 335 25 21 af
204 336 75 27 hvarje
301 337 126 29 förändring
448 339 8 20 i
478 339 179 28 undervisningen
681 339 33 21 för
737 339 71 27 öfrigt.
843 339 45 20 Och
910 338 8 21 i

159 369 76 28 sjelfva
250 371 72 22 verket
337 371 69 23 blefvo
423 373 17 27 ej
456 373 68 21 heller
540 373 61 22 dessa
616 375 77 20 tvenne
708 372 74 29 frågor
797 373 24 21 af
834 375 84 19 senaste

160 403 93 22 Ständer
276 405 141 28 förknippade
439 407 49 21 med
506 407 129 22 hvarandra.
666 401 19 27 Å
700 414 40 15 ena
755 407 62 22 sidan
832 407 86 21 anhöllo

160 438 129 26 Ständerna,
312 439 70 23 såsom
404 441 39 21 här
466 441 62 22 ofvan
547 443 25 20 är
593 441 93 26 anfördt,
702 449 34 14 om
752 441 128 28 vidtagande
896 441 24 21 af

159 471 84 23 sådana
258 473 151 30 förändringar
424 475 31 22 uti
471 475 136 22 läroverkens
621 475 146 28 läseordning,
784 483 46 14 som
846 475 70 22 kunde

159 506 66 22 blifva
249 508 141 28 nödvändiga,
409 509 33 22 för
458 512 31 19 att
504 510 96 21 eleverne
615 510 35 21 vid
665 509 84 22 landets
765 509 72 28 lyceer
852 508 66 23 måtte

159 541 65 21 vinna
239 541 40 22 allt
293 542 163 30 fullständigare
472 543 98 29 förmåga
585 546 32 20 att
631 544 8 21 i
654 543 31 23 tal
696 543 39 22 och
746 543 63 22 skrift
819 543 98 28 begagna

159 575 85 22 landets
268 577 68 21 andra
354 578 110 22 inhemska
479 578 116 28 tungomål.
626 572 19 27 Å
660 578 68 22 andra
743 578 62 22 sidan
821 577 46 23 åter
882 578 36 22 be-

160 610 67 27 gärde
243 610 131 23 Ständerna:

229 647 34 19 att
285 646 114 22 framdeles
421 648 172 21 statsunderstöd
615 646 67 23 måtte
705 647 68 28 gifvas
793 646 23 22 åt
834 647 84 27 privata

159 678 77 28 lyceer,
253 680 71 21 hvilka
339 680 45 22 visa
399 681 32 27 sig
445 681 97 28 uppfylla
558 684 30 19 ett
603 682 91 27 verkligt
709 682 75 25 behof;

229 715 33 19 att
285 714 35 22 det
342 714 69 22 finska
432 716 140 28 privatlyceet
593 716 7 21 i
615 716 141 28 Helsingfors,
772 716 47 21 med
836 716 80 21 fästadt

160 746 101 23 afseende
281 748 79 28 jemväl
380 748 12 22 å
409 750 47 21 dess
471 750 141 28 principalers
627 750 90 26 önskan,
733 749 67 23 måtte
815 750 101 28 antingen

159 780 48 22 från
230 783 138 21 statsverkets
391 784 46 21 sida
460 783 82 23 erhålla
556 784 126 28 tillräckligt
696 784 117 22 understöd
829 784 51 22 eller
894 784 25 22 af

160 817 70 20 staten
246 816 45 21 helt
306 818 39 20 och
361 816 66 23 hållet
442 818 131 28 öfvertagas;

229 852 33 19 att
280 851 6 20 i
306 850 119 29 Uleåborgs
440 852 49 21 stad
504 854 31 19 ett
550 852 135 28 fullständigt
700 852 216 22 elementarläroverk

159 883 48 22 med
223 884 84 22 finskan
322 884 72 23 såsom
409 885 228 30 undervisningsspråk
653 885 67 23 måtte
736 887 23 21 af
768 888 71 20 staten
849 893 67 20 uppe-

159 917 79 27 hållas;

228 954 33 19 att
285 956 30 19 ett
338 954 133 29 fullständigt
490 955 216 22 elementarläroverk
721 955 48 21 med
784 955 83 21 finskan
882 954 33 22 så-

159 993 46 14 som
220 987 228 29 undervisningsspråk
466 989 66 22 måtte
547 989 91 22 inrättas
650 989 81 28 jemväl
745 989 7 21 i
767 983 48 27 Åbo
831 989 39 21 och
886 991 30 19 ett

159 1020 125 29 fyrklässigt
298 1021 64 22 finskt
377 1023 83 28 lyceum
475 1024 7 20 i
498 1023 143 28 Björneborg;

228 1057 34 20 att
277 1056 71 22 derest
362 1057 75 28 nödigt
452 1057 69 22 blefve
536 1060 32 19 att
582 1058 89 27 utvidga
686 1057 153 28 normallyceet
853 1057 8 21 i
876 1057 39 22 Ta-

159 1089 100 22 vastehus
275 1091 48 20 med
340 1098 25 14 en
380 1091 208 29 parallelafdelning,
604 1099 26 14 en
645 1090 68 23 sådan
724 1091 18 28 ej
754 1090 67 22 måtte
831 1091 85 22 komma

158 1124 7 20 i
181 1123 69 28 fråga,
266 1127 52 19 utan
334 1125 6 21 i
352 1126 72 21 stället
435 1128 29 20 ett
474 1126 65 22 finskt
549 1126 82 28 lyceum
642 1126 91 21 inrättas
748 1126 3 20 i
761 1126 154 26 Tammerfors;

228 1160 33 19 att
284 1160 29 20 ett
332 1159 64 21 finskt
411 1160 81 28 lyceum
508 1159 66 22 måtte
589 1160 34 21 för
639 1155 65 26 Östra
718 1160 92 21 Finland
825 1160 91 21 inrättas

159 1192 40 21 och
215 1192 109 28 förläggas
340 1193 32 21 till
388 1193 70 29 någon
474 1196 34 20 ort
522 1194 58 22 inom
596 1194 31 22 S:t
642 1193 91 22 Michels
748 1194 52 21 eller
816 1194 101 28 Wiborgs

158 1226 43 26 län,
217 1233 46 15 som
279 1227 103 27 styrelsen
398 1228 41 21 kan
454 1228 58 22 finna
528 1228 70 22 dertill
613 1228 96 28 lämplig.

227 1260 64 22 Huru
313 1261 50 28 föga
386 1262 35 21 det
443 1270 37 14 var
503 1262 131 22 Ständernas
657 1262 66 28 afsigt
741 1264 32 19 att
789 1262 26 21 de
830 1262 24 22 af
868 1262 48 21 dem

158 1294 97 27 begärda
277 1294 157 30 finskspråkiga
453 1296 111 22 skolornas
579 1296 123 22 inrättande
718 1296 68 21 skulle
801 1297 64 27 göras
879 1296 37 22 be-

157 1328 80 22 roende
261 1329 24 21 af
306 1329 25 21 de
350 1330 145 22 framkastade
510 1330 104 27 planerna
629 1338 35 14 om
680 1337 26 15 en
721 1337 59 15 mera
795 1330 121 28 genomgri-

157 1362 72 27 pande
259 1363 126 29 förändring
410 1364 23 22 af
456 1364 184 28 undervisningen,
668 1364 145 28 ådagalägges
839 1371 77 21 genom

159 1396 174 23 Statsutskottets
348 1398 35 21 vid
400 1399 138 21 1877—1878
554 1398 35 22 års
605 1398 111 28 landtdag,
731 1398 24 21 af
763 1397 90 22 stånden
865 1398 51 27 god-

227 1437 96 17 Allmänna
335 1438 160 18 Besvärsutskottets
506 1439 103 17 betänkande
621 1439 35 17 N:o
670 1439 28 17 18.
