1014 1678
294 105 253 23 Petitionsbetänkande
562 105 38 24 N:o
616 105 32 24 13.
797 107 25 20 53

92 172 37 22 det
144 172 55 21 intet
214 171 78 27 tvifvel,
309 173 33 20 att
358 172 28 21 då
402 172 37 21 det
455 172 33 21 till
505 171 32 22 S:t
550 172 91 22 Michels
657 172 36 21 län
708 171 96 28 begärda
813 171 39 22 fin-

93 207 40 21 ska
148 206 128 27 läroverket,
293 205 64 23 hvars
373 213 65 15 snara
452 206 126 22 inrättande
588 209 25 19 är
623 208 32 20 ett
666 206 107 27 oafvisligt
782 205 71 27 behof,

91 241 90 21 kommit
203 241 32 21 till
257 241 70 26 stånd,
349 241 176 27 elevfreqvensen
545 241 36 22 vid
600 241 37 22 det
653 241 94 22 svenska
761 241 92 27 lyceet
843 237 14 36 i

91 275 44 28 hög
150 275 53 28 grad
218 275 69 22 måste
302 275 76 28 nedgå.
409 276 31 27 Ty
456 276 49 21 med
522 275 102 22 säkerhet
639 276 44 21 kan
698 275 35 22 väl
747 275 106 22 förutsät-

91 311 42 26 tas,
153 312 34 19 att
206 310 86 22 dåmera
312 310 78 21 endast
409 310 158 27 undantagsvis
587 310 54 22 barn
656 310 48 21 från
719 309 70 22 finska
803 310 50 21 hem

92 344 54 22 söka
160 344 84 22 inträde
259 344 35 22 vid
310 344 37 22 det
362 344 96 22 svenska
472 344 130 26 läroverket,
614 344 112 22 hvaremot
737 344 36 22 det
783 344 70 21 finska

93 379 123 26 antagligen
239 378 55 22 skall
317 378 81 22 erhålla
422 379 73 21 elever
518 378 62 22 äfven
599 378 48 22 från
665 379 78 26 många
762 378 92 22 svenska

92 412 97 28 familjer,
210 413 72 22 hvilka
302 413 91 22 oaktadt
409 413 33 22 sin
459 413 83 22 önskan
558 415 34 20 att
606 413 22 22 få
644 413 47 22 sina
707 413 53 22 barn
775 413 78 21 under-

92 448 74 22 visade
181 448 28 27 på
224 448 37 21 det
276 448 71 27 språk,
364 447 80 22 folkets
460 447 72 22 flertal
546 448 62 26 talar,
623 447 24 22 af
656 448 139 22 ekonomiska
805 447 49 22 skäl

93 483 55 22 varit
167 485 94 25 tvungne
284 485 33 19 att
334 483 45 21 låta
395 483 49 21 dem
460 483 52 27 ingå
527 483 35 22 vid
578 483 38 22 det
630 483 13 21 å
659 483 52 22 eller
726 485 53 19 nära
794 483 60 21 hem-

93 519 61 20 orten
176 517 110 27 befintliga
308 517 94 22 svenska
423 517 78 28 lyceet.
532 518 34 21 Då
588 517 37 22 det
641 517 120 22 emellertid
777 517 18 27 ej
811 517 43 21 kan

93 558 63 15 anses
173 551 150 22 öfverstämma
338 552 49 21 med
403 554 45 19 rätt
464 552 42 21 och
521 552 105 27 billighet,
643 554 32 19 att
691 553 73 20 staten
778 551 33 22 för
823 553 32 20 ett

93 587 61 27 ringa
167 586 54 22 fåtal
236 587 77 26 elever,
330 593 48 15 som
392 589 124 19 motsvarar
532 587 36 22 det
584 587 85 27 vanliga
685 587 82 21 antalet
783 587 28 26 pä
826 592 27 16 en

94 621 52 22 eller
167 621 65 27 högst
254 623 78 20 tvenne
350 621 92 26 klasser,
464 621 138 22 underhåller
622 623 32 20 ett
669 622 44 27 sju-
729 621 52 22 eller
797 621 56 21 åtta-

93 656 93 26 klassigt
201 656 106 26 läroverk,
322 656 40 21 har
378 656 116 22 Utskottet
509 657 40 21 hos
566 657 122 21 Ständerna
699 656 58 22 velat
767 655 87 22 förorda

95 690 26 22 de
136 690 121 22 inlemnade
272 690 216 27 petitionsförslagen
504 697 34 15 om
554 691 109 21 successiv
678 690 141 27 förfinskning
834 689 22 22 af

95 725 32 21 S:t
142 725 89 21 Michels
247 725 93 21 svenska
354 725 92 27 lyceum.

163 759 109 27 Enhälligt
286 760 39 21 har
340 760 116 22 Utskottet
473 760 55 22 dock
544 760 115 27 ingalunda
674 760 101 22 omfattat
785 759 70 22 denna

94 794 62 28 åsigt.
186 794 101 22 Tvärtom
307 794 63 22 hafva
388 794 53 22 flere
458 794 24 22 af
496 795 50 21 dess
562 794 139 22 medlemmar
717 796 90 20 motsatt
822 794 33 26 sig

93 829 110 27 förslaget,
219 829 127 27 påpekande
362 829 162 27 behöfligheten
540 829 22 22 af
576 830 92 21 svenska
682 829 100 22 läroverk
793 828 62 22 äfven

93 864 8 21 i
121 864 40 22 den
184 864 46 22 inre
249 864 61 22 delen
331 864 22 22 af
371 864 81 22 landet.
485 864 80 22 Dervid
580 864 64 22 hafva
659 864 26 22 de
701 864 74 22 vidare
790 863 65 22 fram-

94 899 63 21 hållit
177 900 33 20 att
230 898 32 22 S:t
277 898 89 22 Michels
388 898 139 22 skolområde
542 899 48 21 icke
606 899 35 21 må
656 905 63 15 anses
737 898 72 22 såsom
823 898 32 22 in-

95 934 92 20 skränkt
205 933 32 21 till
259 933 33 21 S:t
306 933 90 21 Michels
413 933 42 22 och
472 934 86 26 Kuopio
573 934 43 24 län,
632 936 32 19 att
679 932 178 28 elevfreqvensen

95 967 62 23 äfven
177 968 36 21 vid
231 967 158 28 finskspråkiga
409 968 76 21 skolor
500 970 25 19 är
540 968 92 22 baserad
647 974 60 16 mera
721 968 29 27 på
765 968 92 21 svenska

96 1004 26 19 än
145 1002 70 22 finska
236 1002 56 26 hem,
314 1004 56 19 samt
386 1004 32 19 att
434 1003 97 21 hvarken
548 1003 149 22 Skolkomitén
713 1003 53 22 eller
782 998 74 26 Öfver-

95 1037 107 27 styrelsen
227 1036 33 23 för
282 1037 154 22 skolväsendet
460 1037 7 22 i
491 1037 47 22 sina
560 1037 126 22 uttalanden
709 1037 92 22 rörande
825 1037 32 22 S:t

95 1071 90 22 Michels
201 1071 83 28 lyceum
299 1071 62 28 yrkat
376 1072 30 27 på
421 1072 90 22 skolans
527 1071 147 28 förfinskning.

164 1106 126 21 Emellertid
313 1106 76 27 skulle,
414 1106 70 27 enligt
506 1107 56 21 hvad
585 1106 93 22 flertalet
699 1106 22 22 af
734 1106 124 22 Utskottets

96 1140 138 22 medlemmar
252 1140 102 27 förmena,
374 1141 167 27 ifrågavarande
560 1141 125 28 förändring
705 1141 22 22 af
745 1140 113 22 undervis-

96 1175 153 27 ningsspråket
268 1175 97 22 medföra
385 1175 64 22 äfven
470 1176 42 21 den
531 1175 69 22 fördel
616 1178 33 19 att
664 1176 145 27 petitionerna
825 1181 34 16 om

96 1209 124 22 inrättande
242 1209 22 22 af
286 1211 32 20 ett
337 1209 67 22 finskt
423 1210 87 28 lyceum
525 1211 33 21 till
573 1211 87 27 Nyslott
673 1211 73 21 kunde
762 1210 33 22 för
810 1211 49 20 när-

96 1245 95 21 varande
213 1245 81 21 lemnas
317 1246 53 20 utan
394 1244 112 23 afseende.
537 1245 34 22 Då
590 1245 107 28 nemligen
716 1245 93 28 Kuopio,
827 1244 33 22 S:t

96 1279 85 27 Michel,
202 1279 89 28 Wiborg
310 1279 41 22 och
370 1280 102 21 Joensuu
487 1281 7 20 i
510 1280 114 22 framtiden
644 1281 69 21 skulle
729 1280 64 22 hafva
807 1280 54 21 hvar

97 1313 40 22 sitt
151 1313 139 28 fullständiga
305 1313 161 29 finskspråkiga
479 1315 91 27 lyceum,
586 1321 51 16 vore
653 1317 32 20 ett
696 1315 79 22 sådant
785 1316 76 25 antag-

97 1348 57 27 ligen
177 1348 47 22 icke
246 1348 90 22 alldeles
359 1350 61 20 snart
444 1348 138 28 erforderligt
601 1350 7 20 i
627 1350 92 27 Nyslott.
753 1344 18 26 Å
794 1348 67 22 andra

98 1383 62 21 sidan
171 1382 76 28 skulle,
259 1383 91 21 oaktadt
361 1383 138 22 sistnämnda
510 1384 61 22 stads
584 1384 95 22 centrala
689 1384 56 27 läge,
757 1385 32 20 ett
796 1383 66 22 finskt

97 1417 84 27 lyceum
197 1417 112 22 derstädes
326 1418 56 21 dock
396 1418 121 27 ingalunda
532 1420 52 26 göra
599 1419 66 27 något
679 1418 24 22 af
716 1418 145 22 läroverken
848 1413 17 38 i

167 1457 105 18 Allmänna
285 1458 181 18 Besvärsutskottets
478 1458 117 18 betänkande
608 1459 36 17 N:o
656 1459 27 17 13.
