1014 1678
193 119 22 17 22
383 116 244 20 Petitionsbetänkande
640 117 38 19 N:o
690 117 29 18 17.

171 175 56 21 inom
245 174 118 22 detsamma
378 174 73 28 yrkats
467 174 29 28 på
512 176 32 20 att
559 174 122 22 Ständerna
696 173 66 23 måtte
777 174 69 22 uttala
859 173 70 23 såsom

171 208 123 26 önskvärdt,
303 211 31 19 att
351 208 108 28 Styrelsen
475 210 62 20 äfven
553 209 122 26 framdeles,
692 208 28 22 då
736 209 40 21 den
792 209 94 27 godkänt
896 215 33 15 or-

171 243 213 28 ganisationsplanen
406 243 34 21 för
462 250 25 14 en
507 244 71 26 privat
594 243 214 26 fruntimmersskola,
824 243 48 21 ville
888 242 41 22 till-

171 277 49 21 dela
235 277 71 22 denna
322 278 127 27 erforderlig
464 278 133 26 subvention,
613 278 105 21 utskottet
733 278 54 21 dock
798 278 46 21 icke
860 279 71 19 ansett

171 312 76 27 nödigt
255 314 33 19 att
297 312 69 21 denna
378 311 57 28 gång
442 314 58 26 yttra
508 312 33 27 sig
550 312 101 22 särskildt
660 312 100 22 häröfver
768 312 88 22 emedan
865 311 66 28 något

171 345 185 28 petitionsförslag
378 347 31 20 uti
428 345 78 22 sådant
521 346 55 28 syfte
591 346 47 21 icke
654 346 120 28 föreligger,
792 346 39 21 och
847 348 84 19 senaste

172 380 94 21 Ständer
289 380 105 22 dessutom
419 381 79 21 uttalat
516 381 33 27 sig
568 387 34 15 om
618 381 188 27 subventionering
822 380 24 21 af
866 380 65 21 fram-

173 414 57 22 deles
246 415 123 21 inrättande
385 415 225 21 fruntimmersskolor.

241 449 50 21 Med
314 449 47 22 stöd
384 449 24 21 af
428 449 63 22 ofvan
507 449 91 22 anförda
614 449 46 22 skäl
676 448 34 22 får
724 448 83 22 således
829 449 103 21 utskottet

171 483 111 22 vördsamt
298 483 84 26 föreslå,
399 485 32 19 att
446 483 122 22 Ständerna
583 483 49 22 ville
642 484 39 21 hos
690 483 59 22 Hans
758 483 120 28 Kejserliga
886 483 45 21 Ma-

169 518 67 27 jestät
252 518 7 20 i
275 517 171 28 underdånighet
462 517 96 22 anhålla:
803 541 3 2 N

415 553 23 27 a)
462 555 30 18 att
513 559 26 14 en
559 553 127 26 fullständig
704 552 113 27 sjuklassig
831 552 101 27 fruntim-

379 587 115 22 mersskola
505 587 48 21 med
559 587 65 26 finskt
631 587 230 27 undervisningsspräk
869 587 63 20 mätte

376 622 32 26 pä
431 623 77 20 statens
524 621 112 22 bekostnad
650 622 92 21 inrättas
756 621 61 22 såväl
832 623 9 19 i
856 621 76 28 Jyväs-

380 655 49 28 kylä
442 663 45 14 som
502 657 9 19 i
526 657 96 25 Kuopio;

416 690 20 28 D)
457 692 30 19 att
501 690 68 21 likasä
584 690 48 22 med
645 690 119 22 statsmedel
778 697 26 14 en
818 690 115 28 fyrklassig

380 724 56 26 finsk
451 724 205 27 fruntimmersskola
671 725 64 20 måtte
749 724 91 21 inrättas
850 724 9 21 i
871 723 62 22 Uleä-

382 758 60 27 borg;
458 760 55 19 samt

416 792 20 28 €)
452 794 30 19 att
497 792 105 27 Styrelsen
618 792 52 27 frän
685 793 63 20 nästa
763 792 81 22 läseärs
860 792 73 27 början

381 827 49 20 ville
452 827 47 21 med
513 827 64 27 ärligt
593 827 73 28 bidrag
682 827 28 26 af
720 827 60 27 högst
794 827 65 26 1,500
873 827 61 21 mark

382 861 36 26 för
440 861 57 22 klass
511 862 129 21 understöda
654 861 70 27 finska
736 861 85 27 privata
836 861 96 26 flicksko-

382 895 60 22 lorna
464 896 9 20 i
491 896 32 21 S:t
538 895 84 27 Michel,
642 895 133 27 Tavastehus,
797 895 85 28 Wiborg
897 895 37 21 och

382 929 139 28 Björneborg.

243 963 102 22 Deremot
367 963 34 22 fär
423 964 104 21 utskottet
549 964 91 21 rörande
667 963 205 28 petitionsförslaget
899 971 34 14 om

175 998 124 21 inrättande
322 999 24 20 af
366 1005 25 14 en
410 998 55 21 finsk
484 998 208 21 fruntimmersskola
711 998 30 20 uti
762 992 46 27 Äbo
824 998 108 21 vördsamt

174 1031 89 23 föreslå:

416 1067 24 27 d)
464 1068 29 20 att
515 1066 113 21 detsamma
650 1066 37 26 för
708 1066 134 21 närvarande
860 1066 19 27 ej
897 1067 35 20 må

381 1101 53 26 från
456 1100 132 22 Ständernas
602 1101 47 21 sida
664 1100 34 22 till
712 1101 70 26 någon
796 1101 79 26 åtgärd
888 1100 45 26 för-

382 1135 80 21 anleda.

243 1169 144 27 Helsingfors,
403 1169 24 21 af
440 1169 114 21 Allmänna
569 1168 197 22 Besvärsutskottet
782 1168 40 22 den
834 1170 25 20 20
872 1169 61 27 April

177 1204 60 20 1882.

244 1237 38 21 Uti
297 1237 100 21 ärendets
413 1237 87 27 slutliga
516 1237 129 27 behandling
660 1237 65 21 hafva
740 1237 98 27 deltagit:
857 1237 77 21 herrar

175 1270 88 27 Geitlin,
287 1271 18 21 J.
329 1271 32 26 G.,
378 1271 136 26 ordförande,
538 1271 126 26 Grotenfelt,
680 1271 34 26 N.,
730 1271 160 27 Pippingsköld,
906 1271 27 25 J.,

175 1304 179 28 Standertskiöld,
371 1306 23 20 C.
410 1306 33 26 G.,
459 1306 77 27 Lagus,
552 1306 32 26 V.,
600 1306 108 25 Kihlman,
725 1306 32 26 A.,
778 1305 113 26 Stenbäck,
907 1305 26 22 K.

174 1338 32 26 E.,
222 1338 141 26 Schroderus,
380 1340 26 20 H.
422 1340 32 25 E.,
470 1340 116 26 Wallgren,
602 1339 33 26 G.,
651 1339 128 27 Malmgren,
794 1340 25 20 A.
836 1340 27 24 J.,
879 1339 54 27 Chy-

175 1372 82 26 denius,
273 1373 24 21 A.
314 1372 34 26 H,
372 1364 93 40 Öhberg,
481 1373 31 25 V.,
529 1373 94 27 Avellan,
639 1373 32 26 E.,
695 1373 89 26 Luoma,
799 1373 19 21 J.
835 1373 33 26 H.,
891 1373 42 21 Ek-

173 1413 57 19 man,
246 1407 25 21 E.
287 1407 33 25 A.,
336 1407 96 25 Möttölä,
448 1407 20 21 J.

243 1447 95 17 Allmänna
351 1447 161 18 Besvärsutskottets
524 1448 103 17 betänkande
639 1448 36 16 N:o
688 1448 27 16 14.
