1023 1675
321 113 245 19 Petitionsbetänkande
577 113 38 19 N:o
628 113 31 19 32.
824 114 22 17 27

110 171 125 26 folkskolor,
257 178 50 14 vore
329 171 74 27 villiga
425 172 32 20 att
473 171 110 21 dessutom
598 170 73 22 ikläda
686 170 32 28 sig
734 170 87 28 utgifter
836 170 34 21 för

112 205 61 22 dessa
197 205 194 26 elementarskolor,
414 205 73 21 hvilka
509 205 34 21 till
565 207 80 25 gagnet
666 204 126 28 neppeligen
809 204 61 22 torde

110 240 87 22 komma
212 241 33 19 att
259 241 108 19 motsvara
383 239 26 21 de
424 239 126 21 nuvarande
564 239 154 21 realskolorna.

179 269 66 25 Äfver
267 280 26 14 ur
315 273 132 21 sistberörda
469 274 110 27 synpunkt
601 273 124 21 betraktadt
747 280 62 20 synes
827 272 44 27 mig

111 307 104 28 förslaget
237 314 34 14 om
293 307 110 28 lyceernas
426 307 134 28 ombildning
579 307 114 22 framkalla
709 307 110 28 grundade
835 307 36 20 be-

111 342 150 27 tänkligheter.

180 376 42 21 Vid
245 376 76 27 antydt
343 375 134 22 förhållande
493 383 64 14 anser
568 376 40 27 jag
623 376 43 27 mig
681 375 54 22 böra
750 373 121 27 framhålla,

112 412 32 19 att
166 410 121 21 Ständerna
310 410 34 21 vid
365 411 53 20 1872
435 409 35 22 års
486 410 106 27 landtdag
608 409 93 26 anhöllo,
717 409 66 22 bland
799 410 72 24 annat,

112 446 32 20 att
158 444 61 21 Hans
234 444 120 28 Kejserliga
368 444 109 27 Majestät,
493 443 28 22 då
536 443 63 29 fråga
614 444 106 27 uppstode
736 451 33 14 om
785 450 87 20 reorga-

112 479 93 21 nisation
222 479 24 20 af
258 478 154 25 skolväsendet,
428 479 7 20 i
451 478 68 21 nåder
534 479 49 20 ville
594 479 67 20 anlita
672 478 131 21 Ständernas
815 477 57 22 med-

112 513 86 22 verkan.
229 513 49 21 Men
301 512 27 22 dä
351 513 132 21 Ständernas
502 513 91 27 petition
609 512 47 22 året
671 511 67 28 derpä
753 512 120 21 remittera-

113 548 37 22 des
165 547 34 21 till
214 547 103 22 Senatens
332 546 149 29 underdäniga
496 546 119 27 utlätande,
631 547 86 27 yttrade
730 547 39 27 jag
785 547 34 21 för
829 546 43 21 min

113 582 35 22 del
170 582 41 22 den
229 581 148 28 underdäniga
393 581 62 28 äsigt,
471 584 33 19 att
519 581 71 28 någon
606 580 77 29 åtgärd
698 582 7 20 i
721 581 114 27 anledning
851 581 22 20 at

114 617 70 21 denna
207 616 132 21 Ständernas
361 616 96 27 begäran
480 616 19 27 ej
516 618 73 26 syntes
605 616 116 25 erfordras,
737 616 51 20 enär
804 622 26 14 en
845 622 28 20 ny

113 650 140 28 skolordning
275 651 24 21 af
320 650 40 22 den
383 652 12 19 8
419 650 91 28 Augusti
529 652 54 19 1872
599 650 67 21 redan
681 650 77 21 hunnit
773 656 100 14 emanera

114 685 40 21 och
177 685 36 21 det
229 685 84 21 derföre
327 684 71 22 kunde
413 684 135 26 förutsättas,
565 686 32 19 att
613 691 26 14 en
654 684 75 27 längre
744 683 31 21 tid
789 684 85 20 komme

114 721 32 19 att
168 719 87 27 förflyta
276 719 66 21 innan
357 718 62 28 fråga
434 718 55 28 ånyo
506 718 107 28 uppstode
629 726 34 14 om
679 725 59 14 mera
753 717 121 28 genomgri-

113 753 72 28 pande
208 753 151 27 förändringar
374 754 7 20 i
397 752 38 22 vår
449 753 192 27 skollagstiftning.
672 752 131 21 Ständernas
818 753 56 19 utta-

114 788 50 20 lade
185 788 96 27 begäran
303 787 8 21 i
329 787 93 21 berörda
437 787 123 21 hänseende
575 787 63 21 ledde
653 786 46 22 icke
715 786 67 21 heller
799 784 28 22 dä
841 785 34 21 till

115 821 73 21 vidare
211 820 89 29 påföljd.
330 821 49 21 Men
403 820 27 22 dä
445 828 97 19 numera,
559 821 54 21 efter
628 821 55 20 blott
698 820 69 27 några
782 818 35 22 års
832 820 43 20 för-

115 855 59 28 lopp,
198 855 62 28 fråga
278 855 74 21 väckts
367 862 34 14 om
417 855 138 22 läroverkens
572 855 165 27 omgestaltning
752 853 29 28 pä
796 861 25 14 en
837 853 39 21 all-

116 889 58 22 deles
196 897 28 20 ny
239 890 105 27 grundval
360 890 39 21 och
415 890 68 27 enligt
497 890 116 27 principer,
630 889 82 21 hvilkas
727 887 149 23 ändamälsen-

116 924 67 27 lighet
206 924 64 27 ingen
293 924 122 21 erfarenhet
430 925 58 20 ännu
504 924 116 25 bekräftat,
635 924 62 21 torde
713 923 114 22 omtanken
842 929 35 14 om

116 958 206 27 bildningsarbetets
344 958 7 21 i
373 957 48 22 värt
442 958 53 21 land
511 959 116 20 oafbrutna
641 958 40 21 och
697 958 65 27 lugna
777 955 100 29 fortgäng

117 992 105 26 erfordra,
241 994 33 19 att
288 993 34 20 för
337 993 107 20 vinnande
459 993 25 20 af
498 1000 26 14 en
540 993 89 21 säkrare
644 991 132 28 ständpunkt
791 991 35 20 vid
841 991 36 20 be-

118 1026 116 22 dömandet
256 1027 21 21 af
300 1027 35 21 det
358 1027 148 27 föreliggande
525 1027 104 27 förslaget
643 1026 62 21 äfven
721 1028 30 19 ett
766 1025 112 21 uttalande

118 1061 73 21 derom
207 1061 24 21 af
244 1061 84 21 landets
344 1060 92 22 Ständer
451 1060 69 22 mätte
535 1061 111 27 föreligga.

187 1090 169 33 Öfverstyrelsen
375 1095 34 21 för
428 1095 157 26 skolväsendet,
604 1095 64 21 hvars
687 1094 56 29 äsigt
755 1095 38 27 jag
809 1094 6 21 i
831 1093 47 22 huf-

118 1129 83 22 vudsak
223 1130 66 25 delar,
313 1130 40 20 har
375 1130 6 20 i
405 1130 48 21 dess
472 1128 150 29 underdäniga
639 1128 109 23 utlätande
764 1128 115 22 framställt

118 1166 31 19 ett
171 1164 7 20 i
200 1164 44 20 min
267 1164 64 21 tanke
353 1164 165 21 välmotiveradt
537 1164 82 27 förslag
635 1164 32 21 till
682 1163 82 22 sädana
779 1162 100 28 partiella

118 1198 125 27 ändringar,
265 1205 46 14 som
334 1198 33 21 till
389 1198 173 28 förverkligande
585 1198 24 21 af
626 1198 131 21 Ständernas
773 1197 34 21 vid
825 1198 54 20 1877

118 1232 36 22 års
169 1232 105 33 landtdag
289 1232 96 22 uttalade
400 1232 134 28 önskningar
548 1240 63 20 synas
627 1232 114 22 erfordras.

188 1262 179 26 Öfverlemnande
382 1266 59 22 detta
457 1267 81 21 ärende
553 1266 32 21 till
600 1266 60 22 Hans
675 1266 122 28 Kejserliga
812 1265 67 28 Maje-

120 1302 54 20 stäts
188 1300 81 28 nådiga
283 1300 159 28 godtfinnande,
458 1301 50 21 ville
521 1301 39 27 jag
576 1301 72 21 derför
663 1301 32 21 för
711 1301 44 20 min
771 1299 34 21 del
820 1300 7 20 i
842 1306 39 14 un-

120 1334 141 28 derdånighet
280 1334 93 27 anhålla,
393 1335 36 21 det
443 1335 61 21 Hans
520 1334 102 28 Majestät
636 1335 8 21 i
659 1334 66 22 nåder
741 1334 82 21 täcktes
839 1333 42 21 till-

120 1368 44 22 låta
180 1368 93 22 Senaten
289 1371 32 19 att
335 1369 109 21 inkomma
460 1370 49 20 med
525 1368 144 29 underdånigt
684 1369 81 27 förslag
781 1368 33 21 till
825 1367 56 22 skol-

120 1401 89 29 frågans
225 1403 109 21 ordnande
349 1403 7 20 i
367 1403 152 27 hufvudsaklig
530 1403 219 22 öfverensstämmelse
761 1401 48 22 med
820 1401 61 22 Skol-

191 1443 96 17 Allmänna
298 1443 161 18 Besvärsutskottets
471 1443 107 17 betänkande
589 1443 35 17 N:o
637 1443 28 17 18.
