1020 1675
301 114 242 18 Petitionsbetänkande
554 113 38 19 N:o
604 113 32 19 33.
809 114 12 18 3

92 172 54 17 lertid
158 172 43 20 icke,
214 171 51 17 hvem
278 176 37 12 som
327 170 131 23 väsendtligare
470 170 84 23 bidrager
566 170 29 18 till
605 171 28 17 att
641 170 125 23 upprätthålla
772 170 72 18 banken

92 202 23 16 än
133 200 39 21 den,
187 205 37 12 som
240 205 41 17 eger
296 201 28 15 att
338 200 24 16 ha
376 199 62 23 tillsyn
455 199 49 18 öfver
518 199 107 21 densamma,
641 199 70 17 hvilket
725 198 119 19 ansvarsfulla

92 228 95 24 åliggande
205 230 9 19 $
230 229 27 19 14,
275 228 57 18 såsom
350 228 79 20 nämndt,
448 228 92 17 ähvälfver
558 228 119 22 Regeringen;
696 228 33 17 och
747 228 28 18 för
790 227 54 23 öfrigt

92 257 58 17 skulle
161 257 29 17 väl
203 256 57 18 denna
272 258 10 20 $
294 256 59 18 bättre
365 256 80 18 försvara
456 256 28 18 sin
496 257 48 22 plats
554 257 5 17 i
569 256 165 23 Regeringsformen
743 257 23 17 än
774 256 7 18 i
789 256 54 18 bank-

91 286 59 22 lagen,
162 286 56 17 ehuru
230 285 97 17 klokheten
339 285 20 17 af
369 285 41 17 hela
422 284 58 18 denna
491 286 9 20 $
513 285 28 18 väl
554 285 35 17 kan
602 285 7 17 i
621 284 52 24 fråga
684 285 63 17 sättas.
759 295 22 3 —

159 314 27 18 De
203 314 149 22 bristfälligheter
370 314 33 17 och
422 314 146 22 oegentligheter,
585 314 32 22 jag
635 319 24 11 nu
678 313 41 17 haft
733 314 43 16 äran
791 313 53 17 fram-

91 342 55 21 bälla,
163 347 53 18 synas
231 342 37 22 mig
284 342 48 22 gifva
347 342 97 22 anledning
459 342 30 17 till
504 343 28 16 att
546 342 55 17 tänka
616 341 24 23 på
654 347 21 12 en
691 341 123 23 omarbetning
826 341 20 17 af

91 370 102 18 nuvarande
210 370 80 23 banklag
307 371 32 17 och
358 370 55 23 vågar
429 370 31 23 jag
478 370 69 18 derföre
562 370 91 18 vördsamt
664 370 78 22 anhålla,
756 370 28 17 att
795 369 49 18 stån-

91 400 31 17 det
137 399 41 18 ville
194 400 30 16 till
239 399 75 17 allmänt
329 399 72 17 utskott
413 399 97 23 hänskjuta
522 399 33 17 den
568 399 19 17 af
597 399 37 23 mig
647 399 72 17 härmed
732 399 65 17 väckta
808 398 34 18 frå-

91 433 42 17 gan,
145 428 27 18 för
184 428 28 17 att
224 428 67 22 afgitva
303 427 93 18 utlåtande
408 427 89 18 huruvida
508 428 39 17 icke
559 428 40 17 skäl
611 428 100 20 förefinnas,

330 476 25 14 att
370 474 28 16 till
410 474 22 17 H.
446 474 23 17 M.
482 474 107 22 Storfursten
600 474 42 21 ingå
653 474 37 17 med
701 480 21 11 en
731 474 75 22 petition
817 480 27 10 om

296 503 74 17 revision
382 503 23 22 af
414 503 32 17 den
458 502 91 19 allmänna
561 502 100 22 banklagen.

160 548 117 23 Helsingfors,
290 548 33 18 den
336 549 10 18 6
358 548 86 18 Februari
457 549 50 18 1882.

581 611 22 19 F.
616 611 26 19 K.
655 611 86 24 Nybom.

160 686 69 22 Bland
244 687 27 22 de
286 687 79 27 frägor,
381 693 34 15 om
431 687 73 22 hvilka
520 688 36 21 det
575 687 169 22 öfverlemnades
760 687 22 21 ät
795 687 49 21 Fin-

93 723 61 20 lands
174 722 91 21 Ständer
280 723 32 20 att
327 721 123 27 öfverlägga
467 722 39 21 och
522 722 68 21 uttala
605 721 39 27 sig,
660 721 27 22 dä
703 722 25 21 de
744 721 55 22 efter
814 723 31 20 ett

93 762 45 15 mer
159 758 27 19 än
206 755 131 27 femtioärigt
355 756 81 21 afbrott
456 756 48 21 äter
521 756 68 21 första
607 756 82 27 gängen
708 756 88 21 samlats
811 755 33 22 till

92 790 108 27 Jandtdag,
216 796 38 15 var
269 790 62 21 äfven
347 790 40 21 den
403 797 44 20 ,om
463 792 74 25 nyttan
552 790 39 21 och
606 790 100 22 behofvet
715 790 24 21 af
747 789 97 22 enskilda

93 825 80 21 banker
191 825 49 21 med
258 824 224 28 sedelutgifningsrätt
501 826 56 20 samt
574 825 111 26 angäende
700 825 96 21 vilkoren
811 823 33 22 för

92 859 122 21 inrättande
232 859 24 21 af
269 859 97 21 enskilda
381 859 81 21 banker
477 859 6 21 i
499 859 134 21 allmänhet.*
662 859 74 21 Ehuru
752 859 41 21 den
808 859 36 21 nä-

93 894 50 26 diga
156 894 160 26 propositionen
330 894 7 20 i
353 895 71 20 ämnet
439 894 76 20 endast
529 893 98 21 lemnade
643 894 22 21 ät
679 893 120 22 Ständerna
812 895 32 19 att

93 928 98 21 deröfver
206 928 80 26 afgifva
299 928 106 27 yttrande,
421 934 47 15 men
483 927 105 22 förbehöll
598 928 59 20 Hans
668 927 121 27 Kejserliga
798 927 46 21 Ma-

90 962 66 27 jestät
171 964 32 20 att
218 962 54 22 efter
287 962 145 22 inhemtandet
446 962 23 21 af
483 962 59 22 detta
557 962 110 22 utlätande
682 963 7 19 i
705 962 89 21 ärendet
808 962 35 20 be-

93 997 57 21 sluta
164 996 39 22 och
218 998 98 20 närmare
331 996 107 26 förordna,
454 996 124 22 utfärdades
593 996 64 21 likväl
669 997 122 21 sedermera
801 995 41 21 för-

92 1031 119 26 fattningen
230 1031 24 21 af
272 1031 41 21 den
328 1031 27 21 15
369 1030 89 22 Januari
474 1031 56 21 1866
546 1031 6 21 i
568 1032 107 20 närmaste
690 1030 152 22 öfverenstäm-

92 1065 66 21 melse
177 1066 48 20 med
244 1065 131 21 Ständernas
393 1065 7 21 i
420 1065 63 21 deras
501 1065 147 27 underdåniga
662 1071 49 15 svar
726 1064 27 28 på
768 1070 75 21 propo-

93 1099 90 22 sitionen
198 1100 96 21 uttalade
310 1100 85 27 åsigter.

161 1133 41 22 Vid
220 1134 58 21 tiden
293 1134 34 21 för
342 1134 112 21 stiftandet
467 1134 25 21 af
504 1134 163 27 ifrågavarande
681 1133 94 27 banklag
789 1133 55 21 hade

92 1168 90 21 Finland
201 1168 77 21 endast
296 1175 25 14 en
341 1168 133 27 privatbank,
491 1175 45 15 som
552 1169 108 20 dessutom
675 1168 56 21 blott
746 1174 25 15 en
788 1173 55 21 myc-

92 1203 37 20 ket
144 1202 48 21 kort
207 1202 31 21 tid
253 1202 55 21 hade
323 1204 36 25 egt
374 1203 96 21 bestånd.
501 1203 34 21 Då
550 1203 83 21 således
648 1203 25 21 så
687 1203 52 26 godt
754 1208 45 15 som
813 1201 31 21 in-

92 1243 40 20 gen
152 1236 122 21 erfarenhet
291 1237 28 26 på
336 1237 59 21 detta
414 1237 87 22 område
520 1243 38 16 var
576 1239 32 19 att
625 1237 61 26 tillgå
701 1237 7 21 i
724 1238 49 25 eget
788 1236 55 26 land,

93 1273 50 19 utan
159 1270 134 27 lagstiftaren
309 1272 75 20 nästan
401 1271 45 21 helt
456 1271 40 21 och
506 1271 68 22 hållet
583 1277 38 16 var
631 1271 102 21 hänvisad
744 1270 33 21 till
788 1270 55 21 hvad

92 1305 6 20 i
115 1305 76 21 sådant
205 1305 102 21 afseende
323 1305 70 21 kunde
408 1305 102 27 erbjudas
525 1305 23 22 af
558 1305 130 22 fremmande
699 1305 81 26 länder,
791 1304 53 21 hvil-

92 1339 39 21 kas
146 1339 137 22 ekonomiska
299 1339 147 22 förhållanden
462 1339 55 22 dock
532 1346 50 15 voro
593 1339 46 22 vidt
649 1339 69 22 skilda
728 1339 48 21 från
787 1338 57 26 våra,

93 1379 50 15 vore
154 1373 52 21 det
199 1369 12 36 i
218 1374 89 26 sanning
317 1374 46 21 icke
374 1374 132 21 förvånande
516 1380 33 15 om
560 1374 186 26 bestämningarna
756 1373 7 21 i
776 1373 69 21 denna

92 1407 36 26 lag
146 1407 46 21 icke
207 1407 55 22 hade
278 1407 69 22 blifvit
362 1408 7 21 i
385 1408 42 21 alla
442 1408 116 22 afseenden
574 1408 49 21 fullt
637 1407 207 27 tillfredsställande,

160 1447 138 18 Bankutskottets
309 1448 105 17 betänkande
426 1448 34 17 N:o
473 1449 18 17 5,
