1017 1678
184 98 22 17 10
372 97 245 20 Petitionsbetänkande
628 97 39 19 N:o
679 97 29 19 11.

158 155 78 27 Kongl.
253 155 62 27 Maj:t
333 156 48 21 dem
397 156 36 21 vid
448 156 101 21 arrendet
564 156 127 26 bibehåller,
706 156 80 27 nyttjas
802 155 54 22 efter
871 156 45 21 lika

158 189 176 27 delningsgrund,
357 196 46 15 som
426 190 77 21 hittills
527 190 53 27 följd
603 190 91 22 blifvit'.
725 190 30 21 På
769 191 69 26 grund
853 190 65 22 häraf

157 223 124 22 förklarade
303 224 240 27 Kammar-Collegium,
567 225 40 21 den
627 225 13 21 3
659 225 44 27 Maj
725 225 61 26 1803,
805 225 109 21 landshöf-

158 258 90 27 dingens
271 259 6 20 i
300 258 109 27 Uleåborg
429 259 158 22 ofvannämnda
602 259 72 27 utslag
690 259 23 21 af
726 259 41 21 den
784 260 24 20 11
824 259 90 22 Decem-

157 292 39 21 ber
219 292 54 22 1801
298 293 91 21 rörande
411 300 65 21 nyare
495 294 110 21 hemmans
625 293 39 22 och
683 293 122 28 nybyggens
824 295 44 20 rätt
882 295 33 20 att

158 327 86 26 deltaga
260 327 7 20 i
283 327 100 21 arrendet
401 327 33 21 till
450 327 58 21 kraft
528 327 39 21 och
585 327 81 21 verkan
685 327 111 27 upphäfdt.
827 327 44 21 Och
888 327 26 21 då

157 360 78 22 besvär
254 361 59 21 öfver
329 362 69 20 denna
413 362 118 20 resolution
547 361 108 27 anfördes,
671 361 71 21 blefvo
758 362 26 20 de
800 361 22 21 af
836 361 77 27 Kongl.

154 394 66 27 Maj:t
235 395 19 20 d.
274 396 25 20 19
314 396 43 26 Maj
376 396 54 21 1806
446 396 131 21 förkastade.
590 407 27 4 —
629 391 69 26 Äfven
715 396 127 25 sedermera,
859 395 57 22 efter

157 429 104 21 Finlands
277 429 133 27 skiljsmessa
425 429 48 22 från
489 429 96 27 Sverige,
597 429 39 22 har
648 429 133 22 beträffande
792 429 124 27 grunderna

158 462 34 21 för
210 463 134 27 delaktighet
363 464 6 21 i
387 464 64 21 Kemi
470 464 39 21 och
525 464 32 27 Ijo
573 463 123 22 kronofiske
711 464 63 26 ingen
789 463 125 28 förändring

158 497 109 27 vidtagits,
291 498 67 21 ehuru
381 499 145 26 ansökningar
546 499 6 20 i
572 498 77 21 sådant
672 497 55 28 syfte
746 497 70 22 blifvit
831 498 83 27 gjorda,

159 532 130 26 exempelvis
313 532 23 21 år
359 533 55 21 1819
435 533 34 21 vid
488 533 27 21 H.
534 533 40 21 M:t
592 533 79 26 Kejsar
686 532 122 21 Alexander
823 532 28 21 I:s
867 538 49 15 resa

158 571 77 21 genom
251 566 79 21 landet.

227 600 75 21 Under
317 603 85 20 senaste
415 601 125 22 decennium
549 607 38 15 var
597 601 37 21 det
648 601 124 27 isynnerhet
782 600 132 27 sjölaxfisket

158 634 86 21 utanför
272 635 105 22 elfvarnes
401 636 132 27 mynningar,
557 641 45 15 som
625 635 38 27 gaf
685 635 114 27 anledning
821 635 33 21 till
874 635 40 21 tal-

158 668 47 21 rika
228 669 114 26 klagomål.
379 670 99 21 Emellan
505 669 166 22 innehafvarene
693 669 24 21 af
738 670 100 20 arrendet
860 669 56 22 bade

158 702 108 27 nemligen
282 710 26 14 en
323 703 64 21 täflan
403 704 134 26 uppkommit
551 705 32 19 att
598 704 40 20 allt
652 704 75 26 längre
743 705 35 19 ute
793 704 6 20 i
816 703 99 27 skärgår-

159 737 41 21 den
219 739 59 19 möta
297 738 37 20 och
353 738 110 26 uppfånga
477 738 69 26 laxen,
562 738 39 20 och
614 737 67 27 jemte
697 738 26 21 de
738 738 80 26 lagliga
832 737 83 22 fiskeri-

158 771 175 27 intressenterne,
353 772 72 21 hvilka
441 772 34 21 för
490 772 47 21 sina
552 772 134 21 laxfiskerier
701 772 6 21 i
723 772 131 26 skärgården
870 772 45 21 del-

158 806 51 26 taga
227 805 7 21 i
254 806 41 20 den
313 812 159 20 gemensamma
487 806 112 21 laxräntan
614 806 34 21 till
663 806 88 26 kronan,
767 806 55 20 hade
835 806 80 26 jemväl

158 845 27 15 en
201 840 78 26 mängd
295 840 116 27 obehöriga
426 846 103 21 personer
544 840 7 21 i
567 840 90 26 saltsjön
673 840 70 26 utlagt
757 839 97 27 fiskenät,
862 842 52 19 utan

158 875 32 20 att
212 873 35 21 för
270 874 59 22 detta
350 874 55 22 fiske
423 875 90 27 erlägga
532 874 69 27 någon
617 876 68 20 ränta.
716 874 94 22 Sålunda
824 874 90 21 idkades

158 908 135 26 sjölaxfisket
315 908 13 22 å
350 915 26 15 en
395 910 78 26 mängd
493 909 84 26 ställen,
593 909 49 21 med
658 908 93 27 bragder
766 908 23 21 af
803 907 44 22 ofta
862 907 52 22 flere

158 942 85 21 hundra
265 942 94 22 famnars
382 943 148 26 utsträckning
553 943 12 21 å
587 943 74 27 hvarje
685 942 70 27 ställe,
777 942 138 27 hvarigenom

159 976 74 22 laxens
245 977 243 27 uppstigande
388 972 13 37 i
411 977 77 27 elfven,
504 977 81 22 hvilket
599 979 64 25 utgör
678 978 32 21 ett
724 976 69 22 vilkor
808 976 32 21 för
856 976 60 22 detta

158 1009 101 28 fiskslags
282 1011 161 26 fortplantning,
463 1011 7 21 i
488 1011 110 27 betänklig
617 1011 54 27 grad
686 1011 115 21 hindrades
816 1010 40 21 och
870 1010 45 21 lax-

158 1043 166 28 fiskenäringen,
347 1051 46 15 som
416 1045 66 22 redan
505 1047 24 19 är
549 1045 38 22 och
602 1045 7 21 i
625 1045 115 21 framtiden
756 1045 41 20 kan
812 1044 66 21 blifva
893 1044 24 21 af

158 1080 57 19 ännu
237 1080 70 20 större
329 1079 222 22 nationalekonomisk
569 1079 118 28 betydelse,
702 1079 68 21 måste
786 1078 130 27 äfventyras.

158 1113 78 21 Dertill
260 1113 98 22 kommer
379 1116 32 19 att
426 1120 82 15 samma
522 1113 48 26 fisk,
590 1114 27 21 då
636 1114 41 21 den
696 1113 104 27 uppstigit
814 1113 8 21 i
836 1113 79 26 elfven,

158 1147 72 21 kunde
246 1147 75 27 fångas
336 1149 51 20 utan
403 1148 38 21 det
456 1149 75 20 slöseri
548 1149 47 20 med
611 1148 94 27 bragder
719 1147 40 22 och
774 1147 142 27 dagsverken,

159 1187 45 16 som
224 1182 6 20 i
251 1182 131 27 skärgården
401 1184 25 19 är
441 1182 24 21 af
478 1183 76 20 nöden.
584 1183 43 21 För
642 1184 33 19 att
690 1183 56 20 sätta
761 1188 25 15 en
802 1183 64 26 gräns
882 1181 35 22 för

158 1215 143 22 omförmälda
319 1216 136 27 sjölaxfiskes
470 1217 136 26 godtyckliga
622 1216 148 27 utsträckning
785 1216 39 21 och
838 1215 79 22 hindra

158 1249 118 27 obehöriga
290 1256 103 21 personer
408 1252 33 20 att
455 1251 51 21 idka
521 1251 69 26 dylikt
604 1250 53 22 fiske
674 1252 56 20 samt
744 1250 34 21 för
792 1252 32 19 att
834 1250 7 21 i
850 1249 67 27 öfrigt

158 1283 28 27 på
204 1285 31 20 ett
255 1284 208 27 ändamålsenligare
479 1287 43 19 sätt
537 1285 85 26 reglera
637 1284 133 27 sjölaxfisket
784 1284 40 21 har
838 1290 77 21 guver-

158 1319 66 20 nören
244 1318 8 21 i
270 1317 120 28 Uleåborgs
409 1319 43 25 län,
468 1319 55 21 efter
541 1319 37 21 det
597 1319 101 27 samtliga
713 1318 202 27 sjölaxfiskeställen

158 1351 71 21 blifvit
245 1352 13 21 &
273 1352 62 21 karta
350 1352 102 22 affattade
468 1353 39 21 och
521 1352 176 22 beskaffenheten
712 1352 23 22 af
750 1353 26 21 de
790 1352 126 27 begagnade

157 1385 122 27 bragderna
298 1386 95 22 utmärkt
411 1389 56 19 samt
489 1387 88 21 ärendet
596 1387 7 21 i
624 1386 67 27 öfrigt
709 1386 46 22 haft
773 1386 143 22 föreskrifven

158 1419 99 27 omgång,
281 1426 76 21 genom
378 1421 71 27 utslag
471 1420 24 22 af
512 1421 41 21 den
572 1422 26 20 21
619 1421 127 27 September
762 1420 56 22 1872
832 1420 40 21 och
888 1420 28 21 20

226 1459 97 17 Allmänna
335 1460 160 17 Besvärsutskottets
507 1461 104 17 betänkande
623 1460 35 17 N:o
672 1461 27 16 11.
