1020 1678
190 122 11 18 6
380 122 242 21 Petitionsbetänkande
635 124 39 19 N:o
687 123 20 19 4.

167 179 188 28 skoldirektionen,
367 181 68 26 enligt
445 181 11 27 $
465 182 27 21 59
504 181 7 21 i
523 181 283 28 kommunalförfattningen,
820 181 53 22 skall
886 182 32 22 till

167 214 106 21 nämnden
288 214 90 22 aflemna
393 215 161 27 specialförslag
569 215 59 22 öfver
643 215 89 27 utgifter
748 215 39 22 och
804 216 115 22 inkomster

168 248 67 21 under
251 248 121 27 påföljande
387 249 30 26 år,
433 249 34 22 för
482 251 32 20 att
528 249 24 22 af
564 250 106 21 nämnden
686 251 61 25 tagas
762 250 6 21 i
779 250 140 22 betraktande

167 282 36 21 vid
221 283 138 26 uppgörande
377 283 23 21 af
417 283 36 22 det
472 283 68 22 totala
558 283 84 27 utgifts-
661 283 40 22 och
716 283 202 28 inkomstförslaget.

168 316 62 21 Hvad
248 316 8 21 i
276 317 54 21 1866
348 317 35 21 års
402 317 128 27 kungörelse
550 319 24 19 är
589 318 101 26 stadgadt
705 323 33 15 om
754 318 34 20 val
804 318 24 21 af
841 318 79 21 skoldi-

168 350 84 21 rektion
271 350 66 22 borde
357 350 71 22 derför
445 351 47 21 icke
512 351 69 21 tolkas
597 351 71 22 såsom
683 351 145 22 innebärande
844 352 75 27 kyrko-

167 384 93 21 herdens
282 384 134 28 fullkomliga
438 386 136 21 uteslutande
596 386 47 21 från
663 386 29 21 all
712 386 132 27 delaktighet
862 386 7 21 i
884 386 36 21 be-

168 419 129 26 handlingen
313 419 23 21 af
349 419 138 22 kommunens
502 419 294 28 folkskoleangelägenheter.

236 453 93 22 Hvilken
347 453 97 28 tolkning
463 454 7 21 i
488 454 60 21 detta
565 454 122 22 hänseende
706 454 35 21 må
756 461 52 14 vara
823 455 40 21 den
879 454 41 21 rik-

168 488 44 26 tiga
234 487 40 22 och
296 487 104 22 huruvida
418 488 40 21 den
478 488 24 21 af
515 489 142 26 petitionären
672 488 108 27 påyrkade
796 489 124 26 förändring

168 522 54 21 eller
236 521 119 28 förklaring
370 521 23 22 af
407 522 89 22 anförda
512 523 82 26 lagrum
610 523 35 21 må
659 529 52 15 vara
725 522 99 28 behöflig,
840 523 38 21 har
888 525 33 19 ut-

168 556 82 21 skottet
268 556 64 21 likväl
351 558 71 20 ansett
440 557 32 26 sig
490 557 72 21 kunna
579 557 70 22 lemna
668 557 87 26 derhän,
774 557 101 22 eftersom
890 559 31 20 ett

168 590 105 27 ingående
288 590 27 27 på
330 591 69 21 denna
413 590 61 27 fråga
488 591 47 22 icke
550 591 97 27 påkallas
663 591 23 22 af
700 591 36 22 det
751 591 49 27 slut,
816 591 59 22 hvari
887 593 34 19 ut-

168 625 81 20 skottet
268 626 84 20 stannat
373 625 49 21 med
440 625 101 22 afseende
560 625 12 22 å
590 625 148 22 hufvudsaken
753 626 7 21 i
775 625 145 28 petitionsme-

168 659 106 21 morialet.

236 692 34 21 På
291 692 68 27 grund
381 692 24 22 af
425 693 37 21 det
480 693 153 21 ofvananförda
652 694 41 20 kan
714 693 84 21 således
819 693 103 21 utskottet

169 727 19 26 ej
210 726 66 26 finna,
297 726 37 22 det
352 726 47 22 skäl
417 727 33 21 till
469 727 89 27 ändring
577 727 23 21 af
617 728 100 26 gällande
732 726 191 22 folkskoleförord-

168 761 50 26 ning
233 760 7 21 i
257 760 37 22 det
308 760 23 22 af
344 760 141 27 petitionären
501 761 114 22 förordade
631 761 56 27 syfte
703 761 121 27 förefinnes,
837 760 85 22 hvarför

169 794 106 22 utskottet
289 794 38 22 hos
342 795 83 21 landets
441 795 91 21 Ständer
548 796 109 21 vördsamt
671 795 99 26 föreslår,

374 830 30 20 att
429 828 164 28 ifrågavarande
612 829 182 27 petitionsförslag
817 828 19 27 e
858 828 63 21 måtte

341 863 32 20 till
394 863 70 27 någon
486 863 78 27 åtgärd
585 863 52 27 från
659 863 132 22 Ständernas
809 863 47 21 sida
874 863 46 26 för-

344 897 79 21 anleda.

237 937 142 27 Helsingfors,
398 937 23 22 af
435 938 113 21 Allmänna
565 937 199 22 Besvärsutskottet
778 937 41 22 den
834 937 14 21 3
862 937 59 21 Mars

171 971 60 22 1882.

237 1044 10 21 I
271 1044 99 22 ärendets
393 1044 129 28 behandling
544 1045 56 21 inom
619 1045 105 21 utskottet
743 1044 64 22 hafva
822 1044 99 26 deltagit:

169 1079 43 21 Hrr
227 1078 88 27 Geitlin,
330 1079 20 21 J.
367 1078 32 26 G.,
411 1078 134 27 ordförande,
558 1078 127 26 Grotenfelt,
698 1078 32 27 N.,
743 1078 178 26 Standertskiöld,

170 1112 22 22 C.
215 1112 33 27 G.,
273 1112 177 27 Standertskiöld,
473 1113 26 21 K.
522 1113 19 21 J.
564 1113 31 26 R.,
617 1112 114 26 Mechelin,
754 1112 31 26 L.,
808 1111 113 27 Stenbäck,

169 1147 25 21 K.
214 1146 32 26 E.,
270 1147 118 26 Lindstedt,
411 1147 64 26 Vilh.,
498 1147 127 27 Calamnius,
648 1148 21 20 J.
685 1146 40 26 W.,
748 1146 117 26 Wallgren,
888 1145 33 26 G.,

168 1181 128 27 Malmgran,
319 1182 25 21 A.
366 1181 27 27 J.,
417 1181 126 28 Chydenius,
562 1182 24 20 A.
607 1182 33 26 H.,
661 1177 92 31 Öhberg,
773 1180 32 27 V.,
825 1180 96 26 Avellan,

169 1216 60 26 Edv.,
245 1215 116 27 Hirvonen,
377 1216 31 26 E.,
424 1216 97 26 Möttölä,
536 1216 20 21 J.

341 1441 112 20 Helsingfors,
466 1442 15 14 J.
494 1441 18 15 C.
524 1441 87 15 Frenckell
623 1441 13 15 &
651 1441 40 18 Son,
705 1440 48 15 1882.
