1017 1675
195 116 13 20 6
302 117 79 25 Ständ,
397 118 52 22 Pet.
465 131 25 3 —
507 119 168 24 Petitionsbet.
691 120 40 23 N:o
745 120 38 22 38.

166 180 57 20 samt
238 180 67 21 sedan
320 182 73 20 utmed
409 182 155 28 densamma;
548 176 14 39 8
579 182 36 22 mil
631 183 32 21 till
678 183 145 28 Peisenfjords
837 184 82 21 botten.

166 212 77 22 Derest
265 214 39 22 allt
326 214 51 22 land
399 218 71 19 vester
491 224 35 14 om
549 218 72 21 denna
637 219 65 26 gräns
717 218 86 21 tillades
818 218 100 21 Finlands

166 247 86 22 komme
273 248 49 22 hela
343 249 140 28 komplexens
505 251 59 21 areal
587 254 32 19 att
641 253 57 26 stiga
720 252 33 21 till
774 252 98 27 omkring
892 252 28 21 40

166 282 137 27 gvadratmil,
325 296 27 3 —
375 291 27 14 en
424 284 110 27 landvidd,
557 293 46 14 som
618 287 35 20 vid
668 286 69 21 första
753 287 117 26 päseendet
884 285 35 22 väl

166 323 63 20 synes
252 319 44 19 stor
317 320 58 19 emot
390 319 26 21 de
431 320 29 20 12
475 321 177 26 gvadratversten
667 321 35 21 vid
718 320 136 28 Systerbäck,
869 327 50 14 men

166 351 35 21 vid
217 358 150 21 noggrannare
381 353 161 28 undersökning
557 355 69 21 finnes
640 355 47 21 icke
703 355 29 27 pä
745 355 60 27 längt
815 356 39 20 när
865 359 53 16 mot-

166 392 63 15 svara
252 386 227 28 Systerbäckomrädet
498 389 7 20 i
519 389 122 27 gvalitativt
655 389 130 22 hänseende.
816 389 102 21 Området

166 419 35 22 vid
215 419 95 23 Ishafvet
325 421 72 22 består
412 423 107 27 nemligen
533 424 25 21 af
575 423 50 22 kala
640 424 45 27 fjell
700 424 40 21 och
755 423 91 28 klippor,
863 430 54 14 mos-

165 461 35 14 sar
215 455 41 21 och
278 455 81 22 ställvis
381 458 112 21 nödvuxen
510 457 53 28 skog
578 461 55 18 samt
648 458 101 28 erbjuder
763 455 55 24 intet
833 457 85 22 tillfälle

165 489 33 21 till
214 489 81 28 odling,
310 491 49 21 med
380 493 112 26 undantag
510 493 108 21 mähända
632 493 25 21 af
670 493 71 27 nägon
756 493 83 20 mindre
854 493 63 26 ängs-

165 523 62 22 mark
242 523 39 22 här
297 525 50 22 eller
363 526 44 25 der,
423 527 24 20 sä
461 529 33 18 att
516 527 133 21 renskötseln
665 529 24 20 är
705 528 41 20 den
762 528 57 20 enda
834 526 82 27 näring,

165 558 33 21 till
220 557 87 25 hvilken
331 560 151 28 infödingarne
504 561 7 21 i
534 562 36 21 det
587 562 47 21 inre
649 562 75 21 landet
739 562 37 21 äro
792 561 124 25 hänvisade,

165 593 54 22 Hela
242 594 37 21 det
300 594 82 27 inland,
404 595 89 22 hvarom
516 603 29 14 nu
560 597 24 21 är
599 596 67 28 fräga,
682 596 44 21 kan
741 596 8 21 i
763 596 38 21 fall
816 596 35 21 vid
866 602 49 20 ego-

164 628 158 28 uppskattning
337 629 72 27 vanlig
423 630 116 28 gradering
553 630 116 28 tillämpas,
684 630 48 22 icke
748 630 116 22 betecknas
879 636 37 15 an-

164 662 107 22 norlunda
286 664 28 20 än
329 664 70 21 säsom
415 664 219 28 impedimentsmark.

231 697 172 23 Vidkommande
419 699 100 27 slutligen
535 700 26 21 de
576 700 151 26 bosättningar
742 699 24 21 af
778 699 76 25 finnar,
870 706 46 14 som

149 747 3 3 -
163 732 67 21 redan
253 732 58 22 skett
333 734 7 20 i
362 734 63 21 dessa
440 734 89 26 trakter,
544 734 65 22 hafva
624 734 123 22 Ständerna
762 734 106 21 inhemtat
883 735 32 19 att

163 766 73 27 dylika
251 766 116 23 förefinnas
383 768 29 28 pä
427 768 162 22 Fiskarhalföns
604 771 71 19 vestra
693 768 54 26 sida,
762 768 36 22 vid
813 768 103 21 Bomans-

162 800 96 28 fjordens
280 803 63 21 södra
365 804 81 24 strand,
469 803 36 22 vid
519 803 161 21 Muotka-näset
696 805 56 19 samt
767 803 29 27 pä
810 802 105 22 hvardera

162 835 62 22 sidan
248 836 23 21 af
290 836 175 23 Fiskarehalföns
480 838 127 21 nordvestra
621 838 56 21 udde
693 837 7 20 i
715 837 100 21 Kervana
828 836 86 28 (Scher-

162 870 65 27 vana)
248 871 41 20 och
311 871 128 22 Waitokuva
462 872 156 29 (Waideguba),
643 871 85 22 hvilkas
752 871 162 27 sammanlagda

161 903 126 29 befolkning
303 906 112 27 uppgifves
431 907 77 26 utgöra
521 906 99 26 omkring
636 907 43 20 300
694 913 108 20 personer.
833 905 33 22 Då
877 906 36 21 det

160 945 51 15 vore
234 939 7 20 i
265 939 43 28 hög
322 941 54 26 grad
392 940 100 28 önskligt,
508 943 33 19 att
556 942 62 21 dessa
633 941 60 21 äldre
708 940 70 21 finska
793 940 119 21 bosättnin-

160 980 39 20 gar
220 973 74 22 kunde
315 974 87 22 komma
424 975 58 21 inom
505 976 36 21 det
560 975 69 22 finska
644 975 98 22 omrädet
758 975 33 21 för
806 977 33 19 att
854 975 60 27 tjena

160 1007 33 21 till
208 1008 50 21 stöd
274 1009 33 20 för
321 1010 26 20 de
363 1016 42 21 nya
420 1009 157 22 invandrarene
599 1009 40 22 och
654 1009 59 28 gifva
729 1010 41 20 den
786 1009 126 21 tillämnade

160 1041 173 29 koloniseringen
356 1051 59 14 mera
438 1044 80 27 styrka,
540 1045 55 26 väga
618 1044 123 21 Ständerna
756 1043 156 28 underdänigst

159 1076 86 27 föreslä,
256 1079 33 19 att
299 1078 132 27 gränslinien
446 1079 111 20 fortsättes
571 1085 76 21 genom
662 1078 164 21 Fiskarhalföns
841 1080 71 19 vestra

159 1110 41 26 del,
215 1110 139 28 hvarigenom
369 1113 130 21 åtminstone
515 1114 69 20 större
599 1113 62 21 delen
677 1113 26 21 af
715 1113 63 21 dessa
792 1112 120 22 bosättnin-

158 1151 39 21 gar
212 1144 71 23 skulle
298 1146 53 22 falla
365 1147 59 21 inom
439 1148 66 20 finskt
519 1148 94 21 omräde.

226 1179 32 22 Pä
280 1182 31 20 ett
334 1180 87 22 afständ
437 1182 24 21 af
473 1182 36 21 tvä
525 1182 36 21 mil
576 1182 52 21 eller
643 1182 67 26 nägot
726 1180 122 22 derutöfver
863 1180 48 22 frän

157 1213 132 23 Normansät
310 1215 59 27 ligga
391 1217 26 20 de
439 1223 16 15 s.
478 1216 20 21 k.
514 1216 130 28 Hen-öarne,
659 1216 159 26 Heinä-saaret,
833 1218 55 18 samt
904 1216 7 20 i

156 1248 26 20 N.
198 1248 25 21 V.
239 1248 48 22 från
303 1250 48 21 dem
367 1252 32 20 ett
413 1250 118 22 vidsträckt
545 1252 76 26 grund.
651 1251 100 21 Emedan
761 1251 63 21 dessa
834 1251 77 26 utgöra

156 1282 105 28 lämpliga
275 1284 105 22 stationer
399 1284 34 22 för
447 1285 118 24 hafsfisket,
580 1286 55 26 väga
649 1286 123 21 Ständerna
786 1284 124 28 ytterligare

156 1316 86 27 föreslä,
258 1320 33 19 att
306 1319 133 27 gränslinien
455 1320 76 27 drages
545 1320 48 21 utät
607 1319 96 23 Ishafvet
719 1320 30 25 sä,
765 1321 33 19 att
813 1320 41 20 den
866 1326 44 14 om-

155 1350 67 23 fattar
234 1352 82 28 jemväl
331 1354 63 21 dessa
409 1355 38 20 öar
462 1354 40 22 och
516 1355 76 26 grund.

224 1386 123 23 Ständerna
362 1388 23 21 fä
399 1388 66 21 alltsä
479 1389 155 27 underdänigst
649 1388 96 26 anhälla,

419 1426 33 18 att
479 1423 86 21 Eders
585 1423 167 28 Kejserliga
777 1422 132 27 Majestät

361 1458 48 21 med
425 1458 184 28 undanrödjande
625 1459 29 26 af
665 1458 27 21 de
707 1457 85 25 hinder,
802 1463 44 15 som
858 1456 48 21 här-
