1017 1678
212 115 26 19 32
394 118 235 25 Petitionshetänkande
647 121 36 22 N:o
702 121 34 22 13.

182 181 80 18 sednare
276 183 49 18 tider
337 185 72 21 ganska
421 187 36 16 tätt
470 186 23 22 pä
505 186 107 18 hvarandra
624 187 88 22 följande,
723 187 193 22 omgestaltningarne
925 188 18 16 at

181 210 136 20 skolväsendet
329 213 6 16 i
348 213 40 18 värt
400 214 49 18 land.

250 246 51 18 Ifrån
314 252 22 12 en
351 248 111 23 Pedagogie,
476 255 38 12 som
528 255 66 17 genom
607 249 75 18 enskild
695 249 134 23 medborgares
840 250 103 22 uppoffring

180 274 34 17 och
228 275 78 18 stadens
320 280 43 19 eget
375 277 66 23 bidrag
454 278 67 19 kunde,
532 279 24 22 pä
565 279 60 22 grund
635 279 20 17 af
662 278 91 23 kejserlig
762 278 121 22 bekräftelse,
892 279 48 17 med-

180 302 42 18 dela
242 304 133 24 undervisning
390 306 5 17 i
408 307 113 18 fremmande
541 307 62 22 spräk,
622 307 57 18 bland
699 307 59 18 andra
776 307 102 22 Engelska,
896 311 46 14 samt

180 331 101 23 bokföring
300 334 34 16 och
354 334 137 24 hrefskrifning,
512 336 36 17 allt
567 336 108 22 kunskaper
694 336 69 22 nödiga
776 336 29 17 för
818 336 46 19 dem,
878 337 62 17 hvilka

179 360 61 18 säsom
260 361 83 19 tlertalet
355 362 20 18 af
385 363 115 19 Jakobstads
514 365 112 17 innevänare
639 364 27 18 till
679 364 48 23 följd
740 364 20 18 af
772 364 169 18 ortsförhällanden

178 389 34 18 och
226 391 89 18 medfödd
328 392 91 19 fallenhet
435 395 32 16 äro
481 394 72 17 anvista
566 396 27 15 att
606 399 49 18 egna
668 394 29 22 sig
710 394 20 17 ät
742 393 74 19 handel,
830 394 66 23 sjöfart
908 394 33 17 och

179 418 59 18 andra
258 419 118 20 industriella
393 422 64 22 yrken,
470 422 133 19 förvandlades
616 423 61 18 denna
691 422 56 18 skola
760 422 27 17 till
801 427 23 13 en
838 423 51 22 lägre
903 423 36 17 ele-

178 449 128 18 mentarskola
319 450 42 17 med
373 451 31 17 tvä
416 451 79 18 klasser.

247 483 66 18 Ehuru
330 484 29 18 för
371 485 116 18 bekostande
500 485 21 18 af
532 486 61 18 denna
606 486 55 18 skola
673 488 43 20 togs
729 486 6 17 i
748 486 82 23 anspråk
844 486 47 17 både
904 486 36 17 den

177 511 112 18 omnämnda
301 512 112 19 donationen
426 515 35 17 och
474 515 76 18 stadens
564 518 43 19 eget
620 515 73 22 bidrag,
701 515 123 17 inskränktes
833 515 48 17 dock
889 515 50 18 skol-

177 540 69 17 kursen
260 541 5 17 i
278 541 66 22 början
363 542 28 18 till
409 543 23 17 de
451 543 114 22 läroämnen,
581 544 64 18 hvilka
661 544 30 17 för
703 543 55 23 lägre
772 543 168 18 elementarskolor

177 568 41 18 med
237 569 31 18 tvä
287 570 72 18 klasser
372 577 44 12 voro
429 572 106 23 bestämda;
553 577 41 13 men
608 575 33 16 när
655 578 41 12 man
710 572 88 18 deröfver
810 573 34 17 hos
857 573 81 17 Domka-

177 597 55 22 pitlet
245 598 79 18 anförde
338 600 91 23 missnöje,
451 601 71 18 ökades
536 601 81 19 Rektors
630 601 255 23 undervisningsskyldighet
898 602 41 17 med

176 626 57 22 några
246 627 74 18 timmar
332 628 6 17 i
350 629 72 18 veckan
435 629 29 18 för
476 629 114 19 fremmande
605 630 62 23 språk.

244 661 30 18 Nu
288 663 56 17 redan
358 669 32 11 var
403 664 94 22 omfänget
510 665 20 17 af
541 664 22 18 de
577 667 73 19 ämnen,
663 664 75 18 hvaruti
747 664 133 23 undervisning
888 665 50 17 med-

175 689 84 23 delades,
276 691 72 18 mindre
365 694 22 16 än
401 692 5 18 i
419 692 35 18 den
468 693 51 18 förra
531 693 128 23 pedagogien;
678 698 43 12 men
734 698 43 12 man
790 698 33 12 var
836 693 47 17 dock
896 694 43 22 nöjd

174 718 83 22 härmed,
277 720 78 18 emedan
368 726 42 13 man
424 722 62 22 tyckte
500 724 28 16 att
541 722 29 22 de,
583 728 39 12 som
635 722 74 23 egnade
723 722 29 22 sig
766 722 19 18 ät
797 722 98 22 praktiska
908 728 29 16 yr-

175 747 41 22 ken,
236 748 73 18 erhöllo
329 749 102 23 tillräcklig
449 750 154 24 underbyggnad,
620 751 80 18 likasom
720 750 58 18 också
796 750 28 22 de,
843 756 39 12 som
895 751 43 17 ville

174 776 89 18 fortsätta
282 778 28 17 sin
329 778 97 23 skolgäng,
444 779 61 18 kunde
525 779 82 18 härifrän
626 782 106 20 emottagas
749 780 24 22 pä
786 779 58 23 högre
857 780 80 17 elemen-

174 805 107 18 tarskolans
305 806 52 18 2:dra
380 808 34 17 och
433 808 47 22 3:dje
499 808 80 22 klasser,
598 808 21 18 sä
636 811 28 15 att
683 808 119 18 föräldrarne
820 808 18 20 ej
856 808 80 18 behöfde

174 834 66 18 skicka
259 835 41 18 sina
316 835 46 18 barn
375 836 63 18 alltför
451 842 49 17 unga
513 837 96 18 hemifrån.
635 837 71 18 Skolan
719 842 34 13 var
766 836 55 19 äfven
834 836 24 19 dä
870 837 66 18 besökt

172 863 20 16 af
204 863 5 17 i
222 863 89 18 medeltal
325 865 22 16 60
360 865 63 18 elever
435 865 78 23 årligen,
526 866 63 18 ibland
603 866 40 18 dem
656 866 69 23 många
738 866 47 18 ifrån
798 866 36 17 den
847 866 89 23 kringlig-

172 891 61 22 gande
247 892 147 23 landsbyggden,
407 894 86 18 hvilkens
506 895 111 18 innevånare
631 895 98 22 begärligt
741 894 104 19 omfattade
855 895 81 18 tillfället

172 923 28 15 att
212 921 61 18 skaffa
286 921 57 23 nödig
356 922 147 23 underbyggnad
516 924 19 17 åt
548 924 41 17 sina
601 924 42 17 med
656 924 95 17 fallenhet
763 923 29 18 för
800 924 98 22 praktiska
906 930 30 16 yr-

172 949 36 17 ken
221 950 88 23 vanligen
322 951 38 17 rikt
372 951 97 18 utrustade
482 952 52 18 barn.

241 984 48 18 Kom
305 985 21 17 så
340 986 43 16 1872
396 986 30 17 års
439 986 128 23 skolordning,
581 987 34 18 och
628 987 29 18 för
669 986 109 19 Jakobstad
792 986 106 19 bestämdes
912 993 22 11 en

170 1012 105 22 tvåklassig
287 1013 100 20 realskola,
401 1014 55 18 hvars
469 1014 5 18 i
487 1014 146 24 skolordningen
641 1015 117 18 föreskrifna
767 1015 87 17 lärokurs
863 1016 71 16 komme

170 1043 28 15 att
216 1041 58 18 blifva
293 1044 49 15 ännu
361 1043 131 18 inskränktare
511 1046 23 15 än
554 1044 35 17 den
608 1044 50 18 förra
677 1044 55 22 lägre
748 1043 186 19 elementarskolans.

168 1069 60 23 Djupt
247 1070 104 18 bedröfvad
369 1071 88 18 häröfver
478 1072 64 18 anhöll
555 1072 66 18 staden
633 1075 28 15 att
674 1072 19 18 få
707 1072 77 18 behålla
797 1072 66 18 skolan
876 1073 57 17 sådan

170 1098 35 17 den
218 1098 31 18 vid
263 1098 61 19 denna
336 1099 88 23 tidpunkt
437 1106 37 16 var,
487 1101 35 17 och
535 1100 61 19 denna
609 1101 89 18 anhållan
713 1100 112 23 beviljades.

238 1133 44 17 Men
296 1139 23 12 nu
333 1134 48 17 hade
399 1134 163 23 Rektorstjensten
575 1135 106 18 emellertid
695 1135 63 17 blifvit
771 1134 51 23 ledig
836 1135 33 17 och
883 1135 5 17 i
901 1141 32 11 an-

168 1161 69 17 seende
251 1162 29 17 till
294 1162 23 18 då
329 1162 82 18 rådande
425 1164 101 18 osäkerhet
538 1164 6 17 i
557 1164 187 22 skollagstiftningen
758 1164 59 22 ansåg
832 1169 41 12 man
886 1164 46 22 tjen-

167 1192 41 15 sten
226 1190 105 18 tillsvidare
344 1191 17 22 ej
375 1192 62 18 kunna
455 1192 112 18 ordinariter
583 1192 91 19 besättas.
700 1192 25 18 Så
737 1192 36 18 har
786 1198 24 12 nu
822 1192 7 17 i
842 1195 52 15 snart
906 1196 27 14 ett

167 1218 109 18 decennium
289 1219 62 18 denna
363 1220 30 18 för
405 1220 117 19 Jakobstads
535 1221 46 18 barn
594 1222 21 17 så
627 1221 72 23 vigtiga
713 1221 122 22 läraretjenst
844 1221 48 18 varit
901 1221 31 17 be-

166 1246 59 18 stridd
245 1247 21 18 af
283 1248 86 18 vikarier.
394 1249 29 17 En
441 1249 46 18 hvar
499 1249 73 22 förstår,
585 1250 47 18 huru
645 1249 80 23 menligt
739 1249 53 18 detta
804 1250 58 17 måste
876 1250 56 18 verka

166 1275 23 22 på
202 1276 167 23 undervisningens
386 1277 106 23 framgång;
512 1278 33 18 och
564 1278 46 18 huru
623 1278 64 18 denna
700 1278 56 18 skola
769 1278 35 18 allt
816 1278 115 18 fortfarande

165 1304 79 23 nedgått
264 1305 40 18 från
323 1306 48 17 hvad
392 1306 35 18 den
446 1307 39 18 förr
497 1313 36 13 var,
547 1307 36 18 kan
597 1307 42 18 bäst
652 1307 61 18 slutas
727 1307 56 18 deraf
794 1309 28 16 att
835 1307 96 18 elevernas

166 1333 57 21 antal,
241 1339 40 12 som
301 1334 96 18 dessutom
416 1335 65 23 tyckes
499 1335 71 23 årligen
583 1337 87 18 minskas,
685 1341 80 12 numera
778 1337 21 16 är
811 1336 51 18 blott
873 1337 28 21 25,
914 1337 20 17 af

165 1361 42 17 dem
220 1362 10 16 4
243 1362 25 22 på
281 1362 75 18 rektors
369 1363 57 22 klass,
444 1364 34 17 och
495 1366 27 16 att
534 1364 116 18 föräldrarne
664 1370 25 12 nu
702 1364 61 18 måste
777 1364 47 18 söka
838 1364 18 18 ät
868 1365 40 17 sina
921 1366 10 15 &

165 1390 11 16 4
189 1391 9 16 9
211 1390 31 18 års
259 1391 63 22 gamla
341 1397 66 17 gossar
425 1392 24 22 på
469 1394 20 15 10
508 1393 40 17 mils
567 1393 75 18 afstånd
655 1393 32 18 det
701 1393 229 23 undervisningstillfälle,

164 1424 40 12 som
217 1418 50 18 förut
280 1419 5 17 i
299 1424 47 18 egen
359 1420 42 18 stad
415 1421 42 17 stod
470 1421 27 17 till
511 1421 53 18 buds.

233 1461 108 19 Allmänna
359 1462 189 20 Besvärsutskottels
563 1463 130 20 betänkande
710 1464 38 18 N:o
768 1464 32 18 13.
