1014 1678
263 135 267 24 Petitionsbetänkande
545 135 43 22 N:o
604 134 37 23 19.

356 404 126 27 Allmänna
512 404 245 26 Besvärsutskottets
783 403 45 27 be-

281 446 124 25 tänkande
434 445 43 27 N:o
504 446 30 25 16
561 445 8 26 i
589 445 133 33 anledning
743 444 28 26 af
793 446 38 24 ett

284 486 67 26 inom
369 486 214 33 Borgareståndet
601 486 142 25 framstäldt
762 486 69 34 peti-

283 526 165 34 tionsförslag
470 526 127 34 angående
628 526 101 34 åtgärds
752 526 80 26 vidta-

281 566 79 34 gande
380 569 37 23 att
432 566 119 26 förskaffa
565 566 155 34 gångbarhet
736 566 40 26 för
790 566 42 26 det

280 606 80 26 finska
378 606 155 34 guldmyntet
550 606 8 26 i
577 606 145 26 Frankrike.

144 665 81 20 Genom
240 665 197 26 protokollsutdrag
452 666 24 19 af
489 666 40 19 den
545 666 11 18 7
568 666 103 19 sistvikne
681 665 101 20 Februari
790 664 39 20 har

76 701 110 26 vällofliga
201 701 182 26 Borgareständet
399 701 31 19 till
442 700 115 21 Allmänna
567 699 210 22 Besvärsutskottets
789 700 40 21 för-

77 735 121 21 beredande
213 735 129 27 behandling
359 735 117 26 hänskjutit
492 737 31 18 ett
538 735 23 20 sä
576 735 92 26 lydande
684 735 148 26 petitionsme-

77 770 87 20 morial:

75 831 51 18 Till
142 831 144 23 Vällofliga
298 831 214 23 Borgarständet
524 831 41 18 vid
577 831 175 24 Landtdagen
766 832 68 17 1882.

144 867 29 17 En
193 866 86 23 ansvarig
291 866 83 19 minister
386 866 35 18 har
433 868 5 15 i
451 866 76 19 franska
539 866 119 23 Deputerade
671 867 108 17 kammaren
799 866 30 17 för

77 897 41 17 icke
135 896 54 23 länge
208 895 57 19 sedan
283 895 71 21 uttalat,
368 897 28 16 att
408 895 32 18 det
452 901 58 17 gerna
522 895 61 18 skulle
595 895 71 18 tillätas
679 895 96 23 guldmynt
787 895 42 18 med

75 925 114 18 främmande
201 925 72 22 prägel,
286 930 41 12 men
340 925 20 17 af
370 930 70 13 samma
453 925 53 18 skrot
518 925 35 17 och
565 925 48 17 korn
626 929 38 13 som
678 925 23 17 de
711 925 83 20 franska,
803 926 28 15 att

75 955 7 17 i
94 954 105 19 Frankrike
212 954 90 18 circulera
314 953 62 18 såsom
388 953 66 23 lagligt
460 953 172 23 betalningsmedel,
642 953 38 18 ifall
690 953 140 22 framställning

76 983 63 18 derom
157 983 81 23 gjordes,
260 984 35 17 och
313 983 31 18 vid
362 982 56 23 sagde
436 983 75 18 tillfälle
524 982 76 19 nämdes
612 982 89 18 särskildt
713 982 45 18 vära
771 982 61 18 finska

77 1011 98 23 guldmynt.

144 1040 38 18 Det
200 1042 20 16 är
238 1040 105 23 uppenbart
355 1042 27 16 att
394 1040 18 18 vi
423 1040 49 18 hade
485 1040 74 23 mycket
573 1042 27 16 att
611 1040 56 18 vinna
679 1040 58 22 deraf,
750 1042 28 16 att
791 1039 41 18 värt

76 1071 52 21 mynt
140 1069 61 18 blefve
214 1069 62 24 gjordt
288 1069 92 24 gängbart
392 1069 168 23 betalningsmedel
573 1069 6 18 i
592 1069 111 20 Frankrike,
716 1072 20 20 ty
743 1069 41 18 med
793 1069 39 18 det-

77 1103 70 13 samma
165 1098 61 19 blefve
239 1099 36 18 det
293 1099 92 22 gångbart
402 1098 36 18 och
455 1098 59 18 kändt
527 1100 52 16 snart
592 1098 53 23 sagdt
657 1099 51 17 öfver
720 1098 39 19 allt.
784 1098 48 18 Vårt

76 1129 52 20 mynt
140 1127 62 18 blefve
215 1127 23 18 dä
250 1127 6 18 i
269 1129 60 16 större
342 1127 47 22 grad
401 1129 23 16 än
437 1132 69 13 annars
518 1127 53 18 äfven
584 1129 28 16 ett
623 1127 141 18 internationelt
772 1127 57 18 betal-

75 1156 120 23 ningsmedel,
214 1157 66 18 hvaraf
296 1156 33 18 vär
341 1156 69 18 handel
422 1156 36 18 och
471 1156 147 19 affärsväsendet
631 1155 124 19 öfverhufvud
767 1155 62 19 skulle

76 1184 57 18 hafva
152 1185 47 18 bäde
217 1185 63 18 direkt
298 1185 34 18 och
345 1185 81 18 indirekt
438 1185 62 18 fördel
512 1185 30 18 för
555 1187 27 16 att
595 1185 41 18 icke
648 1185 39 18 tala
699 1191 30 12 om
741 1185 88 22 begväm-

75 1213 84 22 ligheten
171 1213 30 18 för
213 1213 22 18 de
248 1213 83 19 resande.

145 1238 87 27 Önskligt
244 1248 54 17 synes
310 1243 39 22 mig
361 1243 75 18 derföre
449 1248 52 15 vara,
514 1245 28 16 att
553 1243 57 22 nödig
623 1242 136 23 framställning
772 1242 6 17 i
791 1243 37 17 äm-

76 1272 32 16 net
120 1271 75 22 gjordes
207 1271 35 18 hos
254 1271 36 18 den
302 1274 52 16 stora
365 1271 129 23 Republikens
507 1271 99 23 Regering.

143 1300 36 23 Jag
191 1300 56 23 vägar
259 1301 73 18 säledes
344 1301 94 18 vördsamt
450 1301 82 22 anhälla,
545 1303 27 16 att
584 1301 77 18 Ständet
681 1301 43 18 ville
736 1301 95 18 remittera

77 1328 51 18 detta
146 1329 41 18 mitt
199 1330 96 17 memorial
307 1330 29 17 till
350 1330 76 18 allmänt
438 1330 74 18 utskott
524 1331 29 17 för
566 1332 27 16 att
605 1330 68 22 afgifva
686 1330 97 18 utlåtande
795 1329 33 17 hu-

75 1358 66 18 ruvida
156 1358 42 18 icke
215 1358 41 18 skäl
274 1358 65 22 finnes,
352 1360 28 16 att
392 1358 29 18 till
433 1358 75 19 landets
521 1359 103 19 Storfurste
636 1359 44 23 ingå
692 1359 42 18 med
748 1364 22 12 en
782 1358 46 23 peti-

76 1386 39 18 tion
127 1386 71 24 derom,
209 1389 27 16 att
248 1388 52 17 Hans
312 1388 89 22 Majestät
413 1388 97 22 behagade
523 1388 95 23 uppdraga
630 1388 28 18 sin
667 1388 60 18 finska
735 1387 94 23 Regering

76 1416 28 16 att
115 1415 74 23 vigtaga
201 1416 66 22 ätgärd
279 1416 7 18 i
298 1416 55 18 ofvan
366 1416 64 23 antydt
442 1416 56 23 syfte.

143 1444 121 23 Helsingfors,
277 1444 35 18 den
325 1445 11 17 6
348 1444 90 18 Februari
452 1446 52 17 1882.

620 1474 20 16 F.
653 1474 22 17 K.
690 1474 69 22 Nydom.

145 1507 91 17 Allmänna
249 1507 160 18 besvärsutskottets
422 1508 107 17 betänkande
541 1508 34 17 N:o
589 1508 27 17 16.
