1011 1678
294 102 249 23 Petitionsbetänkande
557 102 39 23 N:o
610 101 33 24 14.
795 103 24 20 31

94 171 32 20 att
145 169 7 22 i
171 169 74 28 hvarje
267 168 104 23 händelse
389 169 73 21 kunna
482 170 110 20 motsvara
606 168 101 22 framtida
722 167 127 28 fordringar,

93 204 40 22 har
156 204 108 21 utskottet
287 203 74 22 dervid
383 203 68 22 fästat
473 203 37 22 det
531 203 75 25 vilkor,
628 204 33 20 att
678 203 71 21 banan
768 201 82 23 utföres

94 238 66 27 enligt
177 244 82 16 samma
273 239 81 26 system
369 243 47 16 som
431 237 27 22 de
474 237 98 28 nordliga
586 237 160 22 statsbanorna.

162 273 41 21 Vid
222 272 162 22 bestämmande
400 271 23 22 af
436 272 239 21 subventionssumman
691 271 63 22 torde
769 271 81 28 hänsyn

93 307 54 22 böra
165 309 62 25 tagas
246 307 33 21 till
299 306 28 23 de
341 306 83 22 mindre
440 313 125 21 gynsamma
580 306 141 22 ekonomiska
735 306 116 21 förhållan-

94 342 55 22 dena
168 342 7 21 i
193 348 65 15 norra
280 341 61 21 delen
362 340 22 22 af
400 341 80 22 landet.
511 341 41 21 Vid
567 341 79 21 sådant
661 340 134 22 förhållande
811 340 40 22 och

94 376 28 22 då
144 376 37 22 det
201 376 49 22 icke
273 377 24 19 är
316 375 109 22 sannolikt
440 377 34 20 att
488 375 162 27 ifrågavarande
663 374 187 28 jernvägsföretag

93 411 43 22 kan
155 411 86 21 komma
255 410 33 22 till
303 410 71 26 stånd,
391 416 34 16 om
441 410 78 22 endast
535 416 26 16 en
576 410 84 22 mindre
675 410 36 22 del
727 409 22 22 af
763 410 88 26 anlägg-

93 445 185 27 ningskostnaden
293 444 117 28 tillskjutes
426 444 23 22 af
463 446 78 25 staten,
558 445 39 21 har
612 445 109 21 utskottet
736 445 73 21 ansett
819 444 33 26 sig

93 480 54 22 böra
161 480 86 22 förorda
262 486 27 16 en
304 480 134 26 subvention,
456 480 150 22 motsvarande
620 480 27 26 3/,
658 479 23 22 af
689 480 94 21 nämnda
792 479 60 21 kost-

94 515 48 27 nad,
163 515 85 21 hvilken
267 514 117 28 beräknats
400 515 33 21 till
449 516 114 25 4,200,000
578 515 50 27 9,
645 515 52 21 eller
712 514 86 22 således
813 520 39 15 un-

95 550 38 22 der
148 549 153 27 förutsättning
316 549 64 21 häraf
393 551 114 25 3,150,000
523 549 49 27 ye,
588 550 86 21 hvilken
689 555 84 16 summa
783 548 69 22 skulle

94 584 109 22 utbetalas
220 584 23 20 åt
257 584 120 26 Uleåborgs
393 584 49 21 stad
458 584 53 22 eller
527 584 94 22 enskildt
635 584 72 26 bolag,
724 589 47 16 som
781 583 71 21 kunde

94 618 23 22 få
130 618 129 22 koncession
274 618 33 22 för
321 618 115 22 utförande
452 618 23 22 af
488 618 77 27 banan,
582 619 7 21 i
604 618 42 22 den
662 618 49 22 mån
727 618 40 22 och
783 617 28 28 på
827 618 25 21 de

95 653 74 26 vilkor,
186 658 46 16 som
246 652 127 27 regeringen
388 653 54 26 egde
457 653 127 21 bestämma.

164 687 137 22 Beträffande
320 686 151 23 fortställande
490 687 23 22 af
526 687 129 22 fraktsatser
670 687 41 22 och
726 687 81 21 banans
822 686 31 21 in-

95 722 62 22 lösen
179 721 23 22 af
222 723 80 25 staten,
325 721 32 22 får
379 722 110 21 utskottet
509 721 90 22 hänvisa
619 721 32 22 till
668 721 41 22 den
724 721 130 28 föregående

96 763 159 21 gemensamma
269 756 161 27 motiveringen.

167 791 197 22 Sammanfattande
393 791 37 21 det
455 791 74 27 sagda,
555 791 33 22 får
611 791 110 22 utskottet
745 791 110 21 vördsamt

96 825 89 23 föreslå:

269 873 31 20 att
315 871 115 22 ständerna
444 871 54 27 ville,
513 871 48 22 med
574 871 65 22 vilkor
653 871 36 22 och
698 871 103 28 förbehåll
810 878 44 15 som

200 906 107 27 ofvanföre
321 906 72 27 finnas
409 906 94 27 angifna,
520 907 24 20 åt
562 905 115 28 Uleåborgs
692 906 51 21 stad
757 905 48 22 eller
819 913 34 14 en-

198 941 65 21 skildt
273 940 60 27 bolag
344 940 32 22 till
385 941 114 27 utförande
509 941 27 27 af
542 948 24 14 en
570 941 89 27 jernväg
667 941 86 21 emellan
761 940 93 21 nämnda

198 975 61 22 stads
273 975 64 22 hamn
353 975 37 21 och
408 975 76 22 Waala
498 976 36 21 vid
550 975 113 22 Uleåträsk
677 975 38 22 hos
730 975 64 22 Hans
803 975 51 27 Kej-

198 1010 76 27 serliga
287 1009 103 27 Majestät
400 1010 87 26 förorda
498 1017 24 15 en
532 1010 123 22 subvention
664 1009 148 22 motsvarande
828 1010 26 25 3/4

199 1044 26 27 af
237 1044 263 28 anläggningskostnaden.

461 1161 29 20 2.

165 1207 117 26 Angående
304 1207 152 27 sträckningen
480 1207 23 22 af
520 1213 26 16 en
559 1207 90 28 jernväg
664 1213 47 16 som
726 1206 71 22 skulle
812 1205 42 22 för-

95 1241 67 22 binda
179 1241 134 28 Björneborg
331 1242 49 21 med
399 1242 180 26 stambanenätet,
598 1242 40 21 har
656 1242 110 21 utskottet
781 1241 7 21 i
805 1240 49 22 dess

95 1275 93 28 tidigare
206 1276 137 21 betänkande
358 1277 53 20 utan
426 1276 249 27 meningsskiljaktighet
688 1275 99 22 förordat
801 1275 53 21 rikt-

95 1310 78 27 ningen
188 1310 61 27 längs
265 1310 70 22 Kumo
351 1310 65 22 elfdal
432 1311 34 21 till
481 1310 119 27 Loimijoki,
616 1310 53 22 eller
683 1316 69 15 annan
763 1309 91 22 närabe-

95 1344 134 28 lägenpunkt
247 1344 30 28 på
295 1344 108 22 bandelen
417 1339 47 27 Åbo
480 1345 88 27 Toijala,
584 1345 41 21 och
640 1344 61 27 ingår
716 1344 71 22 denna
802 1344 52 21 ban-

96 1379 125 27 sträckning
241 1378 72 22 såsom
333 1385 27 15 en
379 1379 35 21 del
429 1379 22 21 af
466 1380 41 21 den
522 1385 17 16 s.
554 1379 21 21 k.
592 1379 112 27 sydvestra
719 1378 134 22 stambanan.

95 1413 42 22 Vid
160 1413 159 27 handläggning
342 1413 23 22 af
383 1414 42 21 den
443 1414 93 26 petition
554 1420 48 15 som
616 1414 114 22 inlemnats
746 1412 23 22 af
782 1418 72 22 repre-

165 1452 180 23 Jernvägutskottets
358 1452 118 18 betänkande
488 1454 37 17 N:o
536 1454 17 17 2.
