1014 1678
177 143 24 19 14
353 140 233 25 Petitionshetänkande
605 143 36 22 N:o
660 142 32 23 13.

142 209 80 18 Finland
235 209 6 17 i
254 209 52 18 såväl
319 209 92 18 materielt
424 214 39 12 som
476 209 35 17 ock
520 209 6 17 i
535 209 101 22 synnerhet
645 208 73 23 andligt
725 207 95 18 afseende.
843 206 56 18 Joen-

142 243 34 12 suu
195 238 115 23 fyrklassiga
328 238 70 22 lyceum
417 238 34 17 har
464 238 47 18 varit
523 238 36 17 den
572 237 48 18 enda
632 236 159 23 bildningskällan
803 236 6 17 i
817 235 44 17 hela
869 234 32 18 det

144 266 80 19 område,
244 272 40 13 som
300 267 84 18 sträcker
397 266 28 23 sig
437 266 40 18 från
490 266 88 22 Ladogas
591 266 86 18 stränder
690 265 35 18 allt
737 264 49 18 ända
797 264 29 18 till
838 264 63 17 Maan-

144 295 53 18 selkä
215 296 35 17 och
271 301 43 13 som,
333 295 25 23 pä
376 298 26 15 ett
421 295 73 18 afständ
511 294 39 18 frän
563 295 85 17 Joensuu
660 294 20 18 af
693 294 32 17 140
738 295 54 17 verst,
806 292 59 18 under
878 297 22 12 en

143 324 129 22 utsträckning
284 324 20 17 af
314 325 34 16 350
360 326 51 15 verst
423 325 60 16 stöter
492 324 27 17 till
529 324 56 22 ryska
593 325 87 21 gränsen.
698 323 8 17 I
715 322 61 18 denna
785 320 116 19 vidsträckta

143 352 87 18 landsdel
248 351 61 20 finnas
328 352 84 23 omkring
430 353 75 17 200.000
523 352 118 21 innevånare,
659 351 64 18 hvilka
740 351 41 17 icke
794 352 44 16 utan
851 350 51 17 stora

144 381 117 22 svärigheter
274 381 62 18 kunna
348 381 61 18 vända
421 381 28 23 sig
462 381 29 18 till
504 381 57 23 nägot
573 383 58 16 annat
642 379 88 19 läroverk
742 381 24 16 än
778 379 84 18 Joensuu
874 377 27 24 ly-

144 414 58 13 ceum.
227 409 40 18 Och
280 409 78 19 oaktadt
370 409 23 18 de
406 410 68 23 mänga
486 410 67 18 besvär
565 409 35 18 och
613 411 52 16 stora
677 407 107 20 kostnader,
799 412 39 13 som
851 406 50 18 skol-

144 438 83 23 gängens
239 438 125 19 fortsättande
376 439 6 17 i
395 439 59 18 andra
465 439 25 22 pä
502 439 55 17 minst
570 439 32 16 140
615 439 60 16 versts
688 436 75 19 afständ
775 436 81 22 belägna
864 436 38 17 stä-

145 467 38 22 der,
202 467 33 18 der
249 467 122 23 fullständiga
383 467 62 24 lyceer
458 467 66 22 finnas,
537 467 41 18 icke
591 467 34 18 har
638 467 72 17 kunnat
722 467 56 16 annat
790 467 24 16 än
826 463 77 18 inverka

145 495 111 18 hämmande
270 496 24 23 pä
306 496 113 22 densamma,
432 496 35 18 och
479 496 32 18 det
525 496 20 18 sä
557 496 74 23 mycket
643 500 39 13 mer
694 500 40 13 som
747 496 59 21 vägen
819 493 28 18 till
860 492 41 18 sko-

145 525 31 17 lan
194 524 41 18 från
248 524 60 23 några
320 526 51 17 orter
384 525 58 22 stiger
455 525 29 18 till
497 526 34 16 250
543 524 11 19 a
566 525 33 17 300
612 527 55 19 verst,
680 524 34 17 har
727 523 57 18 likväl
797 524 27 16 ett
836 521 67 24 tydligt

144 553 142 18 framträdande
305 553 154 23 bildningsbehof
475 553 20 18 åt
513 553 52 18 detta
580 553 88 18 läroverk
680 551 124 20 tillförsäkrat
817 556 23 13 en
851 550 53 22 långt

145 584 62 15 större
226 581 129 23 elevfregvens
374 584 24 16 än
415 582 49 18 hvad
477 582 54 18 fallet
543 582 47 18 varit
601 582 7 17 i
620 581 59 18 andra
691 581 53 18 delar
757 580 20 18 af
787 579 70 19 landet,
870 578 34 19 der

145 610 124 23 fullständiga
287 611 62 22 lyceer
365 611 66 18 finnas.
455 611 121 18 Elevantalet
587 611 7 17 i
607 611 102 18 detsamma
721 610 35 17 har
769 609 58 18 under
838 609 23 16 20
874 607 30 18 års

146 639 74 22 förlopp
238 639 52 23 stigit
308 639 41 18 frän
368 640 22 17 60
406 639 28 18 till
448 641 39 16 120.
511 639 36 18 Till
560 639 51 18 detta
624 638 86 24 stigande
723 638 56 18 hafva
790 637 6 18 i
808 637 38 22 hög
858 636 45 23 grad

146 667 82 23 bidragit
240 667 24 18 de
277 667 5 18 i
296 667 54 19 dessa
362 668 64 22 nejder
438 668 25 22 pä
475 673 66 13 senare
554 668 49 18 tider
615 667 94 19 inrättade
720 668 19 16 11
749 666 111 20 folkskolor,
869 665 35 17 och

146 696 24 18 dä
188 696 47 18 flera
254 696 21 18 af
292 696 56 18 dessa
365 696 94 23 knappast
474 696 56 18 hafva
542 697 66 18 hunnit
619 696 53 23 börja
685 696 29 18 sin
726 695 118 18 verksamhet
857 696 47 16 samt

148 730 37 17 nya
198 724 71 19 sådana
281 724 41 18 med
335 724 33 19 det
379 725 58 18 första
451 726 54 17 skola
516 726 85 21 inrättas,
613 726 37 17 kan
662 730 42 13 man
717 724 42 18 med
772 723 41 18 skäl
826 723 77 22 hoppas.

146 755 29 16 att
187 756 28 15 ett
226 753 119 23 fullständigt
357 753 71 23 lyceum
441 754 6 17 i
459 753 84 19 Joensuu
555 754 61 18 skulle
625 754 63 17 kunna
694 753 84 22 päräkna
786 753 28 16 ett
822 751 83 18 tillräck-

147 782 36 23 ligt
199 782 52 18 anta]
264 782 68 18 elever.
356 782 62 18 Dessa
431 783 41 18 skäl
485 783 53 18 torde
551 783 16 22 ej
581 783 55 17 hafva
648 781 80 23 undgått
740 779 129 22 skolkomitön,
882 779 23 18 dä

146 811 37 17 den
195 810 111 18 framstälde
318 811 71 22 förslag
401 817 30 12 om
443 811 142 23 ifrägavarande
598 811 97 18 läroverks
708 809 109 23 utvidgning
828 808 31 18 till
865 807 41 18 full-

148 839 86 23 ständigt,
255 839 72 18 hvilket
344 839 73 23 förslag
431 839 54 18 äfven
498 840 136 18 understöddes
648 839 20 18 af
679 837 189 23 skolöfverstyrelsen
880 837 27 17 uti

147 868 43 17 dess
204 867 28 18 till
245 868 42 23 Kej.
300 868 81 17 Senaten
394 868 69 23 afgifva
476 869 102 17 utlätande.
597 868 45 18 Med
655 867 102 22 anledning
769 865 56 19 häraf
832 865 75 18 anhälla

147 897 17 17 vi
178 896 107 23 ödmjokast
297 899 27 16 att
336 896 32 19 det
380 897 117 18 hedervärda
509 897 140 18 Bondeständet
661 896 44 18 ville
718 896 28 17 för
755 897 29 16 att
793 894 114 22 tillmötesgå

148 925 61 18 denna
221 925 6 18 i
240 931 57 12 norra
315 925 81 18 Karelen
415 925 78 18 allmänt
510 925 83 18 uttalade
613 925 77 22 önskan,
709 923 117 19 understöda
838 925 27 16 ett
877 922 29 19 till

148 954 52 18 Hans
213 953 107 24 Kejserliga
331 954 90 23 Majestät
433 954 63 19 stäldt,
507 954 122 23 underdånigt
638 953 162 23 petitionsförslag
808 952 6 17 i
823 951 47 23 syfte
880 953 28 16 att

392 990 43 14 som
451 985 70 24 tillägg
536 985 30 19 till
580 985 25 20 de
618 981 154 27 finskspråkiga
786 983 75 22 skolor,
877 987 31 14 om

356 1018 67 20 hvilka
447 1019 28 24 af
487 1021 68 17 senast
570 1018 129 25 församlade
713 1017 84 20 ständer
812 1017 7 19 i
834 1016 74 19 under-

356 1051 97 26 dänighet
468 1052 96 21 anhållan
579 1053 89 25 gjordes,
681 1052 91 20 Joensuu
780 1050 128 26 fyrklassiga

356 1088 77 24 lyceum
455 1086 60 21 måtte
537 1088 92 24 utvidgas
648 1088 30 19 till
696 1089 26 17 ett
734 1085 130 25 fullständigt
879 1085 29 19 lä-

356 1122 79 20 roverk.

217 1154 124 23 Helsingfors,
356 1154 36 18 den
408 1156 6 15 1
427 1154 92 18 Februari
533 1156 50 16 1882.

218 1201 75 24 Mikko
312 1204 98 22 Heikura,
633 1202 72 23 Pekka
724 1199 115 29 Leppänen.

218 1244 56 22 Antti
294 1244 107 22 Pohakka.
631 1244 57 21 Elias
708 1242 108 22 Hirvonen,

306 1320 51 18 Till
375 1320 139 23 Välloflige
531 1318 225 25 Borgarertändet!

220 1359 38 18 Till
272 1359 43 23 följe
329 1360 20 17 af
360 1362 186 20 representanternes
559 1359 28 18 för
599 1358 126 18 Tammerfors
738 1357 42 18 stad
793 1357 30 17 vid
836 1357 76 17 sednast

150 1388 65 18 hållna
233 1388 93 22 landtdag
343 1388 68 18 väckta
426 1388 79 22 petition
522 1388 55 18 hafva
590 1387 104 19 Ständerne
708 1386 26 18 uti
747 1386 35 18 den
797 1386 20 18 af
828 1385 41 18 dem
882 1385 30 18 vid

151 1421 70 13 samma
233 1416 92 23 landtdag
338 1416 70 24 afgifna
420 1417 127 22 underdäniga
560 1416 80 23 petition
652 1415 81 19 rörande
746 1414 88 19 skolorne
847 1414 64 18 anhäl-

150 1445 24 18 lit
187 1448 33 19 att,
234 1445 69 22 derest,
315 1445 7 17 i
334 1446 94 18 anseende
441 1446 28 18 till
483 1446 157 22 eleviregvensen,
655 1444 65 23 nödigt
733 1443 61 19 blefve
807 1445 28 17 att
843 1442 70 19 inrätta

223 1482 108 19 Allmänna
346 1482 190 20 Besvärsutskollets
551 1481 129 21 betänkande
695 1481 39 19 N:o
750 1480 34 20 13.
