1014 1678
273 134 251 23 Petitionsbetänkande
538 135 38 23 N:o
591 135 29 22 16.

277 439 233 24 Statsutskottets
532 440 173 23 betänkande
724 440 44 23 N:o
788 439 13 23 6
821 439 8 22 i

209 474 119 29 anledning
344 474 25 23 af
382 475 33 22 ett
434 475 4 22 i
453 475 166 29 Ridderskapet
630 475 40 22 och
680 475 72 22 Adeln
762 474 68 23 väckt

208 509 194 30 petitionsförslag
412 509 116 29 angående
536 509 184 30 jordskatternas
727 509 102 23 förvand-

209 544 48 29 ling
271 544 37 23 till
323 544 41 23 fixt
378 545 198 29 penningebelopp.

141 608 159 27 Ridderskapet
323 608 41 22 och
386 608 70 22 Adeln
476 609 40 22 har
535 615 77 21 genom
629 608 201 28 protokollsutdrag

72 643 22 22 af
108 643 41 22 den
165 645 26 19 14
207 643 98 22 sistlidne
320 643 110 27 Februari,
446 643 151 23 innehållande
610 644 80 27 jemväl
706 650 26 16 en
747 644 8 21 i
769 645 61 20 ären-

73 678 38 22 det
124 677 49 23 förd
183 678 131 27 diskussion,
325 678 34 21 till
370 678 182 22 Statsutskottets
562 678 118 28 beredning
692 678 140 22 öfverlemnat

73 714 32 20 ett
120 712 117 28 sälydande
252 712 198 28 petitionsförslag
441 708 12 36 :

332 770 113 22 Vördsamt
459 771 114 22 memorial.

143 820 40 18 Den
198 820 100 18 förnämsta
313 820 126 22 anmärkning,
455 826 40 12 som
510 820 6 18 i
531 820 90 18 kameralt
635 820 104 18 hänseende
750 820 32 18 och
793 820 40 17 från

73 849 155 23 jordbrukarenas
250 849 39 17 sida
308 848 60 18 blifvit
387 848 54 24 gjord
460 851 51 16 emot
529 850 273 23 räntepersedelomsättningen
817 848 19 18 af

78 876 59 23 1840,
153 880 26 20 är,
195 880 27 16 att
237 878 90 18 ordinarie
342 879 76 17 räntans
433 878 150 23 penningevärde
599 878 104 23 derigenom
714 878 52 24 stigit
776 878 5 17 i
793 878 41 18 vida

75 908 59 17 större
155 907 122 23 progression,
297 908 24 16 än
340 906 51 18 fallet
409 907 59 17 skulle
488 908 48 17 varit
554 908 62 17 derest
634 908 60 17 denna
708 908 50 17 skatt
773 907 61 18 fortfa-

75 936 56 18 rande
150 936 47 18 hade
217 936 99 18 beräknats
334 936 6 17 i
356 936 22 18 de
398 936 124 23 mångfaldiga
542 937 61 21 alster,
619 942 38 12 som
672 937 23 17 do
710 937 60 23 gamla
786 942 14 12 s.
816 936 18 17 k.

75 965 176 23 undervisningarne
271 965 100 17 bestämde.
402 964 35 19 Att
456 965 65 23 återgå
536 966 28 17 till
580 966 52 18 detta
646 966 60 22 gamla
721 967 67 22 system
802 965 34 17 har

76 994 47 18 dock
138 994 29 17 till
186 994 44 23 följd
246 994 19 17 af
277 994 42 17 dess
338 996 67 21 ytterst
420 994 137 23 komplicerade
572 994 34 18 och
621 995 76 22 brokiga
713 994 125 19 beskaffenhet

77 1023 39 18 icke
134 1023 71 18 kunnat
220 1023 6 17 i
241 1023 50 22 fråga
311 1023 78 17 komma.
420 1023 27 17 De
463 1023 91 18 särskilda
568 1029 36 18 nya
618 1023 68 23 förslag
700 1023 28 18 till
744 1025 94 21 ränteper-

77 1052 93 17 sedlarnes
185 1052 169 22 sammansättning,
370 1051 62 18 hvilka
447 1052 57 17 sedan
524 1050 52 20 1863
593 1052 47 18 varit
654 1052 76 18 föremål
744 1052 28 18 för
790 1051 49 24 pröf-

77 1081 50 22 ning,
149 1080 54 19 hafva
222 1081 32 17 det
273 1086 35 12 ena
327 1080 45 18 efter
392 1080 32 18 det
442 1081 58 18 andra
520 1081 47 18 visat
580 1081 28 22 sig
623 1081 39 18 icke
678 1083 92 16 motsvara
785 1081 54 23 syfte-

78 1109 61 23 mälet,
153 1111 29 16 att
197 1109 55 18 vinna
267 1115 22 12 en
305 1109 172 23 beräkningsgrund
492 1115 39 12 som
546 1110 58 18 skulle
620 1110 80 18 utesluta
715 1110 123 23 skattebelop-

77 1140 42 21 pets
133 1139 124 23 nyssnämnda
271 1138 87 23 stegring.

147 1167 10 18 I
179 1167 33 18 sitt
234 1167 125 23 underdäniga
378 1173 42 12 svar
438 1167 6 17 i
464 1167 100 23 anledning
584 1167 20 18 af
616 1167 51 18 Hans
682 1167 103 24 Kejserliga
800 1167 40 18 Ma-

77 1196 66 23 jestäts
166 1196 66 23 nådiga
253 1196 121 23 proposition,
394 1195 96 23 angående
510 1196 108 18 förändrade
638 1196 79 23 grunder
736 1196 29 18 för
780 1197 60 16 ränte-

79 1225 219 23 persedleomsättningen
313 1225 6 17 i
334 1225 68 21 landet,
418 1225 82 17 uttalade
516 1227 63 16 senast
594 1225 107 18 församlade
716 1225 75 18 ständer
805 1225 35 17 den

79 1253 127 24 Ofvortygelso,
222 1255 28 16 att
265 1254 134 22 grundräntans
414 1254 116 23 omsättning
544 1254 6 17 i
565 1259 70 18 pengar
649 1259 43 13 vore
708 1254 36 18 den
752 1254 90 21 enklaste,

79 1284 48 16 mest
141 1283 90 17 rationela
245 1283 34 17 och
294 1283 60 17 tillika
368 1282 152 23 fördelaktigasto
536 1284 56 21 utväg
607 1284 28 16 att
650 1283 38 17 lösa
703 1283 35 18 den
754 1283 20 18 sä
788 1283 54 22 länge

80 1313 43 16 utan
146 1311 95 23 framgång
262 1311 114 18 behandlade
399 1311 69 22 frågan,
489 1311 46 18 huru
556 1311 22 18 de
598 1312 7 17 i
622 1311 104 18 manifestet
744 1311 20 18 af
777 1311 36 18 den
829 1309 11 20 9

80 1340 53 23 April
151 1339 53 19 1840
220 1340 108 17 föreskrifna
342 1340 80 22 grunder
432 1339 29 18 för
471 1340 92 18 ordinarie
574 1341 75 17 räntans
657 1341 117 17 beräknande
785 1340 57 18 borde

80 1368 95 18 förändras
190 1369 29 17 till
235 1368 91 18 ernäende
341 1368 20 18 af
374 1369 58 17 större
448 1369 67 22 stadga
529 1369 4 17 i
544 1369 80 17 nämnda
634 1369 112 17 skattetitels
756 1369 85 23 peninge-

81 1397 62 18 värde.
173 1397 27 18 Pä
218 1398 56 17 sädan
294 1397 64 23 grund,
379 1397 34 18 och
428 1397 24 17 dä
471 1397 97 18 enahanda
583 1398 39 17 skäl
637 1398 63 22 gjorde
715 1398 28 23 sig
758 1398 84 22 gällande

81 1426 54 18 äfven
149 1426 114 18 beträffande
279 1426 57 23 öfriga
351 1426 51 17 titlar
418 1426 20 17 af
448 1426 193 23 jordbeskattningen,
657 1426 73 18 anhöllo
744 1426 99 18 ständerna

81 1456 30 16 att
125 1455 80 23 följande
221 1455 88 22 landtdag
324 1454 57 18 mätte
396 1454 104 23 föreläggas
515 1457 28 15 ett
557 1455 42 17 hela
613 1455 63 18 landet
686 1455 112 18 omfattande
808 1455 36 17 för-

152 1490 151 18 Statsutskotteis
315 1490 117 18 betänkande
444 1491 37 17 N:o
494 1492 17 16 6.
