1023 1675
293 116 244 20 Petitionsbetänkande
549 116 38 18 N:o
600 116 32 18 32.
797 116 21 17 11

85 175 105 28 styrelsen
205 174 34 22 för
254 174 149 21 skolväsendet
418 173 142 22 öfverlemnas
576 175 32 19 att
623 173 55 21 efter
692 172 87 22 samräd
794 171 48 22 med

85 208 161 23 vederbörande
268 208 187 28 lärarekollegium
470 208 41 21 och
526 208 67 20 sedan
608 206 120 22 skolrädets
742 205 100 29 yttrande

84 244 116 21 inhemtats
215 243 76 21 härom
305 242 7 21 i
328 242 73 27 hvarje
415 242 39 21 fall
468 241 92 22 besluta.

157 277 21 27 5)
194 276 32 22 Pä
240 276 79 28 lyceets
335 276 67 28 fjerde
417 276 58 21 klass
490 276 98 27 vidtager
603 276 82 26 latinet,
693 274 29 28 pä
730 274 41 22 den
779 275 64 21 femte

86 311 124 21 alternativt
232 311 64 27 ryska
318 310 52 22 eller
392 310 99 28 grekiska
506 312 56 19 samt
577 308 29 28 pä
622 309 41 21 den
678 309 62 27 sjette
756 308 87 22 franska

86 344 94 29 språket.
217 345 75 21 Ehuru
315 345 35 21 det
372 344 134 22 sistnämnda
521 343 83 22 således
620 345 24 19 är
660 343 70 21 afsedt
744 344 32 20 att
791 349 52 14 vara

87 382 31 19 ett
133 379 150 28 obligatoriskt
298 380 62 20 ämne
375 379 6 20 i
395 378 80 28 lyceets
490 378 106 27 läroplan,
612 378 44 21 kan
672 378 60 26 dock,
748 376 32 22 till
788 376 55 22 före-

86 414 128 21 kommande
229 413 24 21 af
266 413 220 27 öfveransträngning,
503 412 45 22 elev
563 411 28 29 pä
606 412 70 27 grund
692 412 24 20 af
728 410 116 22 mälsmans

87 446 73 23 derom
176 447 102 22 särskildt
292 447 127 21 framstälda
434 446 102 22 anhållan
552 446 80 22 befrias
655 445 48 22 från
719 446 124 20 detsamma.

86 482 10 21 I
120 482 122 21 realskolan
264 481 46 21 åter
332 481 97 21 inträder
451 481 80 27 ryskan
554 480 13 22 å
585 480 69 28 fjerde
673 482 55 19 samt
744 478 100 28 engelska

86 515 88 28 språket
189 515 13 22 å
216 516 65 21 femte
296 515 91 21 klassen.
417 515 61 21 Dock
492 514 68 22 borde
575 515 32 21 uti
619 513 225 27 skolorna
728 509 12 38 i
753 513 91 27 Wiborgs

88 550 36 21 län
147 550 98 22 eleverna
263 548 81 23 tillåtas
366 551 32 20 att
420 548 13 23 å
455 549 27 22 de
505 552 33 19 tre
557 549 71 28 lägsta
643 548 111 22 klasserna
768 547 76 28 utbyta

87 585 101 26 teckning
203 587 45 18 mot
263 585 64 27 ryska
342 583 93 28 språket.

157 618 75 22 Såsom
254 619 47 20 skäl
322 618 34 21 för
372 618 62 21 dessa
449 618 153 27 förändringar
617 617 85 22 anföres
718 617 7 20 i
740 615 104 22 komiténs

87 653 143 26 betänkande,
245 655 32 19 att
292 659 76 21 genom
383 653 86 21 latinets
484 652 160 28 uppskjutande
660 651 32 22 till
706 652 66 27 högre
787 649 58 22 klass

87 687 37 21 två
142 687 119 27 väsentliga
280 687 95 21 fördelar
389 687 68 21 borde
471 687 85 21 vinnas:
580 689 30 18 ett
625 687 100 20 närmare
740 684 105 22 samband

88 721 92 21 emellan
197 721 107 21 realskola
323 721 40 22 och
379 721 88 28 lyceum,
484 721 138 27 hvarigenom
638 719 144 28 öfvergången
797 718 48 21 från

88 756 36 21 det
146 763 41 14 ena
208 755 121 22 läroverket
351 755 32 21 till
407 755 35 21 det
464 755 70 21 andra
552 754 162 22 underlättades
738 753 39 22 och
794 752 52 28 godt

88 793 106 24 utrymme
208 789 35 22 för
257 789 251 28 undervisningstimmar
523 790 7 20 i
546 789 90 21 svenska
651 789 40 21 och
706 788 69 21 finska
785 785 60 29 sprä-

88 824 41 20 ken
152 823 68 21 skulle
243 823 99 27 erhållas,
358 823 79 21 hvilket
453 822 46 22 åter
516 823 180 21 öfverensstämde
711 822 48 21 med
775 821 41 21 den
838 820 8 20 i

88 857 75 22 landet
185 857 45 22 ofta
252 858 96 21 uttalade
368 858 39 20 och
423 857 62 21 äfven
502 858 24 20 af
540 858 47 20 dess
604 857 91 21 Ständer
710 856 35 21 vid
761 857 84 19 senaste

88 891 104 28 landtdag
214 892 110 27 uttryckta
346 892 87 26 önskan,
453 894 34 18 att
503 892 26 21 de
544 892 68 27 begge
627 891 111 21 inhemska
754 888 92 28 spräken

88 926 68 21 redan
178 926 8 20 i
206 926 75 21 skolan
304 926 66 21 borde
394 926 129 27 grundligen
542 926 87 21 inläras.
663 924 77 22 Dertill
755 924 91 25 komme,

91 960 67 27 enligt
172 960 105 21 komitens
300 960 144 27 förmenande,
460 962 60 19 ännu
535 960 68 21 andra
618 960 97 21 fördelar
730 958 24 22 af
768 959 79 20 största

88 994 116 28 betydelse.
235 994 47 22 Den
297 994 135 28 nödvändiga
447 994 140 28 tudelningen
602 994 24 21 af
639 994 125 21 läroverken
780 992 67 22 skulle

89 1028 19 28 ej
132 1028 88 22 inträffa
244 1028 98 28 tidigare,
366 1030 26 19 än
409 1031 32 19 att
456 1028 80 26 eleven,
552 1036 46 14 som
613 1027 71 29 utgått
699 1027 49 22 från
762 1027 85 21 botten-

89 1062 82 26 skolan,
193 1063 68 21 redan
283 1063 67 21 borde
369 1063 72 21 kunna
458 1063 80 21 lättare
554 1063 106 27 redogöra
675 1062 33 21 för
724 1062 48 21 sina
786 1061 61 21 beve-

88 1096 160 28 kelsegrunder,
272 1096 28 22 dä
322 1097 43 22 han
387 1097 67 28 väljer
473 1097 38 21 sitt
530 1097 135 28 lefnadsyrke
681 1096 40 22 och
736 1096 62 27 afgör
813 1102 35 14 om

89 1131 37 22 det
148 1131 100 21 ändamäl
270 1131 34 22 för
326 1131 79 22 hvilket
419 1132 43 20 han
478 1131 94 22 sträfvar
587 1133 33 20 att
634 1131 84 21 utbilda
733 1131 39 27 sig.
802 1129 46 22 Och

89 1165 90 22 emedan
197 1165 149 22 hbottenskolan
365 1173 38 14 var
421 1165 77 22 afsedd
517 1168 32 19 att
564 1165 98 22 meddela
678 1165 106 22 afslutade
798 1164 50 21 kur-

90 1206 41 19 ser,
147 1199 71 22 kunde
234 1207 50 14 man
298 1200 49 21 med
362 1199 46 22 skäl
424 1200 91 27 hoppas,
532 1202 32 19 att
579 1199 109 22 elevernas
698 1199 104 26 förtidiga
817 1198 31 21 af-

89 1233 58 28 gäng
169 1233 49 22 frän
240 1233 27 22 de
288 1233 90 28 publika
396 1233 109 26 skolorna,
522 1241 45 14 som
582 1233 84 22 härtills
681 1233 56 22 varit
752 1233 44 20 rätt
811 1239 37 14 an-

90 1268 76 27 senlig,
189 1268 7 20 i
218 1267 116 22 framtiden
356 1267 69 22 blefve
448 1268 107 27 betydligt
570 1268 90 25 mindre,
676 1268 71 21 derest
770 1266 41 21 den
827 1267 24 20 af

90 1301 94 22 komitön
199 1302 122 27 föreslagna
336 1301 153 28 förändringen
505 1303 7 20 i
528 1302 111 21 skolornas
655 1301 146 28 organisation
814 1308 34 20 ge-

90 1336 130 21 nomfördes.

160 1370 114 21 Gentemot
296 1371 63 20 dessa
381 1370 95 21 fördelar
499 1370 71 21 kunde
586 1370 94 21 komitén
694 1370 47 21 icke
756 1369 93 21 tillmäta

90 1404 42 22 den
154 1405 24 20 af
194 1404 92 28 mången
302 1405 62 28 hysta
379 1404 113 28 farhägan,
510 1408 32 18 att
558 1406 51 20 enär
624 1412 76 20 genom
716 1404 87 21 latinets
818 1403 31 21 af-

160 1444 96 26 Allmänna
269 1445 162 17 Besvärsutskottets
441 1445 107 16 betänkande
561 1445 34 16 N:o
608 1445 28 16 18.
