1011 1678
182 107 28 20 30
360 105 251 23 Petitionsbetänkande
625 106 39 23 N:o
679 106 31 23 14.

220 172 104 22 Deremot
347 172 62 22 torde
432 173 38 21 det
488 173 74 21 kunna
581 174 69 20 sättas
666 173 6 21 i
687 172 62 28 fråga
764 179 34 16 om
814 172 95 23 trafikin-

151 206 100 22 komsten
275 206 129 23 åtminstone
426 208 69 21 under
516 208 27 21 de
565 207 69 22 första
656 208 52 22 åren
727 208 56 22 skall
803 210 108 20 motsvara

153 240 41 22 den
211 241 125 22 beräknade
350 248 105 16 summan.
471 254 28 3 —
514 242 44 22 Det
572 242 84 22 fordrar
670 242 108 27 nemligen
794 243 70 27 någon
879 242 32 21 tid

151 276 65 21 innan
231 276 145 27 sågindustrin
393 277 108 21 etablerat
515 277 34 27 sig
563 276 36 23 vid
614 277 123 26 Uleåträsk,
753 277 40 22 och
804 277 107 22 måhända

151 310 115 22 uteblifver
281 310 61 23 äfven
356 311 71 27 någon
443 318 70 14 annan
528 311 35 22 del
579 310 23 22 af
616 312 41 21 den
672 312 124 22 beräknade
812 311 97 22 trafiken.

151 344 129 22 Emellertid
295 351 62 21 synes
373 345 38 22 det
426 345 114 28 sannolikt,
557 347 33 20 att
604 345 187 22 trafikinkomsten
807 346 67 21 redan
885 345 26 22 de

150 379 69 22 första
234 379 52 22 åren
302 380 54 21 skall
370 380 95 22 betäcka
479 380 179 27 driftkostnaden,
675 381 40 22 och
731 381 22 21 af
765 381 41 22 den
818 380 93 23 erfaren-

151 413 38 22 het
208 420 49 15 man
273 414 39 22 hos
328 421 35 16 oss
379 415 76 22 vunnit
471 421 34 16 om
518 415 154 28 jernvägarnes
687 415 97 28 förmåga
800 417 32 20 att
847 415 63 21 fram-

151 448 59 22 kalla
230 449 83 22 rörelse
336 449 22 22 af
378 450 150 27 mängahanda
548 450 53 27 slag,
621 456 47 16 som
686 450 19 27 ej
720 451 82 21 kunnat
818 450 12 21 a
845 449 66 28 priori

151 482 101 28 förutses,
272 484 62 21 torde
349 484 37 21 det
401 484 19 28 ej
437 491 52 15 vara
503 485 87 27 mycket
605 485 139 27 sangviniskt,
760 491 35 16 om
810 491 49 15 man
873 485 38 21 vä-

151 523 39 21 gar
208 519 87 26 antaga,
316 520 32 20 att
365 519 58 21 inom
439 525 27 16 en
482 519 18 28 ej
517 519 95 27 aflägsen
627 519 88 22 framtid
731 520 40 21 den
786 519 7 22 i
808 519 103 27 förslaget

151 552 126 23 beräknade
292 553 187 22 trafikinkomsten
495 554 54 21 skall
565 555 90 27 uppnäs.

219 587 33 21 Pä
268 587 68 28 grund
351 587 23 22 af
387 588 38 22 det
440 588 68 27 sagda
524 589 40 21 och
579 588 56 22 hvad
651 589 7 21 i
673 588 237 28 petitionsmemorialet

151 621 73 22 vidare
247 621 129 28 framhälles,
401 625 56 20 samt
476 623 131 22 hänvisande
623 623 32 22 till
672 623 40 22 den
728 623 130 27 föregäende
873 629 37 21 ge-

151 662 132 16 mensamma
304 657 161 27 motiveringen,
489 658 39 21 har
546 658 110 22 utshottet
675 658 105 25 enhälligt
800 657 110 22 omfatttat

152 690 41 22 den
209 690 64 28 äsigt,
290 692 32 20 att
337 691 37 22 det
389 698 51 15 vore
456 692 33 21 till
504 692 84 22 landets
604 698 69 16 sanna
686 692 69 22 fördel
772 698 34 16 om
817 698 26 16 en
851 692 59 27 jern-

151 724 185 27 vägsförbindelse
359 726 92 21 emellan
471 726 109 27 Uleäborg
600 727 40 21 och
656 726 77 22 Waala
749 726 71 22 kunde
836 726 74 21 ästad-

151 759 105 22 kommas.

220 793 35 22 Dä
270 795 107 21 utskottet
392 795 7 21 i
414 795 50 22 dess
479 795 137 22 betänkande
632 801 34 16 om
677 795 233 22 stambanesträcknin-

151 833 66 22 garne
240 830 74 20 ansett
335 831 32 20 att
391 829 37 22 det
447 829 32 22 för
494 831 132 21 närvarande
641 836 51 16 vore
707 830 59 21 svärt
781 831 33 20 att
828 829 79 27 afgöra,

150 862 87 23 hvilken
253 863 126 28 sträckning
393 870 51 15 vore
459 865 40 21 den
514 865 137 27 lämpligaste
666 865 33 22 för
712 865 106 22 bandelen
829 865 80 21 Wuoli-

148 897 191 28 joki—Uleäborg,
361 898 7 21 i
392 899 37 21 det
451 900 33 20 att
505 899 33 22 för
560 899 106 22 hvardera
689 899 23 22 af
732 899 26 22 de
782 899 128 22 alternativa

149 931 91 22 linierna
262 927 223 38 Wuolijoki—Kestilä
502 934 120 27 -Uleäborg
637 933 40 22 och
688 933 222 28 Wuolijoki-Waala

150 966 138 27 —Uleäborg
302 967 57 27 goda
373 967 48 22 skäl
437 968 72 21 kunna
524 968 92 27 anföras,
632 968 40 22 har
687 968 37 22 det
738 968 66 21 motiv
820 968 31 21 till
866 967 43 23 för-

149 1000 50 21 män
220 1000 36 22 för
275 1001 36 22 det
330 1007 73 16 serare
423 1002 143 27 alternativet,
582 1008 47 16 som
644 1003 70 27 ligger
729 1003 46 21 deri
791 1004 33 20 att
839 1003 70 21 banan

150 1034 70 22 skulle
242 1035 83 22 utföras
348 1036 40 22 och
411 1036 112 22 trafikeras
547 1037 72 22 såsom
641 1037 129 27 privatbana
791 1037 29 27 pä
839 1038 45 20 sätt
902 1037 7 21 i

149 1069 121 27 petitionen
292 1070 129 27 framhälles,
441 1071 48 22 icke
508 1072 132 22 medverkat.
670 1071 146 27 Upptagande
834 1071 75 27 frägan

149 1110 26 14 ur
190 1103 72 23 denna
278 1105 108 27 synpunkt
401 1106 32 21 till
444 1112 27 21 ny
481 1106 105 27 pröfning,
597 1106 69 22 finner
675 1106 109 22 utskottet
794 1108 35 20 att
839 1106 70 21 denna

149 1138 162 28 omständighet
325 1140 41 21 kan
382 1140 67 21 verka
464 1140 122 27 afgörande.

217 1173 67 22 Utom
300 1173 61 23 ofvan
377 1174 89 22 anförda
481 1176 93 26 grunder
589 1175 33 22 för
636 1175 174 22 önskvärdheten
821 1176 32 20 att
864 1176 43 20 sta-

149 1208 36 20 ten
208 1207 72 22 skulle
302 1208 133 22 understöda
457 1209 123 22 utförandet
602 1210 23 21 af
643 1210 107 21 bandelen
771 1209 137 27 Uleäborg—

147 1241 82 27 Waala,
250 1242 40 22 har
308 1243 119 27 petitionen
442 1244 57 22 inom
514 1244 108 22 utskottet
636 1244 116 26 förordats,
767 1244 58 22 bäde
840 1244 68 22 under

147 1275 157 29 förutsättning
318 1279 32 20 att
364 1278 72 22 banan
451 1279 68 21 under
534 1285 27 16 en
571 1279 73 27 längre
656 1279 31 21 tid
697 1278 78 22 framåt
786 1278 49 22 icke
845 1279 62 21 torde

147 1310 85 22 komma
256 1314 34 19 att
311 1312 49 27 ingä
378 1312 74 23 säsom
466 1313 50 22 länk
531 1314 7 21 i
554 1314 179 26 stambanenätet,
750 1314 40 21 och
806 1314 48 21 med
870 1314 37 21 det

146 1346 106 20 motsatta
267 1347 137 26 antagandet,
421 1349 33 19 att
471 1354 26 15 en
512 1348 51 26 läng
578 1348 31 21 tid
624 1348 48 21 icke
689 1347 55 21 skall
758 1347 62 27 förgä
834 1347 72 21 förrän

147 1379 61 21 detta
232 1380 43 21 blir
296 1380 65 22 fallet.
402 1382 111 22 Hvardera
536 1382 161 28 synpunkterna
719 1381 64 22 hafva
805 1382 46 22 ledt
873 1382 33 21 till

147 1413 83 27 äsigten
255 1416 33 20 att
310 1416 185 22 statssubvention
515 1423 29 15 nu
562 1418 77 26 genast
654 1416 67 22 borde
737 1416 97 28 beviljas.
864 1416 42 22 För

215 1454 192 23 Jernvägsutskottets
419 1455 116 19 betänkande
547 1456 36 18 N:o
595 1456 17 18 2.
