1020 1675
204 106 26 20 12
375 104 247 25 Petitionsbetänkande
636 104 39 23 N:o
691 103 33 23 36.

174 170 119 22 nämnvärd
312 171 112 28 betydelse
438 171 7 22 i
461 171 109 28 praktiskt
588 170 108 23 afseende.
726 170 46 23 Och
792 170 56 22 hvad
864 169 66 27 angår

174 205 123 22 beredande
312 205 23 22 af
348 205 82 23 tillfälle
446 206 33 22 för
493 206 244 22 lärarekandidaterna
730 200 13 38 i
748 205 133 22 Tavastehbus
898 204 33 21 att

174 240 84 21 erhålla
275 241 104 21 teoretisk
396 241 147 27 handledning
557 242 7 20 i
579 240 128 28 pedagogik,
723 240 42 22 kan
781 240 67 22 sådan
863 238 67 23 hand-

175 274 88 27 ledning
277 275 40 21 lätt
332 276 40 21 och
388 277 52 20 utan
455 276 118 21 nämnvärd
587 276 94 21 kostnad
693 275 107 22 anordnas
812 274 117 25 derstädes,

174 308 46 22 ifall
243 309 91 28 verkligt
353 310 67 22 behof
437 310 62 22 deraf
516 310 74 28 gjorde
606 311 33 27 sig
654 310 114 22 framdeles
785 309 105 28 gällande.
920 308 10 22 I

176 344 153 28 sammanhang
350 345 88 22 härmed
461 345 34 22 må
518 345 89 27 erinras,
629 347 33 20 att
684 351 48 16 man
748 345 8 21 i
771 344 67 23 andra
855 344 76 25 länder

176 379 48 21 icke
247 385 63 22 synes
332 379 58 22 fästa
412 386 81 15 samma
515 380 46 27 vigt
580 380 34 21 vid
634 380 99 22 tillvaron
753 379 23 22 af
792 386 27 15 en
839 379 92 22 särskild

176 413 109 25 ordinarie
306 414 109 27 professor
432 415 6 21 i
457 415 127 27 pedagogik,
608 421 47 15 som
677 414 61 22 fallet
756 420 63 21 synes
838 420 51 15 vara
903 413 28 28 på

176 448 68 26 några
263 448 43 22 håll
321 449 39 22 hos
376 455 42 16 oss.
450 449 94 22 Sålunda
558 449 67 22 finnes
640 449 6 21 i
662 449 27 22 de
705 448 167 22 skandinaviska
886 448 45 21 län-

177 482 68 22 derna
267 483 47 22 icke
336 483 35 22 vid
393 484 67 27 något
481 484 56 21 enda
556 484 133 22 Universitet
709 483 94 22 särskild
820 482 111 22 lärostol
921 478 15 38 i

176 517 122 28 pedagogik
322 518 101 27 inrättad,
449 518 40 22 och
514 519 56 21 hvad
592 518 103 22 beträffar
716 519 98 26 Europas
838 517 94 28 tjugunio

176 552 152 28 tyskspråkiga
343 553 136 26 Universitet,
496 553 25 21 så
536 552 190 28 vidhandengifver
741 553 121 21 Deutsches
877 552 54 22 Aca-

177 586 122 22 demisches
314 587 110 22 Jahrbuch
438 587 33 23 för
487 588 24 21 år
528 590 60 24 1877,
600 590 32 20 att
643 588 77 22 endast
730 588 36 21 två
776 586 23 23 af
808 588 54 26 dem,
873 593 58 16 nem-

176 621 57 27 ligen
252 622 27 21 de
293 622 7 21 i
314 622 88 27 Leipzig
418 622 40 22 och
474 622 91 22 Giessen
580 622 117 27 befintliga,
713 622 55 22 hade
784 628 27 16 en
827 621 105 23 ordinarie

176 655 113 27 professur
306 656 8 21 i
331 656 129 28 pedagogik,
480 658 33 20 att
531 657 33 21 vid
581 659 76 20 tretton
672 657 128 21 universitet
814 657 40 21 alls
868 657 63 26 ingen

177 690 106 22 målsman
298 690 32 22 för
345 692 60 21 detta
419 692 109 22 läroämne
543 691 61 22 fanns
619 691 101 27 anställd,
736 693 57 20 samt
807 693 33 19 att
855 692 34 21 vid
905 691 26 21 de

177 724 69 28 öfriga
266 726 77 26 fjorton
363 726 148 28 pedagogiken
530 727 100 26 antingen
646 732 38 17 var
699 726 88 22 förenad
803 727 48 21 med
867 728 65 20 annat

177 760 107 27 vigtigare
299 761 114 27 läroämne,
430 762 70 21 såsom
515 762 94 21 klassisk
624 761 87 27 filologi,
727 760 77 22 filosofi
819 761 53 21 eller
886 763 46 19 teo-

177 794 50 28 logi,
250 795 51 22 eller
319 796 40 21 ock
376 797 188 27 representerades
584 796 23 22 af
620 802 26 16 en
663 803 16 15 s.
696 796 20 21 k.
734 795 198 28 ,honorar-profes-

178 830 56 26 sor”,
259 832 59 19 extra
338 831 106 22 ordinarie
464 831 109 27 professor
591 831 52 22 eller
658 831 70 27 privat
744 831 84 26 docent,
845 830 87 22 hvilken

176 865 80 20 nästan
272 865 60 21 alltid
346 865 56 22 hade
418 871 70 16 annan
503 865 119 28 befattning
637 865 74 22 tillika.

247 899 32 21 Pä
294 900 68 26 grund
378 899 23 22 af
410 901 37 21 det
457 900 88 22 anförda
555 900 65 27 vägar
627 901 38 27 jag
676 900 158 22 vördsammast
844 899 87 22 föreslä:

351 955 31 19 att
402 953 162 28 ifrågavarande
579 952 213 28 petitionsmemorial
810 952 42 21 icke
869 952 64 21 måtte

282 987 50 27 från
349 987 131 23 Ständernas
497 988 47 22 sida
559 988 109 27 föranleda
683 988 72 27 någon
770 987 84 27 åtgärd.

600 1050 56 22 And.
671 1049 51 23 Joh.
736 1049 128 30 Malmgren.

247 1113 10 21 I
272 1113 138 23 förestående
425 1115 132 22 reservation
573 1114 87 28 deltaga

248 1176 56 23 Axel
318 1177 83 23 Antell.
674 1177 82 23 Viktor
770 1172 96 34 Öhberg.

248 1453 126 24 Helsingfors,
386 1455 73 18 Finska
470 1455 229 24 Litteratur-sällskapets
711 1455 90 24 tryckeri,
815 1455 50 18 1882.
