1014 1678
295 109 243 19 Petitionsbetänkande
550 109 38 19 N:o
600 109 29 19 17.
796 110 22 17 21

83 173 52 15 vara
151 166 142 27 erforderligt.
324 166 9 21 I
349 166 220 21 öfverensstämmelse
584 166 49 21 med
646 166 70 22 denna
723 166 119 28 beräkning

83 201 40 21 har
138 201 7 20 i
161 200 75 28 sjelfva
258 200 73 21 verket
350 200 92 21 flertalet
458 201 24 20 af
494 201 116 21 utskottets
625 201 139 21 medlemmar
787 201 55 22 velat

83 235 107 28 tillstyrka
205 242 26 13 en
247 235 221 21 subventionssumma
484 235 24 21 af
521 235 95 27 omkring
641 236 61 25 1,500
725 235 61 22 mark
808 236 34 20 för

83 269 74 27 hvarje
179 269 7 20 i
205 269 134 21 verksamhet
358 269 94 20 varande
468 269 63 21 klass.
561 269 126 22 Emellertid
710 269 68 22 erhöll
801 269 40 22 den

83 302 62 29 äsigt,
161 305 32 19 att
209 303 154 28 statsbidraget
382 303 68 21 skulle
474 302 90 22 föreslås
579 303 33 21 till
627 303 60 28 högst
703 305 61 25 1,500
773 304 68 25 mark,

84 337 34 21 vid
134 337 159 27 omröstningen
309 337 117 27 pluralitet,
442 337 40 21 och
499 337 90 21 oaktadt
612 338 92 21 derefter
724 338 116 28 upplystes,

87 374 32 19 att
142 378 26 14 en
184 372 23 20 af
224 372 115 20 utskottets
358 371 147 27 medlemmar,
528 372 84 21 hvilken
635 371 71 23 säsom
728 372 114 27 suppleant

83 406 111 22 bevistade
221 405 179 26 sammanträdet,
428 407 57 20 orätt
511 406 111 27 uppfattat
648 407 194 27 omröstningspro-

84 440 127 28 positionen,
235 440 70 21 kunde
327 440 64 28 ingen
414 440 91 28 ändring
529 448 59 14 mera
614 441 81 25 vinnas,
720 440 27 22 dä
770 440 71 22 enhäl-

83 475 40 28 ligt
137 474 62 22 bifall
214 474 33 21 till
261 474 143 28 upprifvande
424 474 23 22 af
462 475 36 21 det
512 474 84 22 fattade
612 475 92 21 beslutet
720 475 19 27 ej
756 474 84 22 erhölls.

152 509 37 21 Uti
211 508 147 28 föreliggande
381 509 184 27 petitionsförslag
580 509 90 27 begäres
686 509 156 21 fruntimmers-

83 543 73 22 skolor
171 545 52 19 utan
239 545 32 19 att
286 542 70 28 nägon
372 543 66 21 bland
463 544 168 26 petitionärerne
649 544 75 28 antydt
740 543 102 27 behöflig-

83 578 64 21 heten
163 580 32 19 att
209 578 126 27 organisera
352 578 47 21 dem
415 578 136 21 annorlunda
566 579 27 20 än
610 578 25 21 de
650 578 130 21 nuvarande.
804 577 38 22 Ut-

83 612 80 22 skottet
174 612 40 22 har
227 612 72 22 derför
307 612 109 28 uppfattat
424 612 220 28 förslagsställarenes
655 613 81 21 önskan
744 612 97 26 sälunda,

83 640 33 28 att
131 647 26 21 de
173 646 96 27 begärda
285 646 101 22 skolorna
401 646 67 22 borde
484 647 91 21 inrättas
590 647 7 20 i
612 647 151 26 hufvudsaklig
773 647 68 21 öfver-

85 681 161 21 ensstämmelse
261 681 49 21 med
326 681 25 21 de
366 681 226 25 fruntimmersskolor,
608 688 45 14 som
665 681 67 21 redan
743 681 97 20 existera.

83 715 125 21 Emellertid
224 715 64 21 hafva
303 715 74 21 starka
392 714 128 22 tvifvelsmäl
535 715 97 26 uttalats,
640 715 106 21 huruvida
754 715 40 21 den
804 722 38 13 nu-

83 749 94 22 varande
193 749 172 28 organisationen
381 749 71 21 kunde
468 756 62 15 anses
545 749 204 22 tillfredsställande.
779 749 63 21 Lika-

83 791 46 14 som
152 783 215 28 Skolöfverstyrelsen
386 783 40 21 har
441 778 62 27 äfven
520 783 104 22 utskottet
645 786 59 23 trott,
721 785 31 20 att
768 791 24 14 en
809 783 33 22 för

84 817 109 22 elevernas
216 817 60 22 helsa
295 817 64 28 farlig
382 817 216 28 öfveransträngning
622 818 80 27 ganska
725 817 45 22 ofta
793 825 49 20 eger

83 859 55 19 rum,
157 851 88 22 hvarför
263 852 116 26 tillräcklig
393 852 192 27 uppmärksamhet
600 851 67 22 borde
682 859 66 20 egnas
764 851 23 22 ät
802 852 40 21 den

83 887 80 28 fysiska
185 886 134 27 uppfostran,
344 886 100 21 särskildt
463 893 77 20 genom
556 887 159 27 gymnastikens
730 886 112 21 införande

83 920 71 23 såsom
177 921 151 27 obligatoriskt
350 921 115 20 läroämne.
504 921 110 21 Utskottet
632 921 35 21 vill
682 920 86 28 påpeka
784 921 58 20 detta

84 954 71 23 säsom
179 962 25 14 en
220 955 67 28 vigtig
303 955 158 27 omständighet
480 957 32 19 att
527 955 103 27 iakttaga,
647 962 33 14 om
696 955 76 21 skolan
788 955 55 21 skall

86 990 73 20 kunna
183 989 65 21 verka
271 989 32 21 till
325 989 152 21 fosterlandets
500 997 68 13 sanna
582 989 88 21 bätnad.
704 989 50 21 Icke
769 989 73 27 hvarje

84 1023 61 22 skola
160 1023 33 21 för
209 1023 133 21 fruntimmer
357 1023 42 21 kan
419 1023 67 27 enligt
500 1024 114 20 utskottets
630 1024 85 27 mening
738 1024 52 27 göra
806 1030 36 14 an-

85 1057 66 28 spräk
165 1056 29 29 pä
209 1058 178 25 statsunderstöd,
403 1060 52 19 utan
471 1058 41 21 bör
527 1058 124 21 densamma
666 1065 76 20 genom
761 1058 33 21 sin
810 1065 33 14 or-

85 1092 120 28 ganisation
216 1093 71 20 lemna
299 1093 84 27 garanti
396 1092 78 26 derför,
488 1095 32 19 att
532 1093 97 21 eleverna
640 1093 46 20 icke
699 1092 90 21 allenast
798 1092 46 21 icke

84 1127 7 21 i
106 1127 83 27 andligt
202 1127 39 21 och
253 1127 75 28 fysiskt
338 1127 121 21 hänseende
467 1127 126 26 förderfvas,
602 1129 52 18 utan
666 1127 88 20 fastmer
762 1125 82 22 erhålla

86 1161 41 22 den
142 1161 128 27 uppfostran
285 1163 33 19 att
334 1161 25 21 de
375 1161 71 21 kunna
462 1161 53 28 fylla
531 1161 40 21 den
586 1161 86 21 bildade
688 1161 105 27 qvinnans
808 1160 36 21 be-

86 1195 127 22 stämmelse.
244 1195 42 22 För
301 1198 33 19 att
349 1203 25 14 en
390 1195 208 22 fruntimmersskola
616 1195 55 21 skall
690 1195 86 22 komma
790 1195 7 20 i
814 1193 30 22 åt-

86 1229 104 28 njutande
205 1229 24 22 af
242 1230 178 25 statsunderstöd,
437 1230 63 21 torde
515 1229 83 22 således
605 1230 139 21 Direktionen
752 1229 34 21 för
795 1229 49 21 den-

87 1271 83 14 samma
185 1264 33 21 till
234 1265 32 20 sin
282 1263 101 22 anhållan
398 1264 54 22 böra
468 1265 74 27 bifoga
558 1271 24 15 en
600 1264 124 27 tullständig
739 1263 106 28 läroplan,

87 1297 30 29 på
132 1298 69 28 grund
217 1299 24 21 af
254 1299 84 22 hvilken
355 1299 107 28 Styrelsen
479 1299 42 21 kan
538 1299 53 21 efter
606 1298 138 21 inhämtande
755 1298 23 21 af
786 1297 59 22 Skol-

88 1333 175 27 öfverstyrelsens
279 1332 111 22 utlåtande
405 1333 59 21 bilda
480 1334 32 26 sig
528 1335 31 19 ett
570 1333 103 25 omdöme,
684 1332 106 21 huruvida
798 1332 47 21 sko-

87 1366 37 22 lan
140 1368 25 20 är
180 1367 89 27 förtjent
284 1369 32 19 att
332 1368 24 20 af
368 1370 70 18 staten
454 1367 143 21 understödas
613 1366 51 22 eller
679 1366 53 22 icke.

158 1401 104 28 Slutligen
278 1402 37 20 vill
330 1402 104 21 utskottet
448 1403 122 24 omnämna,
593 1403 31 19 att
640 1401 67 21 ehuru
722 1400 124 27 visserligen

158 1441 95 17 Allmänna
265 1442 161 17 Besvärsutskottets
437 1442 106 17 betänkande
556 1442 34 16 N:o
604 1442 27 16 14.
