1020 1678
216 141 380 25 Petitionsbetänkande
610 143 57 22 N:e

374 447 242 20 Ekonomiutskottets
632 447 146 21 betänkande
792 445 38 21 N:o
842 445 16 25 9.

307 481 5 20 i
333 481 101 27 anledning
448 481 21 21 af
483 482 28 20 ett
525 481 48 21 inom
588 480 156 29 Borgareståndet
759 481 56 20 väckt
830 487 30 20 pe-

307 515 137 28 titionsförslag
467 522 27 14 om
517 515 95 28 byggande
634 515 22 21 af
673 522 22 14 en
711 514 37 22 fast
763 515 32 20 bro
811 515 51 20 öfver

306 549 57 22 Kumo
380 549 31 22 elf.

170 612 91 21 Medelst
282 612 77 27 utdrag
379 612 21 21 af
414 612 193 27 Borgareståndets
621 612 109 27 protokoll
745 613 33 20 för
793 616 41 17 den
849 612 11 20 7

100 647 111 21 nästvikne
233 647 103 21 Februari
358 647 40 21 har
420 647 213 22 Ekonomiutskottet
654 647 42 21 fått
718 647 33 21 till
770 646 93 21 förbere-

101 680 69 22 dande
185 680 157 28 handläggning
357 682 110 26 emottaga
481 680 94 28 följande
588 680 220 28 petitionsmemorial:

230 749 54 17 Till
304 748 159 23 Välloflige
485 749 252 22 Borgareståndet!

172 789 64 17 Redan
258 789 56 17 sedan
334 789 52 22 långt
408 788 89 18 förflutna
517 789 54 18 tider.
592 790 34 17 har
646 789 32 18 det
691 790 70 22 utgjort
774 791 26 15 ett
812 789 53 21 djupt

103 818 59 17 kändt
181 818 58 17 behof
259 821 27 14 att
298 820 45 20 göra
355 818 184 18 kommunikationen
552 818 51 18 öfver
616 818 59 18 Kumo
688 818 28 18 elf
726 818 50 17 invid
788 818 78 20 Björne-

104 846 55 23 borgs
178 846 41 18 stad
235 846 24 22 på
271 846 56 22 något
340 848 37 16 sätt
389 847 59 17 stabil
461 847 48 17 eller
521 847 110 17 åtminstone
644 847 104 18 oberoende
761 846 21 18 af
792 846 22 18 de
827 846 40 17 hin-

104 875 39 21 der,
155 880 38 12 som
206 876 114 17 årstidernas
332 875 98 23 vexlingar
439 876 56 17 ställa
504 876 29 17 för
542 876 110 18 densamma,
665 876 30 17 Då
709 876 30 17 det
748 875 60 23 gamla
817 875 49 17 kom-

104 904 183 18 munikationssättet
306 904 42 18 med
360 904 55 22 färja,
432 905 65 17 visade
509 905 29 21 sig
550 904 64 18 alltför
626 904 127 22 otillräckligt,
761 904 105 18 åstadkoms

106 933 50 20 1855,
169 932 59 18 delvis
241 938 64 17 genom
318 933 90 17 Finlands
422 933 108 18 dåvarande
542 934 79 17 General
630 933 106 18 Guvernörs
745 933 122 17 intervention

105 966 22 13 en
148 962 108 22 pontonbro,
277 967 38 12 som
336 962 57 17 sedan
406 962 43 17 dess
462 962 95 20 existerat,
571 962 47 17 efter
631 963 45 17 1867
689 962 47 18 dock
748 962 47 17 blott
807 961 60 17 säsom

105 994 27 14 ett
152 990 62 22 privat
234 991 72 21 företag
326 994 45 14 utan
391 992 60 21 nägra
467 991 60 17 andra
540 991 127 22 skyldigheter
680 991 29 17 för
721 990 42 18 dess
776 995 55 17 egare
844 992 24 15 än

107 1021 27 15 att
153 1019 47 18 efter
214 1022 41 19 eget
268 1019 45 18 skön
327 1019 91 18 förmedla
431 1019 86 18 trafiken.
542 1019 110 23 Anspräken
665 1021 24 20 pä
703 1025 21 12 en
738 1019 70 18 ordnad
821 1023 47 13 sam-

105 1047 70 18 färdsel
189 1048 78 17 emellan
280 1053 55 12 norra
348 1048 34 17 och
396 1048 56 17 södra
465 1048 115 17 elfstranden
589 1048 137 17 tillfredställes
734 1053 64 17 genom
808 1047 60 18 denna

106 1077 33 16 bro
152 1077 108 21 egentligen
272 1077 48 16 blott
332 1077 58 17 under
402 1077 117 20 sommartid,
532 1080 19 19 ty
563 1077 42 17 höst
618 1077 34 16 och
664 1077 38 20 vär,
715 1076 25 18 dä
751 1077 45 16 bron
810 1076 60 17 antin-

106 1110 35 17 gen
153 1105 21 17 af
186 1105 117 22 försigtighet
316 1105 100 22 borttages,
430 1105 47 18 eller
491 1105 60 22 nägon
563 1105 84 22 tillfällig
659 1105 71 18 mindre
743 1105 65 22 isgäng
820 1105 50 17 bort-

107 1133 29 18 för
149 1134 111 19 densamma,
268 1135 32 16 äro
314 1134 140 22 svårigheterna
471 1134 94 17 desamma
577 1139 38 12 som
629 1134 43 17 förr.
698 1133 81 18 Sålunda
791 1133 35 17 har
838 1133 32 17 det

107 1162 39 17 ofta
158 1162 63 21 händt,
235 1162 66 17 liksom
314 1162 59 17 under
384 1162 67 17 hösten
465 1163 90 17 sistvikne
568 1162 25 21 är,
607 1165 27 14 att
646 1162 183 18 kommunikationen
838 1167 32 12 un-

107 1191 32 18 der
159 1191 74 20 veckor,
253 1191 29 17 till
295 1191 35 17 och
342 1191 41 17 med
396 1191 96 20 månader,
505 1191 48 18 varit
566 1191 87 17 afbruten
667 1191 46 18 eller
726 1191 110 17 åtminstone
849 1191 22 16 så

107 1219 47 21 svår,
174 1222 28 15 att
222 1220 122 21 passerandet
363 1220 52 17 öfver
428 1220 63 17 elfven
504 1220 49 17 varit
565 1219 85 18 förenadt
663 1220 41 17 med
717 1219 79 18 lifsfara.
820 1219 51 17 Hvil-

107 1249 35 17 ken
164 1249 98 22 stockning
283 1249 5 16 i
301 1248 25 17 all
340 1249 70 17 rörelse
424 1248 53 18 detta
489 1249 76 17 medför,
574 1250 20 15 är
606 1249 35 16 lätt
654 1251 27 14 att
693 1249 45 20 inse,
752 1248 23 17 då
787 1253 42 12 man
842 1247 30 18 be-

107 1277 67 17 tänker
187 1280 27 14 att
227 1277 35 18 den
276 1279 50 16 stora
339 1277 103 22 kustvägen
456 1277 35 22 går
504 1277 47 17 fram
564 1277 24 22 på
600 1277 52 18 detta
665 1277 60 20 ställe,
732 1279 28 15 att
772 1281 22 13 en
807 1277 65 22 betyd-

107 1305 26 22 lig
154 1305 71 18 förstad
246 1305 29 18 till
296 1305 116 23 Björneborg
432 1306 62 21 ligger
507 1306 24 21 på
543 1306 70 17 elfvens
625 1311 57 12 norra
694 1306 46 20 sida,
748 1305 34 18 och
795 1307 28 16 att
836 1305 36 17 den

107 1334 85 22 dagligen
213 1339 87 17 passeras
320 1335 21 16 af
360 1334 93 17 tusentals
475 1335 111 21 fotgängarc
606 1335 34 16 och
659 1334 133 18 hundradetals
805 1333 67 18 äkdon.

107 1362 93 18 Behofvet
216 1362 21 18 af
249 1368 22 11 en
285 1362 37 18 fast
334 1362 33 18 bro
380 1362 34 18 har
428 1362 75 18 derföre
517 1363 54 21 länge
583 1363 48 17 varit
643 1363 94 17 kännbart
750 1363 34 17 och
796 1362 58 18 redan
867 1362 6 17 i

107 1391 65 22 början
194 1391 20 17 af
235 1391 101 18 1870-talet
356 1391 26 17 lät
401 1396 42 12 man
462 1392 81 17 anställa
556 1391 159 22 undersökningar
728 1391 21 17 af
760 1391 113 17 elfsbottnen

108 1422 46 14 samt
167 1422 84 20 uppgöra
264 1420 91 22 ritningar
368 1420 34 17 och
415 1420 162 22 kostnadsförslag
590 1420 28 17 till
632 1425 22 12 en
663 1420 51 22 dylik
723 1420 38 20 bro,
771 1419 103 23 belöpande

108 1448 28 22 sig
156 1448 55 17 dessa
233 1448 162 22 kostnadsförslag
418 1449 29 16 för
460 1454 23 11 en
496 1449 63 17 träbro
573 1449 58 21 enligt
643 1448 110 22 Ingeniören
766 1448 22 18 E.
801 1448 72 17 Lekves

108 1476 127 22 beräkningar
248 1476 29 18 till
290 1476 103 17 tvåhundra
408 1476 119 18 femtiotusen
542 1478 30 16 (25
581 1478 54 20 ),000)
644 1477 59 17 mark.
725 1476 108 18 Sedermera
840 1476 35 18 har

182 1510 192 18 Ekonomiutskottets
387 1510 121 18 betänkande
521 1511 38 17 N:o
572 1512 17 16 9.
