1014 1681
183 121 27 20 52
360 118 252 24 Petitionsbetänkande
627 120 38 22 N:o
680 118 31 24 13.

154 186 167 22 mannaklassen
340 188 53 20 utan
408 187 41 21 ock
465 187 67 21 bland
548 187 26 21 de
588 186 142 28 jordegande,
749 192 46 15 som
810 185 107 22 förekom-

154 227 46 16 mer
214 221 7 21 i
237 221 65 22 dessa
316 221 90 22 trakter.

222 255 138 22 Beträffande
376 255 136 22 sistnämnde
528 255 168 28 omständighet,
713 255 84 22 antalet
807 260 110 22 personer,

154 289 84 22 hvilkas
262 290 130 21 modersmål
415 290 53 22 eller
487 290 85 27 vanliga
588 289 158 28 samtalsspråk
762 291 25 20 är
802 289 115 26 svenskan,

154 324 139 22 meddelades
308 325 36 21 vid
358 325 106 21 remissen
480 324 23 22 af
516 325 51 20 hrar
583 320 99 31 Öhbergs
698 331 27 14 m.
738 323 20 22 fl.
771 323 146 28 petitionsför-

155 359 47 27 slag
219 359 34 21 till
268 359 113 22 Allmänna
396 359 205 22 Besvärsutskottet
616 358 22 22 af
653 358 77 23 chefen
745 358 34 22 för
795 357 123 22 statistiska

154 394 67 27 byrån
243 393 40 22 D:r
302 394 96 27 Ignatius
418 393 95 28 följande
532 393 116 28 uppgifter,
669 394 74 21 hvilka
761 393 64 21 stöda
841 393 32 26 sig
890 393 28 26 på

153 428 166 27 folkräkningen
343 429 41 21 den
403 431 25 19 31
450 429 121 22 December
592 431 62 24 1880,
669 429 66 21 hvars
751 428 94 21 resultat
860 429 58 20 ännu

154 463 48 21 icke
217 463 78 21 hunnit
311 463 169 27 offentliggöras:

222 497 11 22 I
249 497 34 22 S:t
298 498 90 21 Michels
404 498 47 21 läns
468 498 100 27 samtliga
584 498 75 22 städer
673 498 80 21 funnos
768 497 93 22 nämnda
876 496 42 27 dag

155 532 75 21 inalles
255 534 41 19 798
320 533 92 21 svenska
435 533 87 22 talande
542 538 110 21 personer,
673 532 63 22 deraf
750 533 7 20 i
773 532 33 22 S:t
825 531 90 22 Michels

155 567 49 21 stad
226 568 49 25 389,
298 567 8 21 i
327 567 93 22 Heinola
442 569 41 20 227
504 567 40 22 och
559 568 7 21 i
582 567 87 28 Nyslott
687 569 52 24 182;
764 566 28 22 då
812 565 105 22 antalet
906 561 15 38 i

154 601 126 22 landsorten
303 602 110 27 samtidigt
436 603 100 26 utgjorde
560 604 48 25 882,
632 602 78 22 funnos
734 601 86 22 således
840 601 8 21 i
867 600 51 22 hela

154 636 60 21 länet
238 636 62 27 1,680
324 637 94 22 svenska
438 637 94 26 talande,
550 636 22 22 af
586 637 73 22 hvilka
674 638 43 20 740
734 635 23 22 af
770 635 93 22 mankön
877 635 41 21 och

157 672 40 19 940
213 671 97 27 qvinnor.

225 706 117 21 Utskottet
362 713 62 15 anser
444 707 65 21 dessa
526 706 70 22 siffror
614 713 51 15 vara
681 705 126 28 afgörande.
837 705 81 21 Beräk-

156 746 39 15 nar
216 747 57 19 man,
294 741 85 21 hvartill
399 748 49 15 man
465 741 6 22 i
486 742 48 21 vårt
553 741 51 22 land
620 743 24 20 är
659 741 125 27 berättigad
800 742 32 19 att
850 741 24 20 16
891 739 27 27 %

156 774 23 22 af
193 775 41 21 den
249 775 95 28 manliga
359 775 151 28 befolkningen
527 775 97 22 befinner
639 776 33 27 sig
682 776 7 21 i
701 775 131 26 skoläldern,
849 774 70 22 erhäl-

155 809 32 22 ler
209 816 50 15 man
281 810 8 21 i
312 810 33 21 S:t
364 811 89 21 Michels
477 811 35 21 län
536 811 98 26 omkring
654 812 41 19 120
718 810 95 22 svenska
831 809 87 22 talande

155 844 126 26 gossebarn.
311 845 49 21 Men
384 844 63 22 äfven
467 845 61 22 detta
544 845 158 27 jemförelsevis
723 845 63 26 ringa
801 844 58 21 antal
874 844 43 21 kan

155 879 117 26 ingalunda
294 879 109 27 päräknas
424 880 73 21 säsom
516 880 71 22 elever
605 881 35 20 vid
656 882 33 19 ett
705 879 92 22 svenskt
811 879 84 28 lyceum
911 878 7 21 i

156 913 32 22 S:t
209 913 85 22 Michel.
325 914 31 27 Ty
375 913 55 22 först
448 915 41 21 och
508 914 78 22 främst
605 914 112 22 bortfaller
734 921 27 14 en
777 913 41 26 del,
835 919 46 16 som
897 912 23 22 af

155 948 141 21 ekonomiska
319 948 52 21 eller
391 949 67 21 andra
475 949 47 21 skäl
538 949 68 28 aldrig
623 949 94 22 besöker
732 950 33 21 ett
780 949 67 26 högre
861 948 57 21 läro-

154 982 58 21 verk.
243 983 43 21 För
309 983 37 21 det
369 983 67 22 andra
458 984 40 21 har
520 984 66 21 södra
609 984 62 21 delen
696 983 24 22 af
738 983 67 26 länet,
825 983 92 21 Heinola

155 1017 93 26 trakten,
272 1017 72 21 bättre
365 1017 210 23 kommunikationer
593 1019 48 21 med
656 1018 158 21 kuststäderna
828 1019 27 20 än
869 1017 50 21 med

155 1051 33 21 S:t
210 1051 87 26 Michel,
321 1052 40 21 och
385 1052 149 22 erfarenheten
556 1053 40 21 har
618 1055 102 25 nogsamt
743 1052 122 27 ädagalagt,
886 1054 32 19 att

154 1085 92 27 mängen
269 1085 48 22 frän
340 1087 68 26 sagda
426 1087 36 22 län
483 1088 65 21 söker
567 1088 84 21 inträde
667 1087 34 22 för
717 1088 48 21 sina
780 1087 53 21 barn
849 1087 7 20 i
871 1087 46 21 huf-

153 1120 134 22 vudstadens
310 1121 280 28 undervisningsanstalter.
622 1123 105 26 Slutligen
747 1122 36 21 mä
803 1122 35 21 vid
858 1121 60 27 fråga

155 1160 34 16 om
205 1155 176 28 elevfregvensen
398 1157 37 21 det
450 1157 142 28 obestridliga
607 1157 179 22 sakförhällande
801 1156 117 28 ingalunda

153 1189 146 27 förglömmas,
321 1192 33 20 att
373 1198 25 14 en
415 1193 45 20 stor
475 1192 41 26 del,
532 1192 106 22 mähända
653 1192 96 22 flertalet
765 1191 23 22 af
802 1192 26 21 de
843 1197 74 21 perso-

153 1230 39 16 ner
211 1224 7 21 i
234 1224 38 22 det
294 1225 46 21 inre
364 1225 22 21 af
406 1226 81 26 landet,
508 1226 83 22 hvilkas
611 1227 86 27 vanliga
716 1226 158 26 samtalsspräk
895 1228 24 18 är

153 1258 115 27 svenskan,
288 1259 62 22 detta
365 1260 90 21 oaktadt
471 1260 68 22 önska
554 1260 103 22 förskaffa
672 1261 49 21 sina
737 1261 54 21 barn
806 1260 112 21 undervis-

154 1292 51 28 ning
219 1293 7 21 i
243 1295 33 19 ett
291 1293 157 29 finskspräkigt
462 1295 106 22 läroverk.
598 1296 51 21 Med
663 1295 86 22 fästadt
764 1294 103 22 afseende
882 1294 36 22 vid

153 1327 42 21 alla
218 1328 65 21 dessa
305 1329 193 27 omständigheter,
518 1330 69 22 mäste
607 1330 116 22 Utskottet
743 1330 60 21 hälla
817 1329 52 27 före,
886 1331 33 19 att

152 1362 51 26 inga
218 1362 48 21 skäl
282 1362 32 22 till
330 1363 38 21 det
383 1364 121 26 antagande
519 1364 110 28 föreligga,
646 1364 38 22 det
700 1364 85 22 antalet
801 1364 70 21 elever
881 1364 36 21 vid

153 1395 33 22 S:t
207 1396 91 22 Michels
321 1397 83 27 lyceum
422 1398 8 21 i
449 1399 117 21 nämnvärd
588 1405 49 15 mon
659 1399 44 21 kan
724 1398 65 27 stiga,
810 1398 25 21 sä
854 1398 63 26 länge

152 1430 256 28 undervisningsspräket
430 1432 112 22 derstädes
564 1435 23 19 är
607 1433 96 21 svenskt.
739 1433 103 21 Tvärtom
862 1432 55 22 lider

220 1470 107 18 Allmänna
338 1472 180 18 Besvärsutskottets
530 1472 116 18 betänkande
659 1473 38 17 N:o
709 1472 29 18 13.
