1017 1678
275 135 271 23 Petitionsbetänkande
561 135 42 22 N:o
619 135 38 23 18.
804 135 11 20 3

91 199 63 20 innan
171 200 61 19 nästa
251 198 144 21 ständermöte
416 198 67 22 varda
501 198 155 27 hopbringade,
675 200 55 19 samt
745 198 31 19 till
792 197 52 27 följd

92 233 63 20 häraf
176 232 73 27 frågan
269 239 34 13 om
322 232 83 27 platsen
426 232 33 21 för
477 234 73 25 statyn
571 235 56 20 samt
645 232 36 21 det
697 235 97 17 närmare
809 232 35 20 be-

92 266 142 20 stämmandet
253 266 24 20 af
293 269 156 18 monumentets
469 267 53 24 form
545 266 39 21 och
600 266 148 27 beskaffenhet
762 266 82 27 lämpli-

94 303 47 24 gast
157 301 41 19 kan
214 300 142 20 öfverlemnas
372 301 32 19 till
420 301 27 20 då
463 301 130 23 församlade
616 301 229 26 folkrepresentanters

95 334 123 26 afgörande.
234 335 41 19 För
291 337 32 17 att
342 335 119 19 emellertid
478 335 33 20 för
526 334 250 20 nästsammanträdande
785 334 59 20 Stän-

94 368 38 20 der
147 368 120 20 underlätta
283 368 58 20 detta
356 368 126 27 afgörande,
497 369 40 19 har
552 368 104 20 utskottet
672 370 76 24 ansett,
764 370 31 18 att
810 368 35 20 de-

94 402 121 26 legationen
232 402 66 20 borde
314 402 139 27 bemyndigas
469 405 39 23 att,
524 409 50 14 vare
589 403 33 26 sig
629 409 77 20 genom
719 404 65 18 utsatt
794 402 52 26 pris-

95 435 64 20 täflan
175 435 33 20 för
223 435 200 21 åstadkommandet
438 436 24 21 af
475 436 174 27 eskissritningar
660 436 31 20 till
703 438 145 18 monumentet

95 469 52 20 eller
162 469 66 20 andra
243 469 101 28 lämpliga
359 470 108 27 åtgärder,
483 470 114 21 förbereda
612 470 131 20 ändamålets
752 469 94 20 förverk-

95 503 91 26 ligande,
202 503 145 21 hvarförutom
364 504 151 27 delegationen
528 504 54 27 egde
590 505 67 25 jemte
668 504 136 27 redogörelse
814 504 33 19 för

95 537 31 20 sin
143 537 143 27 verksamhet,
301 538 31 19 till
348 538 250 21 nästsammanträdande
614 538 90 20 Ständer
715 538 80 27 afgifva
806 538 40 20 för-

96 571 46 26 slag
165 571 30 20 till
219 574 155 18 monumentets
397 572 114 20 utförande
533 572 110 20 äfvensom
667 572 30 19 till
717 571 83 27 platsen
815 571 33 20 för

96 605 124 21 detsamma.
249 606 34 20 Dä
304 606 36 20 det
363 607 67 20 mäste
450 609 90 24 antagas
559 607 69 19 säsom
645 605 114 27 sjelffallet,
776 607 31 18 att
822 605 26 20 de

97 639 75 26 medel,
199 646 44 13 som
271 640 32 20 för
326 640 123 21 ändamälet
471 641 138 20 härförinnan
632 640 70 20 blifvit
725 639 122 26 insamlade,

97 673 85 20 komma
197 676 31 17 att
244 674 46 20 med
307 674 36 20 det
359 674 67 20 första
442 674 32 20 till
491 674 150 26 delegationen
652 674 148 23 öfverlemnas,
810 673 38 19 har

98 708 103 19 utskottet
217 708 47 20 icke
279 710 72 18 ansett
366 708 104 27 behöfligt
485 710 32 18 att
533 707 86 21 förorda
634 708 125 20 anvisandet
774 707 24 20 af
806 714 42 12 me-

97 741 33 20 del
155 742 7 19 i
185 742 39 20 och
245 742 32 20 för
297 742 26 20 de
342 742 116 20 kostnader
479 742 161 27 delegationens
656 741 136 21 verksamhet
808 741 40 20 kan

96 776 102 20 medföra.

166 822 30 20 På
211 822 66 27 grund
293 822 24 20 af
330 822 37 20 det
381 822 157 20 ofvananförda
549 822 32 20 får
591 822 104 20 utskottet
706 822 72 20 derför
788 821 60 21 vörd-

98 860 54 17 samt
168 857 86 20 föreslä:

303 924 30 18 att
347 922 77 20 landets
439 922 107 24 höglofliga
561 920 89 24 Ständer,
665 921 35 23 för
707 920 143 24 förverkligan-

236 957 33 19 det
290 957 25 24 af
334 957 37 19 sitt
391 956 35 19 vid
449 956 63 19 denna
535 955 93 24 landtdag
649 954 77 25 fattade
744 954 64 19 beslut
822 954 30 18 att

236 992 33 23 för
291 990 124 25 uppresande
437 990 25 23 af
484 996 23 14 en
529 989 130 20 monumental
680 990 53 23 staty
747 988 26 23 af
785 988 67 23 kejsar

236 1025 113 19 Alexander
371 1024 27 19 II
411 1024 88 19 tillsätta
515 1030 22 13 en
551 1023 116 25 delegation,
682 1022 48 20 ville
745 1021 32 20 till
790 1021 62 20 denna

236 1059 109 24 delegation
361 1058 103 20 ständsvis
479 1059 44 18 utse
538 1059 67 18 tvenne
620 1057 107 20 ledamöter
741 1056 35 19 och
785 1057 67 18 tvenne

235 1093 139 25 suppleanter
365 1089 12 33 ;

305 1152 29 18 att
356 1150 139 25 delegationen,
519 1149 60 20 hvars
594 1148 124 20 verksamhet
731 1147 77 25 fortfar
822 1146 30 19 in-

238 1186 33 19 till
285 1185 45 20 dess
345 1183 232 21 nästsammanträdande
592 1182 85 20 Ständer
691 1181 85 25 vidtagit
793 1181 59 24 ytter-

238 1219 63 25 ligare
316 1218 71 25 åtgärd
401 1218 9 19 i
424 1218 70 23 saken,
510 1223 44 20 eger
569 1217 33 24 för
617 1216 129 25 ofvanantyät
761 1214 92 21 ändamäl

237 1253 89 20 anordna
347 1259 23 13 en
390 1252 91 19 national
503 1251 138 24 subskription
661 1250 35 20 och
716 1249 89 25 förvalta
820 1249 33 24 för

234 1287 107 20 detsamma
353 1286 110 20 insamlade
477 1285 64 20 medel
555 1286 51 18 samt
620 1284 81 25 vidtaga
711 1283 67 25 öfriga
792 1283 60 24 lämp-

232 1321 41 25 liga
294 1319 231 26 förberedelseätgärder
547 1319 100 24 äfvensom
666 1318 31 19 till
711 1319 141 18 nästsamman-

235 1355 95 19 trädande
353 1354 86 20 Ständer
459 1354 80 24 afgifva
556 1353 19 24 ej
597 1352 49 20 blott
668 1351 125 25 redogörelse
819 1350 35 20 och

239 1389 104 19 berättelse
360 1388 58 24 öfver
436 1388 32 19 sin
483 1387 129 23 verksamhet,
628 1388 48 18 utan
686 1385 76 25 jemväl
777 1384 77 25 förslag

238 1424 31 19 till
293 1422 143 20 bestämmande
456 1422 25 24 af
499 1422 138 19 monumentets
660 1420 53 24 form
728 1419 35 20 och
774 1418 81 26 platsen

236 1458 35 24 för
285 1457 117 23 detsamma;

170 1496 92 20 Allmänna
273 1496 160 17 bdesvärsutskottets
446 1494 107 18 betänkande
565 1493 35 17 N:o
613 1493 27 17 15.
