1023 1678
296 112 243 24 Petitionsbetänkande
556 112 37 22 N:o
609 112 20 23 7.
804 111 12 21 5

82 174 50 24 taga
151 172 61 22 dessa
227 171 184 27 undersökningar
429 170 41 22 och
486 176 55 21 egna
556 170 32 21 sin
604 168 137 22 verksamhet
750 169 23 21 åt
784 168 62 21 deras

82 206 119 28 ordentliga
227 206 132 22 utförande."
390 206 45 20 För
461 205 42 21 den
521 204 108 26 händelse,
645 205 33 19 att
693 202 22 22 af
736 201 110 23 finansiela

82 240 46 21 skäl
152 247 26 15 en
203 240 90 22 särskild
308 240 111 27 geologisk
439 239 81 22 anstalt
535 238 33 22 för
583 238 73 22 landet
672 238 17 26 ej
706 240 57 18 ännu
778 235 68 23 skulle

82 274 71 22 kunna
176 275 86 21 komma
277 274 33 22 till
335 274 70 26 stånd,
432 275 68 25 ansåg
516 273 55 22 dock
586 272 121 22 Societeten
722 273 34 19 att
770 270 76 21 under-

82 309 115 27 sökningen
220 309 61 21 äfven
296 308 131 22 fortfarande
443 308 73 22 kunde
532 308 38 21 ske
585 307 68 21 under
668 304 178 28 bergsstyrelsens

83 342 100 23 inseende
201 343 39 22 och
255 343 96 21 uttalade
367 343 74 21 dervid
458 343 41 20 den
516 341 146 27 öfvertygelse,
679 342 32 19 att
722 339 126 22 densamma

81 377 72 21 säkert
180 377 46 22 icke
251 377 68 22 skulle
344 377 66 21 blifva
436 377 97 26 gagnlös,
558 376 72 21 derest
645 375 37 21 det
697 373 100 28 lyckades
813 373 33 20 att

82 411 81 22 erhålla
185 418 25 15 en
234 412 71 27 duglig
327 411 73 22 ledare
419 411 41 22 och
477 410 133 27 någorlunda
625 409 92 26 kunnige
740 407 105 22 biträden.

152 447 43 20 Det
209 446 89 21 sålunda
312 445 147 22 framkastade
474 445 103 27 förslaget
593 451 34 14 om
642 442 120 23 inrättande
778 441 22 22 af
820 446 27 15 en

82 480 90 22 särskild
178 481 108 26 geologisk
293 480 79 22 anstalt
380 487 56 14 vann
443 480 56 21 dock
508 480 47 21 icke
562 478 114 28 styrelsens
684 475 162 29 godkännande,

82 516 52 19 utan
149 515 125 21 hemställde
290 517 88 19 senaten
393 515 40 21 hos
449 514 28 21 H.
493 514 26 21 K.
537 513 105 27 Majestät,
666 514 32 19 att
714 511 40 21 den
776 509 71 28 geolo-

85 549 60 26 giska
160 549 191 26 undersökningen,
374 549 105 21 hvarmed
494 549 48 21 åter
563 547 67 22 borde
652 546 102 27 vidtagas,
776 543 72 22 kunde

82 583 131 22 fortfarande
229 583 105 22 anförtros
350 584 23 21 åt
387 583 183 27 bergsstyrelsens
586 582 126 27 tjenstemän
728 579 51 22 eller
794 577 54 22 efter

83 617 66 22 behof
169 619 23 20 åt
207 619 66 20 andra
288 617 101 28 lämpliga
404 624 110 20 personer.
546 616 41 22 Till
602 615 136 22 bestridande
752 613 22 22 af
789 612 59 21 kost-

82 652 95 21 naderna
192 652 108 26 föreslogs,
316 654 33 19 att
364 658 25 15 ur
405 652 111 21 allmänna
531 651 70 22 medel
615 650 33 21 till
664 656 25 15 en
704 648 75 27 början
794 647 7 20 i
816 646 30 21 tio

82 686 30 26 år,
128 686 92 21 räknadt
235 686 46 21 från
296 686 39 21 och
352 686 49 21 med
417 687 64 25 1876,
498 688 32 19 ett
545 685 78 27 belopp
639 684 22 22 af
674 683 36 22 mk
728 682 75 25 15,000
814 681 33 21 år-

82 720 55 26 ligen
155 720 69 21 skulle
241 720 128 27 disponeras.
401 720 42 21 Till
471 720 71 21 denna
563 718 127 22 hemställan
712 717 36 27 gaf
768 716 26 21 H.
819 710 29 35 K.

82 754 100 27 Majestät
197 755 37 21 sitt
249 755 64 25 bifall,
330 755 40 21 och
385 755 6 20 i
407 754 53 27 följd
485 753 61 23 deraf
566 753 86 27 vidtogo
675 752 26 21 de
723 749 123 29 geologiska

82 789 210 27 undersökningarna
307 790 46 20 åter
368 789 25 21 år
409 790 57 21 1877
490 789 69 21 under
580 786 178 29 bergsstyrelsens
780 783 67 22 öfver-

82 822 102 22 inseende
207 823 39 22 och
268 823 203 28 bergsproberaren,
509 823 102 26 magister
637 821 25 22 K.
694 821 24 21 A.
747 819 100 26 Mobergs

82 857 91 27 ledning.

151 891 164 27 Ifrågavarande
330 891 162 27 undersökning
507 891 41 22 har
562 891 120 22 sedermera
696 889 90 27 fortgått
807 887 40 22 vis-

82 925 90 27 serligen
188 928 51 19 utan
254 925 87 27 afbrott,
357 932 48 15 men
421 926 84 26 ganska
520 925 112 27 långsamt,
651 925 7 20 i
674 925 36 20 det
725 925 33 20 att
772 923 76 22 endast

82 959 97 28 omkring
191 961 27 20 33
233 960 126 27 qvadratmil
374 960 90 27 landyta
480 960 69 21 under
556 961 51 20 åren
619 959 138 22 1877—1880
767 958 82 21 kunnat

82 993 128 27 kartläggas.
240 995 43 20 Det
304 994 40 22 har
359 994 55 21 visat
433 995 39 26 sig,
497 996 33 20 att
545 993 28 23 de
593 993 135 27 olägenheter
744 992 22 22 af
786 992 61 21 arbe-

82 1029 43 20 tets
140 1028 91 27 tidigare
246 1028 39 22 och
301 1028 123 22 nuvarande
443 1028 153 27 organisation,
615 1028 70 21 hvilka
707 1026 142 27 Vetenskaps-

82 1062 133 22 societeten
206 1056 10 38 i
231 1062 37 22 sitt
282 1062 111 22 utlåtande
401 1062 127 27 framhållit,
551 1062 7 22 i
568 1062 42 22 allo
621 1061 107 23 bekräftat
737 1061 37 27 sig.
800 1060 48 22 Den

81 1097 122 21 nuvarande
218 1096 86 22 ledaren
319 1098 69 26 yttrar
397 1097 76 21 derom
489 1097 101 27 följande:
608 1113 4 9 ,
614 1092 69 30 Ända
692 1096 43 22 tills
745 1102 29 15 nu
784 1094 64 22 hafva

80 1130 50 22 flere
146 1130 98 22 biträden
259 1131 92 27 antagits
368 1131 77 21 endast
461 1131 34 21 för
518 1137 126 20 sommaren,
667 1130 89 22 emedan
779 1129 68 22 ansla-

80 1167 37 25 get
132 1165 18 27 ej
167 1165 74 21 tillåtit
255 1165 112 21 aflönande
388 1165 23 21 af
428 1165 105 27 geologer
555 1165 49 22 med
626 1165 133 21 årsarvoden.
791 1163 57 22 Aflö-

80 1199 78 27 ningen
174 1200 21 21 af
210 1200 62 21 dessa
286 1199 98 22 biträden
400 1200 41 21 har
457 1201 93 26 uppgått
564 1199 32 21 till
611 1200 41 21 600
668 1199 60 22 mark
739 1198 33 22 för
782 1198 65 27 sagde

80 1233 37 27 tid,
133 1235 59 20 utom
207 1233 27 21 fri
244 1240 47 15 resa
304 1234 39 21 och
355 1234 191 26 dagtraktamente
555 1234 35 21 vid
600 1233 97 28 flyttning
706 1233 48 22 från
769 1235 31 19 ett
815 1238 33 16 ar-

80 1267 110 22 betsställe
206 1268 32 21 till
254 1270 31 19 ett
300 1270 71 19 annat.
398 1268 31 21 På
446 1268 64 22 dessa
521 1268 69 22 vilkor
600 1268 61 22 hafva
670 1268 111 22 biträdena
792 1268 55 21 dock

79 1302 47 21 icke
142 1302 88 26 deltagit
245 1302 73 27 längre
333 1302 7 21 i
356 1302 190 28 undersökningen
562 1305 26 19 än
604 1309 32 20 en,
653 1302 62 27 högst
733 1302 36 21 två
792 1308 55 15 som-

80 1342 41 20 rar,
137 1336 40 21 och
188 1336 83 21 arbetet
279 1336 39 21 har
326 1336 72 22 derför
406 1338 58 20 måst
473 1337 107 21 anförtros
589 1337 72 26 hvarje
669 1338 24 20 år
703 1338 23 20 åt
734 1343 42 20 nya
790 1335 58 22 kraf-

80 1372 39 24 ter,
128 1371 66 25 något
202 1376 46 15 som
256 1370 32 21 för
297 1370 118 22 detsamma
426 1371 57 21 varit
493 1370 157 27 ofördelaktigt,
659 1370 89 22 emedan
754 1370 54 22 först
816 1370 31 21 tid

79 1404 71 26 åtgått
165 1404 33 21 till
214 1404 122 22 biträdenas
347 1404 114 22 inöfvande
473 1405 41 21 och
526 1405 66 21 sedan
604 1405 113 21 osäkerhet
727 1404 40 22 och
778 1410 70 16 ovana

79 1438 68 21 under
166 1438 194 27 rekognoseringen
380 1439 26 21 de
427 1438 71 22 första
518 1440 130 21 månaderna
670 1438 54 22 varit
740 1445 26 15 en
788 1438 58 27 följd.

148 1478 103 17 Allmänna
264 1478 181 18 Besvärsutskottets
459 1479 120 18 betänkande
592 1480 37 17 N:o
643 1480 17 16 7.
