1023 1678
300 101 245 24 Petitionsbetänkande
562 101 37 24 N:o
615 103 21 22 7.
810 103 12 20 7

88 167 51 15 vore
161 160 106 27 uppnådd.
307 160 43 21 Det
373 165 63 22 synes
460 159 73 22 derför
555 159 60 22 äfven
638 159 106 22 utskottet
766 158 86 23 alldeles

89 193 161 27 otvifvelaktigt,
273 196 32 19 att
329 194 71 21 derest
422 193 104 22 Finlands
549 193 123 27 geologiska
695 193 157 26 undersökning

89 234 62 16 anses
166 235 51 14 vara
233 227 21 22 af
267 228 100 21 behofvet
383 227 109 28 påkallad,
509 227 124 23 densamma
647 229 69 21 måste
731 227 79 22 erhålla
826 233 26 15 en

90 262 150 28 organisation,
256 269 46 15 som
317 262 114 27 möjliggör
447 265 48 19 dess
511 263 130 22 slutförande
657 263 68 21 under
739 269 26 15 en
780 261 74 28 betyd-

88 297 40 28 ligt
142 297 88 21 kortare
244 297 111 27 tiderymd.
387 297 51 22 Men
455 297 27 21 då
497 297 119 22 kostnaden
636 297 33 21 för
691 297 83 21 landets
796 296 57 21 kart-

88 331 101 27 läggning
203 331 32 21 uti
249 331 162 27 ifrågavarande
427 331 55 27 syfte
498 331 7 21 i
521 331 74 27 hvarje
611 331 101 21 händelse
727 331 84 21 komme
821 331 32 20 att

89 365 76 28 belöpa
181 365 31 27 sig
227 365 32 22 till
275 365 64 22 minst
356 366 12 21 2
385 365 99 28 miljoner
500 365 68 28 mark,
585 368 24 19 är
625 365 37 22 det
672 364 22 23 af
703 365 44 27 vigt
757 366 31 20 att
799 366 53 24 veta,

89 400 71 22 hvilka
176 400 92 27 anspråk
283 400 59 21 såväl
357 400 7 21 i
379 400 159 27 vetenskapligt
553 406 45 15 som
614 400 106 27 praktiskt
735 398 119 22 hänseende

90 441 49 15 man
155 437 24 19 är
194 434 121 27 berättigad
330 436 33 19 att
378 434 65 21 ställa
458 435 28 26 på
502 435 62 21 dessa
579 433 187 27 undersökningar.

159 469 102 21 Finlands
276 469 124 27 geologiska
416 469 161 27 undersökning
592 469 39 21 har
645 469 7 20 i
675 468 48 27 allo,
745 467 55 22 både
822 466 33 22 till

90 503 123 26 arbetsplan
229 503 39 22 och
284 503 49 22 med
348 503 83 27 hänsyn
447 503 32 21 till
495 503 33 21 sin
544 503 88 27 uppgift,
648 503 54 26 tagit
722 503 39 21 den
784 501 71 22 samti-

90 538 46 27 digt
150 537 110 28 pågående
275 537 92 22 svenska
382 537 33 21 till
431 537 98 27 förebild,
547 537 85 22 hvarför
643 537 60 22 äfven
715 537 39 21 den
765 536 90 22 erfaren-

89 572 44 27 het,
148 579 46 15 som
209 571 8 22 i
231 572 86 27 Sverige
333 572 69 21 under
417 571 97 22 arbetets
532 572 99 27 fortgång
653 571 90 26 vunnits,
766 569 89 23 kommit

90 608 49 21 vårt
153 607 51 21 land
219 606 32 22 till
266 606 62 27 godo.
359 607 35 21 Då
409 606 188 27 undersökningen
613 607 25 21 år
655 607 54 21 1865
725 606 78 26 vidtog,
826 603 30 22 af-

90 643 38 26 såg
151 641 40 22 den
213 640 123 27 visserligen
359 641 8 20 i
389 640 90 22 främsta
499 643 92 19 rummet
613 640 151 22 utarbetandet
786 639 22 22 af
828 644 28 16 en

90 675 173 27 öfversigtskarta
279 675 7 21 i
301 676 49 20 rent
365 674 158 28 vetenskapligt
545 674 54 28 syfte
622 674 59 22 öfver
702 674 83 22 landets
807 679 49 21 geo-

91 710 83 27 logiska
193 709 154 27 förhållanden,
370 715 50 15 men
444 708 62 22 äfven
529 709 40 21 den
591 709 110 27 praktiska
723 710 74 26 nyttan
820 713 37 15 var

91 744 73 22 afsedd
180 745 33 20 att
227 743 131 28 tillgodoses,
378 743 8 21 i
408 743 38 22 det
468 745 34 20 att
524 744 42 21 alla
588 743 122 28 geologiska
730 742 126 26 bildningar,

90 778 73 22 hvilka
178 778 71 22 kunde
264 778 64 21 lända
336 778 131 27 jordbruket
478 778 53 21 eller
541 778 117 22 industrien
669 777 32 22 till
711 784 61 20 gagn,
788 775 69 23 skulle

91 812 137 22 undersökas.
260 812 51 22 Man
327 813 66 25 ansåg
404 812 61 21 detta
480 818 52 16 vara
547 812 82 28 möjligt
643 812 49 22 med
703 812 40 21 den
751 810 107 28 jemförel-

92 847 56 23 sevis
162 849 60 20 stora
237 847 68 26 skala,
320 847 7 21 i
342 847 87 21 hvilken
445 846 128 22 kartbladen
590 847 143 25 utarbetades,
753 845 104 27 nemligen

92 882 65 27 150000
173 881 34 22 del
223 881 22 22 af
259 881 40 22 den
315 881 109 27 naturliga
439 881 110 22 storleken
566 882 65 26 (5000
647 881 32 21 fot
693 881 52 21 eller
757 881 28 25 1,4
800 881 57 20 verst

90 916 8 22 i
112 918 91 20 naturen
219 925 27 9 =
263 917 10 20 1
291 915 44 22 dec.
351 917 46 19 tum
413 915 30 28 på
457 915 97 23 kartan).
584 911 63 26 Ännu
662 916 25 21 är
703 915 54 21 1872
777 913 80 28 yrkade

91 950 202 27 bergsintendenten
301 950 7 21 i
316 950 38 22 sitt
362 949 155 22 ofvananförda
525 949 144 28 underdåniga
679 949 85 27 förslag,
774 950 32 20 att
817 948 41 21 den

91 984 124 28 geologiska
228 984 195 26 undersökningen,
448 984 73 21 derest
543 984 41 21 den
606 985 47 21 åter
675 983 67 22 skulle
764 983 92 26 vidtaga,

92 1018 89 22 framför
196 1018 37 22 allt
248 1018 67 22 borde
331 1018 46 22 afse
393 1018 37 22 det
446 1018 113 27 praktiska
575 1020 78 25 gagnet
662 1017 33 22 för
702 1017 104 27 jordbruk
818 1016 39 22 och

91 1052 98 23 industri.
220 1052 49 22 Men
284 1052 27 22 då
327 1052 86 22 arbetet
428 1053 26 21 år
471 1053 56 21 1877
543 1054 145 26 återupptogs,
703 1052 75 26 följdes
793 1050 65 22 allde-

91 1088 31 22 les
138 1087 67 22 andra
220 1087 137 27 synpunkter.
389 1087 52 21 Man
457 1087 57 21 hade
529 1087 7 21 i
552 1087 85 27 Sverige
651 1086 76 27 funnit,
742 1087 32 20 att
784 1084 75 23 skalan

94 1122 115 26 1:50,000
225 1127 37 15 var
277 1121 45 22 dels
337 1120 34 22 för
385 1121 55 21 liten
455 1121 34 21 för
504 1123 33 20 att
552 1121 7 21 i
575 1121 63 27 detalj
654 1122 95 26 upptaga
769 1120 41 22 alla
825 1119 34 22 för

92 1156 132 22 äkerbruket
246 1155 40 22 och
308 1155 121 22 industrien
452 1156 80 26 nödiga
554 1155 112 28 uppgifter,
689 1155 46 22 dels
757 1156 46 20 åter
825 1154 34 21 för

92 1192 46 20 stor
153 1190 32 21 för
201 1191 32 20 att
248 1189 59 28 tjena
321 1189 34 21 till
371 1189 104 27 öfversigt
490 1190 24 21 af
535 1192 31 20 ett
587 1190 46 21 helt
654 1189 61 22 lands
737 1188 123 28 geologiska

92 1224 152 26 beskaffenhet.
275 1223 78 22 Derför
375 1224 64 22 valde
462 1230 51 16 man
528 1224 58 22 såväl
609 1224 110 22 derstädes
741 1229 45 16 som
809 1222 50 22 kort

94 1258 91 22 derefter
199 1258 62 22 äfven
275 1258 40 21 hos
333 1264 35 15 oss
391 1264 27 15 en
441 1258 48 28 fyra
512 1259 80 26 gänger
614 1258 81 22 mindre
717 1257 66 27 skala,
807 1256 52 22 eller

94 1293 135 26 1:200,000,
244 1292 49 22 med
308 1292 87 22 hvilken
411 1298 51 15 man
473 1292 110 28 hoppades
594 1292 72 22 kunna
676 1291 89 23 slutföra
774 1290 86 23 arbetet

93 1328 29 27 pä
136 1333 26 15 en
177 1327 105 27 betydligt
297 1327 88 21 kortare
401 1327 32 21 tid
449 1327 41 21 och
506 1327 85 21 hvilken
600 1327 122 26 förändring
732 1326 128 22 ätminstone

92 1361 48 23 haft
154 1360 33 22 till
205 1360 52 28 följd
272 1362 33 20 att
327 1360 275 28 tryckningskostnaderna
623 1360 106 28 betydligt
750 1359 110 22 minskats.

94 1396 41 22 Om
150 1395 66 21 redan
232 1394 41 22 den
288 1394 58 22 förra
361 1394 78 22 skalan
454 1401 39 15 var
508 1394 73 22 alltför
595 1394 51 22 liten
661 1394 33 22 för
712 1393 149 28 agronomiska

94 1428 269 29 specialundersökningar,
389 1430 25 20 sä
430 1430 26 20 är
472 1429 41 21 den
530 1429 121 21 nuvarande
667 1428 133 27 naturligtvis
824 1427 38 22 all

162 1468 104 18 Allmänna
279 1468 183 18 Besvärsutskottets
476 1468 117 18 betänkande
605 1468 38 18 N:o
656 1468 17 18 7.
