1011 1678
211 111 26 20 18
385 109 249 23 Petitionsbetänkande
649 110 38 23 N:o
701 109 32 23 14.

249 178 37 24 Jag
304 179 70 23 hoppas
392 180 28 17 att
434 180 33 18 det
481 180 113 18 hedervärda
612 180 74 18 ståndet
701 179 104 18 remitterar
820 180 51 18 detta
885 180 53 17 korta

181 207 67 23 förslag
263 208 30 18 till
308 208 136 18 vederbörande
459 208 92 18 utskott".
591 204 4 4 '

689 239 59 23 Juho
763 239 104 23 Kaksola.

543 326 29 21 e.

250 372 56 21 Frän
328 372 165 23 Bondeständet
512 379 26 15 en
553 373 92 27 petition
661 373 111 27 angäende
787 372 149 22 instrumental

179 407 162 27 undersökning
364 406 23 23 af
408 413 26 16 en
454 407 228 28 jernvägssträckning
704 407 47 22 frän
773 407 73 22 Etseri
860 413 76 21 genom

177 441 130 22 Kärsämäki
323 442 39 21 och
377 441 59 23 öfver
444 442 131 22 Niskakoski
586 443 32 20 till
629 442 115 27 Uleäborg,
756 443 57 20 samt
821 441 114 22 utförande

178 475 22 22 af
215 483 26 15 en
261 477 54 21 bana
333 477 49 22 med
406 477 71 22 denna
494 477 94 27 riktning
606 477 88 22 framför
713 477 75 27 antra,
805 476 93 28 ingifven
914 476 23 21 af

176 511 208 27 landtdagsmannen
406 512 57 22 Juho
486 512 144 27 Iso-Möttölä,
654 512 86 22 hvilken
755 512 7 21 i
778 511 156 27 öfversättning

178 548 23 19 är
217 545 125 28 sälydande:

358 609 54 27 »Till
426 610 138 21 Hedervärda
578 610 169 21 Bondeständet.

243 658 44 18 Med
309 659 51 17 dessa
383 659 56 23 några
461 659 53 18 rader
535 660 57 17 beder
608 659 33 23 jag
662 661 27 15 att
707 659 18 17 få
744 659 52 17 helsa
815 658 118 18 Hedervärda

175 686 144 19 Bondeständet.

243 716 28 17 Dä
286 722 40 11 man
342 716 42 17 med
399 716 78 23 tillhjelp
492 716 20 18 af
524 717 136 22 vetenskapligt
670 716 91 23 uppgjord
777 716 52 17 karta
839 716 94 17 betraktar

174 743 137 18 förhällandena
326 745 6 17 i
346 745 86 21 Karelen,
453 745 20 18 sä
487 746 58 17 finner
560 751 41 12 man
617 747 28 16 att
659 745 60 18 denna
734 745 83 17 landsdel
832 745 6 16 i
853 744 33 18 och
902 749 30 18 ge-

174 778 41 12 nom
238 773 75 23 Ladoga
333 773 33 18 och
385 773 82 18 Joensuu
487 776 46 16 samt
550 775 56 17 Pielis
624 774 75 17 kanaler
714 775 20 16 är
749 773 86 23 temligen
850 773 30 18 väl
895 773 36 18 för-

172 801 59 24 hjelpt
246 802 42 17 med
307 802 222 19 kommunikationsleder.
560 803 33 18 Om
612 809 42 12 man
669 803 83 17 deremot
767 802 93 17 betraktar
875 802 55 17 Savo-

172 830 45 21 laks,
233 831 59 17 finner
307 837 40 12 man
363 833 28 16 att
406 831 53 18 äfven
480 832 59 17 denua
553 832 83 17 landsdel
652 833 20 16 är
687 831 96 23 högeligen
799 831 86 23 förhjelpt
899 836 30 17 ge-

172 865 42 12 nom
234 859 62 18 Saima
315 860 32 17 och
368 860 27 18 S:t
412 861 76 17 Michels
505 862 47 16 samt
567 861 73 22 Kuopio
655 861 100 16 kanalerna
769 860 48 17 ända
832 860 28 17 till
875 860 54 17 Iden-

172 888 57 17 salmi.
249 889 98 17 Betraktar
362 895 42 11 man
419 889 92 18 mellersta
525 889 78 18 Finland
619 890 58 17 finnes
693 891 27 16 att
735 889 53 17 äfven
799 889 59 17 denna
868 889 62 17 lands-

171 917 29 17 del
216 918 20 16 är
252 917 86 23 temligen
353 918 29 17 väl
397 917 87 24 förhjelpt
499 924 64 17 genom
578 919 74 22 Päijäne
668 918 33 17 och
717 917 94 24 Wesijärvi
822 917 59 18 kanal.
895 917 34 18 Om

170 951 42 12 man
228 946 42 17 åter
285 947 93 16 betraktar
396 947 90 22 Wiborgs,
504 947 86 23 Nylands,
606 947 113 18 Tavastebus
734 947 33 17 och
783 941 41 23 Abo
851 946 77 23 Björne-

170 975 55 22 borgs
249 975 36 21 län,
303 975 58 18 finnas
381 975 33 18 der
434 976 66 21 bättre,
515 977 73 22 mycket
602 977 61 16 bättre
679 975 183 18 kommunikationer.
892 975 37 17 Der

171 1003 58 17 finnas
250 1003 99 23 jernvägar
371 1004 29 17 till
421 1005 139 22 befolkningens
578 1005 6 17 i
600 1005 52 17 dessa
672 1005 105 17 landsdelar
792 1003 86 18 lifskrafts
893 1003 35 18 för-

170 1031 70 18 kofran.
271 1032 42 18 Men
329 1038 28 12 om
374 1038 41 12 man
431 1033 94 18 betraktar
540 1034 22 17 de
578 1033 113 18 vidsträckta
701 1033 84 21 nordliga
795 1032 133 22 landsdelarna,

170 1060 19 17 sä
204 1060 59 18 finnes
281 1061 32 17 der
328 1061 6 17 i
349 1061 42 17 hela
410 1062 42 17 dess
469 1062 126 22 utsträckning
614 1062 40 18 icke
672 1062 57 22 nägot
744 1062 65 16 tecken
825 1061 27 17 till
867 1062 61 16 bättre

170 1089 182 19 kommunikationer.
368 1090 38 18 Der
421 1091 86 17 utbreder
522 1091 27 22 sig
564 1088 119 20 Österbotten
697 1090 41 18 med
754 1090 41 18 dess
805 1092 51 16 stora
865 1092 63 15 natnr-

169 1118 110 22 rikedomar,
295 1118 113 19 vidsträckta
423 1120 53 22 sjöar,
491 1120 39 16 rika
545 1120 23 22 pä
580 1120 124 22 jernmalmer,
717 1119 79 22 mäktigt
806 1118 122 18 strömmande

168 1146 63 22 forsar,
256 1148 42 16 vida
317 1148 66 22 skogar
397 1148 42 18 med
454 1148 15 18 is
484 1149 64 22 grund,
565 1148 130 18 vidtutbredda
711 1148 41 17 kärr
768 1148 33 17 och
817 1153 59 12 mosar
886 1148 41 16 med

168 1176 99 21 lerbotten,
289 1176 83 23 Limingo
396 1176 87 23 ofantliga
502 1179 55 21 ängar
573 1177 33 17 och
622 1178 59 16 äkrar.
712 1177 37 17 Der
764 1176 49 23 ligga
828 1176 52 18 dessa
895 1182 33 11 na-

168 1205 63 17 turens
255 1205 107 23 outtömliga
384 1206 103 18 rikedomar
509 1206 54 17 dolda
581 1208 44 15 utan
644 1207 29 16 att
687 1206 63 16 kunna
765 1206 97 22 begagnas.
891 1205 37 17 Der

168 1233 34 17 bor
217 1235 29 15 ett
261 1234 69 21 talrikt,
352 1234 74 23 fredligt
446 1234 37 18 folk
502 1235 41 17 med
562 1235 36 17 alla
616 1235 52 17 dessa
683 1234 104 18 rikedomar
801 1234 70 17 hvilket
886 1234 41 17 med

167 1262 24 16 all
215 1262 121 23 tälmodighet
358 1264 66 16 väntar
443 1264 23 22 pä
484 1263 49 23 hjelp
551 1263 28 17 för
594 1263 162 18 ästadkommande
771 1262 20 18 af
803 1263 62 17 bättre
877 1263 49 17 kom-

167 1291 142 22 menikationer,
328 1291 62 18 hvilka
410 1292 114 22 sannerligen
543 1298 42 12 vore
600 1292 28 18 för
643 1292 42 17 hela
699 1292 64 17 landet
778 1291 28 18 till
821 1293 39 15 stor
874 1293 53 21 nytta

167 1319 34 17 och
216 1319 63 18 heder.
310 1320 27 18 På
351 1320 53 18 dessa
419 1321 161 22 behjertansvärda
595 1321 40 17 skäl
650 1321 56 22 vågar
719 1320 32 23 jag
766 1320 32 18 hos
814 1320 31 18 det
856 1320 70 18 Heder-

168 1347 57 17 värda
241 1348 139 18 Bondeständet
394 1349 34 17 och
443 1349 102 17 Ständerna
559 1349 66 17 föreslå
640 1349 33 17 och
690 1349 73 17 anhålla

340 1396 28 15 att
384 1394 88 24 framför
492 1395 39 17 alla
549 1395 65 17 andra
629 1395 54 17 linier
697 1395 56 17 mätte
768 1394 114 18 undersökas
896 1395 30 17 in-

269 1423 115 17 strumentalt
402 1429 23 11 en
445 1423 42 17 linie
505 1424 48 23 från
575 1424 62 17 Eiseri
658 1429 65 17 genom
746 1423 115 18 Kärsämäki
875 1424 51 22 öfver

234 1459 192 23 Jernvägsutskottets
439 1460 114 18 betänkande
566 1461 36 17 N:o
614 1461 16 17 2.
