1020 1678
360 104 65 23 Petit.
440 105 44 22 bet.
498 106 38 22 N:o
552 104 19 24 3.
802 108 12 19 3

88 174 72 17 Jektorn
175 174 7 17 i
196 180 68 12 samma
283 174 54 24 språk
352 174 30 18 vid
398 175 136 17 universitetets
547 174 89 24 juridiska
650 175 84 22 fakultet,
750 180 23 12 en
789 174 20 18 af
821 174 22 18 de

88 202 58 18 finska
164 204 142 17 translatorerna
326 203 30 18 vid
374 203 79 18 Senaten
469 205 48 16 samt
531 204 91 17 dessutom
638 205 67 16 tvenne
721 204 121 21 medlemmar,

89 236 38 12 som
149 232 79 18 Senaten
251 232 63 22 skulle,
336 232 85 23 möjligen
441 232 45 18 efter
505 232 102 18 inhemtadt
626 233 95 17 utlåtande
741 232 20 18 af
777 232 67 18 Finska

89 260 196 24 Literatursällskapet,
300 263 46 19 utse,
361 261 34 18 och
410 261 20 17 af
443 261 60 18 hvilka
513 262 110 17 åtminstone
634 262 35 17 den
679 267 36 12 ena
725 261 119 23 ovilkorligen

89 289 56 18 borde
160 295 43 12 vara
215 290 60 22 jurist.

157 318 107 23 Uppdraget
283 320 20 16 är
322 319 39 17 icke
381 318 19 18 af
417 319 34 17 den
470 319 124 17 beskaffenhet
613 321 29 15 att
659 319 32 17 det
709 319 58 17 skulle
782 318 62 18 kräfva

89 346 93 18 oafbrutet
197 347 62 18 arbete
275 347 19 17 af
306 347 91 18 komiténs
412 347 100 18 ledamöter
527 348 45 17 eller
586 353 32 12 ens
634 349 42 21 taga
692 347 56 23 något
764 347 80 18 särdeles

89 377 47 16 stort
150 375 83 18 tidsmätt
248 376 5 17 i
269 377 86 22 anspråk;
369 377 32 17 det
415 377 33 17 bör
463 376 60 18 derför
538 378 44 16 utan
598 377 91 22 svårighet
702 377 61 17 kunna
773 376 71 18 utöfver

89 404 56 18 andra
160 405 150 22 embetsgöromål
325 405 113 18 medhinnas.
468 405 37 18 Och
521 406 52 17 torde
591 403 53 20 1200
661 405 10 18 å
689 404 53 19 1500
754 405 50 18 mark
815 399 28 24 ån

89 433 40 18 året
145 433 20 18 åt
178 433 63 24 hvarje
256 434 79 18 ledamot
350 434 6 17 i
370 434 80 17 komiten
465 434 62 18 kunna
542 434 88 18 beräknas
645 435 59 17 såsom
720 434 58 23 skälig
793 434 51 23 godt-

89 462 70 22 görelse
174 462 27 18 för
216 463 51 17 detta
283 463 43 18 värf,
356 463 42 18 Med
413 463 64 22 tillägg
492 463 21 18 af
525 463 137 23 expensemedel
679 463 56 18 borde
746 463 32 18 det
788 463 56 22 årliga

89 491 83 22 anslaget
186 491 28 18 för
229 491 79 18 komiten
324 492 40 17 icke
379 492 98 23 öfverstiga
493 491 60 23 8,000
569 492 11 17 a
597 491 74 22 10,000
687 492 57 17 mark.

157 520 27 17 Pä
201 521 59 22 grund
281 521 19 17 af
317 521 52 17 dessa
384 521 5 17 i
404 521 74 18 korthet
497 521 75 18 anförda
586 521 39 18 skäl
640 521 34 18 och
689 521 156 22 omständigheter

89 549 32 17 bar
134 549 32 22 jag
180 550 44 17 äran
239 549 33 18 hos
287 549 133 24 Ridderskapet
434 549 33 18 och
483 549 60 19 Adeln
558 550 93 18 vördsamt
666 550 66 17 föreslä
747 555 22 12 en
780 550 65 17 under-

89 577 55 23 dänig
159 578 77 23 petition
252 578 19 17 af
283 578 102 18 Ständerna
400 579 67 21 derom,

158 608 28 16 att
201 607 50 18 Hans
266 607 101 23 Kejserliga
382 607 85 24 Majestät
481 608 72 17 täcktes
563 608 6 17 i
579 607 57 18 nåder
649 607 91 22 förordna,
752 609 28 16 att
789 613 22 12 en
822 608 24 23 pä

89 635 115 18 förenämndt
219 637 37 16 sätt
271 638 118 16 sammansatt
404 631 72 27 komite,
491 636 28 18 för
535 637 20 17 sä
569 637 43 22 läng
627 637 27 17 tid
667 637 65 17 sädant
746 637 62 17 visade
818 637 27 22 sig

89 664 93 22 gagneligt
203 665 34 17 och
256 665 90 22 behöfligt,
365 665 68 17 erhölle
447 665 6 17 i
469 665 82 23 uppdrag
569 667 32 19 att,
620 665 150 23 hufvudsakligen
788 665 58 23 enligt

90 692 53 18 ofvan
159 693 73 22 angifna
247 699 89 17 program,
352 694 54 18 verka
421 694 28 18 för
463 694 32 18 det
510 694 58 18 finska
582 694 143 23 kurialspräkets
736 694 109 22 utbildning,

90 723 47 16 samt
151 723 28 16 att
194 722 114 23 erforderligt
323 722 62 23 anslag
400 723 59 17 blefve
474 723 27 17 för
517 723 103 17 ändamälet
634 723 91 18 anvisadt.

158 756 113 23 Helsingfors
286 757 34 18 den
337 755 11 20 3
364 757 86 18 Februari
469 755 60 20 1882.

611 794 23 23 L.
649 794 128 23 Mechelin''.

159 869 60 22 Efter
239 870 109 21 verkstäld
368 870 131 27 granskning
518 870 23 21 af
554 869 163 28 ifrägavarande
732 870 113 27 petitions-

90 903 81 28 förslag
186 911 65 15 anser
265 905 108 21 utskottet
388 905 33 26 sig
436 905 53 22 böra
505 905 75 26 uttala,
598 907 32 20 att
646 905 67 26 enligt
728 905 50 21 dess
789 905 57 27 äsigt

90 938 130 27 riktigheten
236 939 22 21 af
271 939 41 22 den
328 939 141 27 grundtanke,
481 939 81 27 hvarpä
573 939 103 27 förslaget
685 939 75 27 hvilar,
773 939 18 28 ej
802 939 43 22 kan

90 972 145 28 ifrägasättas.
266 973 29 28 Ty
312 973 156 28 otvifvelaktigt
482 974 54 21 böra
550 973 188 27 bestämningarna
748 974 31 21 uti
791 975 53 20 1863

91 1007 35 21 års
143 1007 189 28 spräkförordning
347 1008 57 21 inom
420 1008 41 22 den
475 1008 23 22 af
511 1008 77 28 Kejsar
601 1008 121 22 Alexander
732 1008 20 21 II
762 1008 6 21 i
779 1008 67 22 nåder

90 1042 113 22 bestämda
218 1042 59 22 tiden
292 1043 7 21 i
314 1043 39 21 sitt
367 1042 52 22 fulla
435 1042 85 28 omfång
535 1043 61 21 träda
606 1043 7 21 i
624 1042 169 28 verkställighet,
806 1042 40 22 och

91 1076 44 22 lika
150 1077 73 21 säkert
238 1079 23 19 är
277 1077 36 21 det
329 1077 39 21 ock
384 1079 32 19 att
431 1076 70 22 finska
517 1077 98 27 spräkets
631 1077 125 27 utveckling
771 1078 32 21 till
815 1079 31 20 ett

92 1111 42 21 alla
158 1111 135 27 berättigade
318 1112 119 26 fordringar
459 1112 152 22 motsvarande
633 1112 143 27 kurialspräk,
800 1118 46 16 som

93 1146 87 27 erbjöde
203 1148 32 20 ett
257 1146 84 22 koncist
363 1147 86 27 uttryck
471 1146 34 22 för
527 1147 73 27 hvarje
620 1147 103 27 juridiskt
745 1147 101 27 begrepp,

92 1180 43 22 kan
157 1180 159 22 åstadkommas
338 1181 56 21 blott
416 1187 77 21 genom
517 1183 31 20 ett
569 1182 120 21 vidsträckt
712 1182 40 21 och
774 1182 72 26 mäng-

93 1215 65 27 sidigt
176 1216 138 22 användande
330 1215 22 23 af
366 1216 125 22 detsamma.
522 1217 50 21 Men
586 1216 104 22 likaledes
707 1219 23 19 är
746 1216 36 22 det
798 1216 50 22 obe-

93 1250 103 31 stridligt,
217 1252 32 20 att
267 1251 19 27 ej
305 1250 68 22 heller
388 1251 67 21 andra
471 1251 101 27 ätgärder
586 1252 53 21 böra
655 1251 131 27 underlätas,
803 1257 45 16 som

93 1292 50 15 vore
159 1286 82 25 egnade
257 1287 33 20 att
303 1285 8 21 i
326 1286 121 27 möjligaste
463 1292 50 16 mon
524 1286 124 22 underlätta
659 1286 40 22 den
710 1286 138 22 förestäende

93 1320 217 27 spräkförändringen
336 1320 39 22 och
402 1320 89 27 bidraga
517 1320 33 22 till
572 1321 145 26 nyssberörda
738 1320 110 27 syftemäls

93 1354 134 27 uppnäende.

161 1389 39 21 Att
223 1389 108 27 Styrelsen
352 1389 80 27 jemväl
454 1391 66 25 egnat
541 1395 85 21 omsorg
646 1390 23 20 ät
684 1389 70 22 denna
769 1389 81 28 vigtiga

93 1423 84 27 uppgift
192 1426 24 19 är
232 1424 67 21 delvis
315 1424 67 21 redan
397 1423 58 22 förut
470 1424 83 22 bekant
568 1424 40 22 och
622 1423 94 28 framgär
726 1424 125 27 ytterligare

161 1463 105 18 Allmänna
279 1462 176 18 Besvärsutskottets
467 1463 117 18 betänkande
596 1464 36 17 N:o
645 1464 17 17 3.
