1014 1678
196 110 26 20 56
369 107 251 24 Petitionsbetänkande
635 108 39 23 N:o
689 107 31 23 13.

166 174 133 22 mentariska
322 175 128 27 disposition
473 175 62 22 äfven
555 174 136 23 beträffande
710 168 70 27 Äland
795 173 85 22 komma
896 172 32 21 till

166 205 171 36 verkställighet.
604 230 2 2 a

237 244 104 22 Deremot
356 244 36 21 vill
408 245 115 21 Utskottet
536 245 6 20 i
553 245 42 21 allo
607 244 108 28 tillstyrka
726 243 38 22 det
774 242 22 23 af
804 243 125 26 landtdags-

166 285 92 15 mannen
273 279 86 21 Hoikka
374 279 57 22 inom
447 279 165 22 Bondeståndet
628 279 80 22 väckta
718 277 210 28 petitionsförslaget

168 319 35 16 om
222 313 124 22 inrättande
362 314 7 21 i
384 314 85 21 Torneå
485 313 23 22 af
522 316 32 19 ett
569 313 125 28 fyrklassigt
709 312 100 22 läroverk
824 312 50 21 med
889 311 39 22 fin-

166 348 55 21 skan
243 348 73 22 såsom
338 348 239 28 undervisningsspråk.
608 348 45 22 Det
668 350 25 19 är
708 348 7 21 i
730 347 91 22 främsta
836 348 93 20 rummet

166 382 90 22 stadens
276 383 108 28 egenskap
400 383 23 22 af
434 385 107 26 gränsort,
558 389 47 16 som
621 384 39 27 gör
676 382 38 22 det
729 382 103 27 önskligt,
848 383 34 20 att
897 383 32 20 ett

166 417 100 22 läroverk
289 417 31 22 dit
341 417 114 28 förlägges,
476 418 29 27 på
525 418 37 21 det
581 418 42 22 den
639 417 136 28 omgifvande
791 416 137 21 landsortens

166 452 96 27 manliga
277 452 92 27 ungdom
385 453 36 21 må
436 453 82 22 erhålla
533 452 85 23 tillfälle
633 453 34 21 till
682 451 152 23 förvärfvande
844 451 22 21 af
874 451 55 21 bild-

166 486 51 27 ning
231 487 59 21 inom
306 489 49 25 eget
369 487 51 22 land
435 487 40 22 och
491 488 48 21 icke
554 494 53 15 vara
621 489 96 25 tvungen
733 488 33 20 att
782 486 53 22 söka
845 485 84 22 inträde

166 521 36 22 vid
224 521 141 27 Haaparanta
385 522 90 27 lyceum.
506 517 19 27 Å
547 523 68 21 andra
638 522 62 22 sidan
722 523 24 20 är
765 521 37 22 det
817 521 63 26 klart,
897 522 32 20 att

167 562 35 15 om
217 555 161 28 ifrågavarande
394 557 99 22 läroverk
508 557 91 22 inrättas
616 557 7 22 i
638 556 93 27 Torneå,
748 555 181 28 petitionsförsla-

167 593 37 24 get
224 597 35 15 om
278 593 32 20 ett
328 591 124 28 fyrklassigt
471 592 83 27 lyceum
569 592 7 21 i
590 592 64 22 Kemi
672 592 43 21 kan
730 591 84 22 lemnas
829 592 53 21 utan
898 590 31 22 af-

166 626 86 26 seende,
278 628 51 20 enär
352 626 109 23 afståndet
483 627 78 22 mellan
585 627 65 22 dessa
673 626 77 22 städer
770 627 65 26 utgör
851 625 79 22 endast

168 660 99 27 omkring
283 662 40 24 2!/,
340 661 43 21 mil.

236 695 34 21 Dä
289 695 114 23 Utskottet
422 696 94 22 derefter
530 696 95 22 förehaft
640 696 32 22 till
689 695 133 27 behandling
838 695 41 21 den
894 694 36 22 vid

166 729 146 23 innevarande
330 730 105 28 landtdag
450 730 13 22 &
479 737 40 21 nyo
539 731 80 21 väckta
634 730 78 28 frägan
727 736 35 16 om
778 730 76 21 skolan
870 730 7 21 i
892 729 37 22 Ja-

166 764 96 22 kobstad
276 764 40 22 har
332 765 36 21 det
382 767 73 20 ansett
465 768 33 19 att
509 765 60 22 såväl
579 766 92 21 rättvisa
682 771 48 15 som
741 764 100 27 billighet
850 763 79 27 fordra,

167 798 38 22 det
224 799 42 21 den
281 799 7 21 i
303 800 239 26 petitionsmemorialet
558 800 142 22 omförmälda
716 799 100 22 enskilda
831 799 98 21 donatio-

167 840 41 15 nen
224 834 70 27 jemte
309 834 89 23 stadens
415 838 51 24 eget
481 835 76 28 bidrag
571 835 67 22 borde
654 835 88 22 komma
758 834 27 22 de
800 834 50 21 med
866 834 64 21 dessa

167 869 77 26 anslag
258 869 90 22 afsedda
363 870 100 21 ändamål
478 870 33 21 till
526 870 63 27 godo.
620 870 116 22 Utskottet
750 869 70 22 finner
835 869 32 25 sig
882 862 49 28 der-

167 903 33 21 för
219 903 97 26 manadt,
336 905 32 20 att
383 904 40 21 hos
440 904 121 22 Ständerna
577 905 108 27 tillstyrka
701 904 38 22 det
754 903 69 22 första
838 903 94 22 alterna-

167 937 55 22 tivet
241 937 8 22 i
269 938 26 21 hr
314 938 121 22 Helanders
455 939 191 27 petitionsförslag,
663 941 34 20 att
712 938 109 27 nemligen
836 938 96 21 rektors-

167 972 95 27 tjensten
277 972 36 22 vid
323 973 60 27 lägre
394 973 196 22 elementarskolan
600 974 7 21 i
633 973 110 22 Jakobstad
754 973 36 21 må
801 972 131 22 ordinariter

169 1006 100 22 besättas
290 1007 41 21 och
350 1007 75 22 rektor
444 1008 87 27 ålägges
547 1009 33 20 att
594 1009 46 21 mot
655 1007 144 28 uppbärande
815 1006 21 22 af
850 1007 36 21 det
901 1006 33 22 för

169 1041 65 21 dessa
256 1041 100 22 ändamål
376 1042 105 27 anslagna
497 1042 194 27 donationsbidrag
706 1041 101 23 meddela
823 1041 111 22 undervis-

168 1075 52 27 ning
232 1075 80 27 jemväl
327 1076 8 21 i
349 1075 132 23 fremmande
497 1077 71 27 språk.

237 1109 65 23 Hvad
322 1110 37 22 det
379 1110 24 22 af
414 1110 76 22 herrar
504 1111 84 26 Heikel,
604 1111 84 27 Nystén
705 1110 43 22 och
763 1110 77 22 Hårdh
855 1110 78 22 väckta

168 1143 106 28 förslaget
290 1150 34 16 om
339 1145 124 21 inrättande
479 1145 23 21 af
516 1152 26 15 en
558 1145 146 27 bottenskola,
722 1144 127 22 alternativt
859 1144 50 22 med
922 1147 12 19 4

169 1178 53 22 eller
241 1181 13 19 3
274 1179 90 27 klasser,
388 1179 34 22 för
441 1180 38 22 det
497 1179 91 23 afsedda
606 1180 86 28 privata
706 1179 206 22 handelsinstitutet
927 1179 7 21 i

168 1213 124 23 Brahestad
311 1214 140 27 vidkommer,
471 1221 63 21 synes
553 1214 164 28 behöfligheten
733 1214 23 22 af
771 1220 27 16 en
814 1214 67 22 sådan
897 1220 37 15 an-

169 1248 53 21 stalt
244 1254 52 16 vara
315 1249 34 21 till
367 1248 53 23 fullo
437 1249 126 27 ådagalagd.
594 1249 46 22 Och
656 1249 109 22 likaledes
782 1248 62 22 torde
861 1248 37 22 det
915 1248 19 28 ej

168 1288 52 16 vara
240 1282 74 23 tvifvel
333 1283 164 27 underkastadt,
514 1285 33 20 att
562 1284 27 22 då
605 1284 37 22 det
656 1284 8 21 i
680 1284 50 21 vårt
744 1283 52 22 land
812 1283 122 28 sällsporda

168 1316 105 27 inträffar,
289 1319 33 20 att
336 1323 79 21 genom
431 1314 84 26 enskild
525 1325 60 15 mans
595 1318 141 27 frikostighet
748 1324 26 15 en
785 1317 34 22 för
829 1319 33 20 ett
871 1317 65 27 prak-

168 1350 56 22 tiskt
237 1351 54 27 yrke
306 1351 77 22 afsedd
398 1352 68 27 högre
481 1352 129 22 läroanstalt
625 1353 100 22 kommer
735 1352 33 22 till
780 1352 72 26 stånd,
864 1354 72 19 staten

170 1390 78 22 genom
263 1385 125 23 inrättande
404 1386 23 22 af
441 1393 26 15 en
481 1386 99 28 lämpligt
595 1386 145 28 organiserad
754 1386 99 22 förskola
868 1386 67 22 borde

170 1419 34 22 för
226 1420 33 21 sin
283 1420 35 22 del
336 1420 118 22 medverka
469 1421 32 22 till
517 1421 37 22 det
568 1422 50 22 med
634 1422 113 22 anstalten
764 1420 91 23 afsedda
870 1421 66 21 ända-

240 1459 106 19 Allmänna
358 1460 179 19 Besvärsutskottets
549 1461 117 19 betänkande
678 1462 39 18 N:o
730 1462 28 17 13.
