1014 1678
286 142 269 32 Petitionsbetänkande
570 142 46 32 N:o
632 151 37 22 18.

389 363 14 13 «

355 424 127 26 Allmänna
490 424 245 26 Besvärsutskottets
745 424 88 26 betän-

288 464 80 26 kande
395 464 44 26 N:o
462 465 27 25 15
516 465 126 33 angäende
665 473 30 17 en
720 465 114 26 ständer-

289 504 144 34 delegation
452 505 40 25 för
510 505 169 34 uppresandet
697 505 64 26 afen
771 508 64 30 staty

288 544 40 26 till
346 544 82 26 minne
447 545 29 25 af
490 545 62 26 Hans
571 545 114 34 Majestät
701 545 133 35 Kejsaren-

289 584 155 26 Storfursten
462 584 135 27 Alexander
614 585 32 26 II.

154 654 69 19 Sedan
245 653 83 20 landets
351 652 119 28 höglofliga
492 654 90 19 Ständer
602 654 40 19 den
667 654 22 19 10
705 655 130 20 sistförlidne

84 689 57 19 Mars
159 688 32 19 till
210 687 57 20 Hans
282 687 114 20 Excellens
412 687 226 27 Generalguvernören
655 688 140 21 öfverlemnat
810 695 26 14 en

88 722 31 19 till
142 722 57 20 Hans
220 722 100 26 Majestät
337 722 103 26 Kejsaren
462 721 40 20 och
518 721 130 21 Storfursten
663 723 55 20 stäld
734 723 102 20 underdä-

86 757 36 26 nig
145 756 79 26 adress,
248 756 44 20 deri
314 755 119 21 Ständerna
451 756 49 19 med
516 756 115 27 anledning
647 756 23 20 af
683 757 104 20 särskilda
802 757 35 20 vid

85 797 27 12 nu
138 790 111 27 pågående
273 789 103 27 landtdag
400 790 58 19 inom
486 791 196 25 representationen
713 791 124 20 framstälda

85 823 80 28 förslag
187 824 87 20 anhållit
293 831 33 13 om
342 824 74 26 nådigt
432 823 95 21 tillstånd
543 824 33 20 för
591 824 100 21 Finlands
707 825 45 20 folk
767 827 32 18 att
815 825 21 20 ät

89 857 36 21 det
145 858 125 27 välsignade
294 858 81 20 minnet
397 857 23 20 af
441 857 59 21 Hans
522 859 110 26 Majestäts
650 858 55 27 höge
721 859 60 20 fader
796 859 40 20 och

87 893 139 25 företrädare,
248 892 119 27 högstsalig
382 892 72 26 kejsar
468 892 124 20 Alexander
606 893 27 25 II,
649 893 29 19 uti
693 893 83 20 landets
791 892 45 21 huf-

87 927 90 20 vudstad
193 933 91 20 uppresa
298 933 26 13 en
340 926 145 20 monumental
500 928 58 25 staty
574 928 54 18 samt
643 928 31 18 att
689 926 33 21 för
737 927 99 20 ändamä-

87 961 30 20 let
135 967 76 21 genom
228 967 26 13 en
270 961 23 19 af
306 960 120 20 Ständerna
440 960 76 20 utsedd
533 960 121 27 delegation
669 960 127 21 föranstalta
811 967 26 14 en

87 995 247 25 nationalsubskription,
356 994 64 20 hafva
442 993 95 21 Ständen
560 1001 77 19 genom
652 994 123 20 skrifvelser
790 994 46 20 från

90 1027 304 28 Generalguvernörsembetet
415 1027 25 20 af
459 1027 41 20 den
526 1030 22 25 15
570 1028 55 20 Mars
640 1028 150 26 underrättats,
806 1030 31 18 att

87 1062 57 20 Hans
159 1062 121 26 Kejserliga
293 1061 100 27 Majestät
408 1060 72 21 täckts
495 1061 91 28 Nädigst
600 1062 70 20 lemna
685 1062 37 19 sitt
737 1061 59 21 bifall
805 1061 32 20 till

87 1095 129 21 Ständernas
235 1095 141 20 omförmälda
398 1095 108 26 anhällan,
529 1095 39 20 och
584 1095 64 20 hafva
662 1095 99 27 samtliga
776 1095 61 20 ständ

87 1130 73 20 dervid
186 1129 86 20 beslutit
299 1131 31 18 att
353 1129 31 20 till
413 1129 116 20 Allmänna
550 1129 196 20 Besvärsutskottet
769 1129 68 20 öfver-

85 1164 71 20 lemna
177 1165 31 18 att
225 1164 109 19 inkomma
358 1163 46 20 med
429 1163 81 27 förslag
530 1164 90 20 rörande
642 1165 19 25 ej
678 1163 81 20 mindre
774 1165 65 18 sättet

86 1197 33 21 för
135 1197 159 27 ofvanantydda
310 1197 222 27 ständerdelegations
548 1198 131 21 tillsättande
695 1201 26 17 än
737 1198 40 20 ock
794 1203 43 14 om-

87 1231 73 27 fänget
175 1231 24 20 af
211 1231 48 21 dess
274 1232 136 27 befogenhet.

157 1266 141 26 Fullgörande
321 1266 59 20 detta
401 1266 98 27 uppdrag
521 1273 62 13 anser
606 1266 99 21 Uskottet
727 1267 32 26 sig
785 1265 53 20 böra

86 1301 70 20 erinra
177 1300 99 20 hurusom
292 1300 77 20 tanken
390 1302 31 18 att
442 1307 78 20 genom
535 1300 145 27 uppresandet
695 1300 24 20 af
732 1306 26 13 en
773 1301 64 24 staty,

86 1341 45 13 som
150 1334 33 20 för
205 1334 129 20 kommande
356 1334 84 26 slägten
456 1334 72 20 kunde
543 1341 53 13 vara
612 1336 31 18 ett
661 1333 124 21 vitnesbörd
803 1339 35 13 om

85 1368 36 20 det
141 1375 26 13 nu
193 1368 99 20 lefvande
318 1368 68 20 finska
408 1367 80 21 folkets
511 1368 64 26 djupa
598 1368 74 20 känsla
695 1368 23 20 af
740 1366 94 22 vördnad

87 1402 40 20 och
147 1402 133 20 tacksamhet
297 1404 45 18 mot
360 1402 48 20 dess
427 1402 159 26 hädangängne
601 1400 97 22 folkkäre
715 1401 124 25 Storfurste,

86 1436 118 26 högstsalig
224 1436 71 26 kejsar
314 1435 123 21 Alexander
456 1436 29 26 II,
501 1436 28 26 pä
544 1436 78 26 många
636 1436 42 20 håll
693 1436 58 20 inom
766 1434 73 20 landet

86 1469 97 20 vaknade
205 1469 49 20 kort
276 1469 55 20 efter
354 1470 36 19 det
405 1469 40 20 den
460 1470 50 20 ädle
526 1470 91 20 furstens
632 1469 27 21 lif
671 1469 75 21 ändats
761 1474 77 21 genom

153 1508 91 18 Allmänna
256 1508 151 18 besvärsutkottets
420 1509 108 18 betänkande
541 1510 34 16 N:o
590 1510 26 16 15.
