1014 1675
307 107 242 21 Petitionsbetänkande
561 110 38 18 N:o
611 109 28 19 17.
817 110 12 18 3

234 164 68 22 Mom.
319 164 24 29 d)
365 165 48 22 blef
432 168 52 19 utan
507 166 128 22 diskussion
654 166 25 22 af
695 166 86 22 ståndet
798 166 55 28 god-

200 198 75 22 kändt.

165 232 142 22 Hedervärda
321 233 166 23 Bondeståndet
501 234 118 30 godkände
631 234 46 22 dels
689 234 108 29 enhälligt
805 234 46 22 dels

97 267 56 21 efter
168 268 125 28 voteringar
308 268 147 21 betänkandet
471 271 60 19 utom
547 272 41 18 att:

234 301 8 21 i
257 309 64 14 mom.
337 301 24 28 b)
383 303 68 20 orden
467 303 203 28 ,neliluokkainen*
685 303 43 22 och
743 303 110 28 ,fyrklas-

200 336 49 29 sig'
265 336 70 21 skulle
349 336 89 29 utbytas
454 337 35 20 till
504 337 82 28 orden,,
597 337 198 22 viisiluokkainen*
811 337 41 22 och

201 386 6 11 s
209 370 155 29 femklassig'',
379 373 57 19 samt

235 405 7 20 i
257 412 64 14 mom.
337 407 21 25 c)
369 405 68 22 orden
447 405 174 28 ,,korkeintaan**
632 406 42 22 och
684 406 96 29 ,,högst'*
789 406 64 21 fram-

201 439 35 21 för
255 440 70 26 ,,1500
346 440 103 21 markan*
470 440 42 22 och
531 440 71 28 ,1500
620 440 76 21 mark
715 440 34 21 till
772 440 81 27 ,,noin*

201 473 42 22 och
259 473 135 30 ,,omkring'.

169 507 32 22 Ur
216 507 66 22 ofvan
297 508 126 22 meddelade
439 509 204 28 sammanställning
658 509 102 29 framgär,
775 511 33 19 att
818 509 35 21 be-

98 541 108 22 träffande
228 549 63 15 mom.
308 543 22 27 a)
346 545 78 19 tvenne
447 543 65 21 ständ
535 543 86 22 förenat
639 543 34 29 sig
689 551 35 14 om
739 543 115 29 yrkandet,

99 578 33 18 att
147 583 26 14 en
193 576 120 29 sjuklassig
334 577 58 21 finsk
414 577 213 22 fruntimmersskola
648 578 67 22 mätte
737 578 92 20 inrättas
847 577 7 21 i

99 610 98 28 Kuopio,
213 610 42 22 och
273 610 120 30 föreligger
412 611 85 22 säledes
521 610 167 24 Ständerbeslut
703 612 8 21 i
726 612 61 21 detta
801 611 52 22 hän-

99 644 85 22 seende.
206 644 67 22 Hvad
288 645 97 22 deremot
399 646 43 21 den
457 646 128 29 föreslagna
601 646 229 22 fruntimmersskolan
845 646 7 20 i

99 678 126 30 Jyväskylä
239 679 142 28 vidkommer,
396 680 67 21 hafva
471 680 87 22 Preste-
569 680 42 22 och
621 680 171 22 Bondeständen
800 679 55 29 god-

99 713 55 21 känt
168 713 120 22 utskottets
303 714 90 28 förslag,
409 714 164 29 Ridderskapet
587 714 43 22 och
644 714 73 22 Adeln
732 714 40 21 har
783 716 72 19 ansett

99 747 79 21 skolan
193 747 54 22 böra
261 748 92 21 inrättas
368 748 49 22 med
432 748 81 22 endast
527 749 52 29 fyra
593 749 85 22 klasser
693 748 42 22 och
745 748 110 29 Borgare-

101 781 87 22 ständet
203 782 40 21 har
258 782 79 21 önskat
353 782 90 22 skolans
459 783 154 29 organisering
628 783 48 22 med
691 783 44 21 fem
750 782 53 22 eller
811 782 44 28 sju-

99 816 48 28 ärig
169 816 106 21 lärokurs.
312 816 35 22 Dä
369 816 200 29 Borgareständets
592 817 143 28 formulering
754 817 24 20 är
796 823 59 14 mera

100 849 237 22 Ofverensstämmande
359 850 49 21 med
427 851 130 27 utskottets,
573 851 24 21 af
609 851 87 21 Preste-
711 850 42 22 och
768 849 87 22 Bonde-

100 883 93 22 ständen
208 884 119 21 omfattade
342 884 84 29 förslag
437 885 27 21 än
474 885 50 21 med
534 885 174 28 Ridderskapets
719 884 43 22 och
769 884 85 21 Adelns

99 918 118 22 afvikande
232 918 77 27 beslut,
325 919 34 21 fär
373 919 110 21 utskottet
499 919 112 22 vördsamt
626 919 97 22 anhälla:

339 953 22 28 1)
380 957 34 17 att
431 957 115 18 momentet
565 955 24 26 a)
605 954 66 21 mätte
686 954 26 28 af
729 953 126 22 Ständerna

306 988 69 29 enligt
389 989 47 20 dess
451 989 161 28 ursprungliga
627 989 78 28 lydelse
719 988 135 29 godkännas.

168 1022 54 21 Med
243 1022 124 22 hänseende
389 1022 34 21 till
446 1031 65 13 mom.
534 1023 23 28 b)
578 1023 118 29 föreligger
711 1023 42 21 den
769 1022 86 22 olikhet

100 1057 79 21 mellan
201 1057 28 21 de
251 1057 72 21 skilda
345 1057 103 22 ständens
471 1057 81 28 beslut,
575 1060 32 19 att
628 1057 165 29 Ridderskapet
813 1057 42 22 och

100 1091 73 22 Adeln
194 1092 66 28 jemte
278 1091 195 30 Borgareständet,
491 1091 37 22 det
543 1099 76 14 senare
633 1099 79 22 genom
727 1094 34 19 att
776 1094 79 26 antaga

100 1126 27 21 hr
141 1125 129 30 Wallgrens
286 1126 141 30 formulering
443 1127 26 21 af
481 1134 64 14 mom.
562 1127 30 28 c),
610 1126 79 22 uttalat
705 1127 35 28 sig
755 1126 35 21 för
806 1126 50 21 sub-

101 1161 153 29 ventionering
269 1161 25 21 af
306 1168 26 14 en
347 1161 58 21 finsk
420 1161 214 22 fruntimmersskola
648 1161 7 21 i
671 1161 120 28 Uleäborg,
813 1168 44 14 me-

101 1195 43 21 dan
159 1195 172 27 Presteständet,
347 1196 135 21 omfattande
499 1195 128 22 Utskottets
642 1196 90 28 förslag,
748 1194 109 29 tillstyrkt

100 1230 135 21 inrättandet
249 1230 25 21 af
286 1238 27 13 en
327 1230 127 29 fyrklassig,
471 1230 50 22 med
537 1230 125 22 statsmedel
673 1229 108 23 bekostad
796 1229 60 21 frun-

101 1264 162 22 timmersskola
279 1267 56 19 samt
353 1264 168 22 Bondeständet
543 1264 79 22 önskat
637 1272 26 14 en
678 1264 130 28 femklassig
824 1263 33 21 sä-

101 1298 43 21 dan
159 1298 8 21 i
182 1298 94 22 nämnda
291 1299 55 21 stad.
376 1299 60 21 Enär
452 1299 87 21 således
554 1299 13 21 å
581 1306 41 14 ena
640 1298 63 22 sidan
719 1298 137 22 Bondestän-

101 1332 38 22 det
153 1333 65 29 yrkat
239 1333 28 29 pä
288 1333 134 21 inrättandet
437 1333 25 21 af
475 1336 32 18 ett
521 1341 60 14 mera
599 1332 134 23 omfattande
747 1332 110 26 läroverk,

102 1368 27 20 än
144 1367 58 21 hvad
218 1368 107 21 utskottet
340 1367 109 29 tillstyrkt
460 1368 43 21 och
514 1368 164 21 Presteständet
689 1367 99 26 beslutit,
801 1369 56 19 samt

101 1401 14 21 ä
129 1401 68 21 andra
213 1401 62 21 sidan
289 1401 164 29 Ridderskapet
468 1401 43 22 och
525 1401 72 22 Adeln
614 1403 65 27 jemte
697 1401 159 29 Borgarestän-

171 1442 70 23 Bihang
253 1442 27 17 till
292 1442 94 19 Allmänna
398 1442 161 19 Besvärsutskottets
571 1442 103 19 betänkande
685 1442 36 17 N:o
734 1442 27 17 14.
