1023 1678
303 109 243 20 Petitionsbetänkande
558 110 37 19 N:o
607 111 18 18 5.

328 371 141 24 Allmänna
485 371 256 26 Besvärsutskottets
754 373 87 24 betän-

294 411 85 24 kande
392 411 46 25 N:o
452 413 14 23 5
479 413 59 23 med
552 413 140 31 anledning
706 413 29 24 af
745 415 96 22 tvenne

294 453 42 23 till
349 452 193 32 Ridderskapet
551 453 48 24 och
609 453 85 24 Adeln
703 455 67 22 samt
785 453 58 24 Pre-

295 493 144 24 staståndet
460 493 147 24 inlemnade
629 494 214 31 petitionsmemo-

295 533 50 24 rial
358 533 133 30 angående
506 533 112 32 förhöjdt
631 535 91 30 anslag
733 535 38 24 för
785 534 58 25 Uni-

295 573 149 24 versitetets
462 573 134 25 allmänna
612 574 132 25 bibliotek.

161 623 82 22 Genom
258 624 196 27 protokollsutdrag
470 625 23 21 af
508 625 41 21 den
564 626 14 20 4
593 625 39 22 och
649 626 26 21 14
693 626 97 21 sistlidne
805 625 39 22 Fe-

92 658 72 21 bruari
179 658 39 21 har
233 659 113 20 Allmänna
360 659 200 21 Besvärsutskottet
571 659 48 21 från
630 660 115 27 höglofliga
755 661 90 21 Ridder-

92 693 76 27 skapet
183 693 39 21 och
237 693 68 21 Adeln
321 694 55 20 samt
390 693 134 28 högvördiga
539 694 163 22 Prestaståndet
717 694 84 22 erhållit
813 695 32 27 sig

92 728 101 21 tillsända
208 727 93 28 följande
316 729 76 20 tvenne
407 728 196 28 petitionsförslag:

221 773 45 17 Till
279 772 131 24 Höglofliga
422 773 168 24 Ridderskapet
602 774 39 18 och
653 774 73 18 Adeln.

162 813 26 18 En
204 813 44 18 hvar
263 813 19 18 af
296 813 83 18 Ständets
395 814 54 17 ärade
464 814 115 18 medlemmar
591 814 33 18 har
636 814 100 23 säkerligen
749 815 27 23 sig
787 814 59 18 välbe-

93 842 45 18 kant
150 842 33 18 den
200 842 80 23 stätliga,
292 842 29 18 till
334 842 32 18 sitt
380 844 48 21 yttre
442 844 65 21 genast
519 843 6 18 i
538 845 68 21 ögonen
617 843 79 18 fallande
709 843 88 24 byggnad,
809 849 37 12 som

93 871 50 23 höjer
158 871 28 23 sig
201 871 29 18 vid
245 871 51 18 sidan
312 871 19 18 af
347 871 180 19 Universitetshuset.
550 872 64 18 Denna
631 872 89 23 byggnad,
739 878 37 12 som
794 872 47 23 hopa

94 900 47 18 inom
157 900 27 23 sig
200 900 33 17 och
245 901 77 22 gömmer
335 900 21 18 de
369 901 71 21 största,
454 901 22 17 de
489 901 104 23 dyrbaraste
606 901 81 18 litterära
699 901 69 18 skatter
779 901 18 18 vi
809 907 37 17 ega,

95 931 19 16 är
132 929 34 18 den
184 929 46 18 enda
247 929 102 18 institution
364 929 19 18 af
396 929 31 18 det
442 929 60 23 slaget
514 929 6 18 i
533 929 40 18 vårt
588 929 47 18 land.
660 930 38 17 Den
713 930 60 23 borde,
789 929 58 18 såsom

94 958 39 18 dess
151 957 72 24 uppgift
240 959 43 16 utan
298 957 62 18 tvifvel
375 957 40 18 frän
429 958 65 23 början
509 959 53 22 varit,
579 959 67 22 ärligen
660 959 56 18 samla
728 959 32 18 hos
772 959 28 23 sig
812 959 36 17 alla

93 987 124 18 litteraturens
229 987 124 18 utkommande
366 987 103 22 produkter,
482 987 27 18 för
522 989 28 16 att
562 987 20 18 sä
594 988 39 17 vidt
645 987 70 23 möjligt
726 989 20 17 är
757 987 56 18 förete
821 988 27 17 ett

94 1015 116 23 fullständigt
221 1015 105 18 helt
276 1011 12 32 —
298 1015 28 18 och
339 1021 21 12 en
373 1015 54 18 sädan
440 1016 75 22 uppgift
526 1017 20 17 är
558 1016 98 23 ingalunda
667 1016 27 18 för
707 1018 42 20 stor,
761 1016 27 18 för
800 1016 48 18 kost-

94 1050 38 12 sam
143 1044 29 18 för
184 1044 41 18 värt
237 1044 48 21 land,
298 1044 23 18 dä
333 1044 30 18 det
375 1050 41 17 eger
428 1044 66 18 endast
502 1050 21 12 en
532 1055 18 3 —
560 1046 51 22 säger
621 1050 21 12 en
649 1055 20 3 —
677 1044 55 18 sädan
743 1044 105 23 inrättning.

163 1072 41 18 Men
220 1072 49 18 detta
284 1072 136 18 Universitetets
435 1072 107 18 Bibliothek
558 1073 65 17 saknar
638 1072 44 18 dock
697 1078 22 12 en
731 1072 65 23 mängd
808 1072 41 18 huf-

95 1101 108 18 vudarbeten
217 1112 20 2 —
248 1102 19 22 ja
279 1100 55 24 nägra
346 1101 70 23 vigtiga
428 1101 104 18 tidskrifter
544 1102 32 17 har
589 1101 30 18 det
630 1102 38 17 icke
681 1107 30 12 ens
721 1101 69 18 kunnat
799 1100 50 18 hälla

96 1140 21 3 —
130 1130 77 18 oaktadt
219 1130 35 18 alla
266 1130 180 18 bibliothekariernas
459 1130 79 23 osparda
550 1130 28 18 nit
590 1131 28 17 att
629 1130 40 18 med
681 1130 80 18 utmärkt
770 1130 79 18 omdöme

96 1158 80 18 anskaffa
194 1158 30 18 det
241 1158 52 18 bästa
311 1158 33 18 och
364 1158 154 23 nödvändigaste;
534 1160 28 16 att
576 1158 67 24 förtiga
658 1159 49 17 äldre
723 1158 72 18 arbeten
810 1158 39 18 från

95 1187 142 23 boktryckeriets
252 1187 56 18 första
323 1186 51 22 tider,
391 1192 37 12 som
440 1192 76 13 numera
528 1187 63 18 endast
603 1187 133 23 undantagsvis,
749 1187 37 18 ofta
799 1187 19 18 af
828 1192 21 13 en

96 1216 85 18 händelse
193 1216 32 18 och
238 1216 26 18 för
277 1216 85 22 ofantligt
373 1216 48 23 höga
432 1216 44 22 pris,
489 1216 61 18 kunna
562 1216 83 18 erhållas.

165 1244 81 19 Orsaken
263 1244 60 18 dertill
342 1246 24 20 är,
385 1244 58 18 såsom
461 1245 38 17 lätt
514 1245 57 23 gissas
587 1245 41 22 kan,
642 1245 27 17 ett
684 1245 61 17 alltför
756 1244 95 18 inskränkt

97 1273 54 23 årligt
164 1273 63 23 anslag
238 1273 29 18 till
279 1273 54 23 inköp
347 1273 19 18 af
376 1279 35 17 nya
423 1273 71 21 böcker,
508 1273 114 18 alldenstund
633 1273 54 18 redan
696 1273 89 18 särskilda
795 1274 56 16 större

97 1302 71 18 arbeten
177 1302 41 18 med
226 1302 75 23 dyrbara
312 1302 94 23 planscher
418 1303 55 17 hvart
485 1303 29 18 för
526 1303 28 22 sig
566 1303 51 17 kosta
629 1302 69 18 hundra
707 1313 19 2 —
731 1302 20 23 ja
763 1302 88 17 tusentals

96 1331 55 17 mark.
176 1331 55 17 Detta
243 1331 63 22 anslag
317 1331 69 23 uppgår
397 1331 28 17 för
440 1331 114 17 närvarande
568 1331 29 17 till
613 1331 62 17 endast
689 1332 80 16 sextusen
785 1331 66 21 (6,000)

96 1360 56 20 mark,
168 1359 32 18 och
215 1359 46 18 hade
276 1359 89 18 måhända
377 1360 48 17 varit
437 1359 111 23 tillräckligt
560 1359 27 18 för
599 1360 22 18 50
634 1359 19 18 år
665 1359 59 21 sedan,
736 1364 39 13 men
788 1360 20 16 är
820 1364 31 12 nu-

96 1394 54 15 mera,
162 1388 41 18 med
215 1388 31 18 vår
257 1388 37 18 tids
307 1389 48 17 stora
368 1388 33 18 och
414 1388 93 23 alltjemnt
519 1388 109 23 tilltagande
640 1388 134 23 produktivitet,
782 1387 15 23 ej
804 1392 47 13 mera

97 1416 176 24 tillfyllestgörande.

167 1452 94 17 Allmänna
274 1452 158 17 Besvärsutskottets
443 1453 107 17 betänkande
561 1452 35 17 N:o
609 1453 16 16 5.
