1011 1678
203 91 12 18 2
310 89 79 24 Ständ.
404 89 51 22 Pet.
472 103 24 1 —
513 89 169 23 Petitionsbet.
700 89 39 22 N:o
754 89 34 21 14.

176 154 32 18 att
231 158 73 21 gynna
326 152 143 27 uppkomsten
492 152 24 21 af
534 152 127 21 lokalbanor
679 159 78 20 genom
773 152 41 21 den
830 150 96 23 enskilda

178 186 201 26 företagsamheten.
409 181 67 27 Äfven
492 194 26 13 ur
532 186 114 27 principiel
656 186 110 28 synpunkt
777 186 42 21 kan
830 187 36 20 det
879 184 46 22 icke

177 227 51 14 vara
247 220 138 27 fördelaktigt
400 223 32 18 att
447 223 71 19 staten
534 220 33 22 för
582 221 32 27 sig
628 220 170 28 monopoliserar
814 220 42 22 alla
868 220 57 27 jern-

176 254 181 27 vägsbyggnader.
387 254 41 22 Det
446 256 24 20 är
486 262 25 14 en
528 254 82 22 erkänd
626 255 99 27 sanning,
741 257 33 19 att
788 256 68 20 under
871 254 56 21 vissa

176 288 151 22 förhällanden
343 289 84 27 privata
441 288 83 28 företag
540 289 53 21 bära
608 290 32 26 sig
654 289 79 26 bättre,
745 291 27 19 än
784 291 87 19 statens.
894 288 31 21 De

177 322 73 21 lokala
272 322 115 22 behofvens
411 323 119 27 fordringar
545 323 75 21 kunna
635 324 18 27 ej
672 324 63 21 alltid
748 324 115 26 inrymmas
878 323 7 20 i
901 324 25 19 de

177 357 111 21 allmänna
306 357 74 27 regler,
396 365 44 13 som
457 359 36 20 äro
509 357 137 28 nödvändiga
661 357 34 21 för
710 357 216 25 stats-institutioner,

178 391 40 21 och
233 391 98 27 betjenas
348 393 83 20 derföre
447 391 71 22 bättre
534 391 24 22 af
570 399 27 14 en
612 391 59 22 lokal
687 392 138 27 förvaltning,
840 391 86 22 hvilken

178 427 49 20 med
242 427 69 20 större
325 426 77 21 lätthet
417 426 43 21 kan
475 426 83 27 lämpas
574 426 54 21 efter
644 426 31 27 sig
690 426 125 21 företeende
835 427 92 20 omstän-

178 460 105 27 digheter.
313 461 9 20 I
337 461 106 20 anseende
460 460 71 21 härtill
547 467 50 14 vore
612 461 36 20 det
662 461 80 27 jemväl
758 460 123 26 önskvärdt,
896 463 32 18 att

179 494 128 21 lokalbanor
322 495 81 20 utföras
419 495 40 21 och
473 495 103 21 förvaltas
592 495 24 21 af
624 495 128 21 kommuner
769 495 52 21 eller
831 494 97 22 enskilda

180 535 102 21 personer
298 529 50 20 eller
363 529 68 28 bolag.

247 563 155 22 Erfarenheten
425 563 46 22 från
489 565 25 20 de
531 564 84 27 privata
627 564 123 27 jernvägar,
767 564 71 21 hvilka
853 563 76 22 hittills

179 597 79 21 utförts
281 598 7 20 i
310 598 79 25 landet,
413 599 24 20 är
455 598 121 27 visserligen
596 598 47 21 icke
659 598 206 25 tillfredsställande,
881 605 47 14 men

179 631 92 22 orsaken
286 632 71 21 härtill
368 632 38 21 bör
416 633 63 20 sökas
489 633 7 20 i
508 633 25 20 de
544 639 139 20 ogynsamma
693 633 75 25 vilkor,
780 633 67 21 under
857 633 72 21 bvilka

180 667 26 20 de
229 666 79 21 utförts
330 667 38 20 och
391 667 127 21 trafikerats.
551 668 65 20 Dessa
634 667 79 21 banors
729 667 199 27 anläggningskost-

180 702 67 20 nader
277 700 63 22 hafva
369 702 54 20 varit
452 702 73 20 alltför
554 702 56 26 höga
636 701 40 21 och
700 702 62 20 deras
786 701 143 21 trafikerande

181 735 39 20 har
242 734 109 21 besvärats
367 735 23 21 af
404 735 122 21 restriktiva
542 735 150 27 bestämnigar,
709 743 45 14 som
770 735 113 28 nedtryckt
898 736 30 20 im-

182 769 106 21 komsten.
319 769 40 21 Det
381 769 68 22 finnes
466 773 50 18 utan
532 769 73 22 tvifvel
621 771 78 26 mänga
715 769 83 22 trakter
813 770 24 21 af
849 770 80 25 landet,

183 805 37 20 der
236 803 128 22 lokalbanor
379 805 36 20 äro
431 804 114 27 päkallade
561 804 24 21 af
598 807 30 18 ett
640 804 92 27 verkligt
745 804 65 21 behof
818 804 40 21 och
868 804 65 21 hafva

183 838 66 27 utsigt
265 840 32 19 att
312 841 52 18 utan
380 838 77 21 förlust
471 839 73 20 kunna
560 839 133 27 uppehällas,
710 846 34 13 om
760 840 26 20 de
800 839 82 21 utföras
893 839 40 21 och

182 872 116 21 trafikeras
313 873 28 26 pä
357 875 31 18 ett
403 873 54 21 efter
471 873 164 21 förhållandena
650 873 97 27 lämpadt
762 875 50 19 sätt.

253 906 41 21 Vid
311 907 185 27 jernvägsföretag
509 907 68 27 gäller
588 907 61 26 dock,
660 909 32 19 att
703 908 37 20 det
751 908 61 27 ätgär
822 915 27 14 en
859 908 74 26 längre

184 941 38 24 tid,
245 942 28 19 än
289 941 35 21 vid
338 942 68 20 andra
421 941 154 28 atffärsföretag,
590 941 74 22 förrän
679 943 121 20 detsamma
815 949 37 20 ger
867 943 66 20 sådan

185 975 71 20 direkt
272 975 62 25 vinst,
350 983 44 13 som
410 977 63 26 utgör
488 976 68 27 skälig
571 977 63 20 ränta
649 977 28 26 pä
693 977 46 20 deri
754 977 106 26 nedlagda
875 976 58 27 kapi-

186 1009 36 21 tal.
254 1009 76 21 Denna
352 1011 79 19 väntan
451 1011 29 26 pä
495 1010 70 21 direkt
580 1010 56 21 vinst
652 1010 43 21 kan
711 1013 70 18 staten
797 1010 34 21 väl
846 1010 88 22 vidkän-

187 1050 45 19 nas,
256 1044 24 20 sä
302 1044 85 26 mycket
403 1044 72 26 hellre,
492 1052 44 13 som
552 1046 41 20 den
608 1045 8 20 i
631 1045 43 21 alla
689 1045 115 21 händelser
818 1045 75 21 vinner
909 1052 25 14 en

185 1078 69 20 större
270 1077 51 21 eller
336 1078 82 21 mindre
432 1078 94 21 indirekt
541 1079 69 21 fördel
625 1079 131 27 derigenom,
772 1081 32 19 att
814 1079 120 21 välständet

185 1112 40 20 och
241 1112 87 20 dermed
343 1112 201 22 statsinkomsterna
559 1113 67 27 höjas,
642 1116 56 18 samt
713 1120 77 20 genom
810 1114 41 20 den
867 1113 67 21 ökade

186 1146 71 25 trafik,
274 1153 44 14 som
334 1146 89 22 tillföres
439 1148 47 20 dess
502 1148 66 20 redan
584 1147 116 21 bestående
711 1148 123 27 jernvägar.
864 1148 71 20 Annat

186 1181 24 19 är
233 1181 96 20 deremot
350 1181 143 21 förhållandet
507 1183 49 19 med
571 1183 40 20 den
628 1182 106 25 enskilde;
751 1182 42 21 han
810 1183 66 20 måste
891 1182 45 21 afse

187 1215 77 20 endast
287 1216 41 20 den
351 1215 83 21 direkta
456 1216 90 26 vinsten,
568 1216 99 21 hvarföre
683 1216 32 21 till
731 1217 169 27 möjliggörande
915 1216 24 21 af

187 1248 86 28 privata
285 1249 185 28 jernvägsföretag
485 1252 35 19 det
535 1250 40 21 blir
590 1252 132 26 nödvändigt
738 1254 32 18 att
784 1254 71 18 staten
865 1252 72 20 träder

188 1283 92 21 emellan
305 1285 47 20 med
375 1286 118 20 understöd
514 1286 7 19 i
537 1292 26 14 en
579 1285 51 21 eller
646 1292 72 14 annan
735 1285 60 21 form.
826 1285 111 27 Exemplet

187 1316 48 22 frän
251 1318 7 20 i
274 1317 134 22 ekonomiskt
423 1319 121 21 hänseende
560 1320 49 20 vida
623 1326 150 21 gynsammare
784 1320 70 20 stälda
863 1320 75 21 länder

188 1352 28 19 än
232 1351 93 21 Finland
340 1353 56 20 visar
411 1353 72 25 också,
499 1356 31 18 att
545 1353 140 27 privatbanor
700 1355 7 19 i
724 1355 26 19 de
770 1354 62 20 flesta
843 1353 38 21 fall
890 1354 47 20 icke

187 1384 87 22 komma
290 1386 31 20 till
332 1387 63 19 ständ
406 1389 52 18 utan
469 1388 178 22 statsunderstöd,
659 1388 69 20 ehuru
739 1388 36 20 det
786 1388 65 20 sedan
862 1388 74 20 inträf-
