1017 1681
195 123 12 20 2
381 123 227 22 Petitionsbetänkande
624 124 34 21 N:o
674 123 38 22 20.

165 196 14 16 t.
195 199 30 13 ex.
242 193 75 24 stadgas
340 194 6 17 i
364 194 52 24 Kejs.
440 194 155 24 Fiskeristadgan
618 194 20 17 af
653 194 37 18 den
707 194 12 19 4
736 194 47 19 Dec.
801 193 53 20 1865
870 195 9 22 &
896 193 25 19 13

167 236 4 8 s
173 221 120 25 Kungsädra
315 222 48 18 skall
385 223 38 17 alla
440 223 50 18 tider
505 223 20 17 af
538 222 41 19 året
594 222 24 25 pä
632 223 89 24 djupaste
737 223 64 18 stället
815 222 59 18 hållas
889 223 32 23 öp-

166 257 48 17 ypen
238 251 36 18 och
297 251 23 18 fri
343 250 41 19 från
400 252 25 17 all
441 252 30 17 för
486 252 70 17 fiskens
573 258 48 17 upp-
637 251 35 18 och
689 252 125 23 nedstigande
829 251 94 24 hinderlig

168 280 94 23 »stängsel
285 280 6 17 i
307 280 64 24 hvarje
386 281 32 22 elf,
434 281 64 21 ström,
515 280 11 18 å
541 280 36 18 och
593 281 54 23 sund,
663 281 6 16 i
685 280 104 18 allmänhet
804 281 29 17 till
848 287 22 11 en
886 283 36 15 tre-

167 308 76 25 »djedel
266 308 21 17 af
305 311 77 20 vattnet,
397 315 42 12 men
455 309 29 18 till
500 315 23 12 en
539 309 87 24 sjettedel
642 309 34 18 der
691 309 50 18 visas
757 309 37 17 kan
810 312 27 15 att
851 309 70 24 kungs-

167 335 58 24 »ådra
240 337 68 18 endast
322 337 29 18 till
368 336 57 19 sådan
440 338 61 18 bredd
517 338 21 17 af
551 337 53 18 ålder
620 338 91 19 funnits",
742 337 70 18 Likaså
827 338 74 23 stadgas
916 337 6 18 i

167 366 54 24 Kejs.
243 365 146 24 Förordningen
411 365 98 25 angående
533 367 163 23 vattenledningar
719 366 37 18 och
779 367 109 18 vattenverk
903 366 21 18 af

167 395 36 17 den
220 394 26 19 23
263 395 52 17 Mars
332 394 54 19 1868
402 396 9 22 $
429 395 23 19 11
471 395 22 24 ,,I
510 395 64 24 hvarje
594 395 30 22 elf,
640 396 65 21 ström,
722 394 11 19 å
749 395 47 18 eller
811 395 48 18 sund
874 395 48 18 skall

166 422 110 25 kungsådra
291 423 36 18 alla
342 424 50 17 tider
407 423 59 18 hållas
482 425 62 23 öppen
562 424 36 18 och
613 424 24 18 fri
653 423 43 19 från
713 424 84 24 stängsel
812 424 29 17 till
852 429 22 12 en
885 426 37 16 tre-

166 452 65 23 djedel
246 452 20 17 af
280 455 81 15 vattnets
376 453 60 18 bredd
452 452 36 19 och
504 453 34 18 der
553 453 75 24 djupast
643 454 27 22 är,
686 451 21 20 så
722 455 29 16 att
765 453 36 18 far-
813 453 47 18 eller
870 453 51 17 flott-

166 481 37 23 led,
227 481 70 18 fiskens
316 487 45 18 upp-
377 481 35 18 och
428 482 124 23 nedstigande
567 485 48 14 samt
630 484 82 15 vattnets
728 481 115 24 tillräckliga
858 481 62 24 aflopp

166 509 42 18 icke
231 510 76 23 stänges
330 510 47 18 eller
399 510 95 22 hindras",
518 511 35 18 och
576 511 6 17 i
600 511 9 23 &
626 510 25 19 12
668 511 55 17 heter
739 511 33 17 det
787 509 46 25 ,,Uti
849 510 73 17 mindre

166 538 117 24 vattendrag,
299 544 40 12 som
354 539 59 18 likväl
428 539 29 18 till
472 539 36 18 far-
524 539 47 18 eller
586 539 73 18 flottled
675 540 102 23 begagnas,
793 539 48 18 skall
851 539 69 23 kungs-

166 565 45 20 ådra
233 567 70 18 räknas
321 567 29 19 till
372 568 38 17 tolf
430 568 53 17 alvar
498 569 6 16 i
520 569 86 23 djupaste
622 570 77 20 vattnet,
716 568 75 18 ändock
807 571 28 14 att
849 567 71 24 tredje-

167 595 55 18 delen
237 596 22 18 af
273 599 80 15 vattnets
369 597 60 17 bredd
445 598 21 17 är
481 597 84 18 mindre"
582 603 17 12 o.
616 603 14 12 s.
646 603 15 12 v.

237 625 35 17 Ett
293 625 120 24 fullständigt
434 625 124 18 fasthållande
581 625 19 18 af
622 625 31 18 det
669 625 62 24 gamla
747 624 175 25 åskådningssättet

165 653 35 18 har
223 653 50 18 dock
296 654 41 17 icke
353 654 72 17 kunnat
440 655 46 24 göra
502 655 28 23 sig
545 654 92 24 gällande.
669 655 47 17 Man
731 654 35 17 har
781 654 79 23 nödgats
875 653 46 24 göra

166 681 63 24 någon
245 682 84 23 eftergift
339 682 30 18 för
381 683 35 17 den
427 689 37 18 nya
474 683 61 18 tidens
546 689 36 18 nya
593 683 48 23 kraf,
652 683 75 18 hvilket
739 688 55 18 synes
805 683 21 17 af
835 682 85 23 stadgan-

166 710 32 18 det
213 711 6 17 i
233 711 11 22 $
261 710 25 19 13
303 711 54 18 2:dra
371 717 55 13 mom.
443 712 21 17 af
472 711 126 24 nyssnämnda
607 712 47 24 kejs.
666 711 115 24 förordning
791 711 21 18 af
822 710 23 27 23
860 710 59 23 1868,

166 739 34 18 der
223 739 32 18 det
277 739 63 18 heter:
363 739 45 22 ,,Uti
424 739 39 19 små
478 740 116 25 vattendrag,
609 746 41 12 som
665 741 45 17 icke
727 741 32 16 äro
775 740 31 17 för
821 740 36 17 far-
873 739 47 18 eller

165 767 75 18 flottled
255 769 126 21 användbara,
396 769 35 18 och
446 769 73 18 hvilkas
534 769 103 22 stängande
652 769 44 18 icke
712 769 37 17 kan
766 767 48 19 vålla
830 769 89 23 uppdäm-

166 797 45 23 ning
228 797 31 17 för
274 796 58 25 några
348 797 127 18 öfverboende
494 798 46 17 eller
555 798 111 17 vattenbrist
681 798 32 17 för
729 797 49 22 dem,
794 803 40 12 som
850 797 68 18 nedan-

165 825 42 18 före
229 825 67 22 finnas,
314 825 30 18 må
359 826 31 17 det
405 833 44 11 vara
460 827 103 23 jordegare
578 827 88 23 obetaget
681 829 28 15 att
725 825 51 19 hålla
791 825 43 18 hela
848 829 71 14 vatten-

165 854 67 23 draget
253 854 83 24 stängdt,
358 855 79 18 allenast
460 855 70 18 fiskens
552 861 46 18 upp-
614 855 35 18 och
665 854 90 25 nedgång
770 860 67 18 genom
853 854 67 24 tjenlig

165 882 85 24 öppning
265 883 118 25 befrämjas'',

237 911 152 24 Olägenheterna
411 912 21 17 af
445 912 64 23 lagens
525 912 114 23 stadganden
655 918 31 12 om
702 911 118 24 kungsädras
835 910 84 26 bibehål-

164 939 55 18 lande
235 940 55 17 äfven
306 940 6 17 i
327 939 69 19 sådana
412 941 62 18 större
489 941 115 23 vattendrag,
620 947 40 12 som
676 941 44 18 icke
736 941 33 17 äro
785 940 30 18 för
825 940 37 17 far-
873 940 47 18 eller

164 968 75 18 flottled
254 969 127 22 användbara,
396 969 55 18 hafva
466 969 107 18 emellertid
593 969 59 18 under
668 969 34 18 det
718 971 75 16 senaste
808 969 110 17 decennium

164 997 51 17 trädt
237 997 6 17 i
267 997 60 24 dagen
344 998 42 17 med
402 998 34 17 allt
450 999 62 17 större
527 998 98 23 tydlighet.
656 997 68 19 Under
740 998 53 17 detta
808 997 110 18 decennium

163 1025 34 18 har
212 1026 94 23 nemligen
322 1027 73 17 landets
410 1027 82 17 industri
508 1027 95 18 utvecklat
618 1027 27 23 sig
657 1027 143 23 jemförelsevis
815 1025 103 24 kraftigare

163 1054 23 17 än
209 1055 102 22 tillförene,
334 1061 43 12 men
399 1055 97 24 samtidigt
514 1055 33 18 har
562 1054 170 25 vattentillgången
747 1055 6 17 i
769 1054 96 24 åtskilliga
879 1057 39 15 vat-

163 1083 80 24 tendrag
265 1083 121 18 förminskats
409 1084 41 18 dels
473 1084 29 17 till
525 1084 49 23 följd
588 1084 21 17 af
623 1083 144 24 skogssköfling
782 1083 39 18 dels
837 1083 37 18 ock
889 1083 29 18 till

163 1111 48 24 följd
233 1112 22 17 af
268 1113 148 22 upprensningar
432 1113 20 17 af
466 1113 72 17 mindre
553 1113 111 23 vattendrag
687 1107 9 33 =
701 1111 112 23 Värfloden,
829 1117 41 12 som
885 1118 33 11 nu-

164 1146 50 11 mera
229 1141 29 17 till
273 1141 48 24 följd
336 1141 21 18 af
370 1141 81 18 nämnda
467 1141 78 18 orsaker
559 1141 94 24 hastigare
669 1141 69 18 samlas
753 1141 7 17 i
776 1141 23 17 de
815 1143 51 15 stora
879 1143 38 14 vat-

162 1169 148 24 tenbassinerna,
327 1170 121 18 utströmmar
464 1170 53 18 äfven
530 1169 93 25 hastigare
634 1168 83 20 derifrån
729 1175 69 18 genom
808 1169 37 18 den
856 1169 62 23 öppna

162 1197 126 24 kungsådran,
311 1205 43 11 men
377 1199 29 17 till
421 1199 48 24 följd
484 1199 20 18 af
518 1199 52 17 detta
584 1198 71 24 hastiga
673 1198 150 18 utströmmande
839 1196 79 25 uppstår

162 1226 60 18 under
245 1233 66 12 senare
333 1228 56 18 delen
411 1228 21 17 af
446 1234 104 12 sommaren
566 1226 90 26 (Augusti
672 1227 37 17 och
725 1226 112 24 September
852 1225 63 19 måna-

162 1254 43 26 der)
228 1261 23 12 en
271 1256 29 18 för
315 1256 116 24 seglationen
448 1256 69 24 menlig
532 1256 179 23 vattenminskning,
727 1255 62 18 under
805 1255 32 18 det
851 1258 28 14 att
893 1260 23 13 en

161 1282 30 19 för
206 1284 93 18 industrin
315 1285 71 23 menlig
400 1285 113 17 vattenbrist
529 1285 64 18 träder
607 1285 6 17 i
628 1285 61 23 dagen
704 1284 135 18 företrädesvis
856 1283 60 18 under

161 1312 74 18 vintern
250 1312 216 27 (December—April).

232 1340 51 19 Från
298 1342 94 18 särskilda
407 1342 53 18 delar
474 1342 21 18 af
507 1342 65 18 landet
586 1342 34 18 har
635 1342 70 23 klagan
721 1341 94 23 försports
829 1340 53 18 öfver
892 1340 24 18 de

160 1369 123 25 svårigheter,
306 1376 40 12 som
369 1370 86 24 uppstått
472 1371 28 17 till
514 1370 48 24 följd
578 1370 21 18 af
612 1370 199 24 vattenminskningen
826 1370 7 17 i
849 1370 23 17 de
887 1369 29 18 för

161 1398 92 24 seglation
269 1398 36 18 och
319 1399 81 18 industri
416 1400 120 17 användbara
545 1399 141 24 vattendragen.
714 1398 87 19 Starkast
811 1398 34 18 har
855 1398 60 18 denna

160 1427 68 24 klagan
251 1427 50 18 dock
317 1428 119 18 förnummits
451 1427 42 19 från
509 1428 74 18 landets
599 1429 70 17 största
684 1428 120 22 industriort,
820 1426 94 19 Tammer-

228 1464 127 18 Sammansatta
367 1466 45 22 Lag-
424 1466 31 17 och
466 1466 175 18 Ekonomiutskottets
653 1466 111 17 betänkande
776 1465 34 17 N:o
823 1465 17 17 9.
