1023 1675
304 109 229 22 Petitionsbetänkande
549 109 34 21 N:o
599 109 31 21 31.

330 378 128 21 Allmänna
478 378 261 22 Besvärsutskottets
756 378 89 22 betän-

296 413 76 21 kande
389 413 35 21 N:o
440 413 24 21 17
480 413 105 27 angående
602 413 51 21 inom
673 413 173 27 Borgareståndet

296 447 60 22 väckt
380 447 78 27 förslag
485 447 32 21 att
547 447 74 28 ålägga
646 447 201 22 landskommunerna

298 481 112 28 skyldighet
430 481 31 22 att
482 482 53 21 efter
556 482 153 27 befolkningens
725 482 77 21 storlek
818 482 28 21 in-

298 516 54 21 rätta
374 516 58 21 fasta
451 516 112 21 folkskolor
583 516 54 21 samt
656 522 31 16 om
709 517 103 20 införande
828 516 20 21 af

298 550 104 28 skoltvång
427 551 5 21 i
456 551 100 21 städerna
579 551 104 21 äfvensom
703 551 145 22 fastställande

298 586 20 20 af
338 592 38 21 nya
395 586 95 26 grunder,
508 586 62 27 enligt
586 586 64 21 hvilka
666 586 69 27 bidrag
752 586 30 21 till
797 586 50 20 folk-

299 620 68 22 skolor
383 620 51 22 böra
449 620 21 22 af
486 621 103 21 allmänna
605 621 63 21 medel
685 620 54 28 utgå.

166 683 82 22 Genom
267 684 201 26 protokollsutdrag
488 683 23 21 af
525 684 42 20 den
584 684 25 20 10
625 684 105 20 sistvikne
745 683 104 21 Februari

93 718 41 22 har
156 718 108 27 vällofliga
286 718 186 27 Borgareståndet
492 718 34 21 till
543 718 114 21 Allmänna
672 718 178 21 Besvärsutskot-

94 754 43 20 tets
152 752 131 28 behandling
298 752 121 27 hänskjutit
435 754 32 20 ett
483 754 25 20 så
523 752 94 27 lydande
627 752 222 27 petitionsmemorial,

95 794 45 15 som
156 787 82 27 åtföljts
254 787 24 21 af
293 787 108 27 protokoll
417 787 60 21 öfver
494 788 42 20 den
546 787 36 21 vid
593 788 102 20 ärendets
705 787 77 21 remiss
794 787 56 21 inom

95 822 88 21 ståndet
198 822 113 20 förefallna
328 822 134 20 diskussion:

263 884 47 17 Till
323 883 137 24 Vällofliga
472 883 211 24 Borgareståndet.

164 924 37 17 Till
213 924 23 17 de
248 924 32 17 två
292 926 73 16 senaste
378 924 120 18 årtiondenas
511 926 48 16 mest
572 924 99 23 glädjande
680 924 108 23 företeelser
797 924 5 17 i
812 923 41 18 vårt

96 953 44 18 land
158 953 34 17 hör
208 955 45 15 utan
266 953 65 18 tvifvel
344 953 34 18 den
392 953 109 22 utveckling
514 953 73 18 landets
600 952 174 19 folkskoleväsende
787 952 66 18 derun-

97 982 32 17 der
147 982 70 17 vunnit.
242 981 67 18 Medan
328 981 80 18 Finland
420 981 30 18 för
462 983 23 16 20
498 982 21 17 år
535 981 57 18 sedan
605 981 58 23 knapt
675 981 48 18 hade
736 981 58 23 några
806 981 48 18 folk-

98 1010 67 22 skolor,
184 1010 58 18 värda
260 1010 51 18 detta
329 1015 60 16 namn,
406 1012 32 16 äro
451 1010 72 18 sådana
535 1015 78 13 numera
624 1010 93 18 inrättade
729 1011 27 16 uti
769 1010 85 22 samtliga

98 1039 61 18 städer
178 1039 34 18 och
228 1039 70 23 jemväl
317 1039 27 17 uti
362 1044 39 13 mer
420 1041 24 16 än
463 1039 73 18 hälften
550 1039 20 18 af
580 1039 194 18 landskommunerna.
798 1039 57 17 Detta

97 1073 108 18 gynsamma
216 1068 80 17 resultat
308 1068 48 17 talar
368 1068 43 17 bäst
423 1068 29 17 för
465 1069 29 16 att
506 1068 23 17 de
542 1068 99 22 principer,
650 1073 38 12 som
697 1067 52 18 lades
757 1067 29 18 till
794 1067 61 23 grund

98 1097 28 17 för
144 1097 42 17 vårt
203 1097 175 17 folkskoleväsende
397 1097 31 18 vid
444 1097 43 18 dess
500 1097 112 21 inrättande,
625 1102 44 12 voro
681 1097 70 23 riktiga
762 1096 36 18 och
810 1096 44 17 läm-

97 1126 48 23 pade
157 1126 29 18 för
199 1126 43 18 våra
255 1126 135 22 förhållanden,
404 1131 42 13 men
459 1132 66 12 manar
541 1126 88 22 derjemte
642 1126 29 17 till
683 1126 76 18 fortsatt
771 1126 84 17 omvård-

98 1155 36 18 nad
152 1155 36 17 och
206 1154 127 23 uppoffringar
345 1155 42 17 från
400 1155 31 17 det
444 1155 105 17 allmännas
563 1154 45 22 sida,
621 1154 29 18 för
662 1156 28 16 att
702 1154 107 18 folkskolan
822 1154 34 18 allt

98 1184 63 18 vidare
179 1184 30 17 må
226 1183 94 19 förkofras
340 1184 35 18 och
387 1184 42 18 dess
442 1184 125 22 välsignelser
578 1184 64 17 kunna
653 1184 74 17 komma
740 1183 65 22 hvarje
817 1182 39 18 lan-

99 1212 40 18 dets
151 1212 102 23 inbyggare
266 1212 28 17 till
308 1212 52 23 godo.

167 1241 37 18 Vid
222 1241 192 19 folkskoleväsendets
434 1242 97 18 ordnande
550 1241 64 18 ålades
631 1241 186 18 stadskommunerna
830 1242 27 16 att

99 1270 69 18 inrätta
186 1270 34 18 och
239 1270 112 18 underhålla
368 1270 107 18 folkskolor
495 1270 29 18 till
543 1270 32 18 det
587 1270 50 18 antal
650 1270 34 18 och
697 1270 6 17 i
716 1270 35 18 den
764 1269 93 17 utsträck-

99 1299 49 22 ning,
167 1300 27 16 att
212 1299 37 17 alla
267 1299 23 17 de
308 1299 52 21 barn,
378 1304 40 12 som
433 1299 43 18 icke
489 1300 6 16 i
508 1299 86 18 hemmen
607 1299 45 18 eller
664 1299 7 17 i
683 1298 58 18 andra
754 1298 64 18 skolor
830 1303 28 13 er-

99 1328 51 17 hålla
168 1332 22 13 en
206 1328 58 22 högre
276 1328 46 18 eller
335 1328 83 18 deremot
430 1328 95 18 svarande
537 1328 137 22 undervisning,
687 1328 6 17 i
706 1328 35 17 den
754 1327 58 17 blifva
824 1332 33 12 un-

99 1356 102 18 dervisade.
221 1350 26 24 Åt
259 1356 189 18 landskommunerna
462 1356 148 18 öfverlemnades
624 1356 81 18 deremot
717 1358 28 16 att
757 1356 49 18 efter
816 1357 42 21 eget

99 1385 132 22 godtfinnande
249 1386 89 22 antingen
350 1386 70 17 inrätta
432 1386 66 17 skolor
512 1386 45 17 eller
570 1385 98 18 underlåta
680 1385 107 18 detsamma.
812 1384 46 17 Här-

99 1414 31 17 vid
143 1414 64 23 utgick
218 1419 43 13 man
274 1414 42 17 från
329 1414 40 21 den,
385 1414 57 23 enligt
455 1414 44 17 mitt
512 1413 125 22 förmenande,
650 1414 77 18 alldeles
739 1413 70 22 riktiga
818 1418 41 17 syn-

168 1448 94 17 Allmänna
275 1448 167 17 Besvärsutskottets
456 1449 109 17 betänkande
578 1448 33 17 N:o
626 1448 28 18 17.
