1023 1678
201 119 21 18 14
383 118 242 20 Petitionsbetänkande
636 119 38 19 N:o
687 118 32 20 28.

177 176 40 22 dra
239 176 100 28 grunder,
362 176 66 28 enligt
449 177 72 22 hvilka
544 177 135 26 bestämmes,
695 176 56 22 hvad
774 176 79 22 enhvar
869 176 23 22 af
905 176 25 21 de

176 210 99 28 väljande
290 210 39 22 bör
344 211 87 28 erlägga
445 211 34 22 till
493 211 88 22 stadens
599 212 64 21 kassa
678 211 35 22 för
727 211 109 21 allmänna
850 210 79 22 behof*.

176 244 66 22 Detta
265 244 125 23 tvifvelsmäl
405 246 40 21 har
459 246 8 21 i
482 245 68 29 några
565 246 73 22 städer
652 246 77 22 verkat
744 246 87 25 derhän,
847 247 31 20 att
893 243 37 23 nä-

176 286 42 20 gon
233 279 120 31 begränsad
369 280 106 22 röstskala
489 280 48 22 icke
551 280 70 22 blifvit
635 280 13 21 i.
657 280 154 28 valordningen
821 282 109 25 upptagen

175 315 53 20 utan
251 314 80 22 enhvar
352 314 120 22 tillerkänts
495 316 90 20 rösträtt
607 315 8 21 i
633 314 136 22 förhällande
785 314 32 21 till
832 314 49 21 hela
895 313 36 21 det

175 348 60 21 antal
251 349 116 26 skattören,
383 355 44 16 som
443 349 70 22 blifvit
527 349 80 22 honom
623 348 63 23 äsatt.
717 348 10 21 I
743 348 67 21 andra
825 348 39 21 och
879 348 51 21 flere

176 383 73 21 städer
271 383 39 22 har
332 391 48 14 man
403 384 96 22 deremot
518 385 77 25 ansett,
611 386 32 19 att
657 383 102 22 tillätelse
773 383 32 21 till
820 383 110 22 införande

176 417 24 22 af
220 417 121 28 begränsad
363 418 106 21 röstskala
491 418 68 27 ligger
581 418 6 21 i
610 418 36 21 det
669 417 125 28 stadgande,
809 424 45 15 som
869 417 62 27 följer

176 451 132 23 omedelbart
323 452 54 22 efter
392 453 35 21 det
442 453 149 28 nyssanförda.
621 451 34 23 Dä
670 452 37 22 det
722 452 107 27 nämligen
839 451 90 22 bestäm-

175 493 44 14 mes
235 489 38 23 att,
289 487 6 20 i
311 487 101 22 händelse
427 486 70 29 nägon
514 487 58 22 stads
588 487 171 27 valberättigade
769 485 100 22 invänare
880 485 50 28 vilja

174 520 65 22 vinna
261 521 90 28 ändring
366 521 7 21 i
388 523 65 20 sättet
468 522 39 21 och
524 521 117 28 ordningen
657 521 34 22 för
707 521 62 25 valet,
785 521 97 21 rösterna
896 519 34 22 för

174 554 71 22 beslut
261 555 72 22 derom
348 556 60 21 skola
418 555 115 27 ,beräknas
543 556 53 26 efter
605 562 82 15 samma
695 555 112 27 grunder",
819 553 24 23 sä
852 553 77 26 kunde,

174 589 67 28 enligt
263 590 132 21 sistnämnda
416 591 144 27 uppfattning,
584 590 59 21 detta
661 590 48 21 icke
724 589 63 22 hafva
802 587 70 30 någon
887 588 42 22 för-

174 623 70 28 nuftig
265 625 85 27 mening
372 625 67 21 under
455 632 71 14 annan
542 625 161 27 förutsättning,
719 625 28 20 än
763 625 31 28 att
809 623 61 21 äfven
885 629 44 15 mo-

175 657 111 22 difikation
301 659 24 20 af
337 659 145 27 nyssnämnda
497 659 94 27 grunder
607 659 42 21 kan
664 659 67 21 blifva
746 657 89 22 föremål
850 657 33 21 för
898 657 31 21 öf-

172 691 140 29 verläggning
334 693 39 21 och
396 693 71 21 beslut
488 693 68 21 under
578 693 160 27 behandlingen
761 692 22 21 af
803 690 76 29 frägan
895 698 34 14 om

172 726 160 27 valordningen.
363 728 37 20 Att
415 727 69 21 denna
500 726 55 29 äsigt
570 727 61 22 äfven
647 727 72 22 blifvit
734 726 99 27 godkänd
848 726 21 21 af
883 726 45 20 lan-

173 759 47 22 dets
243 759 99 29 Styrelse,
358 761 41 21 kan
415 761 67 22 slutas
498 761 66 26 deraf,
581 763 32 20 att
628 761 53 22 flera
696 760 159 28 valordningar,
870 760 58 21 inne-

172 793 101 23 hållande
295 795 120 28 begränsad
437 795 113 26 röstskala,
569 796 66 21 redan
655 795 70 22 blifvit
740 795 33 21 till
788 794 139 22 efterrättelse

172 828 121 22 faststälda.

240 863 50 22 Men
312 871 34 14 om
362 871 49 14 man
426 864 61 21 äfven
503 867 90 25 antager
608 866 38 24 att,
662 863 72 23 säsom
747 863 79 28 jemväl
841 863 85 21 Utskot-

171 899 32 20 tet
217 897 70 22 häller
301 899 52 25 töre,
368 898 152 29 valordningar
535 899 48 21 med
598 898 123 29 begränsad
737 897 106 22 röstskala
857 897 70 22 kunna

171 931 7 21 i
193 932 102 21 städerna
310 933 87 26 införas,
414 935 51 19 utan
481 935 32 19 att
530 935 24 19 12
571 934 8 27 &
591 933 23 22 L.
626 933 24 21 O.
663 933 139 21 derförinnan
813 931 114 28 undergätt

171 965 70 28 nägon
257 967 97 27 ändring,
371 966 24 22 sä
410 967 63 28 följer
488 967 60 22 deraf
563 967 53 26 icke,
631 969 33 20 att
671 966 80 22 sädant
761 966 98 21 öfverallt
868 967 58 20 kom-

171 1007 45 14 mer
239 1003 33 19 att
294 1001 43 25 ske,
353 1003 27 19 än
395 1002 82 21 mindre
493 1004 32 19 att
540 1002 146 27 likformighet
701 1001 27 21 de
743 1000 70 22 skilda
827 1001 100 20 städerna

171 1034 91 22 emellan
285 1034 28 28 pä
335 1032 70 24 denna
426 1037 41 26 väg
482 1036 95 21 kommer
592 1038 31 19 att
639 1034 70 23 ernäs.
741 1035 45 21 Och
802 1036 31 20 att
847 1034 80 22 säväli

170 1068 101 22 afseende
293 1068 12 22 ä
327 1069 189 29 röstbegränsning
531 1077 46 15 som
594 1070 7 21 i
617 1070 69 21 andra
701 1069 173 27 hufvudpunkter
888 1068 38 22 lik-

170 1102 115 28 formighet
299 1103 100 22 städerna
415 1104 90 21 emellan
520 1104 76 22 blifver
604 1104 108 28 gällande,
721 1110 62 21 synes
790 1110 95 18 numera,
895 1103 30 21 ef-

169 1138 34 20 ter
219 1137 40 21 den
275 1139 84 19 senaste
373 1138 153 28 utvidgningen
541 1138 24 22 af
577 1138 107 22 valrätten
699 1138 60 21 inom
773 1136 152 29 Borgarestån-

170 1171 42 26 det,
227 1172 7 20 i
249 1172 44 28 hög
308 1172 53 27 grad
376 1172 116 22 önskvärdt
506 1171 29 29 på
550 1172 26 22 de
591 1172 112 22 ofvanföre
718 1172 7 21 i
741 1172 36 21 det
791 1171 68 22 första
873 1171 52 27 peti-

168 1206 191 21 tionsmemorialet
374 1206 67 21 redan
457 1206 91 22 anförda
562 1206 53 22 skäl.
645 1206 51 22 Med
713 1206 99 22 afseende
823 1205 53 22 härå
886 1206 39 21 och

168 1240 7 20 i
190 1240 143 22 betraktande
346 1240 79 28 jemväl
441 1241 24 21 af
477 1241 56 21 hvad
543 1240 82 22 Herrar
634 1241 64 27 Berg,
712 1240 96 28 Ignatius
819 1240 39 21 och
869 1239 56 22 Göös

168 1273 119 23 framhållit
308 1275 135 21 beträffande
465 1276 158 27 granskningen
645 1276 24 20 af
689 1274 160 28 vallängderna,
865 1274 60 22 torde

169 1306 201 24 ästadkommandet
385 1309 23 21 af
421 1316 26 14 en
463 1316 121 21 gemensam
599 1310 128 27 valordning
742 1308 33 22 för
790 1308 83 22 landets
883 1309 42 21 stä-

169 1341 38 21 der
229 1342 7 20 i
260 1342 99 22 afseende
381 1342 13 22 å
409 1343 229 27 landtdagsmannaval
652 1351 54 14 vara
721 1345 32 19 ett
767 1342 158 28 önskningsmäl

168 1375 34 22 väl
217 1376 64 21 värdt
295 1378 32 20 att
342 1377 24 21 af
379 1376 120 23 Ständerna
514 1377 107 22 omfattas.

238 1451 123 21 Lagutskottets
373 1452 103 17 betänkande
489 1452 33 17 N:o
535 1452 27 17 12.
