1017 1678
165 89 14 18 2
279 87 80 22 Ständ.
375 87 51 22 Pet.
442 100 28 3 —
486 87 167 23 Petitionsbet.
669 88 42 21 N:o
728 88 21 20 6.

137 144 68 22 skildt
220 144 57 22 hvad
293 144 91 22 trafiken
403 145 13 21 å
428 145 146 27 jernvägarne
588 145 140 21 vidkommer.
758 144 9 21 I
783 144 108 24 städerna,
906 156 2 2 -

138 180 37 20 der
190 179 220 27 stationspersonalen
426 180 24 20 är
464 180 76 25 större,
556 181 24 19 är
596 180 36 20 det
647 181 54 19 utan
716 178 118 22 nämnvärd
847 178 45 21 svå-

138 213 69 27 righet
223 213 84 28 möjligt
321 213 34 21 för
369 213 130 27 tjenstemän
516 213 40 21 och
571 214 96 27 betjente
682 215 33 20 att
730 220 76 20 genom
822 212 70 21 inbör-

139 249 38 20 des
191 247 216 22 öfverenskommelse
423 248 7 20 i
440 250 36 19 tur
487 248 83 22 erhålla
578 248 95 28 ledighet
684 248 130 22 åtminstone
825 247 67 21 under

140 283 25 20 de
177 282 62 26 tider,
251 283 28 20 då
288 280 121 30 gudstjenst
419 282 75 26 hålles,
504 290 49 14 men
564 283 36 21 vid
610 283 83 21 mindre
705 282 103 22 stationer
819 281 74 21 kunna

139 317 7 20 i
161 316 119 22 allmänhet
295 316 95 22 hvarken
405 317 133 27 tjenstemän
554 317 52 21 eller
616 317 112 28 betjening
738 316 81 22 erhålla
827 315 65 27 ledig-

140 351 38 21 het
193 351 70 20 under
277 350 117 28 helgdagar
409 352 49 20 med
472 351 84 22 mindre
572 359 26 14 en
616 351 23 22 af
653 352 48 21 dem
717 350 86 22 aflönad
812 349 80 22 vikarie

141 385 73 21 sköter
232 385 101 27 tjensten.
363 385 33 21 En
416 386 91 27 ändring
527 386 7 21 i
550 387 62 20 dessa
628 385 150 22 förhållanden
793 385 40 20 har
848 385 45 20 der-

142 420 34 21 för
191 421 60 26 synts
267 419 121 22 Ständerna
403 420 89 27 önsklig.

249 455 69 20 andra
338 455 61 20 sidan
418 454 65 22 hafva
498 455 122 21 Ständerna
634 455 48 21 icke
697 454 104 25 förbisett,
817 454 33 21 att
864 452 30 21 af-

142 488 128 28 hjelpandet
292 488 24 21 af
335 489 163 27 ifrågavarande
518 489 189 22 missförhållande
725 489 66 21 borde
810 487 37 22 ske
867 488 28 27 på

143 525 31 19 ett
189 524 50 25 sätt,
255 523 139 27 hvarigenom
408 523 92 22 trafiken
513 523 19 28 ej
548 524 8 21 i
571 524 71 27 någon
657 523 106 27 väsentlig
773 523 50 21 mån
835 522 59 21 kom-

144 564 33 14 me
193 559 32 20 att
240 557 51 21 lida.
321 557 38 22 Ett
374 559 125 26 stadgande,
515 560 33 19 att
563 558 162 22 vederbörande
740 557 50 22 chef
803 557 45 26 bör,
863 557 31 20 så-

143 592 46 21 vidt
204 592 84 27 möjligt
303 593 30 25 är,
349 592 79 22 bereda
442 593 162 27 underlydande
615 593 102 28 personal
727 592 94 27 ledighet
831 591 64 21 minst

144 633 26 14 en
186 627 82 26 söndag
283 627 7 20 i
305 627 106 21 månaden
426 627 69 22 skulle
510 627 97 22 medföra
622 634 26 15 en
664 627 84 22 känbar
763 626 84 21 lättnad
863 625 32 21 för

143 661 166 27 ifrågavarande
324 662 129 27 tjenstemän
469 662 39 21 och
523 662 96 28 betjente
634 664 56 19 samt
701 661 84 22 skänka
796 662 49 20 dem
855 660 41 21 till-

144 695 52 21 fälle
211 697 33 19 att
260 695 54 27 begå
329 695 104 22 sabbaten
448 696 142 22 tillsammans
605 697 48 21 med
669 697 42 20 den
727 695 68 27 öfriga
809 694 87 22 försam-

145 730 80 26 lingen,
249 731 52 20 utan
318 732 32 19 att
364 730 71 26 likväl,
452 731 28 20 då
494 731 140 27 erforderliga
648 730 106 22 anstalter
768 730 71 21 tillika
853 729 44 22 vid-

146 766 67 25 toges,
229 764 93 21 trafiken
333 765 12 20 å
353 765 143 27 jernvägarne
507 765 92 22 behöfde
609 765 44 22 lida
664 766 67 27 något
740 765 92 26 intrång.
862 763 35 22 Af-

146 799 104 20 lönandet
269 799 24 20 af
309 799 92 21 vikarier
421 799 68 22 skulle
507 800 136 27 naturligtvis
662 800 7 21 i
685 801 72 26 någon
775 799 49 21 mån
840 799 57 21 med-

146 833 47 21 föra
211 833 118 21 kostnader
347 833 33 22 för
397 833 125 28 jernvägen,
545 841 49 14 men
610 835 25 20 de
651 835 62 20 torde
729 833 55 22 dock
799 833 18 28 ej
833 833 65 21 blifva

147 868 24 20 så
191 867 129 27 betydande,
340 870 32 19 att
390 868 164 27 ifrågavarande
574 869 127 27 förändring
716 868 34 21 för
765 869 61 20 deras
843 867 55 22 skull

147 901 66 22 borde
228 902 84 27 skjutas
328 903 12 20 å
355 903 51 21 sido.

215 937 10 20 I
246 937 48 20 stöd
315 937 24 21 af
353 937 56 22 hvad
425 938 63 21 ofvan
504 938 128 21 framhållits
647 938 23 21 få
685 938 123 21 Ständerna
823 937 75 21 under-

148 971 86 27 dånigst
251 971 93 26 anhålla,

398 1008 30 18 det
438 1008 78 19 Eders
532 1008 145 24 Kejserliga
687 1007 124 24 Majestät
824 1007 8 18 i
840 1006 60 20 nåder

355 1042 69 19 täcktes
434 1042 101 23 förordna,
544 1043 30 18 att
582 1041 33 20 vid
622 1043 73 18 statens
699 1042 108 23 jernvägar
814 1040 86 20 anstälde

355 1076 110 24 tjenstemän
484 1077 32 19 och
536 1077 78 24 betjente
633 1076 44 24 egde
693 1077 29 18 att
737 1075 64 20 såsom
815 1075 31 19 sin
861 1076 40 18 rätt

355 1110 32 20 och
400 1112 47 18 utan
462 1111 105 25 skyldighet
581 1112 29 18 att
624 1111 69 24 sjelfve
707 1111 74 19 ersätta
794 1110 43 19 sina
847 1109 53 19 ställ-

355 1145 122 23 företrädare
495 1145 23 24 få
535 1146 49 18 hvar
604 1145 59 25 tredje
681 1145 46 19 eller
746 1144 63 24 fjerde
829 1143 72 25 söndag

355 1179 53 25 ledig,
424 1180 46 18 utan
485 1181 29 17 att
528 1179 82 24 trafiken
620 1179 47 19 dock
677 1179 107 24 derigenom
793 1178 59 19 måtte
862 1177 39 20 lida

354 1213 114 25 väsendtligt
480 1214 84 24 intrång.

219 1281 104 22 Finlands
339 1281 91 21 Ständer
445 1281 124 21 framhärda
584 1283 39 19 etc.

223 1321 140 27 Helsingfors,
379 1322 41 20 den
436 1322 27 20 23
478 1321 57 21 Mars
551 1322 61 20 1882.

255 1395 131 23 Helsingfors,
399 1395 17 17 J.
431 1395 75 19 Simelii
519 1395 112 23 arfvingars
643 1393 94 24 tryckeri,
750 1393 49 17 1883.
