1011 1678
293 105 251 23 Petitionsbetänkande
558 107 39 22 N:o
612 105 31 24 14.
807 109 11 19 5

91 176 34 17 ock
147 176 71 17 enskild
240 175 142 23 företagsambet
401 176 6 17 i
426 175 54 18 stånd
499 177 27 16 att
541 181 66 17 genom
623 181 22 12 en
661 176 186 22 sammanbindnings-

89 205 48 17 bana
152 205 62 17 förena
229 204 114 23 Björneborg
357 204 42 18 med
414 204 32 17 det
461 204 57 23 öfriga
532 204 168 18 stambanenätet".

160 239 119 23 Helsingfors,
296 239 34 18 den
347 238 12 18 4
375 239 87 18 Febrnari
480 237 61 20 1882.

148 287 89 23 Edvard
252 287 120 23 Molander.
584 287 21 23 J.
621 288 23 22 F.
660 287 116 30 Lojander.

457 391 26 22 3.

159 438 56 21 Frän
237 438 184 26 Borgareständet
440 444 27 15 en
485 438 91 27 petition
593 438 111 26 angäende
719 437 129 27 anläggning

90 473 29 27 pä
135 474 82 20 statens
234 472 121 22 bekostnad
371 472 23 21 af
408 478 26 16 en
450 472 78 22 bibana
543 472 47 22 frän
606 472 95 22 Kausala
717 472 80 22 station
812 472 36 22 vid

91 507 177 21 Riihimäki—S:t
289 506 144 28 Petersburgs
455 506 90 28 jernväg
560 506 33 22 till
609 506 77 22 Lovisa
701 507 61 21 stads
776 507 71 25 hamn,

90 543 49 21 med
162 542 69 21 vilkor
249 543 32 20 att
301 542 78 21 Lovisa
398 541 49 22 stad
462 541 81 22 lemnar
558 541 78 27 bidrag
651 541 32 21 till
699 542 81 21 banans
796 542 51 27 byg-

91 576 70 28 gande
180 577 53 21 eller
249 576 75 22 ställer
339 576 148 26 räntegaranti
501 576 34 22 för
550 576 58 22 vissa
624 577 30 25 är,
665 576 93 27 ingifven
768 576 23 22 af
799 576 50 22 herr

91 610 73 22 Alfred
179 610 121 28 Björkstén,
316 611 86 21 hvilken
418 611 7 21 i
441 610 155 28 originalskrift
611 613 24 19 är
650 610 128 28 sälydande:

276 686 54 27 Till
348 685 112 28 Vällofliga
475 686 188 27 Borgareständet.

160 730 66 18 Lovisa
240 731 46 20 stad,
303 736 37 12 som
357 735 64 17 genom
437 729 34 18 sitt
485 730 28 17 för
527 730 67 17 handel
610 730 33 17 och
659 730 62 23 sjöfart
731 735 118 18 gynnsamma

91 759 40 22 läge
146 759 56 17 redan
221 759 55 22 tidigt
294 759 47 17 hade
359 759 54 22 bragt
432 759 27 22 sig
475 765 37 16 upp
527 759 28 17 till
571 759 36 18 den
622 759 56 22 fjerde
693 759 7 17 i
715 759 101 22 ordningen
832 759 19 17 af

91 788 72 17 landets
178 788 66 19 städer,
259 788 33 17 har
307 788 58 17 under
384 789 72 16 senaste
472 788 102 21 decennier,
590 793 65 17 genom
671 793 22 12 .en
705 788 65 22 mängd
781 793 68 18 ogynn-

91 822 68 12 samma
180 817 132 20 förhällanden,
335 817 62 17 hvilka
417 817 31 16 det
467 817 39 17 icke
526 817 46 17 stätt
586 817 6 17 i
608 817 73 18 stadens
696 819 50 20 magt
760 819 28 15 att
802 817 46 17 före-

91 846 60 23 bygga
169 846 45 17 eller
232 846 93 22 betvinga,
342 845 15 23 ej
374 845 65 18 endast
457 847 37 16 sett
509 845 33 18 sitt
557 845 52 18 forna
625 846 83 17 välstånd
724 845 65 23 aftaga,
805 848 43 15 utan

91 875 53 17 äfven
160 875 101 22 utsigterna
275 874 29 17 för
318 875 33 16 sitt
366 874 85 17 framtida
466 875 77 16 beständ
559 875 6 16 i
580 875 94 22 betänklig
688 875 45 22 grad
748 874 72 18 hotade.

160 903 52 18 Efter
234 904 34 17 den
292 903 53 18 svåra
363 903 64 21 brand,
447 909 39 11 som
506 903 20 17 år
549 901 53 20 1855
619 903 91 23 öfvergick
725 903 71 22 staden,
812 903 39 18 blef

92 932 35 17 den
143 933 28 16 väl
194 932 112 22 småningom
326 932 39 17 åter
385 932 98 23 uppbyggd
503 932 58 22 enligt
576 938 22 11 en
615 938 23 17 ny
653 933 32 17 och
700 932 86 23 tidsenlig
800 932 49 23 plan,

91 966 41 12 men
149 961 41 17 dess
205 961 72 21 handel,
298 967 38 11 som
352 961 55 17 redan
424 961 57 17 under
497 961 92 22 krigsåren
607 959 53 19 1854
675 961 34 18 och
728 959 52 19 1855
796 961 53 18 drab-

92 991 41 16 bats
148 989 19 18 af
180 990 52 17 svåra
250 990 91 20 förluster,
360 989 47 18 hade
422 989 58 18 under
495 990 35 17 den
547 990 27 17 tid
590 990 63 17 staden
669 990 30 22 låg
713 990 6 17 i
735 990 43 17 aska
792 990 57 17 delvis

93 1018 66 18 hunnit
179 1018 56 23 draga
255 1018 27 23 sig
297 1018 28 17 till
345 1018 123 22 grannstaden
484 1018 66 22 Borgå.
581 1018 51 18 Dock
648 1018 57 18 skulle
721 1020 57 20 orten,
794 1018 55 18 sedan

92 1047 35 18 deu
142 1047 66 18 hunnit
222 1047 67 23 frigöra
304 1047 28 23 sig
346 1047 39 17 frän
404 1047 99 23 bekymren
517 1047 28 18 för
560 1048 28 17 sin
604 1048 89 22 reglering
709 1048 33 17 och
758 1048 32 17 sitt
803 1047 46 18 äter-

93 1077 137 22 uppbyggande,
254 1079 44 14 utan
321 1076 63 17 tvifvel
403 1076 46 17 efter
468 1076 49 17 hand
536 1076 54 17 hafva
605 1077 90 22 återtagit,
712 1077 47 17 hvad
774 1077 76 17 sälunda

92 1105 41 22 gätt
147 1105 93 21 förloradt,
256 1111 29 12 om
301 1105 40 17 icke
353 1105 101 22 jernvägen
470 1105 39 17 frän
526 1105 114 22 Helsingfors
655 1106 27 17 till
696 1105 28 18 S:t
733 1105 116 22 Petersburg,

93 1134 67 22 dragen
183 1134 51 17 öfver
256 1134 63 17 Lahtis
341 1139 66 17 genom
427 1134 39 17 dels
485 1134 48 22 glest
551 1135 101 22 bebyggda,
671 1135 38 17 dels
725 1135 34 16 öde
774 1134 75 21 trakter,

93 1163 72 22 tvangit
180 1163 78 17 handeln
274 1163 6 17 i
296 1163 75 17 alldeles
385 1168 36 17 nya
436 1163 63 20 banor,
516 1163 28 17 väl
560 1162 29 19 till
607 1163 74 18 fromma
695 1163 28 17 för
733 1163 23 17 de
766 1163 83 23 gynnade

93 1191 85 18 städerna
193 1191 113 23 Helsingfors
322 1191 33 18 och
370 1191 80 22 Wiborg,
466 1197 41 12 men
524 1192 28 17 till
568 1193 68 16 största
650 1192 70 22 förfäng
735 1191 28 18 för
776 1192 73 17 mellan-

93 1221 85 22 liggande
193 1221 111 17 kuststäder.
334 1220 72 21 Lovisa,
421 1226 38 11 som
475 1220 117 18 derförinnan
607 1221 50 22 legat
672 1221 29 17 vid
717 1221 71 17 landets
804 1222 46 17 mest

93 1249 108 18 trafikerade
217 1249 91 23 sträkväg,
323 1249 40 17 blef
375 1255 24 11 nu
414 1249 73 17 lemnad
503 1249 51 22 längt
570 1249 19 18 ät
604 1249 50 18 sidan
666 1250 33 17 och
714 1251 73 16 orterna
797 1250 53 22 kring

93 1278 74 23 Päijäno
183 1278 112 17 vidsträckta
310 1278 114 22 vattendrag,
440 1278 63 17 hvilka
517 1279 6 16 i
538 1278 67 17 Lovisa
620 1279 38 16 haft
672 1279 27 16 sin
716 1280 90 16 närmaste
817 1278 33 18 och

93 1307 91 22 naturliga
202 1307 54 18 hamn
275 1307 28 17 för
318 1312 29 12 ex-
363 1306 33 18 och
417 1307 74 22 import,
506 1307 72 17 kommo
594 1313 24 11 nu
633 1307 6 17 i
654 1307 61 18 direkt
727 1307 122 23 jernvägsför-

91 1335 83 17 bindelse
197 1336 41 17 med
258 1335 113 23 Helsingfors
391 1335 34 17 och
445 1341 65 11 senare
528 1335 53 17 äfven
596 1336 42 17 med
653 1336 64 22 Borgä,
733 1336 41 17 med
789 1336 62 17 hvilka

93 1366 49 15 orter
156 1364 72 22 Lovisa,
244 1364 123 18 öfverlemnad
383 1364 19 17 ät
418 1364 27 21 sig
460 1364 46 22 sjelf,
522 1364 40 17 icke
578 1364 84 22 mägtade
677 1365 48 17 täfla.
745 1364 105 18 Lemnande

93 1392 33 18 här
141 1393 10 17 &
167 1393 45 21 sido,
226 1394 46 16 huru
287 1393 43 17 vida
345 1392 129 22 sträckningen
491 1392 19 18 af
523 1393 59 17 denna
598 1393 29 17 del
638 1393 19 17 af
665 1394 72 16 landets
747 1394 104 17 stambane-

93 1423 33 15 nät
145 1428 31 10 var
199 1422 76 23 lyckligt
297 1422 47 21 vald,
365 1421 33 17 och
419 1421 60 21 villigt
499 1422 117 17 erkännande
636 1422 129 22 omöjlighoten
781 1424 27 16 att
823 1422 27 17 för

162 1458 190 22 Jernvägsutskottets
365 1457 117 18 betänkande
495 1458 36 17 N:o
543 1458 16 18 2.
