<?xml version="1.0" encoding="UTF-8"?>
<alto xmlns="http://www.loc.gov/standards/alto/ns-v3#" xmlns:xlink="http://www.w3.org/1999/xlink" xmlns:xsi="http://www.w3.org/2001/XMLSchema-instance" xsi:schemaLocation="http://www.loc.gov/standards/alto/ns-v3# http://www.loc.gov/alto/v3/alto-3-0.xsd">
	<Description>
		<MeasurementUnit>pixel</MeasurementUnit>
		<sourceImageInformation>
			<fileName>/tmp/tess_e4gpzzgp_input.PNG</fileName>
		</sourceImageInformation>
		<OCRProcessing ID="OCR_0">
			<ocrProcessingStep>
				<processingSoftware>
					<softwareName>tesseract 5.3.4</softwareName>
				</processingSoftware>
			</ocrProcessingStep>
		</OCRProcessing>
	</Description>
	<Layout>
		<Page WIDTH="1020" HEIGHT="1678" PHYSICAL_IMG_NR="0" ID="page_0">
			<PrintSpace HPOS="0" VPOS="0" WIDTH="1020" HEIGHT="1678">
				<ComposedBlock ID="cblock_0" HPOS="293" VPOS="118" WIDTH="520" HEIGHT="24">
					<TextBlock ID="block_0" HPOS="293" VPOS="118" WIDTH="520" HEIGHT="24">
						<TextLine ID="line_0" HPOS="293" VPOS="118" WIDTH="520" HEIGHT="24">
							<String ID="string_0" HPOS="293" VPOS="118" WIDTH="238" HEIGHT="24" WC="0.92" CONTENT="Petitionsbetänkande"/><SP WIDTH="17" VPOS="118" HPOS="531"/>
							<String ID="string_1" HPOS="548" VPOS="118" WIDTH="36" HEIGHT="23" WC="0.94" CONTENT="N:o"/><SP WIDTH="18" VPOS="118" HPOS="584"/>
							<String ID="string_2" HPOS="602" VPOS="119" WIDTH="30" HEIGHT="22" WC="0.95" CONTENT="10."/><SP WIDTH="169" VPOS="119" HPOS="632"/>
							<String ID="string_3" HPOS="801" VPOS="119" WIDTH="12" HEIGHT="21" WC="0.96" CONTENT="3"/>
						</TextLine>
					</TextBlock>
				</ComposedBlock>
				<ComposedBlock ID="cblock_1" HPOS="83" VPOS="175" WIDTH="774" HEIGHT="1335">
					<TextBlock ID="block_1" HPOS="83" VPOS="175" WIDTH="768" HEIGHT="926">
						<TextLine ID="line_1" HPOS="85" VPOS="175" WIDTH="758" HEIGHT="24">
							<String ID="string_4" HPOS="85" VPOS="177" WIDTH="80" HEIGHT="22" WC="0.96" CONTENT="Genom"/><SP WIDTH="16" VPOS="177" HPOS="165"/>
							<String ID="string_5" HPOS="181" VPOS="176" WIDTH="108" HEIGHT="21" WC="0.95" CONTENT="skrifvelse"/><SP WIDTH="22" VPOS="176" HPOS="289"/>
							<String ID="string_6" HPOS="311" VPOS="175" WIDTH="23" HEIGHT="23" WC="0.96" CONTENT="af"/><SP WIDTH="22" VPOS="175" HPOS="334"/>
							<String ID="string_7" HPOS="356" VPOS="176" WIDTH="39" HEIGHT="21" WC="0.96" CONTENT="den"/><SP WIDTH="25" VPOS="176" HPOS="395"/>
							<String ID="string_8" HPOS="420" VPOS="177" WIDTH="25" HEIGHT="20" WC="0.95" CONTENT="19"/><SP WIDTH="20" VPOS="177" HPOS="445"/>
							<String ID="string_9" HPOS="465" VPOS="175" WIDTH="105" HEIGHT="22" WC="0.96" CONTENT="Februari"/><SP WIDTH="24" VPOS="175" HPOS="570"/>
							<String ID="string_10" HPOS="594" VPOS="177" WIDTH="54" HEIGHT="21" WC="0.93" CONTENT="1880"/><SP WIDTH="22" VPOS="177" HPOS="648"/>
							<String ID="string_11" HPOS="670" VPOS="175" WIDTH="112" HEIGHT="23" WC="0.92" CONTENT="anbefalde"/><SP WIDTH="15" VPOS="175" HPOS="782"/>
							<String ID="string_12" HPOS="797" VPOS="176" WIDTH="46" HEIGHT="22" WC="0.92" CONTENT="der-"/>
						</TextLine>
						<TextLine ID="line_2" HPOS="83" VPOS="209" WIDTH="761" HEIGHT="29">
							<String ID="string_13" HPOS="83" VPOS="211" WIDTH="33" HEIGHT="22" WC="0.93" CONTENT="för"/><SP WIDTH="7" VPOS="211" HPOS="116"/>
							<String ID="string_14" HPOS="123" VPOS="211" WIDTH="26" HEIGHT="21" WC="0.91" CONTENT="K."/><SP WIDTH="9" VPOS="211" HPOS="149"/>
							<String ID="string_15" HPOS="158" VPOS="211" WIDTH="92" HEIGHT="22" WC="0.96" CONTENT="Senaten"/><SP WIDTH="9" VPOS="211" HPOS="250"/>
							<String ID="string_16" HPOS="259" VPOS="210" WIDTH="73" HEIGHT="22" WC="0.96" CONTENT="chefen"/><SP WIDTH="8" VPOS="210" HPOS="332"/>
							<String ID="string_17" HPOS="340" VPOS="210" WIDTH="33" HEIGHT="22" WC="0.93" CONTENT="för"/><SP WIDTH="8" VPOS="210" HPOS="373"/>
							<String ID="string_18" HPOS="381" VPOS="210" WIDTH="158" HEIGHT="28" WC="0.91" CONTENT="forststyrelsen"/><SP WIDTH="8" VPOS="210" HPOS="539"/>
							<String ID="string_19" HPOS="547" VPOS="211" WIDTH="50" HEIGHT="21" WC="0.90" CONTENT="attå"/><SP WIDTH="7" VPOS="211" HPOS="597"/>
							<String ID="string_20" HPOS="604" VPOS="212" WIDTH="34" HEIGHT="20" WC="0.96" CONTENT="ort"/><SP WIDTH="10" VPOS="212" HPOS="638"/>
							<String ID="string_21" HPOS="648" VPOS="210" WIDTH="40" HEIGHT="23" WC="0.97" CONTENT="och"/><SP WIDTH="8" VPOS="210" HPOS="688"/>
							<String ID="string_22" HPOS="696" VPOS="209" WIDTH="61" HEIGHT="23" WC="0.93" CONTENT="ställe"/><SP WIDTH="12" VPOS="209" HPOS="757"/>
							<String ID="string_23" HPOS="769" VPOS="211" WIDTH="75" HEIGHT="21" WC="0.91" CONTENT="under-"/>
						</TextLine>
						<TextLine ID="line_3" HPOS="84" VPOS="245" WIDTH="759" HEIGHT="27">
							<String ID="string_24" HPOS="84" VPOS="245" WIDTH="52" HEIGHT="22" WC="0.96" CONTENT="söka"/><SP WIDTH="5" VPOS="245" HPOS="136"/>
							<String ID="string_25" HPOS="141" VPOS="245" WIDTH="141" HEIGHT="22" WC="0.96" CONTENT="förhållandet"/><SP WIDTH="9" VPOS="245" HPOS="282"/>
							<String ID="string_26" HPOS="291" VPOS="245" WIDTH="35" HEIGHT="22" WC="0.95" CONTENT="och"/><SP WIDTH="10" VPOS="245" HPOS="326"/>
							<String ID="string_27" HPOS="336" VPOS="245" WIDTH="35" HEIGHT="22" WC="0.92" CONTENT="med"/><SP WIDTH="11" VPOS="245" HPOS="371"/>
							<String ID="string_28" HPOS="382" VPOS="245" WIDTH="223" HEIGHT="27" WC="0.90" CONTENT="forsttjenstemännen"/><SP WIDTH="6" VPOS="245" HPOS="605"/>
							<String ID="string_29" HPOS="611" VPOS="245" WIDTH="109" HEIGHT="22" WC="0.90" CONTENT="derstädes"/><SP WIDTH="4" VPOS="245" HPOS="720"/>
							<String ID="string_30" HPOS="724" VPOS="245" WIDTH="119" HEIGHT="27" WC="0.89" CONTENT="öfverlägga"/>
						</TextLine>
						<TextLine ID="line_4" HPOS="85" VPOS="279" WIDTH="758" HEIGHT="28">
							<String ID="string_31" HPOS="85" VPOS="286" WIDTH="34" HEIGHT="15" WC="0.57" CONTENT="om"/><SP WIDTH="5" VPOS="286" HPOS="119"/>
							<String ID="string_32" HPOS="124" VPOS="279" WIDTH="100" HEIGHT="28" WC="0.57" CONTENT="åtgärder"/><SP WIDTH="8" VPOS="279" HPOS="224"/>
							<String ID="string_33" HPOS="232" VPOS="279" WIDTH="31" HEIGHT="22" WC="0.93" CONTENT="till"/><SP WIDTH="11" VPOS="279" HPOS="263"/>
							<String ID="string_34" HPOS="274" VPOS="279" WIDTH="103" HEIGHT="28" WC="0.93" CONTENT="stäfjande"/><SP WIDTH="11" VPOS="279" HPOS="377"/>
							<String ID="string_35" HPOS="388" VPOS="279" WIDTH="22" HEIGHT="22" WC="0.96" CONTENT="af"/><SP WIDTH="8" VPOS="279" HPOS="410"/>
							<String ID="string_36" HPOS="418" VPOS="279" WIDTH="94" HEIGHT="22" WC="0.96" CONTENT="nämnda"/><SP WIDTH="10" VPOS="279" HPOS="512"/>
							<String ID="string_37" HPOS="522" VPOS="279" WIDTH="98" HEIGHT="22" WC="0.95" CONTENT="åverkan."/><SP WIDTH="24" VPOS="279" HPOS="620"/>
							<String ID="string_38" HPOS="644" VPOS="280" WIDTH="32" HEIGHT="21" WC="0.96" CONTENT="På"/><SP WIDTH="7" VPOS="280" HPOS="676"/>
							<String ID="string_39" HPOS="683" VPOS="280" WIDTH="68" HEIGHT="27" WC="0.96" CONTENT="grund"/><SP WIDTH="8" VPOS="280" HPOS="751"/>
							<String ID="string_40" HPOS="759" VPOS="279" WIDTH="22" HEIGHT="22" WC="0.96" CONTENT="af"/><SP WIDTH="7" VPOS="279" HPOS="781"/>
							<String ID="string_41" HPOS="788" VPOS="279" WIDTH="55" HEIGHT="22" WC="0.96" CONTENT="hvad"/>
						</TextLine>
						<TextLine ID="line_5" HPOS="85" VPOS="313" WIDTH="759" HEIGHT="28">
							<String ID="string_42" HPOS="85" VPOS="314" WIDTH="95" HEIGHT="25" WC="0.96" CONTENT="sålunda,"/><SP WIDTH="23" VPOS="314" HPOS="180"/>
							<String ID="string_43" HPOS="203" VPOS="320" WIDTH="76" HEIGHT="20" WC="0.96" CONTENT="genom"/><SP WIDTH="19" VPOS="320" HPOS="279"/>
							<String ID="string_44" HPOS="298" VPOS="314" WIDTH="40" HEIGHT="21" WC="0.93" CONTENT="den"/><SP WIDTH="16" VPOS="314" HPOS="338"/>
							<String ID="string_45" HPOS="354" VPOS="313" WIDTH="112" HEIGHT="23" WC="0.91" CONTENT="anbefalda"/><SP WIDTH="16" VPOS="313" HPOS="466"/>
							<String ID="string_46" HPOS="482" VPOS="314" WIDTH="184" HEIGHT="27" WC="0.92" CONTENT="undersökningen"/><SP WIDTH="16" VPOS="314" HPOS="666"/>
							<String ID="string_47" HPOS="682" VPOS="314" WIDTH="89" HEIGHT="26" WC="0.92" CONTENT="erfarits,"/><SP WIDTH="16" VPOS="314" HPOS="771"/>
							<String ID="string_48" HPOS="787" VPOS="314" WIDTH="57" HEIGHT="22" WC="0.93" CONTENT="inbe-"/>
						</TextLine>
						<TextLine ID="line_6" HPOS="85" VPOS="348" WIDTH="760" HEIGHT="28">
							<String ID="string_49" HPOS="85" VPOS="348" WIDTH="84" HEIGHT="22" WC="0.64" CONTENT="rättade"/><SP WIDTH="20" VPOS="348" HPOS="169"/>
							<String ID="string_50" HPOS="189" VPOS="348" WIDTH="155" HEIGHT="28" WC="0.92" CONTENT="forststyrelsen"/><SP WIDTH="16" VPOS="348" HPOS="344"/>
							<String ID="string_51" HPOS="360" VPOS="348" WIDTH="122" HEIGHT="22" WC="0.96" CONTENT="sedermera"/><SP WIDTH="15" VPOS="348" HPOS="482"/>
							<String ID="string_52" HPOS="497" VPOS="348" WIDTH="32" HEIGHT="22" WC="0.96" CONTENT="uti"/><SP WIDTH="15" VPOS="348" HPOS="529"/>
							<String ID="string_53" HPOS="544" VPOS="348" WIDTH="110" HEIGHT="22" WC="0.96" CONTENT="skrifvelse"/><SP WIDTH="15" VPOS="348" HPOS="654"/>
							<String ID="string_54" HPOS="669" VPOS="348" WIDTH="23" HEIGHT="22" WC="0.96" CONTENT="af"/><SP WIDTH="14" VPOS="348" HPOS="692"/>
							<String ID="string_55" HPOS="706" VPOS="348" WIDTH="40" HEIGHT="22" WC="0.96" CONTENT="den"/><SP WIDTH="16" VPOS="348" HPOS="746"/>
							<String ID="string_56" HPOS="762" VPOS="349" WIDTH="24" HEIGHT="21" WC="0.93" CONTENT="31"/><SP WIDTH="18" VPOS="349" HPOS="786"/>
							<String ID="string_57" HPOS="804" VPOS="349" WIDTH="41" HEIGHT="21" WC="0.93" CONTENT="De-"/>
						</TextLine>
						<TextLine ID="line_7" HPOS="86" VPOS="382" WIDTH="759" HEIGHT="28">
							<String ID="string_58" HPOS="86" VPOS="382" WIDTH="83" HEIGHT="22" WC="0.90" CONTENT="cember"/><SP WIDTH="17" VPOS="382" HPOS="169"/>
							<String ID="string_59" HPOS="186" VPOS="384" WIDTH="55" HEIGHT="21" WC="0.96" CONTENT="1880"/><SP WIDTH="15" VPOS="384" HPOS="241"/>
							<String ID="string_60" HPOS="256" VPOS="382" WIDTH="32" HEIGHT="22" WC="0.92" CONTENT="till"/><SP WIDTH="15" VPOS="382" HPOS="288"/>
							<String ID="string_61" HPOS="303" VPOS="382" WIDTH="250" HEIGHT="28" WC="0.91" CONTENT="Jordbruksexpedition,"/><SP WIDTH="12" VPOS="382" HPOS="553"/>
							<String ID="string_62" HPOS="565" VPOS="384" WIDTH="32" HEIGHT="20" WC="0.96" CONTENT="att"/><SP WIDTH="11" VPOS="384" HPOS="597"/>
							<String ID="string_63" HPOS="608" VPOS="383" WIDTH="35" HEIGHT="21" WC="0.96" CONTENT="det"/><SP WIDTH="11" VPOS="383" HPOS="643"/>
							<String ID="string_64" HPOS="654" VPOS="382" WIDTH="32" HEIGHT="22" WC="0.97" CONTENT="för"/><SP WIDTH="10" VPOS="382" HPOS="686"/>
							<String ID="string_65" HPOS="696" VPOS="382" WIDTH="149" HEIGHT="28" WC="0.96" CONTENT="befolkningen"/>
						</TextLine>
						<TextLine ID="line_8" HPOS="85" VPOS="416" WIDTH="760" HEIGHT="29">
							<String ID="string_66" HPOS="85" VPOS="417" WIDTH="8" HEIGHT="22" WC="0.96" CONTENT="i"/><SP WIDTH="20" VPOS="417" HPOS="93"/>
							<String ID="string_67" HPOS="113" VPOS="417" WIDTH="110" HEIGHT="22" WC="0.96" CONTENT="trakterna"/><SP WIDTH="21" VPOS="417" HPOS="223"/>
							<String ID="string_68" HPOS="244" VPOS="416" WIDTH="61" HEIGHT="28" WC="0.93" CONTENT="kring"/><SP WIDTH="18" VPOS="416" HPOS="305"/>
							<String ID="string_69" HPOS="323" VPOS="418" WIDTH="31" HEIGHT="27" WC="0.90" CONTENT="Ijo"/><SP WIDTH="20" VPOS="418" HPOS="354"/>
							<String ID="string_70" HPOS="374" VPOS="417" WIDTH="29" HEIGHT="22" WC="0.96" CONTENT="elf"/><SP WIDTH="18" VPOS="417" HPOS="403"/>
							<String ID="string_71" HPOS="421" VPOS="424" WIDTH="38" HEIGHT="15" WC="0.96" CONTENT="var"/><SP WIDTH="14" VPOS="424" HPOS="459"/>
							<String ID="string_72" HPOS="473" VPOS="418" WIDTH="78" HEIGHT="27" WC="0.96" CONTENT="ytterst"/><SP WIDTH="15" VPOS="418" HPOS="551"/>
							<String ID="string_73" HPOS="566" VPOS="418" WIDTH="58" HEIGHT="21" WC="0.96" CONTENT="svårt"/><SP WIDTH="15" VPOS="418" HPOS="624"/>
							<String ID="string_74" HPOS="639" VPOS="419" WIDTH="33" HEIGHT="20" WC="0.96" CONTENT="att"/><SP WIDTH="14" VPOS="419" HPOS="672"/>
							<String ID="string_75" HPOS="686" VPOS="417" WIDTH="62" HEIGHT="22" WC="0.96" CONTENT="vinna"/><SP WIDTH="15" VPOS="417" HPOS="748"/>
							<String ID="string_76" HPOS="763" VPOS="417" WIDTH="31" HEIGHT="22" WC="0.93" CONTENT="sin"/><SP WIDTH="16" VPOS="417" HPOS="794"/>
							<String ID="string_77" HPOS="810" VPOS="418" WIDTH="35" HEIGHT="20" WC="0.89" CONTENT="nä-"/>
						</TextLine>
						<TextLine ID="line_9" HPOS="86" VPOS="451" WIDTH="760" HEIGHT="28">
							<String ID="string_78" HPOS="86" VPOS="452" WIDTH="47" HEIGHT="27" WC="0.96" CONTENT="ring"/><SP WIDTH="14" VPOS="452" HPOS="133"/>
							<String ID="string_79" HPOS="147" VPOS="458" WIDTH="76" HEIGHT="21" WC="0.96" CONTENT="genom"/><SP WIDTH="16" VPOS="458" HPOS="223"/>
							<String ID="string_80" HPOS="239" VPOS="451" WIDTH="55" HEIGHT="22" WC="0.96" CONTENT="blott"/><SP WIDTH="12" VPOS="451" HPOS="294"/>
							<String ID="string_81" HPOS="306" VPOS="452" WIDTH="105" HEIGHT="27" WC="0.96" CONTENT="jordbruk"/><SP WIDTH="15" VPOS="452" HPOS="411"/>
							<String ID="string_82" HPOS="426" VPOS="452" WIDTH="40" HEIGHT="22" WC="0.93" CONTENT="och"/><SP WIDTH="16" VPOS="452" HPOS="466"/>
							<String ID="string_83" HPOS="482" VPOS="452" WIDTH="200" HEIGHT="27" WC="0.92" CONTENT="ladugårdsskötsel,"/><SP WIDTH="17" VPOS="452" HPOS="682"/>
							<String ID="string_84" HPOS="699" VPOS="452" WIDTH="84" HEIGHT="22" WC="0.93" CONTENT="hvarför"/><SP WIDTH="15" VPOS="452" HPOS="783"/>
							<String ID="string_85" HPOS="798" VPOS="452" WIDTH="48" HEIGHT="21" WC="0.92" CONTENT="den-"/>
						</TextLine>
						<TextLine ID="line_10" HPOS="87" VPOS="486" WIDTH="760" HEIGHT="28">
							<String ID="string_86" HPOS="87" VPOS="493" WIDTH="86" HEIGHT="21" WC="0.95" CONTENT="samma,"/><SP WIDTH="35" VPOS="493" HPOS="173"/>
							<String ID="string_87" HPOS="208" VPOS="486" WIDTH="27" HEIGHT="22" WC="0.96" CONTENT="då"/><SP WIDTH="23" VPOS="486" HPOS="235"/>
							<String ID="string_88" HPOS="258" VPOS="486" WIDTH="25" HEIGHT="22" WC="0.96" CONTENT="de"/><SP WIDTH="14" VPOS="486" HPOS="283"/>
							<String ID="string_89" HPOS="297" VPOS="486" WIDTH="60" HEIGHT="22" WC="0.96" CONTENT="fleste"/><SP WIDTH="16" VPOS="486" HPOS="357"/>
							<String ID="string_90" HPOS="373" VPOS="486" WIDTH="95" HEIGHT="22" WC="0.96" CONTENT="enskilde"/><SP WIDTH="20" VPOS="486" HPOS="468"/>
							<String ID="string_91" HPOS="488" VPOS="486" WIDTH="93" HEIGHT="22" WC="0.95" CONTENT="saknade"/><SP WIDTH="15" VPOS="486" HPOS="581"/>
							<String ID="string_92" HPOS="596" VPOS="492" WIDTH="54" HEIGHT="22" WC="0.96" CONTENT="egna"/><SP WIDTH="15" VPOS="492" HPOS="650"/>
							<String ID="string_93" HPOS="665" VPOS="486" WIDTH="83" HEIGHT="28" WC="0.96" CONTENT="skogar,"/><SP WIDTH="16" VPOS="486" HPOS="748"/>
							<String ID="string_94" HPOS="764" VPOS="487" WIDTH="37" HEIGHT="27" WC="0.96" CONTENT="såg"/><SP WIDTH="15" VPOS="487" HPOS="801"/>
							<String ID="string_95" HPOS="816" VPOS="486" WIDTH="31" HEIGHT="27" WC="0.95" CONTENT="sig"/>
						</TextLine>
						<TextLine ID="line_11" HPOS="87" VPOS="520" WIDTH="759" HEIGHT="29">
							<String ID="string_96" HPOS="87" VPOS="522" WIDTH="92" HEIGHT="26" WC="0.96" CONTENT="tvungen"/><SP WIDTH="15" VPOS="522" HPOS="179"/>
							<String ID="string_97" HPOS="194" VPOS="522" WIDTH="32" HEIGHT="20" WC="0.96" CONTENT="att"/><SP WIDTH="15" VPOS="522" HPOS="226"/>
							<String ID="string_98" HPOS="241" VPOS="521" WIDTH="93" HEIGHT="28" WC="0.93" CONTENT="tillgripa"/><SP WIDTH="22" VPOS="521" HPOS="334"/>
							<String ID="string_99" HPOS="356" VPOS="521" WIDTH="180" HEIGHT="27" WC="0.92" CONTENT="kronoskogarne."/><SP WIDTH="32" VPOS="521" HPOS="536"/>
							<String ID="string_100" HPOS="568" VPOS="521" WIDTH="61" HEIGHT="21" WC="0.95" CONTENT="Hvad"/><SP WIDTH="24" VPOS="521" HPOS="629"/>
							<String ID="string_101" HPOS="653" VPOS="522" WIDTH="67" HEIGHT="20" WC="0.95" CONTENT="under"/><SP WIDTH="19" VPOS="522" HPOS="720"/>
							<String ID="string_102" HPOS="739" VPOS="521" WIDTH="48" HEIGHT="21" WC="0.96" CONTENT="höst"/><SP WIDTH="20" VPOS="521" HPOS="787"/>
							<String ID="string_103" HPOS="807" VPOS="520" WIDTH="39" HEIGHT="22" WC="0.96" CONTENT="och"/>
						</TextLine>
						<TextLine ID="line_12" HPOS="88" VPOS="555" WIDTH="760" HEIGHT="27">
							<String ID="string_104" HPOS="88" VPOS="557" WIDTH="37" HEIGHT="20" WC="0.93" CONTENT="vår"/><SP WIDTH="21" VPOS="557" HPOS="125"/>
							<String ID="string_105" HPOS="146" VPOS="555" WIDTH="107" HEIGHT="22" WC="0.91" CONTENT="afverkats"/><SP WIDTH="22" VPOS="555" HPOS="253"/>
							<String ID="string_106" HPOS="275" VPOS="556" WIDTH="71" HEIGHT="22" WC="0.96" CONTENT="kunde"/><SP WIDTH="15" VPOS="556" HPOS="346"/>
							<String ID="string_107" HPOS="361" VPOS="555" WIDTH="34" HEIGHT="22" WC="0.96" CONTENT="vid"/><SP WIDTH="22" VPOS="555" HPOS="395"/>
							<String ID="string_108" HPOS="417" VPOS="556" WIDTH="40" HEIGHT="21" WC="0.96" CONTENT="den"/><SP WIDTH="16" VPOS="556" HPOS="457"/>
							<String ID="string_109" HPOS="473" VPOS="555" WIDTH="71" HEIGHT="27" WC="0.93" CONTENT="årliga"/><SP WIDTH="15" VPOS="555" HPOS="544"/>
							<String ID="string_110" HPOS="559" VPOS="556" WIDTH="216" HEIGHT="21" WC="0.92" CONTENT="trävarumarknaden"/><SP WIDTH="14" VPOS="556" HPOS="775"/>
							<String ID="string_111" HPOS="789" VPOS="556" WIDTH="7" HEIGHT="21" WC="0.93" CONTENT="i"/><SP WIDTH="16" VPOS="556" HPOS="796"/>
							<String ID="string_112" HPOS="812" VPOS="555" WIDTH="36" HEIGHT="22" WC="0.92" CONTENT="elf-"/>
						</TextLine>
						<TextLine ID="line_13" HPOS="88" VPOS="590" WIDTH="759" HEIGHT="28">
							<String ID="string_113" HPOS="88" VPOS="590" WIDTH="126" HEIGHT="28" WC="0.96" CONTENT="mynningen"/><SP WIDTH="21" VPOS="590" HPOS="214"/>
							<String ID="string_114" HPOS="235" VPOS="590" WIDTH="39" HEIGHT="22" WC="0.93" CONTENT="lätt"/><SP WIDTH="19" VPOS="590" HPOS="274"/>
							<String ID="string_115" HPOS="293" VPOS="590" WIDTH="95" HEIGHT="28" WC="0.90" CONTENT="afyttras,"/><SP WIDTH="22" VPOS="590" HPOS="388"/>
							<String ID="string_116" HPOS="410" VPOS="592" WIDTH="51" HEIGHT="20" WC="0.96" CONTENT="utan"/><SP WIDTH="16" VPOS="592" HPOS="461"/>
							<String ID="string_117" HPOS="477" VPOS="592" WIDTH="32" HEIGHT="20" WC="0.91" CONTENT="att"/><SP WIDTH="15" VPOS="592" HPOS="509"/>
							<String ID="string_118" HPOS="524" VPOS="590" WIDTH="261" HEIGHT="28" WC="0.91" CONTENT="bevakningsmanskapet,"/><SP WIDTH="16" VPOS="590" HPOS="785"/>
							<String ID="string_119" HPOS="801" VPOS="597" WIDTH="46" HEIGHT="15" WC="0.96" CONTENT="som"/>
						</TextLine>
						<TextLine ID="line_14" HPOS="89" VPOS="624" WIDTH="758" HEIGHT="28">
							<String ID="string_120" HPOS="89" VPOS="625" WIDTH="107" HEIGHT="21" WC="0.96" CONTENT="dessutom"/><SP WIDTH="15" VPOS="625" HPOS="196"/>
							<String ID="string_121" HPOS="211" VPOS="624" WIDTH="7" HEIGHT="22" WC="0.96" CONTENT="i"/><SP WIDTH="15" VPOS="624" HPOS="218"/>
							<String ID="string_122" HPOS="233" VPOS="624" WIDTH="51" HEIGHT="28" WC="0.96" CONTENT="följd"/><SP WIDTH="22" VPOS="624" HPOS="284"/>
							<String ID="string_123" HPOS="306" VPOS="624" WIDTH="22" HEIGHT="22" WC="0.96" CONTENT="af"/><SP WIDTH="19" VPOS="624" HPOS="328"/>
							<String ID="string_124" HPOS="347" VPOS="624" WIDTH="59" HEIGHT="28" WC="0.93" CONTENT="ringa"/><SP WIDTH="21" VPOS="624" HPOS="406"/>
							<String ID="string_125" HPOS="427" VPOS="624" WIDTH="92" HEIGHT="28" WC="0.91" CONTENT="aflöning"/><SP WIDTH="18" VPOS="624" HPOS="519"/>
							<String ID="string_126" HPOS="537" VPOS="626" WIDTH="24" HEIGHT="20" WC="0.97" CONTENT="är"/><SP WIDTH="16" VPOS="626" HPOS="561"/>
							<String ID="string_127" HPOS="577" VPOS="624" WIDTH="80" HEIGHT="22" WC="0.93" CONTENT="mindre"/><SP WIDTH="16" VPOS="624" HPOS="657"/>
							<String ID="string_128" HPOS="673" VPOS="624" WIDTH="87" HEIGHT="28" WC="0.92" CONTENT="dugligt,"/><SP WIDTH="16" VPOS="624" HPOS="760"/>
							<String ID="string_129" HPOS="776" VPOS="631" WIDTH="49" HEIGHT="15" WC="0.96" CONTENT="vore"/><SP WIDTH="16" VPOS="631" HPOS="825"/>
							<String ID="string_130" HPOS="841" VPOS="624" WIDTH="6" HEIGHT="21" WC="0.96" CONTENT="i"/>
						</TextLine>
						<TextLine ID="line_15" HPOS="89" VPOS="659" WIDTH="758" HEIGHT="27">
							<String ID="string_131" HPOS="89" VPOS="660" WIDTH="61" HEIGHT="21" WC="0.96" CONTENT="stånd"/><SP WIDTH="16" VPOS="660" HPOS="150"/>
							<String ID="string_132" HPOS="166" VPOS="660" WIDTH="32" HEIGHT="21" WC="0.96" CONTENT="att"/><SP WIDTH="15" VPOS="660" HPOS="198"/>
							<String ID="string_133" HPOS="213" VPOS="660" WIDTH="27" HEIGHT="26" WC="0.96" CONTENT="på"/><SP WIDTH="16" VPOS="660" HPOS="240"/>
							<String ID="string_134" HPOS="256" VPOS="661" WIDTH="30" HEIGHT="19" WC="0.96" CONTENT="ett"/><SP WIDTH="15" VPOS="661" HPOS="286"/>
							<String ID="string_135" HPOS="301" VPOS="660" WIDTH="23" HEIGHT="21" WC="0.96" CONTENT="så"/><SP WIDTH="15" VPOS="660" HPOS="324"/>
							<String ID="string_136" HPOS="339" VPOS="659" WIDTH="117" HEIGHT="22" WC="0.96" CONTENT="vidsträckt"/><SP WIDTH="16" VPOS="659" HPOS="456"/>
							<String ID="string_137" HPOS="472" VPOS="659" WIDTH="87" HEIGHT="21" WC="0.95" CONTENT="område"/><SP WIDTH="15" VPOS="659" HPOS="559"/>
							<String ID="string_138" HPOS="574" VPOS="659" WIDTH="85" HEIGHT="21" WC="0.92" CONTENT="hämma"/><SP WIDTH="15" VPOS="659" HPOS="659"/>
							<String ID="string_139" HPOS="674" VPOS="659" WIDTH="76" HEIGHT="27" WC="0.91" CONTENT="ofoget."/><SP WIDTH="26" VPOS="659" HPOS="750"/>
							<String ID="string_140" HPOS="776" VPOS="660" WIDTH="71" HEIGHT="20" WC="0.92" CONTENT="Forst-"/>
						</TextLine>
						<TextLine ID="line_16" HPOS="89" VPOS="693" WIDTH="760" HEIGHT="28">
							<String ID="string_141" HPOS="89" VPOS="693" WIDTH="102" HEIGHT="28" WC="0.96" CONTENT="styrelsen"/><SP WIDTH="16" VPOS="693" HPOS="191"/>
							<String ID="string_142" HPOS="207" VPOS="693" WIDTH="90" HEIGHT="28" WC="0.96" CONTENT="föreslog"/><SP WIDTH="15" VPOS="693" HPOS="297"/>
							<String ID="string_143" HPOS="312" VPOS="693" WIDTH="77" HEIGHT="25" WC="0.96" CONTENT="derför,"/><SP WIDTH="17" VPOS="693" HPOS="389"/>
							<String ID="string_144" HPOS="406" VPOS="695" WIDTH="31" HEIGHT="20" WC="0.96" CONTENT="att"/><SP WIDTH="16" VPOS="695" HPOS="437"/>
							<String ID="string_145" HPOS="453" VPOS="693" WIDTH="32" HEIGHT="22" WC="0.93" CONTENT="uti"/><SP WIDTH="10" VPOS="693" HPOS="485"/>
							<String ID="string_146" HPOS="495" VPOS="693" WIDTH="173" HEIGHT="27" WC="0.91" CONTENT="kronoskogarne"/><SP WIDTH="11" VPOS="693" HPOS="668"/>
							<String ID="string_147" HPOS="679" VPOS="693" WIDTH="170" HEIGHT="27" WC="0.92" CONTENT="arbetsförtjenst"/>
						</TextLine>
						<TextLine ID="line_17" HPOS="89" VPOS="727" WIDTH="758" HEIGHT="28">
							<String ID="string_148" HPOS="89" VPOS="728" WIDTH="66" HEIGHT="21" WC="0.96" CONTENT="borde"/><SP WIDTH="22" VPOS="728" HPOS="155"/>
							<String ID="string_149" HPOS="177" VPOS="728" WIDTH="89" HEIGHT="21" WC="0.96" CONTENT="beredas"/><SP WIDTH="23" VPOS="728" HPOS="266"/>
							<String ID="string_150" HPOS="289" VPOS="728" WIDTH="110" HEIGHT="27" WC="0.96" CONTENT="allmogen,"/><SP WIDTH="23" VPOS="728" HPOS="399"/>
							<String ID="string_151" HPOS="422" VPOS="735" WIDTH="48" HEIGHT="14" WC="0.95" CONTENT="men"/><SP WIDTH="24" VPOS="735" HPOS="470"/>
							<String ID="string_152" HPOS="494" VPOS="729" WIDTH="32" HEIGHT="20" WC="0.93" CONTENT="att"/><SP WIDTH="22" VPOS="729" HPOS="526"/>
							<String ID="string_153" HPOS="548" VPOS="728" WIDTH="100" HEIGHT="27" WC="0.91" CONTENT="derjemte"/><SP WIDTH="21" VPOS="728" HPOS="648"/>
							<String ID="string_154" HPOS="669" VPOS="727" WIDTH="32" HEIGHT="22" WC="0.92" CONTENT="för"/><SP WIDTH="15" VPOS="727" HPOS="701"/>
							<String ID="string_155" HPOS="716" VPOS="727" WIDTH="131" HEIGHT="22" WC="0.90" CONTENT="kontrollens"/>
						</TextLine>
						<TextLine ID="line_18" HPOS="90" VPOS="762" WIDTH="759" HEIGHT="28">
							<String ID="string_156" HPOS="90" VPOS="763" WIDTH="166" HEIGHT="27" WC="0.91" CONTENT="möjliggörande"/><SP WIDTH="15" VPOS="763" HPOS="256"/>
							<String ID="string_157" HPOS="271" VPOS="763" WIDTH="40" HEIGHT="21" WC="0.95" CONTENT="alla"/><SP WIDTH="16" VPOS="763" HPOS="311"/>
							<String ID="string_158" HPOS="327" VPOS="763" WIDTH="25" HEIGHT="22" WC="0.96" CONTENT="de"/><SP WIDTH="16" VPOS="763" HPOS="352"/>
							<String ID="string_159" HPOS="368" VPOS="763" WIDTH="188" HEIGHT="27" WC="0.96" CONTENT="skogsprodukter,"/><SP WIDTH="16" VPOS="763" HPOS="556"/>
							<String ID="string_160" HPOS="572" VPOS="763" WIDTH="70" HEIGHT="21" WC="0.96" CONTENT="hvilka"/><SP WIDTH="15" VPOS="763" HPOS="642"/>
							<String ID="string_161" HPOS="657" VPOS="762" WIDTH="7" HEIGHT="21" WC="0.96" CONTENT="i"/><SP WIDTH="15" VPOS="762" HPOS="664"/>
							<String ID="string_162" HPOS="679" VPOS="763" WIDTH="92" HEIGHT="21" WC="0.93" CONTENT="nämnda"/><SP WIDTH="15" VPOS="763" HPOS="771"/>
							<String ID="string_163" HPOS="786" VPOS="762" WIDTH="63" HEIGHT="21" WC="0.91" CONTENT="elfdal"/>
						</TextLine>
						<TextLine ID="line_19" HPOS="90" VPOS="797" WIDTH="759" HEIGHT="27">
							<String ID="string_164" HPOS="90" VPOS="797" WIDTH="96" HEIGHT="22" WC="0.91" CONTENT="afverkas"/><SP WIDTH="23" VPOS="797" HPOS="186"/>
							<String ID="string_165" HPOS="209" VPOS="797" WIDTH="39" HEIGHT="22" WC="0.96" CONTENT="och"/><SP WIDTH="23" VPOS="797" HPOS="248"/>
							<String ID="string_166" HPOS="271" VPOS="798" WIDTH="71" HEIGHT="21" WC="0.93" CONTENT="utmed"/><SP WIDTH="23" VPOS="798" HPOS="342"/>
							<String ID="string_167" HPOS="365" VPOS="797" WIDTH="67" HEIGHT="22" WC="0.90" CONTENT="elfven"/><SP WIDTH="24" VPOS="797" HPOS="432"/>
							<String ID="string_168" HPOS="456" VPOS="797" WIDTH="99" HEIGHT="22" WC="0.88" CONTENT="nedföras"/><SP WIDTH="21" VPOS="797" HPOS="555"/>
							<String ID="string_169" HPOS="576" VPOS="797" WIDTH="31" HEIGHT="21" WC="0.96" CONTENT="till"/><SP WIDTH="16" VPOS="797" HPOS="607"/>
							<String ID="string_170" HPOS="623" VPOS="797" WIDTH="47" HEIGHT="22" WC="0.96" CONTENT="dess"/><SP WIDTH="16" VPOS="797" HPOS="670"/>
							<String ID="string_171" HPOS="686" VPOS="797" WIDTH="80" HEIGHT="27" WC="0.96" CONTENT="utlopp,"/><SP WIDTH="17" VPOS="797" HPOS="766"/>
							<String ID="string_172" HPOS="783" VPOS="797" WIDTH="66" HEIGHT="21" WC="0.95" CONTENT="borde"/>
						</TextLine>
						<TextLine ID="line_20" HPOS="90" VPOS="831" WIDTH="758" HEIGHT="28">
							<String ID="string_173" HPOS="90" VPOS="838" WIDTH="51" HEIGHT="15" WC="0.93" CONTENT="vara"/><SP WIDTH="14" VPOS="838" HPOS="141"/>
							<String ID="string_174" HPOS="155" VPOS="831" WIDTH="89" HEIGHT="28" WC="0.92" CONTENT="åtföljda"/><SP WIDTH="15" VPOS="831" HPOS="244"/>
							<String ID="string_175" HPOS="259" VPOS="831" WIDTH="22" HEIGHT="22" WC="0.96" CONTENT="af"/><SP WIDTH="13" VPOS="831" HPOS="281"/>
							<String ID="string_176" HPOS="294" VPOS="832" WIDTH="65" HEIGHT="21" WC="0.93" CONTENT="sådan"/><SP WIDTH="16" VPOS="832" HPOS="359"/>
							<String ID="string_177" HPOS="375" VPOS="831" WIDTH="133" HEIGHT="28" WC="0.92" CONTENT="förpassning"/><SP WIDTH="16" VPOS="831" HPOS="508"/>
							<String ID="string_178" HPOS="524" VPOS="831" WIDTH="39" HEIGHT="22" WC="0.93" CONTENT="och"/><SP WIDTH="16" VPOS="831" HPOS="563"/>
							<String ID="string_179" HPOS="579" VPOS="831" WIDTH="96" HEIGHT="27" WC="0.92" CONTENT="forsedel,"/><SP WIDTH="17" VPOS="831" HPOS="675"/>
							<String ID="string_180" HPOS="692" VPOS="838" WIDTH="45" HEIGHT="15" WC="0.96" CONTENT="som"/><SP WIDTH="16" VPOS="838" HPOS="737"/>
							<String ID="string_181" HPOS="753" VPOS="831" WIDTH="30" HEIGHT="22" WC="0.93" CONTENT="uti"/><SP WIDTH="16" VPOS="831" HPOS="783"/>
							<String ID="string_182" HPOS="799" VPOS="831" WIDTH="10" HEIGHT="28" WC="0.82" CONTENT="$"/><SP WIDTH="13" VPOS="831" HPOS="809"/>
							<String ID="string_183" HPOS="822" VPOS="831" WIDTH="26" HEIGHT="21" WC="0.96" CONTENT="73"/>
						</TextLine>
						<TextLine ID="line_21" HPOS="91" VPOS="865" WIDTH="759" HEIGHT="28">
							<String ID="string_184" HPOS="91" VPOS="866" WIDTH="22" HEIGHT="22" WC="0.96" CONTENT="af"/><SP WIDTH="14" VPOS="866" HPOS="113"/>
							<String ID="string_185" HPOS="127" VPOS="866" WIDTH="76" HEIGHT="27" WC="0.96" CONTENT="nådiga"/><SP WIDTH="15" VPOS="866" HPOS="203"/>
							<String ID="string_186" HPOS="218" VPOS="865" WIDTH="148" HEIGHT="28" WC="0.96" CONTENT="förordningen"/><SP WIDTH="17" VPOS="865" HPOS="366"/>
							<String ID="string_187" HPOS="383" VPOS="867" WIDTH="40" HEIGHT="20" WC="0.96" CONTENT="den"/><SP WIDTH="16" VPOS="867" HPOS="423"/>
							<String ID="string_188" HPOS="439" VPOS="867" WIDTH="12" HEIGHT="20" WC="0.96" CONTENT="9"/><SP WIDTH="17" VPOS="867" HPOS="451"/>
							<String ID="string_189" HPOS="468" VPOS="866" WIDTH="126" HEIGHT="27" WC="0.96" CONTENT="September"/><SP WIDTH="16" VPOS="866" HPOS="594"/>
							<String ID="string_190" HPOS="610" VPOS="867" WIDTH="52" HEIGHT="20" WC="0.93" CONTENT="1851"/><SP WIDTH="18" VPOS="867" HPOS="662"/>
							<String ID="string_191" HPOS="680" VPOS="866" WIDTH="109" HEIGHT="27" WC="0.93" CONTENT="angående"/><SP WIDTH="14" VPOS="866" HPOS="789"/>
							<String ID="string_192" HPOS="803" VPOS="866" WIDTH="47" HEIGHT="21" WC="0.91" CONTENT="sko-"/>
						</TextLine>
						<TextLine ID="line_22" HPOS="91" VPOS="900" WIDTH="760" HEIGHT="28">
							<String ID="string_193" HPOS="91" VPOS="907" WIDTH="64" HEIGHT="21" WC="0.91" CONTENT="garne"/><SP WIDTH="16" VPOS="907" HPOS="155"/>
							<String ID="string_194" HPOS="171" VPOS="901" WIDTH="6" HEIGHT="21" WC="0.96" CONTENT="i"/><SP WIDTH="16" VPOS="901" HPOS="177"/>
							<String ID="string_195" HPOS="193" VPOS="900" WIDTH="72" HEIGHT="22" WC="0.93" CONTENT="landet"/><SP WIDTH="15" VPOS="900" HPOS="265"/>
							<String ID="string_196" HPOS="280" VPOS="901" WIDTH="140" HEIGHT="21" WC="0.91" CONTENT="omförmälas."/><SP WIDTH="28" VPOS="901" HPOS="420"/>
							<String ID="string_197" HPOS="448" VPOS="901" WIDTH="41" HEIGHT="21" WC="0.94" CONTENT="Om"/><SP WIDTH="17" VPOS="901" HPOS="489"/>
							<String ID="string_198" HPOS="506" VPOS="901" WIDTH="68" HEIGHT="21" WC="0.95" CONTENT="denna"/><SP WIDTH="10" VPOS="901" HPOS="574"/>
							<String ID="string_199" HPOS="584" VPOS="900" WIDTH="153" HEIGHT="27" WC="0.95" CONTENT="framställning"/><SP WIDTH="13" VPOS="900" HPOS="737"/>
							<String ID="string_200" HPOS="750" VPOS="900" WIDTH="101" HEIGHT="22" WC="0.96" CONTENT="förenade"/>
						</TextLine>
						<TextLine ID="line_23" HPOS="91" VPOS="934" WIDTH="759" HEIGHT="29">
							<String ID="string_201" HPOS="91" VPOS="935" WIDTH="31" HEIGHT="28" WC="0.95" CONTENT="sig"/><SP WIDTH="24" VPOS="935" HPOS="122"/>
							<String ID="string_202" HPOS="146" VPOS="935" WIDTH="31" HEIGHT="21" WC="0.93" CONTENT="uti"/><SP WIDTH="22" VPOS="935" HPOS="177"/>
							<String ID="string_203" HPOS="199" VPOS="935" WIDTH="117" HEIGHT="22" WC="0.90" CONTENT="infordradt"/><SP WIDTH="19" VPOS="935" HPOS="316"/>
							<String ID="string_204" HPOS="335" VPOS="935" WIDTH="143" HEIGHT="27" WC="0.96" CONTENT="underdånigt"/><SP WIDTH="15" VPOS="935" HPOS="478"/>
							<String ID="string_205" HPOS="493" VPOS="935" WIDTH="110" HEIGHT="22" WC="0.96" CONTENT="utlåtande"/><SP WIDTH="15" VPOS="935" HPOS="603"/>
							<String ID="string_206" HPOS="618" VPOS="937" WIDTH="131" HEIGHT="25" WC="0.96" CONTENT="guvernören"/><SP WIDTH="15" VPOS="937" HPOS="749"/>
							<String ID="string_207" HPOS="764" VPOS="935" WIDTH="7" HEIGHT="20" WC="0.93" CONTENT="i"/><SP WIDTH="16" VPOS="935" HPOS="771"/>
							<String ID="string_208" HPOS="787" VPOS="934" WIDTH="63" HEIGHT="22" WC="0.92" CONTENT="Uleå-"/>
						</TextLine>
						<TextLine ID="line_24" HPOS="91" VPOS="969" WIDTH="759" HEIGHT="28">
							<String ID="string_209" HPOS="91" VPOS="969" WIDTH="63" HEIGHT="28" WC="0.95" CONTENT="borgs"/><SP WIDTH="23" VPOS="969" HPOS="154"/>
							<String ID="string_210" HPOS="177" VPOS="969" WIDTH="41" HEIGHT="27" WC="0.96" CONTENT="län,"/><SP WIDTH="24" VPOS="969" HPOS="218"/>
							<String ID="string_211" HPOS="242" VPOS="969" WIDTH="53" HEIGHT="22" WC="0.96" CONTENT="dock"/><SP WIDTH="20" VPOS="969" HPOS="295"/>
							<String ID="string_212" HPOS="315" VPOS="970" WIDTH="89" HEIGHT="21" WC="0.96" CONTENT="sålunda"/><SP WIDTH="19" VPOS="970" HPOS="404"/>
							<String ID="string_213" HPOS="423" VPOS="971" WIDTH="32" HEIGHT="20" WC="0.93" CONTENT="att"/><SP WIDTH="21" VPOS="971" HPOS="455"/>
							<String ID="string_214" HPOS="476" VPOS="969" WIDTH="94" HEIGHT="28" WC="0.92" CONTENT="påbudet"/><SP WIDTH="18" VPOS="969" HPOS="570"/>
							<String ID="string_215" HPOS="588" VPOS="969" WIDTH="67" HEIGHT="22" WC="0.96" CONTENT="skulle"/><SP WIDTH="16" VPOS="969" HPOS="655"/>
							<String ID="string_216" HPOS="671" VPOS="969" WIDTH="88" HEIGHT="22" WC="0.96" CONTENT="omfatta"/><SP WIDTH="16" VPOS="969" HPOS="759"/>
							<String ID="string_217" HPOS="775" VPOS="969" WIDTH="75" HEIGHT="22" WC="0.96" CONTENT="endast"/>
						</TextLine>
						<TextLine ID="line_25" HPOS="92" VPOS="1003" WIDTH="759" HEIGHT="28">
							<String ID="string_218" HPOS="92" VPOS="1004" WIDTH="96" HEIGHT="26" WC="0.92" CONTENT="sågvirke"/><SP WIDTH="16" VPOS="1004" HPOS="188"/>
							<String ID="string_219" HPOS="204" VPOS="1004" WIDTH="38" HEIGHT="21" WC="0.93" CONTENT="och"/><SP WIDTH="16" VPOS="1004" HPOS="242"/>
							<String ID="string_220" HPOS="258" VPOS="1003" WIDTH="193" HEIGHT="28" WC="0.91" CONTENT="byggnadstimmer"/><SP WIDTH="16" VPOS="1003" HPOS="451"/>
							<String ID="string_221" HPOS="467" VPOS="1006" WIDTH="56" HEIGHT="19" WC="0.95" CONTENT="samt"/><SP WIDTH="16" VPOS="1006" HPOS="523"/>
							<String ID="string_222" HPOS="539" VPOS="1004" WIDTH="31" HEIGHT="20" WC="0.95" CONTENT="till"/><SP WIDTH="15" VPOS="1004" HPOS="570"/>
							<String ID="string_223" HPOS="585" VPOS="1010" WIDTH="26" HEIGHT="15" WC="0.96" CONTENT="en"/><SP WIDTH="15" VPOS="1010" HPOS="611"/>
							<String ID="string_224" HPOS="626" VPOS="1004" WIDTH="74" HEIGHT="27" WC="0.96" CONTENT="början"/><SP WIDTH="16" VPOS="1004" HPOS="700"/>
							<String ID="string_225" HPOS="716" VPOS="1003" WIDTH="56" HEIGHT="27" WC="0.96" CONTENT="gälla"/><SP WIDTH="12" VPOS="1003" HPOS="772"/>
							<String ID="string_226" HPOS="784" VPOS="1003" WIDTH="67" HEIGHT="21" WC="0.96" CONTENT="under"/>
						</TextLine>
						<TextLine ID="line_26" HPOS="91" VPOS="1037" WIDTH="760" HEIGHT="28">
							<String ID="string_227" HPOS="91" VPOS="1038" WIDTH="41" HEIGHT="22" WC="0.96" CONTENT="fem"/><SP WIDTH="22" VPOS="1038" HPOS="132"/>
							<String ID="string_228" HPOS="154" VPOS="1039" WIDTH="35" HEIGHT="21" WC="0.96" CONTENT="års"/><SP WIDTH="21" VPOS="1039" HPOS="189"/>
							<String ID="string_229" HPOS="210" VPOS="1038" WIDTH="37" HEIGHT="27" WC="0.96" CONTENT="tid,"/><SP WIDTH="19" VPOS="1038" HPOS="247"/>
							<String ID="string_230" HPOS="266" VPOS="1038" WIDTH="70" HEIGHT="22" WC="0.96" CONTENT="hvilka"/><SP WIDTH="20" VPOS="1038" HPOS="336"/>
							<String ID="string_231" HPOS="356" VPOS="1038" WIDTH="179" HEIGHT="27" WC="0.93" CONTENT="inskränkningar"/><SP WIDTH="12" VPOS="1038" HPOS="535"/>
							<String ID="string_232" HPOS="547" VPOS="1038" WIDTH="78" HEIGHT="27" WC="0.92" CONTENT="jemväl"/><SP WIDTH="15" VPOS="1038" HPOS="625"/>
							<String ID="string_233" HPOS="640" VPOS="1038" WIDTH="48" HEIGHT="27" WC="0.96" CONTENT="ingå"/><SP WIDTH="16" VPOS="1038" HPOS="688"/>
							<String ID="string_234" HPOS="704" VPOS="1038" WIDTH="31" HEIGHT="21" WC="0.93" CONTENT="uti"/><SP WIDTH="15" VPOS="1038" HPOS="735"/>
							<String ID="string_235" HPOS="750" VPOS="1037" WIDTH="101" HEIGHT="28" WC="0.91" CONTENT="ifrågava-"/>
						</TextLine>
						<TextLine ID="line_27" HPOS="93" VPOS="1073" WIDTH="476" HEIGHT="28">
							<String ID="string_236" HPOS="93" VPOS="1073" WIDTH="64" HEIGHT="22" WC="0.96" CONTENT="rande"/><SP WIDTH="16" VPOS="1073" HPOS="157"/>
							<String ID="string_237" HPOS="173" VPOS="1073" WIDTH="77" HEIGHT="28" WC="0.95" CONTENT="nådiga"/><SP WIDTH="16" VPOS="1073" HPOS="250"/>
							<String ID="string_238" HPOS="266" VPOS="1073" WIDTH="46" HEIGHT="22" WC="0.96" CONTENT="bref"/><SP WIDTH="13" VPOS="1073" HPOS="312"/>
							<String ID="string_239" HPOS="325" VPOS="1073" WIDTH="23" HEIGHT="22" WC="0.96" CONTENT="af"/><SP WIDTH="13" VPOS="1073" HPOS="348"/>
							<String ID="string_240" HPOS="361" VPOS="1073" WIDTH="40" HEIGHT="22" WC="0.96" CONTENT="den"/><SP WIDTH="16" VPOS="1073" HPOS="401"/>
							<String ID="string_241" HPOS="417" VPOS="1074" WIDTH="12" HEIGHT="21" WC="0.95" CONTENT="5"/><SP WIDTH="17" VPOS="1074" HPOS="429"/>
							<String ID="string_242" HPOS="446" VPOS="1073" WIDTH="43" HEIGHT="27" WC="0.96" CONTENT="Maj"/><SP WIDTH="18" VPOS="1073" HPOS="489"/>
							<String ID="string_243" HPOS="507" VPOS="1074" WIDTH="62" HEIGHT="21" WC="0.95" CONTENT="1881."/>
						</TextLine>
					</TextBlock>
					<TextBlock ID="block_2" HPOS="93" VPOS="1107" WIDTH="764" HEIGHT="372">
						<TextLine ID="line_28" HPOS="160" VPOS="1107" WIDTH="693" HEIGHT="28">
							<String ID="string_244" HPOS="160" VPOS="1107" WIDTH="28" HEIGHT="22" WC="0.96" CONTENT="Af"/><SP WIDTH="21" VPOS="1107" HPOS="188"/>
							<String ID="string_245" HPOS="209" VPOS="1108" WIDTH="36" HEIGHT="21" WC="0.96" CONTENT="det"/><SP WIDTH="20" VPOS="1108" HPOS="245"/>
							<String ID="string_246" HPOS="265" VPOS="1107" WIDTH="87" HEIGHT="22" WC="0.96" CONTENT="anförda"/><SP WIDTH="16" VPOS="1107" HPOS="352"/>
							<String ID="string_247" HPOS="368" VPOS="1108" WIDTH="93" HEIGHT="27" WC="0.96" CONTENT="framgår"/><SP WIDTH="16" VPOS="1108" HPOS="461"/>
							<String ID="string_248" HPOS="477" VPOS="1107" WIDTH="118" HEIGHT="28" WC="0.96" CONTENT="onekligen,"/><SP WIDTH="16" VPOS="1107" HPOS="595"/>
							<String ID="string_249" HPOS="611" VPOS="1109" WIDTH="32" HEIGHT="20" WC="0.96" CONTENT="att"/><SP WIDTH="15" VPOS="1109" HPOS="643"/>
							<String ID="string_250" HPOS="658" VPOS="1107" WIDTH="110" HEIGHT="28" WC="0.93" CONTENT="energiska"/><SP WIDTH="15" VPOS="1107" HPOS="768"/>
							<String ID="string_251" HPOS="783" VPOS="1108" WIDTH="70" HEIGHT="25" WC="0.91" CONTENT="åtgär-"/>
						</TextLine>
						<TextLine ID="line_29" HPOS="93" VPOS="1140" WIDTH="763" HEIGHT="29">
							<String ID="string_252" HPOS="93" VPOS="1143" WIDTH="37" HEIGHT="21" WC="0.96" CONTENT="der"/><SP WIDTH="22" VPOS="1143" HPOS="130"/>
							<String ID="string_253" HPOS="152" VPOS="1142" WIDTH="46" HEIGHT="21" WC="0.95" CONTENT="från"/><SP WIDTH="24" VPOS="1142" HPOS="198"/>
							<String ID="string_254" HPOS="222" VPOS="1142" WIDTH="113" HEIGHT="27" WC="0.95" CONTENT="styrelsens"/><SP WIDTH="23" VPOS="1142" HPOS="335"/>
							<String ID="string_255" HPOS="358" VPOS="1142" WIDTH="46" HEIGHT="21" WC="0.96" CONTENT="sida"/><SP WIDTH="16" VPOS="1142" HPOS="404"/>
							<String ID="string_256" HPOS="420" VPOS="1142" WIDTH="56" HEIGHT="21" WC="0.96" CONTENT="varit"/><SP WIDTH="16" VPOS="1142" HPOS="476"/>
							<String ID="string_257" HPOS="492" VPOS="1142" WIDTH="136" HEIGHT="27" WC="0.96" CONTENT="erforderliga"/><SP WIDTH="16" VPOS="1142" HPOS="628"/>
							<String ID="string_258" HPOS="644" VPOS="1142" WIDTH="32" HEIGHT="21" WC="0.96" CONTENT="för"/><SP WIDTH="16" VPOS="1142" HPOS="676"/>
							<String ID="string_259" HPOS="692" VPOS="1141" WIDTH="125" HEIGHT="22" WC="0.96" CONTENT="hämmande"/><SP WIDTH="16" VPOS="1141" HPOS="817"/>
							<String ID="string_260" HPOS="833" VPOS="1140" WIDTH="23" HEIGHT="22" WC="0.96" CONTENT="af"/>
						</TextLine>
						<TextLine ID="line_30" HPOS="93" VPOS="1175" WIDTH="762" HEIGHT="29">
							<String ID="string_261" HPOS="93" VPOS="1177" WIDTH="92" HEIGHT="22" WC="0.96" CONTENT="åverkan"/><SP WIDTH="16" VPOS="1177" HPOS="185"/>
							<String ID="string_262" HPOS="201" VPOS="1177" WIDTH="7" HEIGHT="21" WC="0.96" CONTENT="i"/><SP WIDTH="15" VPOS="1177" HPOS="208"/>
							<String ID="string_263" HPOS="223" VPOS="1177" WIDTH="91" HEIGHT="22" WC="0.96" CONTENT="kronans"/><SP WIDTH="23" VPOS="1177" HPOS="314"/>
							<String ID="string_264" HPOS="337" VPOS="1177" WIDTH="78" HEIGHT="27" WC="0.96" CONTENT="skogar"/><SP WIDTH="23" VPOS="1177" HPOS="415"/>
							<String ID="string_265" HPOS="438" VPOS="1177" WIDTH="36" HEIGHT="21" WC="0.93" CONTENT="vid"/><SP WIDTH="23" VPOS="1177" HPOS="474"/>
							<String ID="string_266" HPOS="497" VPOS="1177" WIDTH="30" HEIGHT="27" WC="0.41" CONTENT="TIjo"/><SP WIDTH="24" VPOS="1177" HPOS="527"/>
							<String ID="string_267" HPOS="551" VPOS="1177" WIDTH="32" HEIGHT="21" WC="0.95" CONTENT="elf."/><SP WIDTH="32" VPOS="1177" HPOS="583"/>
							<String ID="string_268" HPOS="615" VPOS="1177" WIDTH="48" HEIGHT="21" WC="0.96" CONTENT="Men"/><SP WIDTH="24" VPOS="1177" HPOS="663"/>
							<String ID="string_269" HPOS="687" VPOS="1176" WIDTH="60" HEIGHT="22" WC="0.93" CONTENT="detta"/><SP WIDTH="19" VPOS="1176" HPOS="747"/>
							<String ID="string_270" HPOS="766" VPOS="1175" WIDTH="89" HEIGHT="22" WC="0.92" CONTENT="oaktadt"/>
						</TextLine>
						<TextLine ID="line_31" HPOS="93" VPOS="1209" WIDTH="753" HEIGHT="30">
							<String ID="string_271" HPOS="93" VPOS="1212" WIDTH="40" HEIGHT="21" WC="0.96" CONTENT="har"/><SP WIDTH="22" VPOS="1212" HPOS="133"/>
							<String ID="string_272" HPOS="155" VPOS="1211" WIDTH="104" HEIGHT="22" WC="0.95" CONTENT="utskottet"/><SP WIDTH="23" VPOS="1211" HPOS="259"/>
							<String ID="string_273" HPOS="282" VPOS="1211" WIDTH="53" HEIGHT="22" WC="0.96" CONTENT="dock"/><SP WIDTH="19" VPOS="1211" HPOS="335"/>
							<String ID="string_274" HPOS="354" VPOS="1211" WIDTH="46" HEIGHT="22" WC="0.96" CONTENT="icke"/><SP WIDTH="20" VPOS="1211" HPOS="400"/>
							<String ID="string_275" HPOS="420" VPOS="1211" WIDTH="83" HEIGHT="22" WC="0.96" CONTENT="kunnat"/><SP WIDTH="19" VPOS="1211" HPOS="503"/>
							<String ID="string_276" HPOS="522" VPOS="1211" WIDTH="70" HEIGHT="27" WC="0.96" CONTENT="undgå"/><SP WIDTH="14" VPOS="1211" HPOS="592"/>
							<String ID="string_277" HPOS="606" VPOS="1213" WIDTH="32" HEIGHT="20" WC="0.96" CONTENT="att"/><SP WIDTH="14" VPOS="1213" HPOS="638"/>
							<String ID="string_278" HPOS="652" VPOS="1211" WIDTH="52" HEIGHT="28" WC="0.96" CONTENT="hysa"/><SP WIDTH="16" VPOS="1211" HPOS="704"/>
							<String ID="string_279" HPOS="720" VPOS="1211" WIDTH="72" HEIGHT="21" WC="0.93" CONTENT="starka"/><SP WIDTH="15" VPOS="1211" HPOS="792"/>
							<String ID="string_280" HPOS="807" VPOS="1209" WIDTH="39" HEIGHT="22" WC="0.93" CONTENT="tvif"/>
						</TextLine>
						<TextLine ID="line_32" HPOS="94" VPOS="1245" WIDTH="761" HEIGHT="28">
							<String ID="string_281" HPOS="94" VPOS="1246" WIDTH="92" HEIGHT="26" WC="0.92" CONTENT="velsmål,"/><SP WIDTH="23" VPOS="1246" HPOS="186"/>
							<String ID="string_282" HPOS="209" VPOS="1246" WIDTH="103" HEIGHT="21" WC="0.96" CONTENT="huruvida"/><SP WIDTH="22" VPOS="1246" HPOS="312"/>
							<String ID="string_283" HPOS="334" VPOS="1245" WIDTH="102" HEIGHT="28" WC="0.96" CONTENT="styrelsen"/><SP WIDTH="24" VPOS="1245" HPOS="436"/>
							<String ID="string_284" HPOS="460" VPOS="1245" WIDTH="109" HEIGHT="28" WC="0.96" CONTENT="verkligen"/><SP WIDTH="21" VPOS="1245" HPOS="569"/>
							<String ID="string_285" HPOS="590" VPOS="1248" WIDTH="34" HEIGHT="25" WC="0.96" CONTENT="egt"/><SP WIDTH="15" VPOS="1248" HPOS="624"/>
							<String ID="string_286" HPOS="639" VPOS="1245" WIDTH="65" HEIGHT="28" WC="0.96" CONTENT="laglig"/><SP WIDTH="23" VPOS="1245" HPOS="704"/>
							<String ID="string_287" HPOS="727" VPOS="1245" WIDTH="128" HEIGHT="27" WC="0.96" CONTENT="befogenhet"/>
						</TextLine>
						<TextLine ID="line_33" HPOS="95" VPOS="1279" WIDTH="760" HEIGHT="28">
							<String ID="string_288" HPOS="95" VPOS="1282" WIDTH="31" HEIGHT="20" WC="0.96" CONTENT="att"/><SP WIDTH="15" VPOS="1282" HPOS="126"/>
							<String ID="string_289" HPOS="141" VPOS="1281" WIDTH="7" HEIGHT="20" WC="0.96" CONTENT="i"/><SP WIDTH="14" VPOS="1281" HPOS="148"/>
							<String ID="string_290" HPOS="162" VPOS="1281" WIDTH="24" HEIGHT="21" WC="0.96" CONTENT="så"/><SP WIDTH="14" VPOS="1281" HPOS="186"/>
							<String ID="string_291" HPOS="200" VPOS="1280" WIDTH="43" HEIGHT="27" WC="0.96" CONTENT="hög"/><SP WIDTH="15" VPOS="1280" HPOS="243"/>
							<String ID="string_292" HPOS="258" VPOS="1281" WIDTH="58" HEIGHT="26" WC="0.96" CONTENT="grad,"/><SP WIDTH="16" VPOS="1281" HPOS="316"/>
							<String ID="string_293" HPOS="332" VPOS="1287" WIDTH="45" HEIGHT="15" WC="0.96" CONTENT="som"/><SP WIDTH="17" VPOS="1287" HPOS="377"/>
							<String ID="string_294" HPOS="394" VPOS="1280" WIDTH="57" HEIGHT="22" WC="0.96" CONTENT="skett"/><SP WIDTH="16" VPOS="1280" HPOS="451"/>
							<String ID="string_295" HPOS="467" VPOS="1287" WIDTH="76" HEIGHT="20" WC="0.93" CONTENT="genom"/><SP WIDTH="17" VPOS="1287" HPOS="543"/>
							<String ID="string_296" HPOS="560" VPOS="1280" WIDTH="134" HEIGHT="21" WC="0.91" CONTENT="merberörda"/><SP WIDTH="17" VPOS="1280" HPOS="694"/>
							<String ID="string_297" HPOS="711" VPOS="1279" WIDTH="76" HEIGHT="28" WC="0.96" CONTENT="nådiga"/><SP WIDTH="15" VPOS="1279" HPOS="787"/>
							<String ID="string_298" HPOS="802" VPOS="1279" WIDTH="53" HEIGHT="26" WC="0.95" CONTENT="bref,"/>
						</TextLine>
						<TextLine ID="line_34" HPOS="94" VPOS="1314" WIDTH="761" HEIGHT="28">
							<String ID="string_299" HPOS="94" VPOS="1315" WIDTH="82" HEIGHT="27" WC="0.96" CONTENT="ingripa"/><SP WIDTH="22" VPOS="1315" HPOS="176"/>
							<String ID="string_300" HPOS="198" VPOS="1315" WIDTH="31" HEIGHT="21" WC="0.96" CONTENT="uti"/><SP WIDTH="16" VPOS="1315" HPOS="229"/>
							<String ID="string_301" HPOS="245" VPOS="1315" WIDTH="104" HEIGHT="21" WC="0.96" CONTENT="enskildes"/><SP WIDTH="19" VPOS="1315" HPOS="349"/>
							<String ID="string_302" HPOS="368" VPOS="1314" WIDTH="40" HEIGHT="22" WC="0.96" CONTENT="fria"/><SP WIDTH="18" VPOS="1314" HPOS="408"/>
							<String ID="string_303" HPOS="426" VPOS="1315" WIDTH="125" HEIGHT="27" WC="0.95" CONTENT="förfogande"/><SP WIDTH="16" VPOS="1315" HPOS="551"/>
							<String ID="string_304" HPOS="567" VPOS="1316" WIDTH="42" HEIGHT="20" WC="0.96" CONTENT="rätt"/><SP WIDTH="16" VPOS="1316" HPOS="609"/>
							<String ID="string_305" HPOS="625" VPOS="1314" WIDTH="57" HEIGHT="22" WC="0.96" CONTENT="öfver"/><SP WIDTH="15" VPOS="1314" HPOS="682"/>
							<String ID="string_306" HPOS="697" VPOS="1314" WIDTH="32" HEIGHT="21" WC="0.96" CONTENT="sin"/><SP WIDTH="16" VPOS="1314" HPOS="729"/>
							<String ID="string_307" HPOS="745" VPOS="1314" WIDTH="110" HEIGHT="27" WC="0.96" CONTENT="egendom."/>
						</TextLine>
						<TextLine ID="line_35" HPOS="95" VPOS="1348" WIDTH="762" HEIGHT="28">
							<String ID="string_308" HPOS="95" VPOS="1349" WIDTH="76" HEIGHT="21" WC="0.91" CONTENT="Dertill"/><SP WIDTH="15" VPOS="1349" HPOS="171"/>
							<String ID="string_309" HPOS="186" VPOS="1349" WIDTH="102" HEIGHT="27" WC="0.96" CONTENT="kommer,"/><SP WIDTH="16" VPOS="1349" HPOS="288"/>
							<String ID="string_310" HPOS="304" VPOS="1351" WIDTH="32" HEIGHT="19" WC="0.96" CONTENT="att"/><SP WIDTH="16" VPOS="1351" HPOS="336"/>
							<String ID="string_311" HPOS="352" VPOS="1349" WIDTH="36" HEIGHT="21" WC="0.96" CONTENT="det"/><SP WIDTH="14" VPOS="1349" HPOS="388"/>
							<String ID="string_312" HPOS="402" VPOS="1348" WIDTH="117" HEIGHT="28" WC="0.96" CONTENT="ingalunda"/><SP WIDTH="16" VPOS="1348" HPOS="519"/>
							<String ID="string_313" HPOS="535" VPOS="1351" WIDTH="24" HEIGHT="19" WC="0.96" CONTENT="är"/><SP WIDTH="14" VPOS="1351" HPOS="559"/>
							<String ID="string_314" HPOS="573" VPOS="1348" WIDTH="77" HEIGHT="27" WC="0.96" CONTENT="säkert,"/><SP WIDTH="16" VPOS="1348" HPOS="650"/>
							<String ID="string_315" HPOS="666" VPOS="1355" WIDTH="34" HEIGHT="15" WC="0.96" CONTENT="om"/><SP WIDTH="16" VPOS="1355" HPOS="700"/>
							<String ID="string_316" HPOS="716" VPOS="1349" WIDTH="35" HEIGHT="21" WC="0.96" CONTENT="det"/><SP WIDTH="10" VPOS="1349" HPOS="751"/>
							<String ID="string_317" HPOS="761" VPOS="1348" WIDTH="96" HEIGHT="27" WC="0.96" CONTENT="åsyftade"/>
						</TextLine>
						<TextLine ID="line_36" HPOS="95" VPOS="1382" WIDTH="762" HEIGHT="28">
							<String ID="string_318" HPOS="95" VPOS="1383" WIDTH="63" HEIGHT="21" WC="0.96" CONTENT="målet"/><SP WIDTH="18" VPOS="1383" HPOS="158"/>
							<String ID="string_319" HPOS="176" VPOS="1383" WIDTH="7" HEIGHT="21" WC="0.96" CONTENT="i"/><SP WIDTH="16" VPOS="1383" HPOS="183"/>
							<String ID="string_320" HPOS="199" VPOS="1384" WIDTH="114" HEIGHT="21" WC="0.96" CONTENT="nämnvärd"/><SP WIDTH="17" VPOS="1384" HPOS="313"/>
							<String ID="string_321" HPOS="330" VPOS="1384" WIDTH="47" HEIGHT="20" WC="0.96" CONTENT="mån"/><SP WIDTH="17" VPOS="1384" HPOS="377"/>
							<String ID="string_322" HPOS="394" VPOS="1383" WIDTH="42" HEIGHT="21" WC="0.95" CONTENT="kan"/><SP WIDTH="17" VPOS="1383" HPOS="436"/>
							<String ID="string_323" HPOS="453" VPOS="1384" WIDTH="84" HEIGHT="26" WC="0.96" CONTENT="uppnås"/><SP WIDTH="15" VPOS="1384" HPOS="537"/>
							<String ID="string_324" HPOS="552" VPOS="1390" WIDTH="74" HEIGHT="20" WC="0.96" CONTENT="genom"/><SP WIDTH="17" VPOS="1390" HPOS="626"/>
							<String ID="string_325" HPOS="643" VPOS="1385" WIDTH="31" HEIGHT="20" WC="0.95" CONTENT="ett"/><SP WIDTH="15" VPOS="1385" HPOS="674"/>
							<String ID="string_326" HPOS="689" VPOS="1383" WIDTH="72" HEIGHT="27" WC="0.83" CONTENT="dylikt:"/><SP WIDTH="10" VPOS="1383" HPOS="761"/>
							<String ID="string_327" HPOS="771" VPOS="1382" WIDTH="86" HEIGHT="22" WC="0.92" CONTENT="restrik-"/>
						</TextLine>
						<TextLine ID="line_37" HPOS="94" VPOS="1416" WIDTH="762" HEIGHT="29">
							<String ID="string_328" HPOS="94" VPOS="1418" WIDTH="39" HEIGHT="21" WC="0.96" CONTENT="tivt"/><SP WIDTH="23" VPOS="1418" HPOS="133"/>
							<String ID="string_329" HPOS="156" VPOS="1417" WIDTH="77" HEIGHT="28" WC="0.89" CONTENT="påbud."/><SP WIDTH="31" VPOS="1417" HPOS="233"/>
							<String ID="string_330" HPOS="264" VPOS="1417" WIDTH="170" HEIGHT="28" WC="0.89" CONTENT="Förpassningen"/><SP WIDTH="19" VPOS="1417" HPOS="434"/>
							<String ID="string_331" HPOS="453" VPOS="1418" WIDTH="68" HEIGHT="26" WC="0.93" CONTENT="gäller"/><SP WIDTH="21" VPOS="1418" HPOS="521"/>
							<String ID="string_332" HPOS="542" VPOS="1418" WIDTH="103" HEIGHT="26" WC="0.90" CONTENT="nemligen"/><SP WIDTH="19" VPOS="1418" HPOS="645"/>
							<String ID="string_333" HPOS="664" VPOS="1419" WIDTH="31" HEIGHT="19" WC="0.96" CONTENT="ett"/><SP WIDTH="15" VPOS="1419" HPOS="695"/>
							<String ID="string_334" HPOS="710" VPOS="1417" WIDTH="45" HEIGHT="21" WC="0.96" CONTENT="helt"/><SP WIDTH="14" VPOS="1417" HPOS="755"/>
							<String ID="string_335" HPOS="769" VPOS="1418" WIDTH="30" HEIGHT="25" WC="0.96" CONTENT="år,"/><SP WIDTH="18" VPOS="1418" HPOS="799"/>
							<String ID="string_336" HPOS="817" VPOS="1416" WIDTH="39" HEIGHT="21" WC="0.96" CONTENT="och"/>
						</TextLine>
						<TextLine ID="line_38" HPOS="95" VPOS="1451" WIDTH="762" HEIGHT="28">
							<String ID="string_337" HPOS="95" VPOS="1452" WIDTH="66" HEIGHT="21" WC="0.96" CONTENT="under"/><SP WIDTH="23" VPOS="1452" HPOS="161"/>
							<String ID="string_338" HPOS="184" VPOS="1452" WIDTH="68" HEIGHT="27" WC="0.96" CONTENT="skydd"/><SP WIDTH="15" VPOS="1452" HPOS="252"/>
							<String ID="string_339" HPOS="267" VPOS="1452" WIDTH="22" HEIGHT="21" WC="0.95" CONTENT="af"/><SP WIDTH="14" VPOS="1452" HPOS="289"/>
							<String ID="string_340" HPOS="303" VPOS="1452" WIDTH="122" HEIGHT="22" WC="0.93" CONTENT="densamma"/><SP WIDTH="22" VPOS="1452" HPOS="425"/>
							<String ID="string_341" HPOS="447" VPOS="1452" WIDTH="64" HEIGHT="22" WC="0.93" CONTENT="torde"/><SP WIDTH="20" VPOS="1452" HPOS="511"/>
							<String ID="string_342" HPOS="531" VPOS="1452" WIDTH="59" HEIGHT="22" WC="0.96" CONTENT="äfven"/><SP WIDTH="21" VPOS="1452" HPOS="590"/>
							<String ID="string_343" HPOS="611" VPOS="1452" WIDTH="45" HEIGHT="21" WC="0.96" CONTENT="från"/><SP WIDTH="16" VPOS="1452" HPOS="656"/>
							<String ID="string_344" HPOS="672" VPOS="1452" WIDTH="92" HEIGHT="21" WC="0.96" CONTENT="kronans"/><SP WIDTH="15" VPOS="1452" HPOS="764"/>
							<String ID="string_345" HPOS="779" VPOS="1451" WIDTH="78" HEIGHT="27" WC="0.96" CONTENT="skogar"/>
						</TextLine>
					</TextBlock>
					<TextBlock ID="block_3" HPOS="163" VPOS="1491" WIDTH="517" HEIGHT="19">
						<TextLine ID="line_39" HPOS="163" VPOS="1491" WIDTH="517" HEIGHT="19">
							<String ID="string_346" HPOS="163" VPOS="1491" WIDTH="104" HEIGHT="19" WC="0.91" CONTENT="Allmänna"/><SP WIDTH="13" VPOS="1491" HPOS="267"/>
							<String ID="string_347" HPOS="280" VPOS="1492" WIDTH="178" HEIGHT="18" WC="0.91" CONTENT="Besvärsutskottets"/><SP WIDTH="13" VPOS="1492" HPOS="458"/>
							<String ID="string_348" HPOS="471" VPOS="1492" WIDTH="117" HEIGHT="18" WC="0.79" CONTENT="betänkande"/><SP WIDTH="12" VPOS="1492" HPOS="588"/>
							<String ID="string_349" HPOS="600" VPOS="1492" WIDTH="37" HEIGHT="18" WC="0.94" CONTENT="N:o"/><SP WIDTH="14" VPOS="1492" HPOS="637"/>
							<String ID="string_350" HPOS="651" VPOS="1492" WIDTH="29" HEIGHT="18" WC="0.88" CONTENT="10."/>
						</TextLine>
					</TextBlock>
				</ComposedBlock>
			</PrintSpace>
		</Page>
	</Layout>
</alto>
