1017 1678
195 110 12 20 4
371 108 242 24 Petitionsbetänkande
630 109 38 23 N:o
684 109 39 23 24.

167 165 102 28 denburg,
285 166 112 27 Schlesien,
413 166 225 27 Schleswig-Holstein,
650 167 119 26 Hannover,
781 166 141 27 Westphaleo,

165 200 200 28 Rhenprovinserna
386 200 40 22 och
445 201 181 27 Hessen-Nassau,
641 201 108 21 såkallade
766 201 158 25 ,,Kör-ordnun-

165 237 61 25 gen,"
243 234 77 28 hvilka,
336 236 64 26 något
415 235 57 22 olika
486 236 28 26 pä
530 235 56 22 olika
601 237 64 25 orter,
681 235 44 22 afse
740 237 32 19 att
787 237 52 25 göra
851 235 72 27 rättig-

165 269 71 27 heten,
260 271 33 20 att
314 271 57 20 emot
393 270 107 27 betalning
523 270 87 27 upplåta
625 270 70 27 hingst
710 270 32 21 till
758 270 131 22 betäckande
904 269 22 22 af

166 304 78 22 andras
267 306 54 25 ston,
344 304 105 22 beroende
467 304 22 22 af
502 304 98 28 pröfning
615 304 38 22 och
669 305 27 27 på
711 304 68 27 grund
795 304 60 22 deraf
869 304 55 22 med-

167 338 79 27 deladt,
270 339 75 21 endast
366 338 32 22 för
420 340 32 20 ett
473 339 24 21 år
516 339 98 27 gällande
629 339 100 21 tillstånd.
761 339 10 21 I
786 339 50 22 flere
852 339 72 22 länder

165 373 133 22 förekomma
313 373 106 22 dessutom
434 373 76 22 förbud
526 375 44 20 mot
585 379 156 22 gemensamma
750 373 64 22 beten
825 373 32 22 för
867 373 57 28 hing-

165 410 46 19 star
235 408 40 21 och
295 409 53 20 ston.
380 408 67 21 Dessa
462 407 242 28 lagstiftningsåtgärder
719 407 62 22 hafva
796 407 61 22 äfven
872 408 52 22 visat

166 443 32 27 sig
213 442 135 27 välgörande.
469 455 24 2 =
599 455 23 2 —
811 455 28 3 —
899 456 23 3 —

236 477 58 26 »För
316 479 32 20 att
369 477 75 22 hindra
463 477 126 27 underåriga
604 477 39 22 och
659 483 78 16 annars
752 476 100 29 felaktiga
866 477 58 28 hing-

166 514 45 20 star
233 513 34 20 att
285 513 51 20 utan
351 513 135 26 stoegarenes
502 511 87 28 vetskap
604 511 104 22 försämra
723 511 111 22 hästrasen
849 518 75 21 genom

167 547 40 22 den
223 546 104 27 vildafvel,
343 553 45 15 som
403 546 131 22 framalstras
549 547 27 26 på
591 547 50 20 våra
657 546 105 22 allmänna
779 546 68 26 beten,
864 554 61 15 anser

166 581 102 22 Komitén
283 581 64 22 likväl
362 580 158 28 lagstiftningen
535 580 53 22 böra
602 581 83 27 ingripa
699 587 77 20 genom
791 581 134 28 upplifvande

166 616 23 22 af
203 616 49 22 Carl
268 616 48 21 XEs
327 615 73 22 förbud
412 617 44 20 mot
466 615 106 27 hingstars
583 615 140 28 utsläppande
733 616 27 26 på
770 622 155 20 gemensamma

166 651 64 22 beten
247 650 52 22 eller
314 650 71 26 hellre,
402 650 27 21 dä
444 649 48 22 Carl
508 650 48 21 XI:s
571 650 122 26 förordning
708 649 117 23 innehäller
843 651 82 27 mycket

167 684 128 28 otidsenligt,
311 691 74 21 genom
402 684 125 22 utfärdande
542 684 23 22 af
578 691 26 15 en
620 691 26 21 ny
661 684 35 27 lag
711 684 7 20 i
733 690 82 16 samma
829 684 73 28 syfte.

236 720 47 21 Den
303 719 59 21 äldre
377 718 130 28 lagstiftning
525 718 6 21 i
552 720 76 25 ämnet,
644 719 85 21 hvilken
745 718 22 22 af
785 719 140 27 petitionären

166 753 38 22 och
227 753 133 22 komiterade
379 753 110 27 åberopas,
506 755 85 25 utgöres
607 753 23 22 af
646 753 41 22 den
706 753 41 27 ,pä
765 753 90 22 Riksens
870 755 56 20 stän-

167 789 48 21 ders
230 787 112 23 anhållan"
359 787 40 22 den
416 789 23 20 11
457 787 61 22 Febr.
532 788 54 21 1735
598 787 111 22 utfärdade
721 787 148 28 ,Stoordning,
881 795 44 14 som

166 823 7 21 i
189 823 71 22 Skåne
275 823 95 22 kommer
385 824 32 20 att
430 822 138 27 efterlefvas'';
580 823 26 21 25
618 823 73 26 punkt.
703 821 22 22 af
734 822 93 22 Resolut.
839 823 28 26 pä
877 823 49 21 Rik-

166 863 49 16 sens
238 857 102 27 allmoges
355 857 106 22 allmänna
475 857 76 22 besvär
566 857 23 22 af
602 857 40 21 den
659 858 9 20 1
687 857 57 26 Sept.
764 857 61 27 1741,
841 857 84 22 hvilken

166 891 76 22 hänför
265 892 32 27 sig
319 892 32 21 till
366 892 90 22 nämnde
470 892 130 27 stoordning;
616 893 56 21 samt
687 892 28 21 20
731 891 11 28 $
759 891 22 22 af
794 891 75 28 Kungl.
886 892 40 21 Re-

167 927 38 22 sol.
221 927 40 22 och
273 927 151 27 Förklaringen
439 928 27 27 pä
476 927 116 28 allmogens
602 927 75 22 besvär
688 926 23 22 af
720 927 41 21 den
771 927 13 20 4
796 926 57 22 Mars
865 927 60 26 1774,

166 961 60 23 hvari
242 961 76 28 Kongl.
336 962 39 21 M:t
390 962 48 21 med
454 961 112 28 anledning
582 961 22 22 af
618 961 116 28 allmogens
745 961 7 21 i
763 961 70 22 Skäne
848 961 76 26 klagan

167 996 58 22 öfver
241 996 41 26 ,,de
297 996 142 27 olägenheter,
456 1003 45 14 som
516 996 85 21 härrört
616 995 21 22 af
653 996 55 20 1734
724 996 35 20 års
774 995 129 27 stoordning,
919 995 7 21 i

166 1030 67 22 nåder
249 1030 84 28 pröfvar
348 1030 57 28 godt,
422 1032 32 20 att
469 1030 40 22 den
524 1030 69 27 gamla
609 1029 163 27 Stoordningen,
789 1035 45 15 som
850 1029 75 27 Kongl.

166 1065 70 21 Rädet
253 1065 39 21 och
307 1064 183 22 Fältmarskalken
506 1064 76 22 Grefve
593 1064 136 26 Aschenberg
745 1064 95 26 inrättat,
851 1064 33 21 mä
894 1063 32 22 till

167 1099 143 22 efterrättelse
332 1099 124 22 hädanefter
478 1098 90 28 förnyas,
591 1099 88 21 hvarom
703 1098 76 27 Kongl.
799 1098 60 27 Maj:t
873 1098 54 21 låter

167 1133 64 28 nådig
246 1133 115 28 befallning
377 1133 33 22 till
426 1133 158 23 vederbörande
599 1133 67 27 afgå."
698 1133 45 21 Den
755 1132 125 27 stoordning
895 1132 31 21 för

167 1168 78 27 Skåne,
269 1174 45 16 som
337 1168 88 22 sålunda
447 1168 48 22 med
518 1168 147 28 upphäfvande
690 1166 23 22 af
726 1166 26 22 de
767 1168 28 26 på
811 1166 116 22 1700-talet

167 1202 113 22 tillkomna
294 1202 180 28 författningarne,
490 1202 75 22 trädde
580 1202 6 21 i
601 1202 98 27 gällande
729 1200 64 28 kraft,
813 1208 36 15 var
864 1201 62 21 utfär-

168 1236 41 22 dad
232 1237 41 22 den
288 1238 12 21 5
316 1237 42 21 Juli
382 1238 55 21 1680
452 1238 27 26 på
495 1236 152 28 framställning
663 1236 23 22 af
700 1236 41 22 den
756 1236 70 21 såsom
841 1235 87 22 admini-

167 1272 70 21 stator
261 1272 39 22 och
322 1272 101 22 fältherre
445 1272 43 21 lika
510 1272 107 21 utmärkte
635 1270 219 28 generalguvernören
870 1270 57 21 öfver

168 1306 77 26 Skåne,
269 1306 99 27 Holland,
391 1306 127 28 Göteborgs-
541 1306 39 22 och
599 1306 72 22 Bohus
687 1304 42 28 län,
754 1304 173 22 fältmarskalken

168 1340 87 27 Rutger,
272 1347 34 14 om
329 1340 127 28 Ascheberg.
487 1342 45 20 Den
556 1340 96 28 utgjorde
671 1340 76 20 endast
762 1345 26 15 en
804 1338 123 26 ,,confirma-

168 1374 58 22 tion"
243 1374 22 22 af
281 1374 39 22 den
338 1374 74 22 fordne
434 1374 216 28 generalguvernören
673 1373 71 22 Johan
763 1372 164 28 Gyllenstjernas

168 1408 145 28 egenmäktigt
334 1408 118 28 utfärdade,
471 1409 52 22 efter
546 1409 62 22 södra
624 1408 98 27 Sveriges
737 1407 146 22 förhållanden
899 1406 28 22 af-

167 1443 92 27 passade
281 1443 123 27 stoordning
427 1444 39 21 och
490 1443 38 22 har
543 1444 73 21 säkert
637 1442 71 28 aldrig
727 1442 68 22 blifvit
817 1441 109 28 tillämpad

237 1483 191 18 Ekonomiutskottets
442 1483 115 18 betänkande
570 1488 29 13 n:o
612 1483 30 17 10.
