1017 1681
172 153 26 19 24
353 153 233 25 Petitionshetänkande
605 156 37 22 N:o
660 155 34 24 13.

141 220 25 22 pä
182 221 29 16 ett
228 220 74 23 ganska
317 220 107 23 betänkligt
436 222 44 21 sätt,
493 221 61 18 säsom
567 221 84 23 följande
663 221 109 18 statistiska
784 220 63 18 siffror
859 222 43 16 när-

142 254 50 12 mare
204 249 68 18 utvisa.

211 283 30 18 Uti
261 283 67 18 skolan
346 284 34 17 har
398 284 60 18 under
476 285 95 22 förloppet
588 285 21 18 af
622 286 12 17 8
649 285 21 18 är
683 284 106 18 inskrifvits
801 285 23 16 82
836 284 66 21 elever,

141 312 20 17 af
172 312 55 17 dessa
244 312 57 18 hafva
318 313 22 18 är
359 313 45 18 1880
420 315 10 16 7
449 313 35 18 och
501 314 21 17 är
535 314 42 17 1881
592 313 68 18 endast
672 315 11 16 5
696 313 49 18 efter
758 313 83 18 afslutad
853 313 49 17 skol-

141 341 45 17 kurs
204 341 146 23 utdimitterats;
369 342 29 17 för
416 342 116 18 närvarande
550 344 22 16 är
587 342 115 18 elevantalet
714 342 29 17 uti
756 341 67 18 skolan
836 341 66 18 inalles

141 370 27 21 35,
186 370 20 17 af
222 370 66 17 hvilka
304 372 10 16 7
332 371 24 22 pä
372 371 64 22 första,
448 372 11 17 4
472 371 24 23 pä
508 371 64 21 andra,
588 372 11 17 9
612 371 24 22 pä
648 371 63 22 tredje
724 370 35 18 och
774 371 20 17 15
807 370 24 23 pä
842 370 60 22 fjerde

141 398 81 18 klassen.

209 433 30 18 Dä
251 435 51 16 ännu
314 433 56 19 dessa
382 434 115 18 sistnämnde
510 434 61 18 elever
586 434 25 23 pä
623 433 61 24 fjerde
696 433 79 18 klassen
788 433 43 23 afgä
843 433 59 18 blefve

140 462 116 17 elevantalet
274 462 67 18 endast
358 464 28 21 20,
399 463 34 18 och
446 463 25 18 dä
482 468 43 13 man
538 463 16 22 ej
569 463 56 23 vägar
637 463 79 22 hoppas,
730 464 29 16 att
772 462 32 17 det
816 463 36 17 allt
863 467 39 12 mer

140 490 110 23 nedgäende
263 491 73 18 antalet
348 491 168 19 inträdessökande
528 492 62 17 skulle
603 491 53 22 ökas,
669 491 55 18 torde
733 496 43 13 man
786 491 115 22 approxima-

140 519 37 18 tivt
195 519 65 18 kunna
273 520 83 18 beräkna
368 521 73 18 antalet
453 521 21 17 af
484 521 61 18 elever
557 520 59 18 under
629 522 56 16 nästa
697 520 63 17 läseär
773 520 29 17 till
816 521 22 16 25
850 520 11 17 &
874 521 26 20 30,

140 548 72 17 hvilket
231 550 55 21 utgör
305 549 86 23 omkring
407 551 11 16 7
430 550 62 17 elever
504 549 24 23 pä
540 549 64 23 hvarje
617 549 58 18 klass.
700 549 36 18 Att
748 554 23 12 en
784 549 21 17 sä
817 549 43 22 föga
872 549 29 17 be-

140 577 44 17 sökt
196 577 55 18 skola
264 577 61 18 skulle
337 578 42 17 med
392 578 110 18 statsmedel
515 578 141 23 upprätthällas
668 578 39 17 kan
720 583 43 12 man
776 577 17 23 ej
807 577 77 23 hoppas.

208 605 109 19 Orsakerna
330 607 29 17 till
369 606 61 18 denna
438 607 64 18 skolas
511 607 53 23 ringa
572 607 98 23 framgång
679 609 33 16 äro
722 606 136 23 mängahanda,
867 606 34 17 och

140 634 86 18 anhåller
242 635 34 22 jag
294 636 30 17 att
342 635 56 18 bland
417 635 41 18 dem
472 636 18 17 få
502 637 76 16 nämna:
591 637 30 16 att
632 635 111 18 realskolan
756 635 105 17 inrättades
874 635 27 17 uti

140 663 66 18 staden
224 665 51 16 emot
293 663 132 19 stadsboernes
443 665 113 22 uttryckligt
573 665 86 18 uttalade
675 664 55 23 vilja;
751 663 56 18 dessa
819 663 82 18 önskade

140 692 92 23 nemligen
245 692 59 18 redan
317 693 24 17 då
353 694 29 17 ett
393 693 93 18 klassiskt
497 693 112 23 fyrklassigt
622 693 81 23 lyceum;
723 694 30 16 att
765 692 23 18 de
800 692 42 18 från
855 692 47 18 real-

140 721 66 17 skolan
219 721 143 18 utdimitterade
374 722 87 17 eleverna
472 721 18 24 ej
502 722 79 18 erhållit
589 722 55 18 deras
653 721 111 23 kunskaper
773 721 129 18 motsvarande

139 749 77 23 platser,
230 751 20 16 sä
264 751 29 16 att
304 750 114 18 åtminstone
431 755 23 13 en
467 751 21 18 af
498 751 23 18 de
533 751 11 17 3
556 751 67 22 elever,
636 757 40 12 som
688 751 31 17 för
732 751 10 16 3
756 750 21 18 år
790 750 58 18 sedan
860 749 42 18 med

139 778 49 23 goda
200 779 57 22 betyg
269 779 77 22 utgingo
359 779 41 18 från
413 779 73 22 skolan,
502 781 50 16 ännu
564 781 22 16 är
598 781 46 16 utan
656 780 63 23 plats;
738 780 30 17 att
780 779 55 18 deras
847 779 55 17 brist-

138 807 66 23 fälliga
222 807 87 23 kunskap
322 808 6 17 i
340 808 81 18 svenska
439 808 79 23 språket
534 808 34 18 har
586 809 60 17 vållat
664 808 44 18 dem
727 809 50 17 stort
795 807 66 18 hinder
874 809 28 16 att

139 836 91 17 fortsätta
248 836 42 18 sina
308 836 72 18 studier
398 837 28 18 uti
444 837 118 23 Helsingfors
574 837 81 18 svenska
667 836 147 24 polyteknikum
827 836 34 18 och
874 838 28 15 att

139 865 55 17 deras
206 865 120 22 fullkomliga
338 865 131 24 obekantskap
481 866 42 17 med
536 866 68 18 latinet
615 866 53 23 gjort
680 865 34 18 det
726 867 71 22 ytterst
810 865 52 18 svårt
873 865 29 17 för

139 893 41 18 dem
193 895 29 16 att
234 893 62 18 såsom
310 895 22 16 17
344 893 35 18 och
397 895 21 17 18
430 894 51 23 årige
494 895 98 22 ynglingar
604 895 77 23 öfvergå
693 895 31 17 till
738 895 94 22 lyceerna.
855 893 46 18 Häri

138 922 35 18 har
192 927 42 13 man
253 924 30 16 att
300 922 48 18 söka
365 923 104 18 orsakerna
484 923 30 18 till
526 923 80 18 Heinola
618 923 108 18 realskolas
739 922 104 23 bedröfliga
855 922 47 23 läge,

139 957 41 12 men
199 951 103 22 ingalunda
319 951 28 18 uti
365 951 97 18 bristande
479 952 37 23 håg
528 952 28 18 för
568 952 133 18 förvärfvande
714 952 22 17 af
747 951 108 23 kunskaper
868 951 33 18 hos

138 979 77 18 stadens
228 980 48 17 eller
288 980 23 17 de
324 980 143 23 kringliggande
479 981 144 18 kommunernas
635 981 111 23 inbyggare,
758 980 74 18 hvilket
844 980 57 17 redan

138 1009 82 22 framgår
237 1008 59 22 deraf,
315 1010 29 17 att
362 1009 78 23 mången
457 1009 58 18 bland
527 1009 80 18 nämnde
619 1009 113 23 befolkning
745 1009 35 18 har
793 1009 56 18 sändt
861 1009 41 18 sina

138 1037 47 18 barn
198 1037 30 18 till
241 1037 88 23 lyceerna
340 1038 28 17 uti
380 1038 124 23 Helsingfors,
515 1038 104 23 Jyväskylä
631 1038 36 18 och
680 1038 124 18 Tavastehus.

207 1066 126 18 Föräldrarne
351 1067 46 22 vilja
414 1067 18 22 ej
453 1067 59 18 sända
530 1067 41 18 sina
588 1067 47 18 barn
652 1067 32 18 till
697 1072 24 13 en
734 1067 60 21 skola,
808 1067 6 16 i
826 1066 75 18 hvilken

138 1095 56 18 dessa
211 1095 72 18 förlora
301 1095 29 18 sin
348 1095 56 18 bästa
416 1095 71 18 skoltid
500 1097 67 16 nästan
580 1095 100 24 förgäfves,
693 1095 64 18 såsom
770 1095 131 18 erfarenheten

138 1123 76 18 utvisat.
237 1123 29 18 De
279 1123 85 23 uppoffra
376 1123 60 19 hellre
449 1124 29 18 sin
490 1124 47 18 sista
548 1124 56 18 skärf
614 1125 28 17 för
655 1126 31 17 att
698 1124 20 18 få
731 1124 43 18 sina
785 1123 47 18 barn
844 1124 57 17 utien

138 1152 58 18 sådan
209 1152 60 21 skola,
282 1153 30 17 att
324 1152 30 18 vid
366 1152 124 19 utträdandet
502 1153 82 18 derifrån
597 1153 63 18 skilda
673 1153 92 18 områden
777 1153 51 22 uppå
839 1152 63 18 lifvets

137 1181 86 18 stridfält
241 1182 31 17 stå
292 1183 62 21 öppna
371 1181 29 18 för
412 1182 48 18 dem.
483 1182 28 18 De
523 1182 71 22 hoppas
608 1182 70 21 dertill,
692 1183 31 17 att
736 1181 58 18 också
806 1181 29 18 för
848 1181 53 18 deras

137 1211 31 16 ort
185 1215 23 13 en
221 1210 65 18 bättre
298 1210 28 18 tid
339 1210 49 18 skall
401 1216 34 17 gry
448 1210 106 23 derigenom
567 1212 30 16 att
609 1216 24 12 nu
646 1210 85 19 nämnda
743 1210 97 18 realskola
852 1210 48 18 skall

136 1238 99 18 förändras
249 1239 31 17 till
292 1240 29 16 ett
333 1239 111 23 fyrklassigt
456 1239 76 23 lyceum.

205 1266 66 19 Redan
284 1267 58 18 under
355 1269 75 17 senaste
442 1268 33 18 vår
487 1268 115 18 inlemnades
614 1268 12 18 å
636 1268 84 18 Heinola
732 1267 54 18 stads
795 1267 35 18 och
839 1267 62 23 kring-

136 1296 88 22 liggande
235 1296 12 18 8
259 1296 121 18 kommuners
392 1298 70 21 vägnar
474 1296 30 18 till
517 1296 105 23 Kejserliga
635 1296 84 18 Senaten
728 1301 24 13 en
761 1296 95 22 anhållan,
865 1296 36 17 för-

136 1324 46 18 sedd
194 1324 42 18 med
249 1326 24 16 50
284 1324 144 22 underskrifter,
441 1325 96 23 angående
549 1330 23 13 en
584 1325 59 18 sådan
652 1324 119 24 förändring,
778 1324 78 18 hvarvid
865 1326 36 16 sta-

136 1353 36 17 den
188 1353 71 22 jemväl
277 1353 80 18 förband
370 1353 28 23 sig
411 1354 29 17 till
454 1355 30 16 att
495 1353 71 23 årligen
580 1354 29 17 till
623 1354 73 22 lyceets
709 1353 102 18 underhåll
823 1353 79 23 bidraga

136 1382 42 17 med
196 1382 53 21 3,000
267 1382 59 18 mark.
350 1382 44 18 Men
412 1382 79 18 emedan
509 1388 41 12 man
566 1382 18 22 ej
597 1384 49 16 ännu
660 1382 85 22 uppnått
757 1382 54 18 detta
822 1382 37 17 mål
872 1382 29 17 för

136 1411 42 17 sina
197 1410 90 23 lifligaste
305 1410 155 24 förhoppningar,
478 1411 34 18 har
524 1410 80 19 Heinola
616 1410 43 18 stad
672 1410 88 22 beslutit,
773 1412 29 16 att
814 1412 29 16 ett
855 1411 46 22 peti-

136 1439 124 23 tionsförslag
272 1439 5 17 i
290 1439 80 18 ärendet
381 1439 58 18 borde
456 1440 34 18 hos
502 1439 74 19 landets
588 1445 26 12 nu
626 1439 117 19 församlade
757 1439 77 18 ständer
846 1439 54 18 fram-

136 1468 73 21 ställas,
228 1468 36 17 och
282 1468 57 22 vågar
356 1467 33 23 jag
407 1468 11 18 å
436 1468 24 18 de
472 1468 30 18 till
514 1468 85 18 området
611 1468 29 18 för
652 1468 86 18 nämnda
751 1468 55 17 skola
818 1468 82 18 hörande

206 1504 108 20 Allmänna
331 1504 191 20 Besvärsutskottets
536 1504 130 20 betänkande
681 1504 40 20 N:o
738 1504 35 20 13.
