1017 1678
188 103 22 18 10
384 101 242 20 Petitionsbetänkande
638 103 37 18 N:o
687 103 17 18 5.

337 160 63 27 hålla,
423 162 31 20 att
476 161 34 21 det
527 161 57 26 fasta
602 160 146 27 statsanslaget
765 160 35 27 för
820 161 99 27 Helsing-

338 195 46 26 fors
399 195 229 22 universitetsbibliotek
641 196 64 21 måtte
720 195 59 28 höjas
794 195 33 22 till
840 197 80 25 18,000

340 229 60 22 mark
415 229 35 27 för
466 231 54 25 året;
537 231 55 20 samt

404 263 22 28 b)
450 265 31 20 att
502 264 120 21 Ständerna
641 265 9 20 i
667 264 68 21 denna
757 265 34 20 sin
814 264 106 27 aflåtande

335 298 208 27 petitionsskrifvelse
558 299 97 26 derjemte
669 298 47 21 ville
731 298 115 27 framhålla
857 298 61 21 önsk-

337 333 113 21 värdheten
465 333 28 25 af
504 334 30 20 att
548 333 52 21 både
615 333 8 20 i
637 333 102 21 anseende
750 333 33 21 till
794 333 126 21 bibliotekets

337 366 153 28 tillgänglighet
504 366 36 27 för
554 366 138 22 allmänheten
708 366 36 22 och
755 367 91 22 rörande
856 366 63 27 inköp

338 401 25 26 af
377 400 72 22 böcker
464 401 36 21 och
515 401 121 26 regvisition
651 401 24 26 af
690 401 118 26 tidskrifter
819 401 101 28 lämpliga

338 435 101 27 åtgärder
454 436 64 21 måtte
532 435 100 27 vidtagas,
648 435 35 27 för
698 437 30 20 att
739 435 114 22 biblioteket
862 442 56 15 mera

336 471 29 20 än
384 463 97 28 härintill
498 469 79 22 komme
596 471 29 20 att
639 471 104 20 motsvara
758 469 123 23 karakteren
896 469 24 27 af

337 505 28 20 ett
378 503 89 28 verkligt
480 504 195 21 nationalbibliotek.

232 544 145 27 Helsingfors,
392 545 23 21 af
429 545 115 21 Allmänna
558 544 198 22 Besvärsutskottet
775 545 40 21 den
831 545 14 21 9
860 544 58 22 Mars

164 577 63 22 1882.

231 665 11 20 I
258 665 101 21 ärendets
377 665 130 27 behandling
526 665 62 22 hafva
607 666 99 26 deltagit:
726 666 50 20 hrar
795 665 87 27 Geitlin,
898 665 19 21 J.

163 697 33 27 G.,
212 698 137 27 ordförande,
365 699 128 27 Grotenfelt,
509 700 33 26 N.,
558 700 178 26 Standertskiöld,
752 700 26 21 K.
793 700 20 21 J.
830 700 32 26 R.,
873 700 45 21 Me-

162 732 77 27 chelin,
255 733 32 27 L.,
303 733 24 22 af
340 733 108 27 Schulten,
464 734 34 26 H.,
514 734 112 27 Stenbäck,
639 728 26 38 K.
676 734 32 27 E.,
717 734 119 27 Lindstedt,
846 734 71 26 Wilh.,

163 765 130 29 Calamnius,
309 768 18 21 J.
344 768 32 27 V.,
391 768 118 28 Wallgren,
525 768 33 26 G.,
574 769 125 27 Malmgren,
716 769 25 21 A.
754 768 27 27 J.,
790 768 127 28 Chydenius,

161 800 26 22 A.
202 801 34 27 H.,
257 797 93 33 Öhberg,
369 803 32 26 V.,
420 803 90 26 Ekman,
528 803 26 21 E.
574 803 31 26 A.,
624 802 149 27 Laurikainen,
789 802 24 22 T.
829 802 87 28 Luoma,

160 834 20 22 J.
196 835 34 27 H.,
246 836 99 28 Möttölä,
360 838 19 21 J.

328 1444 114 20 Helsingfors,
454 1444 16 16 J.
483 1444 18 16 C.
513 1444 87 16 Frenckell
612 1445 13 15 &
638 1444 40 19 Son,
693 1445 48 15 1882.
