1011 1678
192 103 27 21 10
366 100 250 24 Petitionsbetänkande
631 101 38 22 N:o
685 99 31 23 14.

163 172 42 17 dom
227 171 34 18 och
281 172 48 17 ännu
348 170 16 23 ej
384 170 42 18 fullt
445 170 87 23 stadgade
552 170 133 21 förhållanden,
705 175 42 12 men
760 169 65 19 främst
839 170 39 18 deri
893 170 27 16 att

163 201 41 17 dess
219 200 238 18 vinterkommunikationer
477 201 31 15 äro
524 198 117 18 öfverhöfvan
657 198 66 23 dåliga.
752 198 29 18 En
794 199 83 23 jernväg,
892 198 28 18 sä-

163 230 34 16 dan
214 234 38 12 som
269 229 34 18 den
319 229 106 22 föreslagna,
441 228 71 18 komme
528 230 28 15 att
571 228 44 23 fylla
629 228 48 17 hvad
689 232 39 12 som
739 227 6 17 i
756 228 51 17 detta
817 227 102 18 hänseende

162 260 48 15 ännu
226 258 75 20 brister;
324 258 35 17 den
381 258 60 16 sknlle
460 256 27 18 till
503 259 61 15 ortens
583 256 67 23 rikliga
670 256 76 23 tillyäng
758 257 29 22 pä
802 256 71 18 bränsle
888 255 32 18 och

159 286 91 24 präktiga
265 286 175 18 kommunikationer
451 286 30 23 pä
495 285 84 18 utlandet
593 286 55 22 lägga
657 284 61 18 direkt
722 284 198 25 jernvägsförbindelse

162 315 42 17 med
224 315 31 17 det
274 316 39 16 inre
332 311 68 25 landet,
420 315 113 22 egenskaper
553 314 62 17 hvilka
630 314 33 18 hos
677 314 94 23 knnppast
785 314 60 23 nägon
860 320 60 12 annan

163 345 29 16 ort
206 343 6 18 i
227 344 65 17 landet
306 344 5 17 i
326 344 37 17 lika
378 343 35 23 hög
431 343 45 22 grad
491 343 72 18 komme
582 344 28 16 att
625 342 104 18 förefinnas.
758 342 34 18 Att
807 343 33 17 här
855 343 22 17 dä
891 343 29 17 in-

163 373 95 17 dustriella
273 373 44 17 verk
332 373 71 17 komme
418 374 28 15 att
460 372 68 23 uppstä
543 372 51 17 torde
609 371 19 18 fä
642 377 53 12 anses
711 377 38 12 som
764 371 42 18 fullt
820 371 67 21 säkert,
901 371 20 17 sä

162 401 74 23 mycket
250 401 56 18 hellre
326 407 38 12 som
380 401 27 18 tid
425 401 47 17 efter
487 407 60 11 annan
562 401 51 22 fråga
628 400 47 18 varit
689 406 30 12 om
735 401 110 22 anläggning
859 400 20 17 af
891 400 29 17 sä-

163 431 47 16 dana
227 439 22 2 —
269 430 166 23 bomulls-spinneri
454 430 33 17 och
508 429 131 24 pappersbruk,
654 437 29 4 —
697 429 57 18 ehuru
773 429 88 24 planerna
875 429 45 17 tills-

162 459 62 17 vidare
240 459 21 17 af
273 465 23 12 en
311 459 44 18 eller
374 465 61 11 annan
455 459 54 17 orsak
524 459 16 22 ej
555 458 134 23 förverkligats,
705 458 63 18 främst
783 459 47 17 dock
844 458 76 17 emedan

163 488 114 17 fabrikernas
292 488 91 22 ställning,
400 488 58 17 under
473 487 40 18 bela
528 487 35 18 den
579 487 27 18 tid
621 487 20 17 af
653 487 41 18 äret
708 487 24 18 dä
742 487 177 23 sjökommunikatio-

162 522 57 12 nerna
234 518 32 16 äro
282 517 89 21 afbrntna,
387 522 65 17 genom
471 516 93 18 saknaden
579 516 21 17 af
611 516 57 17 andra
683 516 48 22 goda
745 516 175 18 kommunikationer

162 545 60 18 blefve
237 545 62 18 alltför
318 547 113 21 ogynnsamt.
461 545 34 18 Ett
514 545 88 18 lifsvilkor
621 545 29 17 för
667 545 167 22 tillgodogörandet
848 545 6 17 i
868 545 52 17 indu-

162 575 56 17 string
234 574 57 23 tjenst
306 575 20 16 af
337 575 35 17 den
393 580 75 11 enorma
483 574 48 17 kraft
546 579 38 12 som
600 580 25 11 nu
640 574 41 17 med
697 574 32 17 det
743 574 116 17 resultatlösa
873 579 47 18 upp-

162 603 116 18 brännandet
293 603 19 18 af
325 603 76 18 ribbved
415 603 33 23 går
464 603 56 18 totalt
538 603 81 17 förlorad
634 604 20 16 är
670 603 71 17 derföre
755 605 44 15 utan
814 603 106 22 gensägelse

162 633 122 22 uppkomsten
306 632 20 17 af
343 638 22 11 en
384 632 67 17 bibana
474 632 28 17 till
522 632 67 21 Kotka,
610 631 53 18 hvars
683 632 94 23 betydelse
795 631 59 22 alltsä,
869 631 50 18 säväl

161 661 41 17 med
222 661 85 17 afseende
322 661 12 17 &
347 661 61 17 denna
427 661 41 17 stad
487 666 39 12 som
541 661 102 22 Kymmene
661 660 55 18 elfdal
731 661 7 17 i
752 660 76 18 främsta
842 661 78 17 rummet

161 690 60 17 blefve
237 690 36 17 den
288 690 20 16 af
320 695 23 12 en
357 689 138 17 industribana.

230 724 57 17 Detta
301 724 21 17 &r
336 724 45 17 dock
397 724 40 17 icke
452 724 39 17 allt.
508 724 40 17 Den
564 723 106 22 sträckning
685 723 35 18 den
736 724 126 22 projekterade
869 723 50 23 jern-

162 754 58 21 vägen
240 753 72 17 komme
331 754 27 15 att
377 753 70 16 erhälla
465 752 57 17 skulle
538 753 44 21 göra
596 754 28 15 att
638 757 22 12 en
676 757 59 18 grupp
750 754 50 16 orter
814 753 6 17 i
835 752 31 17 det
881 752 38 17 inre

161 781 63 18 landet
247 783 58 16 sattes
324 781 6 17 i
349 783 44 16 nära
415 781 110 18 förbindelso
545 781 41 17 med
605 786 23 12 en
644 781 75 22 lämplig
739 781 91 21 hamnort;
845 782 28 17 ett
887 781 33 17 här

161 811 69 22 ganska
246 810 91 17 kännbart
352 809 59 18 behof.
437 810 43 17 Icke
495 810 20 17 sä
530 815 38 12 som
584 810 57 17 skulle
657 809 62 18 Kotka
735 810 6 17 i
756 810 33 18 och
805 810 41 17 med
861 809 58 18 erhäl-

161 839 64 18 landet
240 839 20 17 af
271 839 76 22 jernväg
367 839 153 22 omedelbarligen
540 838 34 18 och
592 839 6 16 i
614 839 59 22 nägon
689 839 55 22 högre
759 839 45 22 grad
819 839 55 17 vinna
889 839 31 17 be-

161 868 71 22 tydelse
248 868 20 17 af
281 873 22 12 en
319 869 64 21 export
401 867 34 18 och
451 868 67 22 import
532 869 36 16 ort.
598 867 173 18 Handelsintressen
787 869 37 20 äro,
840 867 79 18 särdeles

161 897 33 17 hos
209 902 35 16 oss,
261 897 5 17 i
282 896 99 17 allmänhet
395 896 70 23 ganska
479 896 135 17 konservativa.
633 897 44 17 Man
691 896 109 23 öfvergifver
814 902 68 17 ogerna
896 901 23 12 en

161 926 78 21 gammal
255 925 113 23 upparbetad
387 925 112 22 handelsväg
516 925 28 17 för
558 930 23 12 en
596 931 24 17 ny
635 931 30 12 om
681 925 15 22 ej
713 925 60 18 denna
788 925 84 23 erbjuder
887 925 32 17 all-

161 955 51 17 deles
227 955 5 16 i
254 955 70 22 ögonen
347 954 80 17 fallande
446 954 85 17 fördelar.
562 954 36 17 Det
616 959 44 12 vore
679 954 71 17 derföre
765 954 16 23 ej
797 956 28 15 att
839 954 80 23 päräkna

161 985 28 16 att
204 983 70 22 Kotka,
290 983 51 17 äfven
357 983 6 16 i
378 983 102 22 besittning
498 983 19 16 af
527 982 244 23 jernvägskommunikation
786 983 57 18 skulle
858 983 61 17 kunna

161 1012 109 22 fränkämpa
284 1012 23 17 de
322 1011 56 17 andra
397 1011 129 17 hamnorterna
542 1011 31 17 vid
589 1011 67 17 Finska
672 1011 54 18 viken
741 1012 60 22 nägon
817 1011 102 23 betydande

162 1042 70 20 teräng.
264 1041 45 17 Dess
331 1040 100 22 inflytande
451 1040 70 17 komme
544 1040 104 22 egentligen
668 1042 29 15 att
715 1040 73 18 sträcka
808 1040 27 22 sig
843 1035 44 31 till”
892 1042 28 15 ett

162 1075 50 11 mera
234 1069 97 17 inskränkt
352 1069 79 21 område,
452 1070 81 16 närmast
553 1070 74 16 orterna
645 1069 6 17 i
667 1069 102 22 Kymmene
784 1069 60 21 elfdal,
859 1069 62 17 hvilka

162 1098 56 17 ehuru
234 1098 78 22 belägna
327 1098 16 22 ej
359 1097 20 17 så
394 1098 52 22 långt
461 1097 45 17 ifrån
526 1097 71 22 kusten,
612 1098 47 17 dock
674 1097 66 18 hittills
755 1098 47 17 varit
817 1098 104 18 nödsakade

162 1128 28 16 att
204 1127 46 17 söka
264 1127 28 17 sin
312 1128 35 20 väg
365 1128 23 15 än
407 1126 52 17 öfver
477 1126 35 17 den
528 1131 39 16 ena,
582 1128 23 15 än
621 1126 52 17 öfver
688 1126 36 18 den
739 1127 56 17 andra
810 1128 58 20 orten,
883 1126 38 18 ofta

163 1162 36 16 nog
214 1156 53 17 öfver
281 1156 116 21 Petersburg.
428 1155 27 17 På
474 1160 68 12 samma
560 1154 48 23 gång
623 1155 47 17 skall
685 1155 47 18 dock
747 1156 61 17 denna
822 1156 53 21 bana,
890 1160 30 18 ge-

163 1190 42 12 nom
228 1186 28 16 att
274 1184 56 23 skapa
350 1189 23 12 en
392 1189 25 17 ny
436 1184 74 22 lämplig
528 1184 179 23 förmedlingspunkt
723 1184 29 18 för
766 1184 154 20 utrikeshandeln,

162 1215 44 16 utan
228 1213 65 17 tvifvel
311 1213 2 17 i
329 1218 22 12 en
373 1212 70 22 ganska
463 1212 83 18 märkbar
565 1212 45 23 grad
629 1212 73 18 kamma
721 1215 28 15 att
762 1213 36 17 öka
813 1214 41 17 vårt
869 1213 52 17 lands

162 1242 114 22 omsättning
290 1242 24 22 på
329 1240 89 19 utlandet.
443 1241 62 17 Ehuru
520 1241 35 17 den
571 1241 103 23 föreslagna
689 1242 69 17 banans
773 1242 67 18 verkan
854 1242 6 17 i
870 1242 52 17 detta

161 1271 77 17 sednare
262 1270 102 18 hänseende
385 1270 68 17 kanske
472 1270 40 17 icke
530 1270 33 17 har
578 1276 68 11 samma
661 1270 82 18 national
758 1271 118 17 ekonomiska
891 1271 30 17 be-

162 1300 76 22 tydelse,
262 1305 38 11 som
320 1299 35 17 den
375 1298 78 23 tidigare
471 1298 100 23 päpekade,
590 1298 28 18 fär
636 1299 48 18 dock
699 1300 42 17 dess
755 1300 92 22 egenskap
863 1299 20 18 af
895 1301 27 15 ett

161 1329 74 22 mycket
250 1328 92 17 kännbart
356 1327 127 17 lokalintresse
499 1327 15 22 ej
530 1327 84 18 förbises.

231 1356 44 18 Alla
292 1357 23 16 de
335 1355 72 23 angifna
430 1355 136 23 synpunkterna
588 1355 54 18 hafva
660 1357 117 21 naturligtvis
796 1357 40 17 icke
851 1357 71 17 kunnat

162 1385 61 22 undgå
246 1387 28 15 att
297 1384 74 18 beaktas
391 1384 20 17 af
429 1384 42 17 dem
491 1389 38 12 som
548 1384 55 18 saken
623 1386 82 16 närmast
720 1386 56 20 rörer,
791 1386 131 17 Kotkaboerne

162 1414 69 22 sjelfva.
264 1414 70 22 Frågan
353 1418 29 12 om
402 1418 23 12 en
441 1412 197 23 jernvägsförbindelse
658 1413 33 17 har
710 1414 70 18 derföre
796 1414 53 18 äfven
865 1414 58 18 under

231 1448 193 24 Jernvägsutskottets
437 1448 116 18 betänkande
565 1449 36 17 N:o
613 1450 16 18 2.
