1011 1675
284 109 249 23 Petitionsbetänkande
547 110 38 23 N:o
600 110 31 23 14.

273 415 290 30 Jernvägsutskottets
579 417 169 23 betänkande
763 418 44 23 N:o
823 417 13 22 2

216 450 8 22 i
247 450 120 29 anledning
382 451 26 22 af
420 451 115 23 särskilda
549 452 36 22 till
601 452 122 29 Höglofliga
740 452 97 23 Stånden

217 484 114 29 angående
336 485 239 30 jernvägsbyggnader
581 487 123 23 inlemnade
709 487 125 30 petitioner.

148 548 40 22 Till
208 548 216 28 Jernvägsutskottet
443 550 64 22 hafva
527 551 94 27 följande
637 551 116 28 petitioner
768 551 69 22 blifvit

81 583 148 22 remitterade:

168 636 4 5 ;
446 633 23 21 1.

147 675 56 21 Frän
219 674 185 27 Borgareständet
420 680 26 15 en
462 674 91 27 petition
569 674 111 26 angäende
691 674 115 22 utförande
817 673 22 22 af

79 717 27 15 en
121 710 56 22 bana
192 709 33 22 för
239 711 83 19 statens
337 709 91 27 räkning
440 708 92 22 emellan
542 708 109 27 Uleäborg
662 709 40 21 och
713 708 123 27 Uleäträsk,

78 745 29 27 pä
122 750 64 16 norra
201 744 61 21 sidan
278 743 22 22 af
311 743 90 27 Uleäelf,
414 743 52 22 eller
477 743 120 28 beviljande
609 743 23 22 af
641 744 153 21 statssubsidie
804 743 34 22 för

79 779 191 22 ästadkommande
286 778 23 21 af
323 779 69 20 denna
405 778 91 27 jernväg
510 778 29 27 pä
555 778 83 21 enskild
652 780 48 25 väg,
712 778 93 27 ingifven
816 777 23 22 af

78 815 102 20 herrarne
200 813 74 22 Alarik
295 813 136 22 Hasselblatt
450 811 48 24 och
510 813 25 21 A.
556 813 25 22 O.
598 813 114 27 Snellman,
729 813 86 22 hvilken
830 813 8 21 i

79 849 90 26 original
185 847 63 22 skrift
264 850 24 19 är
303 847 128 28 sälydande:

265 911 53 27 Till
337 911 112 28 Vällofliga
464 911 189 28 Borgareständet.

149 961 63 18 Redan
232 961 30 18 vid
282 963 71 16 senaste
373 961 89 23 landtdag
481 961 71 18 förcvar
570 961 50 23 fråga
639 967 29 12 om
687 961 113 22 anläggande
822 960 19 17 af

78 990 197 23 jernvägsförbindelse
291 991 77 16 emellan
383 990 98 18 Ulcäträsk
496 990 33 18 och
542 990 101 23 Uleåborgs
653 990 47 17 stad.
730 990 62 17 Ehuru
804 989 34 17 den

80 1019 24 18 då
125 1025 48 11 vann
197 1019 72 23 mycket
288 1019 99 18 understöd
408 1019 48 18 inom
477 1019 176 23 representationen,
673 1019 5 16 i
698 1019 32 17 det
746 1021 28 15 att
788 1018 51 17 såväl

80 1048 182 22 Jernvägsutskottet
285 1049 99 22 tillstyrkte
407 1054 37 11 som
464 1049 81 22 Borgare
565 1048 32 17 och
618 1048 142 17 Bondeständen
776 1047 62 18 biföllo

81 1077 28 17 till
125 1077 89 17 subsidier
228 1077 28 17 för
271 1077 161 18 ästadkommande
448 1077 20 17 af
480 1077 61 17 denna
553 1077 83 22 jernväg,
652 1077 32 17 föll
698 1077 63 22 frågan
777 1076 62 17 dock
826 1072 16 31 i

81 1106 98 22 anledning
198 1106 20 17 af
234 1108 28 15 att
276 1106 134 23 Ridderskapet
425 1105 34 19 och
474 1106 62 18 Adeln
551 1106 32 18 och
599 1105 138 18 Presteständet
752 1105 40 18 icke
808 1111 31 13 an-

81 1135 43 23 sägo
139 1135 28 22 sig
182 1135 61 17 kunna
258 1135 51 17 anslå
324 1136 67 22 nödiga
406 1135 59 17 medel
481 1136 28 16 till
525 1136 68 16 banans
609 1135 101 17 utförande.

149 1164 29 17 Då
193 1164 17 17 vi
225 1170 25 11 nu
266 1164 10 17 &
291 1164 43 17 våra
349 1164 154 17 Kommittenters
518 1166 69 20 vägnar
600 1164 23 22 gå
638 1166 28 15 att
680 1164 66 17 föreslå
762 1163 77 23 petition

81 1198 29 12 om
126 1194 28 16 att
168 1192 78 18 medelst
258 1192 78 23 jernväg
350 1194 53 21 längs
418 1198 53 12 norra
487 1193 52 17 sidan
555 1193 19 17 af
581 1193 81 17 Uleå-elf
670 1192 62 18 förena
742 1192 97 18 Ulcäträsk

81 1222 42 17 med
137 1221 62 17 hafvet
214 1222 30 17 vid
261 1222 99 22 Uleåborgs
375 1221 55 18 hamn
445 1222 76 22 utbedja
536 1222 17 17 vi
569 1227 29 12 oss
608 1223 28 16 att
646 1221 27 17 för
684 1222 95 21 Välloflige
791 1221 48 17 stän-

82 1250 31 18 det
128 1250 18 18 få
160 1250 41 18 med
216 1250 57 23 några
288 1250 33 19 ord
336 1250 94 18 framhålla
446 1250 35 18 den
498 1253 49 15 stora
562 1252 52 22 nytta
629 1250 40 18 hela
684 1250 64 18 landet
758 1250 33 17 och
802 1251 37 16 sär-

82 1279 57 18 skildt
157 1285 22 11 en
198 1281 38 16 stor
255 1279 29 18 del
304 1279 20 18 af
337 1279 100 23 Uleåborgs
452 1280 32 17 län
499 1280 58 17 skulle
573 1280 52 17 hafva
640 1279 19 18 af
672 1279 60 18 denna
744 1279 95 23 jernvägs-

81 1308 117 18 förbindelse.

151 1337 62 17 Såsom
233 1337 59 17 kändt
309 1337 86 18 omfattar
410 1337 179 24 Uleåvattensystem
605 1343 22 12 en
643 1337 48 17 areal
706 1337 20 17 af
739 1337 47 17 circa
803 1333 35 26 1/15

81 1365 30 17 del
127 1365 20 18 af
159 1365 40 18 hela
214 1365 88 18 Finlands
316 1368 37 21 yta.
384 1366 64 18 Staten
464 1367 78 17 besitter
557 1367 32 17 der
603 1366 47 17 sirca
667 1364 108 23 1,500,000
787 1367 53 16 tunn-

81 1394 44 17 land
148 1395 111 22 skogsmark,
282 1395 54 17 hvars
355 1395 159 22 tillgodogörande
534 1395 5 17 i
559 1395 20 17 så
599 1395 102 22 väsendtlig
721 1395 41 17 mån
784 1394 57 17 skulle

82 1423 114 18 underlättas
211 1423 20 17 af
244 1429 21 12 en
279 1423 90 23 jernbana
385 1424 76 17 emellan
479 1424 96 18 Uleåträsk
591 1424 33 17 och
639 1424 70 21 kusten,
726 1425 28 16 att
764 1423 31 17 det
806 1423 35 17 kan

151 1459 190 23 Jernvägsutskottets
353 1460 117 18 betänkande
482 1461 37 18 N:o
531 1461 16 18 2.
