1020 1675
185 123 22 18 16
374 122 242 19 Petitionsbetänkande
629 122 38 18 N:o
680 122 32 19 32.

162 181 47 19 text
227 181 56 19 samt
305 178 48 23 från
376 178 150 23 modersmålet
548 179 32 22 till
599 180 67 28 sagde
681 178 65 29 språk
761 179 117 22 öfversätta
893 186 26 14 en

163 214 87 21 enklare
272 214 85 28 uppgift
378 214 107 22 äfvensom
508 221 41 21 ega
570 214 71 28 någon
664 214 109 28 färdighet
795 213 7 21 i
821 212 99 29 språkets

163 248 106 27 muntliga
283 248 136 28 behandling.

233 287 71 22 Sedan
320 287 58 23 såväl
393 289 151 22 skolkomiténs
559 288 136 22 betänkande
710 295 45 15 som
771 288 149 28 skolöfversty-

163 321 82 22 relsens
269 322 96 22 deröfver
388 323 80 28 afgifna
490 322 111 23 utlåtande
623 323 71 21 blifvit
714 323 6 21 i
735 323 62 28 tryck
816 322 104 29 offentlig-

163 356 84 28 gjorda,
272 357 110 28 föredrogs
405 356 122 29 skolfrågan
550 357 33 21 till
605 357 73 22 vidare
698 355 77 30 åtgärd
797 357 41 21 den
855 358 11 19 3
882 357 38 21 Fe-

163 390 76 22 bruari
256 392 52 20 1881
326 392 31 21 uti
373 391 120 28 Kejserliga
516 392 103 21 Senatens
638 391 36 22 för
689 391 90 21 Finland
794 391 126 22 Ekonomie-

164 425 160 27 Departement.
355 425 33 22 Då
404 426 117 21 emellertid
537 426 56 21 olika
608 426 113 27 meningar
736 425 129 28 förspordes,
881 425 39 21 hu-

164 459 77 22 ruvida
263 460 89 21 ärendet
374 460 111 21 ankomme
508 459 13 22 ä
538 460 68 28 sagda
621 460 154 27 Departement
789 459 52 22 eller
856 459 65 21 huru-

166 493 49 22 vida
238 493 104 22 Senatens
365 494 68 27 begge
456 494 134 28 afdelningar
619 494 68 21 borde
710 493 33 22 för
765 493 155 28 handläggnin-

165 534 40 21 gen
222 527 64 22 deraf
306 528 165 26 sammanträda,
490 529 111 26 hänskjöts
625 527 214 28 kompetensfrägans
861 527 59 28 afgö-

165 562 67 21 rande
255 562 33 21 till
310 562 102 22 Senatens
435 563 95 25 Plenum,
554 570 45 14 som
623 562 40 22 den
681 564 26 19 14
729 562 104 21 Februari
856 561 65 28 sagde

165 594 25 23 år
205 596 56 21 efter
276 596 65 22 skedd
357 597 132 28 omröstning
504 597 135 21 resolverade
655 598 33 20 att
710 596 141 22 förevarande
865 596 56 21 läro-

165 629 126 29 verksfräga
306 631 18 27 ej
341 638 38 14 var
394 631 23 22 af
431 631 39 21 den
486 630 147 23 beskaffenhet
651 632 33 20 att
699 630 114 22 ankomma
828 629 13 23 ä
857 630 64 22 Sena-

165 666 47 19 tens
228 664 96 27 Plenum,
347 667 52 19 utan
421 666 66 21 borde
507 666 123 21 densamma
653 665 24 22 af
690 664 231 28 Ekonomie-Departe-

165 700 81 20 mentet
262 699 167 22 slutbehandlas.

236 738 42 22 Vid
300 740 160 22 sammanträde
479 740 39 21 den
528 736 34 25 17
578 740 6 21 i
599 739 145 29 nyssnämnda
759 738 79 23 månad
854 739 67 21 öfver-

165 772 101 22 lemnade
287 773 174 28 Departementet
479 775 88 21 ärendet
582 774 34 21 för
632 773 157 22 förberedande
804 773 118 28 handlägg-

166 807 52 28 ning
233 807 35 21 till
290 809 30 20 ett
335 808 82 21 utskott
432 807 115 23 bestäende
562 809 21 21 af
600 808 143 22 Senatorerne
759 806 163 23 Geheimerädet

166 841 120 26 Molander,
308 842 112 26 Norrmön,
442 842 112 26 Mechelin,
578 849 39 15 von
633 843 119 20 Haartman
769 842 38 21 och
824 842 97 27 Nykopp.

165 875 66 21 Detta
250 875 82 22 utskott
355 877 126 21 utarbetade
504 876 99 27 derefter,
623 877 6 20 i
649 876 151 28 hufvudsaklig
816 876 106 21 öfverens-

166 909 123 22 stämmelse
304 910 48 21 med
367 911 150 21 skolkomitöns
532 910 143 26 betänkande,
691 909 143 28 underdånigt
842 909 80 28 förslag

167 943 33 21 till
216 943 81 22 allmän
313 944 126 28 författning
455 944 110 28 angående
581 945 174 27 organisationen
767 944 24 21 af
797 944 125 21 elementar-

165 977 243 29 undervisningsverken
423 979 7 20 i
445 979 79 26 landet,
539 979 80 21 hvilket
635 979 81 27 förslag
731 978 58 22 bl.a.
804 977 118 22 innehäller

167 1011 96 28 följande
279 1013 127 21 hithörande
420 1013 169 28 bestämningar:

238 1053 45 27 1:0)
305 1053 32 21 De
352 1053 108 22 allmänna
475 1053 243 22 elementarläroverken
732 1053 7 20 i
755 1052 91 21 Finland
862 1052 60 21 skola

166 1087 91 26 utgöras
273 1087 31 20 af:

235 1127 26 20 A.
292 1126 196 28 Elementarskolor,
504 1127 82 21 hvilkas
601 1126 102 22 ändamål
718 1128 25 20 är
758 1128 32 20 att
799 1126 45 22 dels
859 1126 63 27 lägga

167 1160 98 28 grunden
285 1161 33 21 för
340 1161 41 22 den
403 1162 157 28 undervisning,
583 1169 45 14 som
651 1162 7 20 i
675 1162 25 20 de
716 1161 66 27 högre
797 1160 125 22 elementar-

166 1194 127 22 läroverken
309 1196 114 26 meddelas,
440 1196 44 21 dels
499 1196 113 21 törbereda
627 1196 33 21 till
675 1195 84 21 inträde
774 1194 29 28 pä
813 1194 111 28 praktiska

166 1228 165 28 lefnadsbanor;
348 1232 56 19 samt

236 1269 25 21 B.
292 1269 71 28 Högre
386 1269 219 22 Elementarläroverk
620 1270 23 21 af
657 1272 76 19 tvenne
749 1269 53 28 slag,
818 1268 106 22 hvardera

167 1302 48 22 med
231 1304 46 20 rätt
291 1305 33 20 att
339 1303 107 22 dimittera
462 1304 68 22 elever
546 1304 32 21 till
592 1304 153 25 universitetet,
761 1303 115 28 nemligen:

237 1344 24 26 a)
278 1343 115 22 Klassiska
409 1344 69 27 lyceer,
494 1345 8 20 i
517 1345 81 21 hvilkas
614 1344 99 28 läroplan
729 1343 53 22 latin
799 1343 40 22 och
855 1343 69 28 greki-

167 1377 38 22 ska
221 1377 59 26 ingå,
303 1378 39 21 och
361 1378 25 27 b)
402 1378 124 28 Reallyceer,
542 1379 7 21 i
564 1379 72 21 hvilka
650 1377 146 29 nyssnämnda
811 1376 65 29 språk
892 1384 33 15 er-

167 1413 68 20 sättas
260 1411 24 22 af
304 1412 26 21 de
353 1412 101 22 moderna
476 1412 172 29 kulturspräken,
670 1413 66 27 jemte
755 1412 36 21 det
806 1413 69 20 större
890 1413 34 20 ut-

237 1451 96 18 Allmänna
345 1452 161 18 Besvärsutskottets
518 1453 103 18 betänkande
634 1453 35 17 N:o
683 1453 27 16 18.
