1009 1678
276 115 252 22 Petitionsbetänkande
542 115 39 22 N:o
595 114 31 23 14.
777 117 25 19 19

173 184 111 18 Niskakoski
305 184 26 17 till
354 183 95 24 Uleåborg,
473 183 102 18 berörande
598 183 99 24 Pääjärvis
721 189 59 12 norra
800 183 32 18 och

175 213 101 24 Kyyjärvis
287 213 58 17 södra
359 212 74 23 strand,
450 213 95 23 äfvensom
559 211 102 25 Kivijärvis
676 218 59 12 norra
751 212 58 22 ända,
825 213 7 16 i

174 242 79 17 Keiteles
270 244 133 21 vattensystem,
423 241 33 18 och
475 244 28 15 att
521 247 22 12 en
561 242 23 17 så
602 241 44 18 ledd
657 243 79 22 jernväg
747 241 85 24 framför

175 271 64 18 andra
253 271 55 17 skulle
322 270 90 23 byggas".

140 311 120 23 Helsingfors,
277 311 35 18 den
329 311 11 18 4
356 311 88 18 Februari
463 309 60 20 1882.

546 352 58 24 Juho
619 352 142 24 Iso-Möttölä.

437 450 29 22 9.
604 466 4 5 N

141 498 56 22 Frän
212 498 165 22 Bondeständet
393 504 26 15 en
434 498 92 27 petition
543 498 111 27 angäende
670 498 129 28 anläggning
811 498 23 22 af

72 539 26 16 en
112 533 90 27 jernväg
217 532 47 22 frän
279 533 111 27 Uleäborg
405 533 32 21 till
452 533 145 21 Wuottolahti
611 533 36 22 vid
662 533 118 22 Uleäträsk
791 534 41 21 och

71 568 74 21 vidare
160 568 33 21 till
209 568 116 21 Idensalmi
341 568 40 21 och
397 567 96 27 söderut,
510 567 93 27 ingifven
619 567 22 22 af
655 568 174 27 landtdagsman-

72 609 42 15 nen
130 602 19 22 J.
165 602 124 26 Korhonen,
305 602 87 22 hvilhen
407 602 7 21 i
430 602 157 27 öfversättning
603 604 24 20 är
643 602 127 28 sälydande:

261 693 10 10 »
275 676 40 27 Till
329 677 138 22 Hedervärda
483 677 168 22 Bondeständet.

142 726 50 17 Enär
212 726 71 23 Kajana
302 728 20 15 är
341 727 35 17 den
396 727 47 17 enda
463 727 41 17 stad
520 727 6 17 i
542 727 40 17 vårt
596 727 49 21 land,
661 733 38 11 som
713 727 40 18 icke
768 732 65 17 genom

74 755 81 23 segelled
177 755 44 17 eller
238 755 77 23 jernväg
335 757 20 16 är
370 755 74 18 förenad
465 755 42 18 med
525 755 67 22 hafvet,
608 756 34 17 och
657 756 35 17 den
708 755 71 18 således
794 756 39 17 icke

74 784 81 23 åtnjuter
171 784 22 17 de
213 784 84 21 fördelar,
317 789 38 12 som
376 785 53 16 dessa
447 784 179 18 kommunikationer
644 785 79 17 medföra
739 785 23 17 de
777 785 57 22 öfriga

75 813 90 21 städerna,
182 818 43 12 vore
240 818 22 12 en
275 813 78 22 jernväg
368 813 28 17 för
411 813 80 17 nämnda
506 813 40 18 stad
561 813 33 18 och
608 813 82 18 landsdel
701 815 28 16 ett
739 813 94 21 lifsvilkor,

75 842 17 17 d.
109 847 17 12 v.
142 847 15 12 s.
173 847 23 12 en
208 842 79 23 jernväg
298 841 49 24 från
367 841 91 23 Uleåborg
474 841 26 18 till
519 841 119 18 Wuottolahti
651 842 32 17 vid
695 841 97 18 Uleäträsk
802 841 32 18 och

75 869 65 18 vidare
156 870 25 17 till
196 869 102 19 Idensalmi
313 870 32 17 och
360 870 85 23 derifrån
459 870 80 18 söderut.

144 899 29 18 En
185 899 78 22 jernväg
281 899 28 18 till
324 899 121 18 Wuottolahti
466 905 43 12 vore
525 899 72 24 mycket
611 899 141 23 fördelaktigare
768 901 23 16 än
806 900 27 17 till

75 928 96 17 Käkilahti
189 928 34 17 och
243 928 104 23 Wuolijoki,
363 928 20 17 af
395 928 53 18 orsak
468 930 29 15 att
512 929 31 16 vid
558 929 35 17 den
608 929 57 17 första
679 929 83 22 punkten
776 929 58 17 finnes

76 963 23 11 en
115 957 44 23 djup
174 957 33 17 och
223 957 68 23 passlig
305 957 109 23 hamnplats,
429 957 96 18 hvaremot
535 957 73 18 framför
618 957 95 18 Käkilahti
723 957 33 18 och
767 957 67 18 Wuoli-

74 986 40 22 joki
135 985 60 18 finnas
217 985 120 22 sandbankar,
356 991 38 12 som
414 986 58 17 skulle
489 986 74 22 påkalla
577 986 69 22 årligen
661 986 44 23 dyra
720 986 114 22 muddrings-

76 1014 83 18 arbeten.

144 1043 50 18 Enär
216 1044 68 17 största
307 1043 52 18 delen
380 1043 19 17 af
416 1043 84 18 traktens
522 1048 54 13 varor
598 1044 60 23 släpas
676 1044 52 22 längs
747 1048 23 13 en
785 1043 49 23 dålig

76 1072 88 23 landsväg
179 1072 39 17 från
234 1072 98 17 Idensalmi
347 1072 34 17 och
397 1072 66 23 uppför
478 1072 65 23 många
559 1072 57 18 forsar
631 1072 39 17 från
685 1072 93 23 Uleåborg
788 1078 46 11 som-

76 1101 95 21 martiden,
192 1106 41 13 vore
253 1101 100 17 önskvärdt
371 1102 28 16 att
415 1101 193 23 jernvägsbyggandet
623 1101 57 18 skulle
695 1101 85 23 påbörjas
794 1101 40 18 från

76 1129 93 23 Uleåborg
183 1129 34 18 och
232 1129 99 18 Idensalmi
346 1130 29 17 till
391 1129 128 18 Wuottolahti.

145 1159 56 17 Detta
221 1158 68 23 förslag
311 1158 27 17 får
353 1158 32 23 jag
407 1159 100 22 framlägga
526 1159 28 17 för
573 1159 118 17 Hedervärda
710 1159 74 17 ståndet
800 1158 33 18 och

76 1187 190 23 Jernvägsutskottets
284 1187 91 23 pröfning,
393 1187 24 23 på
431 1187 33 18 det
483 1193 42 12 man
541 1187 56 18 måtte
613 1188 6 17 i
635 1187 26 18 tid
676 1187 158 24 uppmärksamma

76 1217 36 17 alla
126 1216 98 23 afgörande
239 1216 40 17 skäl
294 1216 34 17 och
344 1216 66 17 beakta
425 1217 47 16 huru
482 1217 84 17 traktens
576 1217 33 17 och
625 1216 42 17 dess
682 1217 79 17 rörelses
776 1216 58 17 fördel

76 1246 42 17 bäst
132 1245 37 18 kan
184 1244 126 23 tillgodoses".

145 1273 120 23 Helsingfors,
281 1273 35 18 den
333 1272 12 19 6
361 1273 86 18 Februari
466 1271 61 20 1882.

571 1322 20 23 J.
607 1322 124 22 Korhonen.

147 1464 189 24 Jernvägsutskottets
349 1464 116 18 betänkande
477 1465 38 17 N:o
526 1466 17 16 2.
