1020 1675
302 112 244 19 Petitionsbetänkande
558 112 37 19 N:o
610 113 28 18 11.
793 114 11 17 3

71 170 101 21 laxfisket
180 170 30 20 uti
219 169 60 27 Uleä,
289 170 31 26 Ijo
328 170 38 21 och
375 170 63 21 Kemi
446 170 97 21 socknar.
564 170 110 22 Särskilde
687 170 139 27 ,,laxfogdar''

73 210 51 15 voro
147 204 98 26 tillsatte,
268 204 71 21 hvilka
361 204 34 21 för
413 204 93 21 kronans
527 204 89 27 räkning
636 204 102 22 bedrefvo
757 204 69 27 fisket,

72 238 87 21 hvarför
182 238 70 27 nägon
275 238 149 27 stadga-afgift
446 238 63 22 dessa
529 238 24 21 är
572 238 18 27 ej
610 239 69 22 heller
698 238 66 23 finnes
784 245 44 15 om-

73 273 85 20 nämnd.
188 267 30 26 Är
239 273 53 20 1607
310 272 68 22 finnes
398 273 121 21 emellertid
536 273 47 26 ,för
598 273 116 27 fogdarnes
730 273 97 22 otrohet'

73 307 108 27 stadgadt,
202 309 32 19 att
253 307 105 27 allmogen
377 307 31 21 uti
426 307 69 26 Kemi,
515 307 32 27 Ijo
568 307 38 21 och
626 308 97 26 Limingo
739 307 89 22 socknar

73 341 71 21 skulle
158 341 55 21 fiska
229 347 25 15 en
271 342 40 26 dag
326 341 33 22 för
375 341 37 21 sitt
426 341 67 21 behof
507 341 38 21 och
562 341 39 21 den
614 342 67 21 andra
693 341 33 22 för
736 341 93 22 kronans

74 375 54 22 eller
144 375 39 22 ock
198 375 59 27 gifva
272 375 112 27 konungen
400 375 122 22 hvarannan
535 375 40 22 fisk
588 375 23 22 af
620 375 106 28 fängsten.
750 375 79 22 Senare

75 409 47 21 äter
141 410 31 21 uti
191 409 79 22 Gustaf
286 410 22 21 II
326 409 75 22 Adolfs
420 409 49 22 bref
487 409 22 22 af
530 410 40 21 den
590 411 26 20 15
632 409 126 28 September
775 410 54 21 1616

75 449 34 15 om
125 443 93 22 kronans
235 443 102 22 laxfisken
353 444 6 21 i
376 439 145 31 Österbotten,
538 444 102 21 särskildt
651 444 7 21 i
670 444 62 21 Kemi
745 444 84 27 socken,

75 477 147 27 föreskrifves,
241 480 32 19 att
291 478 109 21 bönderne
418 478 55 21 först
489 479 54 20 böra
558 479 56 20 utslä
629 479 125 26 konungens
769 479 62 26 pator

75 512 40 21 och
138 513 65 20 sedan
227 513 46 20 sina
296 513 141 26 strandpator.
468 513 50 21 Men
531 513 34 26 pä
584 513 68 26 grund
672 513 23 20 af
713 513 117 26 allmogens

75 547 123 27 upprepade
214 547 94 27 begäran
323 553 34 15 om
373 547 102 27 återgång
490 547 34 21 till
540 547 49 21 dess
602 547 86 27 ,gamla
700 547 80 27 Stadga
793 547 38 21 och
844 568 2 4 ,

75 580 127 28 Rättighet'*
223 581 158 22 öfverlemnade
400 581 108 21 riksrådet
523 581 86 27 Philipp
626 581 106 27 Scheding
748 582 40 20 den
805 581 25 21 18

76 614 60 22 Mars
160 615 55 21 1618
235 615 12 21 &
265 616 124 26 konungens
408 617 80 25 vägnar
508 614 168 22 kronolaxfisket
691 616 7 20 i
714 616 68 25 Kemi,
798 615 32 27 Tjo

77 649 39 21 och
134 649 56 21 Uleä
208 650 92 21 socknar
318 650 33 20 till
371 650 136 26 ,,bönderne'*
528 650 110 20 derstädes
659 650 12 20 &
690 650 90 20 arrende
799 649 33 21 för

77 683 112 22 obestämd
204 684 32 21 tid
252 686 56 19 emot
323 684 121 27 skyldighet
459 686 32 19 att
507 684 87 26 erlägga
605 684 6 20 i
624 684 90 21 arrende
725 684 33 20 för
770 683 62 21 Kemi

78 718 78 21 socken
176 718 142 28 (omfattande
336 718 123 21 nuvarande
479 718 62 21 Kemi
561 718 78 21 socken
655 718 49 21 med
720 718 57 21 Simo
793 718 39 20 och

77 751 93 22 Tervola
188 752 71 27 kapell
276 753 66 27 jemte
361 752 125 21 Rovaniemi
502 752 88 28 socken)
605 752 28 22 55
648 754 79 19 tunnor
742 752 42 27 lax,
800 751 33 22 för

77 786 33 27 Ijo
123 787 158 27 (motsvarande
292 787 123 21 nuvarande
428 787 31 26 Ijo
472 787 78 21 socken
563 787 46 21 med
618 787 135 21 Kuivaniemi
761 786 71 27 kapell

79 823 56 19 samt
156 821 103 27 Kiimingi
282 821 76 22 socken
383 821 49 21 med
453 820 140 27 Haukipudas
612 821 39 21 och
671 816 162 31 Öfverkiimingi

78 855 83 28 kapell)
176 856 28 21 45
219 858 78 19 tunnor
312 855 39 22 och
366 855 34 21 för
414 855 55 21 Uleä
485 855 78 22 socken
579 855 27 21 35
621 857 84 24 tunnor,
721 855 54 21 eller
790 855 43 21 till-

79 891 159 26 sammantaget
257 890 40 21 135
312 891 78 20 tunnor
405 890 69 21 saltad
491 890 41 25 lax,
548 889 48 22 med
612 889 80 27 fjorton
707 889 84 27 lispund
806 889 28 27 pä

79 925 87 20 tunnan.
196 925 48 20 Den
268 924 89 21 sälunda
379 924 114 21 faststälda
512 924 111 21 laxräntan
642 924 39 21 har
700 924 66 21 sedan
784 923 50 22 dess

79 957 134 22 fortfarande
232 959 56 20 varit
305 959 106 26 gällande,
433 959 67 20 ehuru
520 958 126 27 visserligen
665 958 49 21 med
732 958 41 21 den
792 957 42 21 för-

80 993 98 26 ändring,
194 995 31 19 att
241 993 106 26 allmogen
362 993 25 21 är
403 993 53 21 1737
473 993 68 21 erhöll
558 995 43 19 rätt
616 995 32 19 att
664 993 88 26 erlägga
763 998 72 15 arren-

81 1026 37 21 det
136 1027 48 21 med
203 1027 30 21 40
252 1027 59 21 daler
329 1027 141 28 kopparmynt
485 1029 88 24 tunnan,
588 1027 82 21 hvilket
685 1026 149 27 medgifvande

80 1061 78 27 Kongl.
174 1061 124 27 Majestätet
310 1061 24 22 är
347 1062 55 21 1766
413 1062 94 21 ändrade
521 1061 87 27 derhän,
617 1063 32 19 att
657 1061 100 22 laxtaxan
766 1061 69 21 skulle

79 1095 84 21 betalas
179 1095 56 22 efter
250 1095 136 27 markegäng.

148 1130 100 21 Kronans
268 1130 126 27 eganderätt
412 1130 32 21 till
463 1130 100 21 laxfisket
582 1130 30 21 uti
632 1130 67 26 sagda
715 1129 67 21 elfvar
797 1128 39 22 har

81 1163 55 22 efter
156 1164 54 22 1618
230 1164 121 27 flerfaldiga
368 1164 81 27 gånger
468 1164 71 21 blifvit
557 1164 28 27 pä
603 1164 37 21 det
654 1164 145 21 bestämdaste
815 1162 22 22 af

81 1198 127 27 regeringen
235 1199 62 27 gjord
322 1199 99 27 gällande
448 1199 40 21 och
501 1192 36 28 "af
559 1199 166 26 strandegarene
748 1197 88 22 erkänd.

80 1232 69 22 Bland
168 1233 27 21 de
213 1233 79 21 talrika
310 1233 126 27 handlingar
455 1232 47 22 frän
524 1233 124 26 1600-talet,
668 1232 72 21 hvilka
759 1232 78 26 ädaga-

82 1267 64 27 lägga
159 1267 68 27 detta,
243 1268 35 21 mä
293 1267 39 22 här
346 1267 102 22 särskildt
463 1269 89 19 nämnas
569 1267 104 27 följande:

152 1303 18 20 1.
200 1301 216 27 Ransakningsakten
431 1301 22 22 af
468 1302 41 21 den
527 1301 26 22 18
569 1301 104 21 Februari
690 1301 55 22 1664
760 1301 35 20 vid
812 1306 25 16 en

81 1336 52 21 tvist
155 1336 79 21 mellan
257 1336 69 21 öfver-
344 1336 40 21 och
402 1336 163 27 underbyggare
585 1335 109 27 angående
713 1334 100 22 laxfisket
831 1334 7 21 i

81 1370 63 21 Kemi
167 1370 35 21 elf.
233 1371 65 20 Detta
317 1370 117 21 dokument
451 1371 106 26 upptager
573 1371 31 20 att
618 1371 100 25 parterne
733 1368 105 27 tillfräga-

82 1404 45 27 des,
147 1411 34 14 om
200 1405 37 21 det
252 1404 94 26 laxfiske,
362 1404 87 21 hvarom
465 1405 85 25 trättes,
567 1403 68 22 skulle
650 1409 53 15 vara
717 1403 63 22 deras
795 1402 43 27 pri-

152 1444 95 17 Allmänna
260 1445 160 16 Besvärsutskottets
431 1443 105 18 betänkande
549 1443 33 17 N:o
595 1444 27 16 11.
