1017 1675
216 120 13 20 2
346 119 280 22 Petitionsbetänkande.
642 131 27 4 —
684 119 41 21 N:o
738 118 35 22 35.

462 184 29 17 att
508 182 35 18 den
560 188 65 18 genom
641 182 105 24 Kejserliga
764 182 88 18 Senatens
869 181 42 23 bref
920 181 24 23 af

393 212 34 18 den
439 212 11 17 9
462 212 43 22 Maj
517 212 48 17 1873
580 211 88 19 Savolaks
684 210 32 19 och
733 210 94 19 Karelska
842 210 98 18 andelarne

392 240 25 24 af
426 240 73 24 Kuopio
511 240 33 19 län
556 240 94 19 tilldelade
662 240 75 19 lättnad
748 240 7 17 i
767 239 106 24 svedjebruk
884 237 56 20 måtte

388 268 50 24 från
450 270 50 17 1883
512 268 32 19 års
553 270 69 23 början
634 269 109 23 ytterligare
755 269 105 18 utsträckas
872 269 7 18 i
889 269 51 22 tjugu

392 297 22 20 år
422 294 130 27 framåt.”

257 332 116 23 Helsingfors
386 333 34 18 den
435 334 8 16 1
457 333 89 18 Februari
559 333 50 17 1882.

220 413 7 7 E
607 392 78 17 Petter
698 391 138 22 Leppänen.

537 419 115 24 Fullmäktig
665 421 28 16 för
706 419 91 17 Ilomants
810 419 94 22 domsaga.

623 473 82 18 Mikko
719 472 117 18 Heikura.

539 501 115 22 Fullmäktig
667 501 29 16 för
708 500 105 22 Pielisjärvi
827 500 93 22 domsaga.

632 554 71 18 Lassi
715 553 120 19 Laitinen.

545 582 116 23 Fullmäktig
673 582 30 17 för
715 582 92 17 Pielavesi
820 582 93 22 domsaga.

347 720 51 22 Till
413 720 155 22 Hedervärda
584 720 184 22 Bondeständet.

251 771 60 17 Jemte
323 771 31 17 det
364 772 33 22 jag
409 773 75 16 förenar
497 773 39 22 mig
549 772 41 18 med
602 772 22 18 de
637 772 56 17 ärade
706 771 121 18 medlemmar
836 772 20 17 af
864 771 70 17 Bonde-

181 799 74 18 ståndet
268 799 41 18 från
322 800 75 23 Kuopio
410 801 36 20 län,
460 801 64 17 hvilka
537 802 29 16 för
578 802 40 16 since
632 801 106 22 respektive
751 802 51 16 orter
814 800 76 17 anhöllo
902 805 30 12 om

181 827 72 18 lättnad
266 829 5 16 i
284 829 119 22 svedjebruk,
418 829 78 18 utbeder
505 830 34 23 jag
551 830 39 23 mig
602 832 26 15 att
640 830 30 17 till
683 829 30 18 det
727 829 55 18 ärade
795 829 85 17 Ståndets
889 828 44 23 god-

181 857 100 17 kännande
297 857 76 22 föreslå,
388 858 31 17 det
431 863 70 12 samma
514 861 36 14 rätt
563 859 35 17 och
611 858 85 18 tillstånd
710 858 28 17 till
752 857 112 23 svedjebruk
877 856 56 18 måtte

181 885 76 17 komma
271 886 54 17 äfven
340 886 86 23 Wiborgs
438 887 31 17 län
482 887 29 17 till
525 887 35 18 del.
584 887 28 18 De
624 886 47 23 skäl,
685 887 25 22 på
722 887 62 23 grund
797 887 20 16 af
827 886 64 17 hvilka
901 887 33 22 jag

181 915 38 16 tror
233 916 27 15 ett
273 914 45 17 slikt
331 915 132 23 medgifvande
480 915 113 19 åtminstone
606 916 111 22 tillsvidare,
733 917 28 16 för
773 921 22 12 en
810 915 26 18 tid
849 915 20 18 af
881 917 11 16 t.
904 920 28 13 ex.

180 942 22 17 20
215 942 20 17 år
249 943 72 20 framåt,
334 949 45 12 vara
391 945 21 17 af
423 945 89 17 behofvet
524 944 102 24 päkalladt,
636 944 49 24 angå
698 945 109 22 visserligen
820 944 114 17 hufvudsak-

179 965 56 29 ligast
248 972 31 17 det
292 973 19 16 af
322 973 39 22 mig
373 973 40 17 bäst
426 973 62 17 kända
502 973 68 18 Salmis
588 974 63 22 härad,
666 973 93 17 måhända
771 979 22 11 en
807 973 21 17 af
840 973 22 17 de
877 974 56 16 minst

179 1000 82 23 lyckligt
279 1001 70 18 lottade
368 1001 75 18 delarne
462 1003 20 16 af
499 1003 87 22 Wiborgs
604 1003 37 22 län,
658 1006 42 13 men
718 1002 22 17 de
753 1002 62 17 lemna
827 1001 24 23 pä
863 1007 70 11 samma

177 1028 51 23 gång
240 1030 82 22 begrepp
335 1035 31 12 om
380 1030 141 18 förhållandena
532 1032 6 16 i
552 1031 42 18 hela
607 1031 49 18 länet
669 1031 35 17 och
717 1036 43 12 vore
774 1030 90 21 följande:

247 1059 28 16 1:0
294 1061 45 15 enär
354 1059 113 22 jordbruket
486 1060 126 18 öfverhufvud
626 1061 5 15 i
644 1060 63 17 denna
725 1059 29 17 del
771 1059 20 17 af
807 1059 78 17 Finland
898 1059 33 17 och

177 1087 82 17 särdeles
272 1087 6 17 i
291 1087 67 18 Salmis
370 1087 57 18 härad
439 1090 21 15 är
472 1088 24 22 pä
508 1088 51 23 dälig
572 1089 36 22 fot;

245 1116 28 17 2:0
292 1118 45 15 enär
349 1115 80 19 äkrarne
441 1118 6 16 i
460 1117 102 18 allmänhet
574 1120 32 15 äro
619 1117 49 19 små:

245 1145 29 17 3:0
293 1146 44 16 enär
350 1146 28 22 de,
392 1146 66 17 medan
473 1146 21 17 de
508 1151 44 12 voro
567 1146 61 21 frälse,
642 1145 36 19 fätt
691 1145 39 17 lida
742 1145 88 23 mycket;

245 1173 29 17 4:0
293 1176 44 15 enär
348 1174 68 22 jorden
430 1176 50 16 ännu
494 1174 23 23 pä
530 1174 58 24 några
600 1175 67 17 ställen
681 1176 21 16 är
715 1174 66 18 odelad
793 1174 35 17 och
841 1174 89 23 inbygga-

176 1207 43 11 rene
237 1202 42 17 icke
295 1202 85 18 bebruka
397 1204 42 16 sina
455 1203 55 17 åkrar
528 1204 40 16 med
581 1209 70 11 samma
664 1208 77 18 omsorg
754 1208 39 12 som
807 1208 30 12 om
851 1203 22 17 de
886 1208 43 12 vore

175 1230 53 17 deras
241 1236 56 17 egna;

244 1259 29 18 5:o
291 1262 44 15 enär
352 1260 130 23 inbyggarene
501 1261 51 17 förut
567 1263 45 15 vant
629 1262 28 22 sig
671 1263 27 15 att
711 1260 44 18 odla
767 1260 66 17 sveder
845 1260 35 17 och
893 1260 35 17 för-

174 1287 38 18 bud
229 1287 85 18 deremot
333 1291 48 15 samt
398 1289 211 23 spanmålstillgångens
629 1289 142 23 förminskning
789 1290 6 16 i
814 1289 47 22 följd
879 1289 53 17 deraf

173 1316 65 17 kunde
256 1316 58 23 draga
332 1317 80 24 mången
425 1319 21 17 af
457 1319 40 16 dem
515 1319 41 16 bort
574 1318 40 17 från
628 1318 116 23 jordbruket
756 1319 30 16 för
798 1319 27 16 att
837 1317 24 22 på
875 1317 56 23 något

173 1347 57 15 annat
243 1347 38 15 sätt
293 1345 47 18 söka
352 1347 29 16 sin
394 1347 100 23 bergning;

241 1374 30 17 6:0
289 1377 44 14 enär
345 1375 161 23 svedjeodlingen,
520 1375 60 18 såsom
598 1376 83 17 hörande
696 1375 28 18 till
735 1375 120 22 jordbruket,
867 1375 62 17 kunde

173 1407 44 12 vara
231 1408 23 11 en
269 1403 58 22 nödig
344 1405 80 21 motvigt
438 1404 28 17 till
480 1404 30 17 det
522 1405 30 16 för
564 1404 79 23 mången
654 1405 102 22 jordegare
772 1403 111 18 tidsödande
895 1403 33 18 och

172 1431 29 16 för
210 1431 115 22 jordbruket
338 1432 86 23 skadliga
438 1433 115 22 fraktandet;

242 1460 28 17 7:0
289 1462 44 15 enär
346 1461 103 17 detsamma
462 1463 49 15 ännn
526 1462 29 17 för
568 1462 115 17 närvarande
698 1461 114 18 åtminstone
824 1461 61 18 skulle
895 1463 35 16 för-
