1020 1675
187 98 26 21 12
332 98 278 24 Petitionsbetänkande.
628 112 20 4 —
669 100 40 22 N:o
724 99 36 23 34.

156 169 37 20 gar
209 163 44 19 mot
269 161 107 22 kartornas
393 162 151 26 beskaffenhet,
561 165 30 19 att
606 162 158 29 ifrågavarande
774 163 139 29 impedimen-

158 199 32 18 ter
212 195 32 29 ”ej
271 196 71 21 kunna
365 196 7 20 i
394 197 206 29 sammanhängande
623 197 130 29 betydligare
769 198 81 21 arealer
866 197 45 21 från

157 230 161 29 lägenheternas
333 230 118 29 egoskiften
467 232 101 28 utbrytas,
584 236 28 17 än
626 232 83 21 mindre
725 232 32 22 till
773 234 30 20 ett
819 232 45 22 helt
873 231 40 22 för-

158 273 56 17 enas,
238 265 55 21 helst
315 265 7 21 i
342 265 68 22 denna
426 265 22 22 af
461 266 75 21 froster
551 266 70 22 alltför
636 267 111 22 hemsökta
762 267 62 26 trakt,
841 267 25 21 de
881 266 32 22 för

158 300 138 21 hemmanens
318 299 88 22 bestånd
427 300 129 29 oumbärliga
579 301 122 28 odlingarne
723 301 38 22 och
780 301 133 28 odlingsmar-

159 334 66 21 kerna
247 334 70 25 borde,
340 334 66 29 jemte
421 335 73 27 nödigt
509 335 90 22 tillskott
618 335 4 21 i
637 335 129 28 skogsmark,
782 335 48 22 med
846 336 68 28 lägen-

159 369 99 22 heternas
281 369 65 28 öfriga
368 377 49 20 egor
439 369 53 22 efter
514 369 138 29 möjligheten
675 371 175 27 sammandragas,
874 371 39 21 och

159 403 138 29 hvarigenom
318 404 100 29 beloppet
436 404 23 21 af
472 405 40 20 den
529 405 59 21 mark
604 413 44 13 som
664 405 96 21 kommer
774 407 32 20 att
821 405 32 21 till
869 405 45 21 kro-

160 446 41 13 nan
225 438 102 26 afvittras,
350 439 122 28 ytterligare
487 439 69 22 skulle
573 439 86 29 nedgå”,
675 439 39 21 och
729 439 89 22 föreslår
833 439 80 22 derföre

160 473 61 21 Tmed
244 472 98 23 afseende
364 473 70 28 derpå,
458 473 108 22 äfvensom
584 474 198 28 skiftesdelegarnes
797 474 64 21 redan
876 474 37 21 hos

160 507 142 22 Guvernören
318 508 38 21 och
372 508 121 29 ytterligare
508 508 7 21 i
531 508 26 22 de
572 508 144 28 underdåniga
731 509 101 20 besvären
842 508 71 29 gjorda

159 542 99 22 anhållan
281 543 39 21 och
343 542 121 23 framstälda
486 543 51 25 skäl,
559 546 55 19 samt
635 543 135 29 synnerligen
787 543 6 21 i
809 542 104 22 anseende

159 578 33 21 till
215 577 25 21 de
263 577 155 29 förvecklingar
439 578 39 21 och
497 578 132 28 rättegångar
645 586 49 13 man
710 578 38 22 och
764 586 49 13 man
829 578 83 24 mellan,

159 612 74 21 hvilka
248 612 71 22 kunde
335 612 66 22 blifva
416 612 77 29 följden
509 612 24 22 af
545 613 105 28 rubbning
665 612 6 22 i
688 614 40 20 den
743 612 111 26 häfderätt,
870 620 44 13 som

159 654 76 20 genom
255 646 32 22 sin
302 646 145 29 långvarighet
463 647 37 21 hos
515 647 149 28 befolkningen
681 647 64 21 redan
761 646 76 22 vunnit
852 646 62 28 helgd

160 680 24 22 af
204 681 80 28 egande
306 684 46 22 rätt,
376 684 30 19 att
428 681 174 29 samfälligheten,
618 682 49 21 med
683 681 103 22 orubbadt
800 680 113 25 storskifte,

159 715 70 21 blefve
253 715 119 22 bibehållen
394 716 36 21 vid
452 716 40 22 alla
507 716 70 22 dertill
593 716 93 22 hörande
702 717 62 27 egor”
781 718 43 19 mot
839 714 75 29 förhöj-

160 750 50 28 ning
233 750 7 21 i
264 751 79 21 mantal
366 751 38 21 och
424 753 43 20 mot
481 751 128 28 skogsränta.
639 751 32 22 På
687 759 80 13 samma
782 752 42 20 sätt
838 750 76 22 utläter

160 785 32 28 sig
213 793 81 14 samma
316 781 153 33 Öfverstyrelse
493 786 40 21 den
557 786 26 21 25
598 786 56 21 Nov.
673 786 55 21 1872
743 785 7 21 i
766 784 113 29 anledning
893 784 23 21 af

160 819 63 22 väckt
245 819 58 29 fråga
326 827 33 14 om
380 819 126 29 jemnkning
527 820 8 21 i
557 820 123 25 storskiftet,
697 822 30 19 att
742 820 47 25 den,
806 819 108 28 stödjande

160 855 32 28 sig
214 854 27 29 pä
257 854 150 22 ofvanstäende
422 855 45 21 skäl
483 854 67 22 under
562 854 80 29 jemväl
657 854 78 22 fästadt
749 853 98 22 afseende
862 853 12 22 &
889 853 25 22 de

160 889 23 21 af
210 888 224 29 samfälligfetsboerne
458 889 71 28 gjorda
559 889 101 28 befogade
687 888 163 28 anmärkningar
871 890 44 19 mot

159 923 201 27 impedimenternas
383 923 106 22 afstäende
505 923 32 22 till
553 924 79 21 kronan
650 923 31 28 ”ej
698 923 42 22 kan
755 923 83 21 förorda
855 923 59 21 bifall

159 958 33 21 till
214 958 42 21 den
279 958 7 21 i
308 957 117 22 storskiftet
440 958 87 22 ansökta
540 957 147 30 jemkningen,
703 957 87 22 hvilken
804 957 111 28 jemkning

159 992 129 29 medgifven,
310 992 89 22 ofelbart
421 993 84 21 komme
520 995 31 19 att
569 993 112 21 framkalla
696 993 27 28 pä
738 994 40 19 sätt
791 991 124 28 jordegarne

159 1027 84 29 pästätt,
268 1027 97 22 störande
381 1027 153 28 förvecklingar
549 1027 38 22 och
603 1027 80 25 tvister,
700 1029 54 19 samt
769 1025 94 22 medföra
877 1026 38 21 be-

159 1062 81 28 tydliga
256 1061 112 22 kostnader
384 1061 32 22 för
430 1061 102 22 hvardera
547 1063 93 26 parten”.

229 1096 76 22 Sävidt
324 1095 36 29 jag
382 1096 75 22 förstår
476 1104 61 14 anser
552 1092 169 32 Öfverstyrelsen
737 1095 19 29 ej
772 1103 37 13 ens
824 1093 91 23 rättsfrä-

158 1140 41 20 gan
222 1131 23 22 sä
260 1131 86 21 alldeles
360 1130 89 30 afgjord;
465 1139 48 13 men
530 1136 56 16 ännu
602 1131 83 21 mindre
700 1130 117 28 tillstyrker
832 1130 40 20 den
887 1129 28 22 &t-

158 1166 86 28 gärden.
275 1166 43 28 Jag
340 1173 61 14 anser
423 1165 81 22 derföre
527 1168 30 19 att
579 1166 104 21 utskottet
704 1164 17 29 ej
744 1164 61 22 bordt
820 1164 95 22 betrakta

160 1200 160 28 ifrägavarande
339 1200 37 22 sak
391 1208 26 13 ur
431 1200 135 28 synpunkten
582 1199 22 22 af
618 1208 26 12 en
661 1199 50 22 civil
726 1198 115 28 rättegäng.
871 1198 44 21 Det

158 1235 67 27 gäller
249 1234 157 29 otvifvelaktigt
428 1236 31 20 ett
479 1234 74 22 socialt
567 1233 88 22 intresse
671 1233 24 22 af
708 1241 26 13 en
749 1232 23 22 sä
786 1232 129 22 omfattande

159 1272 38 23 art,
221 1272 32 19 att
275 1269 119 22 Ständerna
413 1269 64 21 hafva
491 1269 46 22 skäl
552 1271 30 20 att
597 1269 7 21 i
620 1269 58 21 detta
693 1267 98 22 afseende
806 1269 56 26 yttra
877 1267 37 28 sig,

159 1304 39 21 och
213 1303 34 22 fär
261 1303 35 28 jag
311 1303 81 22 derföre
408 1303 107 22 vördsamt
529 1303 83 25 föreslä;

438 1339 31 20 att
483 1337 128 27 Ständerna,
626 1337 51 22 med
685 1336 87 28 fästadt
786 1335 101 28 afseende
902 1335 14 21 å

368 1372 56 21 hvad
441 1367 167 32 OÖfverstyrelsen
613 1371 43 28 för
666 1371 171 21 Landtmäteriet
844 1371 71 26 yttrat,

368 1407 49 21 ville
431 1406 37 22 hos
483 1406 66 22 Hans
564 1405 127 28 Kejserliga
705 1405 107 27 Majestät
824 1405 8 20 i
841 1404 76 21 under-

369 1441 102 28 dänighet
487 1441 99 28 förorda,
608 1442 32 20 att
657 1439 259 29 öfverloppsmarkerna
906 1435 14 38 i
