1023 1678
312 112 242 25 Petitionsbetänkande
570 113 36 23 M:o
623 113 36 23 27.
822 111 13 22 3

106 170 33 22 för
156 171 40 22 och
211 173 57 20 emot
282 171 159 28 tryckpressens
456 170 122 28 frigörande
593 170 68 22 måste
675 171 50 26 taga
739 169 87 28 hänsyn,
841 169 24 20 så

106 204 118 28 förefinnes,
250 205 66 28 enligt
339 205 124 22 Utskottets
478 205 71 26 tanke,
566 205 54 21 dock
634 204 46 22 icke
695 204 55 21 hvad
765 203 100 22 Finlands

106 239 44 22 folk
175 239 131 22 vidkommer
330 241 69 26 någon
425 240 59 27 dylik
509 239 163 28 omständighet,
695 245 46 15 som
755 237 109 28 rimligtvis

107 273 71 22 kunde
193 273 112 23 framkalla
320 274 104 28 farhågor.

174 308 40 21 Till
229 308 37 22 sitt
280 309 63 27 lynne
358 309 107 27 allvarligt
481 309 40 21 och
535 308 142 26 betänksamt,
693 307 39 22 har
748 307 35 21 det
797 306 68 22 finska

106 342 68 22 folket
197 342 67 28 aldrig
286 343 42 27 röjt
342 343 80 27 böjelse
437 342 34 22 för
486 342 84 28 hastiga
586 342 158 27 omkastningar
758 340 7 22 i
779 340 87 22 känslor

106 376 40 22 och
168 377 109 22 tänkesätt
292 377 51 22 eller
357 377 32 22 för
404 377 152 22 brådstörtade
571 376 147 27 förändringar
732 376 7 20 i
752 374 40 23 den
808 376 57 26 yttre

106 411 156 28 gestaltningen
286 411 23 22 af
332 411 48 22 dess
402 411 81 22 sociala
509 411 39 22 och
573 410 100 28 politiska
690 409 29 22 lif.
749 409 47 22 Den
810 409 55 27 plats

106 445 92 22 emellan
214 446 118 27 mäktigare
346 453 100 20 grannar,
463 452 46 15 som
525 445 23 22 af
560 445 102 22 historien
677 444 69 22 blifvit
760 445 48 20 vårt
822 443 44 22 folk

106 479 92 28 anvisad,
206 482 55 20 samt
276 481 26 21 de
317 481 100 26 politiska
431 479 86 28 skiften,
527 480 117 21 detsamma
659 479 129 27 genomgått,
803 477 63 22 hafva

106 514 55 22 varit
176 515 80 26 egnade
271 516 32 21 att
317 515 78 27 ingifva
409 514 70 22 folket
494 515 41 21 den
550 514 60 27 djupt
625 513 74 22 rotade
707 512 159 28 öfvertygelsen,

107 550 32 20 att
154 549 37 21 det
205 549 96 22 säkraste
316 549 161 28 skyddsmedlet
492 551 46 20 mot
552 548 46 22 inre
613 548 39 22 och
667 550 56 25 yttre
733 547 57 22 faror
799 547 67 26 ligger

106 583 8 21 i
129 582 98 28 orubblig
241 583 78 28 lydnad
334 583 32 22 för
381 583 26 22 de
423 583 68 28 lagar,
508 583 36 22 det
558 583 95 26 godkänt
668 582 52 22 eller
727 581 93 27 frivilligt
830 587 37 15 un-

107 617 110 22 derkastat
241 617 37 28 sig,
304 619 54 20 samt
372 617 8 22 i
394 620 78 25 trogen
487 617 126 28 uppfyllelse
628 617 22 22 af
662 617 106 26 ingångna
781 615 86 28 förplig-

106 651 70 22 telser.
207 651 168 27 Genomträngdt
389 651 24 22 af
426 653 32 20 ett
474 651 68 28 dylikt
556 651 172 27 åskådningssätt
745 650 39 22 och
798 649 68 22 under

107 686 119 27 seklerlång
241 686 97 27 utöfning
353 685 23 22 af
389 687 31 20 ett
435 686 49 22 icke
499 686 61 27 ringa
574 686 55 21 mått
643 686 23 21 af
678 684 141 28 sjelfstyrelse,
828 683 39 21 har

107 720 67 22 folket
188 720 131 28 uppfostrats
334 720 32 21 till
381 720 42 22 den
438 720 78 22 känsla
526 720 22 22 af
556 720 134 26 ansvarighet
697 719 33 22 för
739 718 46 22 sina
795 717 73 23 offent-

106 754 44 28 liga
174 754 184 28 angelägenheter,
378 760 47 16 som
440 754 71 22 tillika
525 754 89 22 innebär
628 754 92 27 mognad
734 752 32 22 för
782 754 30 20 ett
826 751 41 22 för-

106 788 79 28 nuftigt
200 788 39 22 och
254 789 87 21 sansadt
355 788 56 22 bruk
426 789 23 21 af
463 788 159 29 tryckfriheten.

177 823 39 21 Att
231 824 24 21 så
269 825 30 25 är,
314 822 109 23 bekräftas
440 823 41 22 ock
497 823 23 22 af
533 829 26 16 en
574 822 7 22 i
596 822 72 22 landet
682 828 84 16 vunnen
776 820 91 23 erfaren-

107 858 42 22 het.
180 857 41 22 Väl
243 857 95 22 sträcker
353 858 32 27 sig
400 858 72 22 denna
487 857 121 23 erfarenhet
622 857 46 22 icke
683 857 58 21 öfver
754 856 64 27 långa
833 862 35 21 pe-

106 892 78 27 rioder,
209 892 27 22 då
259 892 41 22 den
318 892 56 22 blott
388 892 44 22 kan
447 894 63 25 sägas
526 892 88 22 omfatta
629 892 59 21 tiden
702 891 47 21 från
765 891 54 21 1766
835 889 32 22 till

108 927 55 21 1774
186 926 40 22 och
242 926 45 22 från
304 927 54 21 1866
375 926 31 22 till
422 926 82 22 medlet
520 926 22 22 af
554 927 25 21 år
596 926 60 26 1867,
672 925 82 22 således
769 924 46 22 icke
830 930 37 16 ens

106 960 31 22 tio
152 961 25 21 år
192 961 68 21 under
275 962 31 20 ett
320 960 64 22 sekel.
416 960 51 22 Men
483 962 52 20 utan
550 960 108 28 betydelse
674 962 36 20 äro
727 960 53 21 dock
796 959 72 21 desssa

106 994 73 23 försök
194 995 49 22 med
259 1002 26 15 en
300 995 64 22 friare
378 995 81 27 regime
475 995 54 26 icke,
545 995 55 21 helst
614 994 60 22 faran
688 994 33 21 för
731 1000 26 15 en
767 993 101 27 utvidgad

107 1029 115 26 rättighets
244 1029 161 22 missbrukande
421 1029 123 27 naturligen
560 1031 24 19 är
598 1030 68 20 större
680 1028 8 21 i
702 1028 80 27 början,
798 1029 28 20 än
842 1027 26 21 då

107 1069 81 16 samma
212 1063 103 28 rättighet
339 1063 127 22 införlifvats
487 1063 49 22 med
550 1063 76 22 folkets
641 1069 72 16 vanor.
744 1061 124 23 Emellertid

107 1099 25 20 är
155 1097 95 22 hvarken
274 1097 48 22 från
346 1098 41 21 den
409 1104 42 15 ena
466 1097 53 22 eller
534 1097 66 22 andra
614 1097 119 28 tidrymden
748 1097 65 26 något
827 1095 41 22 för-

106 1131 100 22 hållande
231 1131 86 28 bekant,
332 1138 46 15 som
393 1131 34 22 för
442 1132 100 21 nutidens
557 1131 134 28 uppfattning
706 1131 68 22 skulle
788 1131 80 27 utgjort

106 1165 92 28 verkligt
212 1166 47 21 skäl
274 1166 32 22 till
322 1167 175 26 censurtvängets
508 1165 161 23 återinförande.
688 1166 30 27 Ty
729 1167 31 20 att
771 1165 97 26 orsaken,

106 1199 87 23 hvarför
217 1200 288 28 tryckfrihetsförordningen
530 1201 23 21 af
576 1201 40 21 den
640 1201 12 20 2
678 1199 117 23 December
813 1199 55 22 1766

106 1234 94 28 bortföll,
215 1234 47 23 icke
276 1235 94 21 berodde
385 1235 28 27 på
429 1235 68 27 några
512 1234 123 28 öfvergrepp
650 1234 46 22 från
708 1240 97 22 pressens
816 1233 52 27 sida,

106 1275 51 16 vare
182 1269 32 27 sig
236 1269 6 22 i
261 1269 85 27 Sverige
362 1269 51 22 eller
429 1269 99 27 Finland,
544 1271 51 20 utan
611 1269 118 28 egentligen
743 1268 56 22 blott
811 1268 35 27 låg
861 1268 7 21 i

106 1303 161 28 förordningens
287 1303 105 28 egenskap
407 1305 33 20 att
455 1303 65 22 hafva
534 1303 114 22 förklarats
662 1303 32 22 för
708 1303 104 28 grundlag
828 1303 39 20 och

106 1337 123 27 derigenom
253 1337 69 22 blifvit
346 1337 121 22 innefattad
490 1338 7 21 i
518 1338 35 22 det
568 1337 146 28 upphäfvande
730 1337 22 22 af
765 1337 42 21 alla
821 1337 47 21 från

108 1372 54 21 1680
188 1371 111 22 tillkomna
322 1372 86 27 stadgar
427 1372 50 22 med
493 1372 185 27 grundlagshelgd,
693 1372 81 21 hvilket
788 1370 80 22 skedde

106 1411 77 21 genom
208 1406 27 21 39
258 1407 12 25 &
290 1406 24 21 R.
335 1406 23 21 F.
376 1405 21 22 af
412 1406 43 21 den
471 1407 27 21 21
515 1406 53 27 Aug.
586 1407 61 26 1772,
662 1408 24 20 är
702 1406 110 24 obestridt,
828 1404 40 23 och

105 1439 73 23 hvilka
193 1440 169 28 obetydligheter
377 1440 36 21 det
429 1447 45 20 var,
491 1446 47 16 som
553 1440 121 22 föranledde
682 1442 32 20 att
724 1439 144 29 tryckfrihets-

178 1480 140 22 Laguiskottets
331 1479 118 19 betänkande
462 1480 40 18 N:o
515 1480 30 19 11,
