1023 1675
806 120 32 14 VIL

112 172 5 17 i
130 172 62 18 sådant
206 171 50 23 syfte,
270 173 26 15 att
310 171 22 17 de
343 170 68 21 hinder,
428 176 39 12 som
485 170 62 18 hittills
565 170 40 18 stält
619 172 27 20 sig
657 171 6 17 i
676 173 55 20 vägen
745 171 28 17 för
786 172 34 16 för-

112 200 114 22 verkligande
238 200 20 17 af
267 200 29 17 det
308 200 5 16 i
326 199 116 22 kungörelsen
454 199 33 17 den
498 200 21 16 15
528 199 44 17 febr.
584 198 43 18 1864
636 199 81 22 inrymda
725 199 95 23 stadgande

112 234 29 12 om
154 228 106 23 upplåtande
272 228 18 17 åt
302 227 83 18 Finlands
397 227 96 23 inbyggare
504 227 21 17 af
536 230 25 15 ett
572 227 73 18 område
656 228 29 17 vid
694 228 53 22 ryska
754 227 65 18 Ishafs-

109 257 63 18 kusten
184 259 47 16 öster
243 263 29 12 om
283 256 69 18 Jakobs
364 256 29 22 elf,
408 256 39 17 med
459 256 29 17 det
500 259 78 14 snaraste
591 256 53 17 varda
656 256 138 23 undanrödjade.

178 285 83 18 Finlands
273 285 83 18 Ständers
368 285 121 22 underdåniga
501 285 81 22 petition.

177 313 185 19 Ekonomiutskottets
380 313 118 21 betänkande,
515 319 31 12 n:o
560 315 26 21 13,
599 313 5 17 i
617 313 96 23 anledning
728 313 18 18 af
757 316 63 15 trenne

109 343 48 18 inom
169 342 149 23 Borgareständet
330 341 101 18 framstiilda
443 341 153 24 petitionsförslag
609 348 28 11 om
649 342 110 23 anläggande
767 342 19 18 af
794 342 24 23 fy-

109 377 29 12 rar
149 371 30 18 vid
191 371 67 18 landets
271 371 65 18 kuster.

177 400 85 17 Finlands
274 399 84 18 Ständers
369 399 121 22 underdäniga
501 399 81 23 petition.

177 428 184 18 Ekonomiutskottets
372 427 118 23 betänkande,
504 433 29 12 n:o
547 430 27 21 14,
584 428 5 17 i
598 428 95 23 anledning
701 428 22 17 af
729 430 25 16 ett
762 428 6 17 i
777 428 41 17 Rid-

108 457 95 23 derskapet
215 457 33 18 och
260 457 58 17 Adeln
334 456 97 18 framstäldt
446 457 157 23 petitionsförslag,
623 457 92 22 angäende
727 457 91 18 ordnande

108 485 21 18 af
138 486 69 17 arbetet
219 486 5 17 i
236 485 68 18 landets
317 485 92 22 fängelser.

178 514 170 18 Storfurstendömet
368 513 82 18 Finlands
472 513 82 18 Ständers
572 515 63 21 beslut,
655 515 63 17 fattadt
735 515 33 17 och
784 514 32 23 gif-

109 546 29 16 vet
149 544 11 17 å
172 543 72 23 lagtima
255 543 105 22 landtdagen
371 543 5 17 i
389 543 118 22 Helsingfors,
521 543 34 18 den
567 545 10 15 6
589 543 42 17 Juni
647 544 48 17 1883.

178 572 86 22 Register.

836 257 26 16 38.

834 371 27 17 39.

834 486 28 16 40.
