1020 1675
185 100 22 19 74
369 99 240 20 Petitionsbetänkande
620 100 39 19 N:o
671 100 32 18 32.

162 164 46 14 mer
223 156 76 28 förtby
315 159 32 18 att
363 156 90 22 inverka
469 157 92 29 menligt
575 157 28 29 på
618 157 39 21 det
671 156 117 26 läroämne,
808 163 46 14 som
870 156 47 21 der-

163 190 38 22 vid
216 190 110 21 användes
348 190 72 22 såsom
442 191 103 27 substrat,
564 191 111 21 elevernas
695 190 221 29 öfveransträngning

162 225 98 21 kommer
281 224 125 29 derigenom
428 228 33 18 att
485 226 126 28 ytterligare
626 226 62 26 ökas,
712 224 132 29 disciplinen
860 224 56 22 skall

162 258 50 21 icke
235 258 70 21 sällan
328 259 86 21 komma
436 262 32 18 att
493 259 45 21 lida
560 259 42 22 och
621 259 113 29 förmågan
749 262 33 17 att
797 259 69 28 ledigt
880 259 36 21 be-

161 292 82 21 handla
257 292 152 22 modersmålet
424 293 57 21 skall
497 293 140 28 förminskas,
656 293 89 21 hvartill
764 293 97 21 kommer
879 293 38 21 det

162 326 129 29 betänkliga
314 329 31 19 att
367 327 94 29 mången
480 328 97 21 utmärkt
590 327 171 29 lärareförmåga
776 327 57 21 skall
848 327 69 21 blifva

161 360 35 21 för
212 361 79 21 skolan
307 361 95 29 omöjlig.
433 361 34 22 Af
479 362 65 21 dessa
559 362 48 21 skäl
623 361 84 29 nödgas
723 361 21 21 vi
760 362 104 21 motsätta
879 369 36 14 oss

162 397 32 19 ett
210 395 34 20 för
260 395 77 21 skolan
354 395 23 21 så
393 395 77 30 farligt
485 396 127 29 stadgande.

231 429 139 29 Tvåspråkig
386 431 156 28 undervisning
557 431 42 20 kan
615 430 69 21 under
694 430 60 21 vissa
764 429 152 22 förhållanden

162 470 41 21 ega
226 471 48 14 rum
296 466 52 19 utan
367 471 55 14 men.
452 464 50 21 Den
521 464 34 21 må
573 464 87 21 derföre
675 464 109 21 anordnas
800 464 24 21 af
838 459 78 26 Öfver-

162 497 117 28 styrelsen,
301 505 47 14 som
370 498 6 21 i
398 499 74 27 hvarje
493 498 106 23 särskildt
614 499 39 20 fall
668 498 44 21 kan
727 498 80 29 pröfva
822 505 35 14 om
872 498 44 21 för-

161 531 131 22 hållandena
307 532 109 29 medgifva
432 540 26 14 en
475 533 67 21 sådan
558 532 129 29 anordning.
713 532 45 21 Det
768 532 24 21 af
800 531 116 22 Utskottet

161 566 102 28 åsyftade
286 566 42 22 kan
351 567 91 21 sålunda
464 568 76 21 vinnas
556 570 52 18 utan
626 570 31 18 att
672 567 98 21 medföra
785 566 27 22 de
828 567 88 28 olägen-

161 600 68 27 heter,
253 608 47 14 som
321 601 69 21 måste
413 602 69 20 blifva
504 609 26 13 en
549 602 55 28 följd
622 602 25 20 af
664 604 31 18 ett
711 601 89 21 allmänt
814 601 101 28 gällande

163 634 165 29 lagstadgande.

229 669 31 21 Vi
284 669 66 30 hafva
369 670 8 20 i
396 670 36 21 det
453 670 137 22 förestående
608 670 119 28 ådagalagt
742 672 32 18 att
788 669 127 21 Utskottets

161 703 280 30 reorganisationsförslag,
467 704 71 22 såvidt
560 704 36 22 det
611 704 70 29 gäller
696 704 42 21 den
752 704 62 20 lärda
830 704 85 26 skolan,

161 738 24 19 är
200 736 56 22 både
272 738 120 29 obehöfligt
408 738 41 22 och
467 738 102 29 skadligt.
599 739 53 21 Men
676 738 64 21 äfven
758 746 36 13 om
809 738 106 28 förslaget

160 778 54 14 vore
236 771 62 29 godt,
322 772 69 21 skulle
413 773 21 21 vi
451 772 56 22 dock
523 773 64 21 tveka
606 776 32 18 att
656 772 92 29 bidraga
767 772 33 20 till
821 772 94 21 detsam-

160 812 47 14 mas
231 806 129 28 antagande.
390 807 63 21 Hans
477 808 106 27 Majestät
600 807 117 28 Kejsaren,
732 806 38 22 vår
786 805 129 28 Storfurste,

161 839 114 28 behagade
290 840 7 20 i
312 840 37 21 det
364 841 87 26 trontal,
469 841 102 21 hvarmed
586 841 71 21 denna
673 840 106 29 landtdag
795 840 120 29 öppnades,

161 873 106 27 förklara,
283 877 31 18 att
330 874 42 21 han
387 875 48 21 icke
452 875 83 21 kunnat
549 875 118 28 godkänna
685 877 32 19 ett
732 874 25 21 af
770 874 62 28 Kejs.
849 873 66 22 Sena-

171 914 27 14 en
220 908 121 28 uppgjordt
363 908 83 29 förslag
469 909 33 21 till
523 917 26 13 en
565 909 187 29 genomgripande
768 908 149 29 omorganisa-

161 941 48 22 tion
225 941 25 22 af
263 942 26 21 de
304 943 125 21 nuvarande
443 943 136 22 läroverken.
601 943 36 21 Då
652 943 64 21 Hans
731 942 126 29 Kejserliga
867 942 49 22 Ma-

159 976 70 27 jestät
245 976 84 22 således
345 977 106 21 förklarat
466 980 32 18 att
512 977 51 21 Han
579 977 34 21 för
628 976 136 21 närvarande
779 977 49 20 icke
840 976 38 21 vill
889 983 27 14 en

162 1011 188 28 genomgripande
366 1011 174 28 reorganisation
556 1011 24 21 af
592 1011 137 27 läroverken,
745 1017 65 22 synes
826 1010 38 21 det
878 1017 37 14 oss

161 1044 72 21 vittna
249 1052 35 13 om
300 1045 52 28 föga
367 1045 92 28 politisk
475 1045 46 21 takt
537 1048 32 18 att
582 1045 38 21 vid
636 1053 83 14 samma
738 1044 105 29 landtdag
862 1045 54 28 peti-

160 1078 87 22 tionera
271 1087 34 13 om
328 1079 73 29 något,
425 1087 46 14 som
493 1079 63 22 Hans
576 1080 107 28 Majestät
698 1079 70 29 enligt
781 1079 63 21 Hans
860 1087 56 21 egna

160 1113 138 29 uttryckliga
313 1113 40 21 ord
368 1113 48 22 icke
431 1114 43 22 kan
491 1114 81 21 bifalla.
595 1114 31 21 Vi
640 1113 37 22 för
691 1113 39 21 vär
745 1113 35 22 del
796 1113 72 21 kunna
883 1120 33 14 re-

161 1146 44 22 dan
228 1147 26 21 af
274 1148 58 20 detta
352 1148 48 21 skäl
419 1148 49 22 icke
485 1148 75 22 förena
575 1156 37 14 oss
627 1148 8 21 i
652 1155 33 20 en,
702 1148 72 20 säsom
790 1154 37 15 oss
843 1154 73 22 synes,

161 1181 25 21 sä
202 1181 106 29 olämplig
324 1182 112 29 handling.

230 1215 33 21 Pä
278 1216 71 28 grund
364 1216 25 21 af
402 1216 57 22 hvad
473 1217 22 21 vi
511 1217 113 21 ofvanföre
640 1216 49 22 haft
704 1217 51 21 äran
772 1216 75 21 anföra
864 1216 53 21 eller

162 1249 36 21 för
213 1252 33 18 att
261 1250 123 28 korteligen
400 1250 151 22 sammanfatta
565 1251 37 21 det
617 1250 69 30 sagda

231 1284 90 21 emedan
336 1284 84 22 landets
435 1285 144 27 skolväsende,
594 1293 45 13 som
654 1286 77 21 endast
740 1285 43 29 för
798 1283 28 23 10
836 1284 27 21 är
872 1284 44 21 till-

161 1317 57 21 baka
241 1317 46 27 blef
307 1320 186 26 reorganiseradt,
514 1319 47 22 icke
584 1320 94 27 befinner
697 1320 34 28 sig
749 1320 10 20 i
778 1319 78 21 sådant
872 1319 45 21 till-

161 1352 67 20 stånd
244 1356 34 17 att
293 1359 25 14 en
331 1353 136 29 fullständig
487 1354 38 21 och
539 1354 184 28 genomgripande
739 1354 178 28 reorganisation

159 1393 30 13 mu
204 1392 51 15 vore
272 1387 26 28 af
310 1387 96 28 behofvet
418 1388 113 28 päkallad,

231 1426 96 18 Allmänna
340 1427 159 19 Besvärsutskottets
511 1429 104 17 betänkande
627 1429 36 16 N:o
677 1429 27 16 18.
