1025 1673
174 93 13 21 6
366 91 237 25 Petitionsbetänkande
620 92 37 24 N:o
675 92 14 23 I.

145 156 74 27 polära
229 156 162 27 forskningarna
398 156 91 22 medelst
499 156 142 27 upprättande
653 155 22 23 af
688 162 27 15 en
726 154 122 27 fullständig
866 154 41 20 sta-

146 190 45 22 tion
209 190 7 22 i
231 190 69 22 finska
315 191 149 27 Lappmarken
479 190 32 22 för
526 192 23 20 så
559 190 34 22 väl
605 189 180 28 meteorologiska
795 194 46 16 som
851 194 57 20 mag-

146 225 83 22 netiska
260 225 40 21 och
324 225 287 28 polarljus-observationer.
650 226 138 25 Kongressen
813 223 7 21 i
846 222 61 26 Bern,

147 260 39 22 den
202 259 55 22 enda
273 266 45 15 som
327 261 68 26 yttrat
410 260 31 27 sig
455 260 110 27 angående
575 266 26 15 en
611 259 56 22 finsk
677 258 149 28 polarstation,
843 258 65 26 ansåg

146 294 75 22 endast
235 300 28 16 en
279 294 162 27 meteorologisk
457 294 79 22 anstalt
551 294 32 22 för
597 293 202 23 timobservationer
818 292 7 21 i
840 292 69 27 Lapp-

146 328 50 22 land
211 335 52 15 vara
278 328 22 22 af
313 328 99 22 behofvet
427 329 106 27 päkallad,
552 328 38 22 och
607 328 64 22 söker
686 328 50 21 herr
752 326 156 23 Nordenskiöld

146 363 91 22 orsaken
253 363 71 21 dertill
341 363 7 21 i
364 364 40 21 den
420 363 162 27 omständighet,
608 365 32 20 att
663 362 109 22 afständet
796 360 47 22 frän
868 360 40 22 den

146 398 78 22 norska
239 397 107 23 stationen
361 398 7 21 i
379 398 109 28 Bossekop
503 398 33 22 till
547 398 40 22 den
598 398 88 22 afsedda
696 396 76 27 finska,
784 396 68 22 ehuru
861 395 49 21 med

148 432 122 22 hänseende
293 432 32 22 till
348 433 26 21 de
388 432 179 28 meteorologiska
582 432 191 22 observationerna
797 430 48 22 fullt
869 429 41 22 till-

147 467 96 27 räekligt,
265 467 55 22 dock
335 469 24 19 är
374 467 71 22 alltför
460 467 66 27 ringa,
547 467 32 22 för
595 469 32 20 att
643 468 26 20 de
686 465 134 28 magnetiska
835 464 76 22 under-

147 501 143 28 sökningarna
304 503 13 20 å
332 502 131 22 sistnämnda
480 504 33 20 ort
528 502 67 22 skulle
611 502 72 21 kunna
698 501 72 21 lemna
786 499 89 22 resultat
891 498 21 22 af

147 538 70 25 nägon
242 538 69 20 större
337 537 115 27 betydelse.
483 536 77 22 Vidare
585 536 66 22 fäster
677 536 50 21 herr
752 533 159 23 Nordenskiöld

147 571 216 27 uppmärksamheten
379 571 79 27 dervid,
475 573 32 20 att
522 578 26 15 en
563 571 23 21 af
599 571 26 21 de
641 572 69 20 stater
735 576 47 15 som
805 570 49 26 taga
877 568 34 21 del

147 606 31 21 uti
193 605 110 28 företaget,
320 606 105 28 nämligen
440 606 111 28 Ryssland,
567 612 63 16 ernar
645 606 35 21 vid
696 604 61 22 sidan
774 603 22 22 af
817 610 25 15 en
865 602 47 22 full-

148 640 84 28 ständig
255 640 301 28 magnetisk-meteorologisk
579 640 79 22 anstalt
681 640 34 21 vid
739 638 128 28 mynningen
892 636 22 22 af

148 675 59 22 Lena
221 675 71 22 floden
307 677 101 26 upprätta
425 682 25 15 en
469 682 76 20 annan,
569 675 73 22 afsedd
662 674 78 22 endast
757 673 34 21 för
809 674 104 20 meteoro-

148 710 81 27 logiska
245 710 165 27 observationer,
430 712 28 25 pä
473 710 81 27 Novaja
569 710 85 26 Semlja,
671 708 85 22 hvadan
773 707 82 22 säledes
872 706 40 22 den

148 744 68 22 finska
231 744 107 22 stationen
353 744 7 22 i
375 744 121 28 Sodankylä
512 744 51 22 eller
578 744 76 22 Kittilä
669 744 19 26 ej
704 742 71 22 blefve
791 742 40 21 den
852 740 60 27 enda,

149 779 37 21 der
201 778 136 23 uteslutande
352 779 132 22 sistnämnda
500 779 159 21 observationer
675 777 70 23 skulle
761 776 107 22 anställas.
890 787 21 3 —

148 813 73 28 Enligt
236 814 41 21 den
293 814 130 27 detaljerade
438 814 123 27 beräkning,
577 813 50 22 herr
635 810 160 24 Nordenskiöld
807 810 106 28 uppgjort,

148 848 78 27 belöpa
236 848 33 27 sig
279 848 144 22 kostnaderna
433 849 33 21 för
476 855 26 15 en
512 848 135 21 uteslutande
663 845 169 28 meteorologisk
844 844 70 22 obser-

150 882 163 22 vationsanstalt
326 883 7 20 i
344 883 154 27 Lappmarken,
514 883 85 21 hvilken
609 882 69 21 borde
694 887 52 16 vara
761 880 7 21 i
779 879 135 22 verksamhet

150 917 67 22 under
232 917 50 22 hela
297 917 40 22 den
353 917 126 22 föreskrifna
494 917 57 22 tiden
569 918 8 20 1
595 916 92 27 Augusti
712 916 56 21 1882
792 927 13 2 --
830 915 9 20 1
864 914 51 26 Sep-

151 951 82 22 tember
250 952 61 26 1883,
328 952 32 21 till
373 953 75 25 19,812
459 953 48 26 Fay,
523 951 31 22 uti
564 951 85 22 hvilken
660 956 86 16 summa
757 955 26 15 en
794 947 123 28 utgiftspost

153 985 22 22 af
189 987 65 26 2,000
269 987 43 26 Sipe
327 986 33 21 för
376 985 277 23 observationsmaterialets
669 983 115 28 tryckning
800 982 78 28 jemväl
894 984 23 19 är

155 1020 91 27 intagen.
278 1021 33 20 Då
335 1021 41 21 den
399 1021 155 25 ofvananförde,
578 1020 32 20 för
635 1018 136 22 härvarande
797 1017 122 22 observato-

154 1054 54 22 rium
223 1054 123 22 beräknade
366 1061 96 15 summan
486 1054 21 22 af
523 1055 76 26 15,200
615 1054 42 27 9
673 1052 91 22 härmed
780 1050 139 23 sammansläs

156 1089 38 21 och
210 1089 27 21 dä
253 1088 72 22 vidare
340 1091 60 25 tages
415 1089 7 21 i
439 1088 147 27 betraktande,
610 1090 32 20 att
657 1088 34 21 för
707 1088 37 20 det
759 1086 7 21 i
787 1084 132 28 Helsingfors

155 1130 70 15 vunna
240 1124 134 26 magnetiska
389 1124 39 21 och
444 1122 177 28 meteorologiska
636 1121 134 23 materialets
780 1119 141 27 bearbetning

156 1158 39 22 och
209 1158 114 27 tryckning
337 1158 145 27 ungefärligen
496 1158 63 26 4,000
575 1158 42 26 me
639 1156 63 22 torde
726 1162 52 14 vara
801 1154 23 22 af
844 1154 76 26 nöden,

156 1194 63 25 utgör
234 1192 49 22 hela
299 1192 36 22 det
351 1192 159 28 sammanlagda
529 1192 101 27 beloppet
645 1190 23 22 af
682 1190 38 22 det
735 1189 33 21 för
784 1188 137 22 merberörda

158 1226 153 28 cireumpolära
325 1226 135 28 forskningar
475 1226 136 27 erforderliga
626 1224 156 26 statsanslaget
797 1222 65 27 enligt
873 1222 49 21 herr

157 1261 168 22 Nordenskiölds
341 1261 181 27 kostnadsförslag
546 1261 76 26 39,000
637 1261 50 25 97,
709 1257 166 27 understigande
890 1257 33 20 sä-

157 1296 58 22 ledes
238 1296 49 21 med
309 1296 79 26 38,500
404 1297 42 26 9
461 1296 138 21 slutsumman
621 1294 7 22 i
649 1294 51 22 herr
723 1293 133 21 Lemströms
879 1290 44 22 ofta

158 1330 93 22 nämnda
266 1330 125 26 ansökning.

227 1364 42 22 Vid
283 1364 157 28 granskningen
456 1364 22 22 af
492 1364 60 22 dessa
567 1365 76 20 tvenne
655 1362 131 22 alternativa
796 1360 78 27 förslag
885 1360 40 21 har

160 1399 106 21 utskottet
281 1398 115 27 ingalunda
410 1399 87 21 tilltrott
511 1398 32 27 sig
557 1398 126 27 kompetens
708 1398 32 20 att
764 1395 78 27 afgifva
859 1395 66 25 nägot

161 1434 98 22 omdöme
282 1434 110 26 angäende
412 1434 41 20 den
468 1435 68 19 större
558 1432 51 22 eller
631 1431 85 22 mindre
739 1430 117 28 betydelse,
879 1434 46 16 som

231 1473 100 19 Allmänna
346 1473 177 19 Besvärsutskottets
536 1472 115 18 betänkande
664 1472 40 18 N:o
718 1471 17 18 1.
