1014 1678
200 129 13 19 2
365 127 268 23 Petitlonsbetänkande
647 127 42 22 N:o
705 125 37 24 19.

242 190 75 21 Såvidt
340 191 102 20 utskottet
465 193 43 18 rätt
530 190 108 27 uppfattat
657 190 153 26 petitionärens
837 188 86 25 förslag,

172 225 38 26 går
233 225 118 20 detsamma
373 227 23 18 ut
410 226 28 26 på
453 228 31 17 att
500 225 32 20 för
547 225 47 20 vårt
609 224 112 27 guldmynt
736 223 80 20 erhålla
832 224 31 19 ett
878 221 44 21 offi-

173 259 49 20 cielt
246 259 135 20 erkännande
400 260 7 19 i
428 260 124 25 Frankrike,
568 259 24 20 sä
607 261 31 18 att
653 259 119 20 detsamma
787 257 37 20 der
840 257 31 19 till
887 256 36 20 sitt

172 293 52 20 fulla
247 293 65 20 värde
335 293 71 20 blefve
424 296 119 24 emottaget
563 294 29 19 uti
612 295 81 18 statens
713 291 96 27 uppbörd
829 291 40 20 och
888 289 35 20 vid

173 327 111 26 offentliga
308 328 147 26 inrättningar,
476 328 70 19 såsom
568 327 34 20 vid
627 327 120 23 tullverket,
763 325 86 20 franska
872 325 49 19 ban-

173 361 41 19 ken
242 368 20 13 o.
288 368 16 14 s.
324 369 18 12 v.
373 362 38 19 Att
430 361 193 27 förslagsställaren
646 360 71 20 härtill
740 360 44 20 valt
806 358 117 21 Frankrike

173 396 67 26 torde,
257 395 93 21 förutom
365 397 5 18 i
387 397 39 19 den
444 396 158 27 omständighet
616 395 24 21 af
656 402 57 13 mera
728 394 93 27 tillfällig
837 396 39 23 art,
892 395 31 18 att

173 429 75 27 frågan
270 430 43 25 der,
328 430 28 26 pä
371 433 42 17 sätt
428 431 5 18 i
452 431 118 26 petitionen
596 433 130 22 omnämnes,
751 429 63 19 redan
830 428 27 26 pä
872 427 52 20 visst

175 466 41 17 sätt
238 467 23 16 är
281 464 76 27 bragdt
373 465 31 19 till
420 465 48 26 tals,
483 465 64 20 hafva
562 465 32 19 sin
610 465 63 20 orsak
689 463 44 20 deri
749 465 32 18 att
799 463 60 19 detta
873 461 50 20 land

172 498 73 20 ibland
266 498 26 20 de
308 499 31 19 till
355 499 39 20 den
410 499 93 20 latinska
518 498 218 27 myntkonventionen
752 497 102 25 hörande,
872 496 51 19 hvil-

174 533 38 19 kas
227 533 113 26 guldmynt
356 533 58 20 säväl
430 533 31 20 till
478 533 59 20 skrot
551 540 45 13 som
617 533 52 20 korn
690 535 23 17 är
734 532 47 19 med
801 531 36 20 det
857 530 68 20 finska

173 566 130 27 fullkomligt
319 567 238 26 öfverensstämmande,
573 570 23 17 &r
611 567 27 26 pä
653 573 26 14 en
695 567 56 26 gäng
762 566 36 20 det
809 565 116 20 förnämsta

174 600 40 20 och
240 601 43 24 det,
307 601 48 20 med
380 601 82 20 hvilket
481 602 47 19 vårt
548 601 50 20 land
613 601 43 20 står
671 601 6 20 i
694 601 40 20 den
751 600 100 27 lifligaste
866 599 57 19 kom-

174 635 108 20 mersiella
297 635 105 26 beröring.
433 636 54 19 Värt
502 636 111 26 guldmynt
624 635 67 20 skulle
703 635 134 26 naturligtvis
847 640 76 20 genom

174 671 31 17 ett
224 669 76 20 sådant
320 670 136 20 erkännande
476 671 131 25 småningom
631 670 66 20 blifva
715 669 66 20 kändt
795 669 30 19 uti
841 668 38 20 allt
894 668 29 18 vi-

173 703 51 20 dare
244 704 84 20 kretsar
347 704 7 20 i
370 704 96 20 utlandet
481 707 54 17 samt
551 704 111 20 efterhand
678 704 63 20 äfven
757 704 48 20 med
821 703 47 20 fullt
883 702 40 20 för-

174 738 89 20 troende
283 739 23 19 af
318 739 41 19 den
375 741 57 18 stora
448 740 142 19 allmänheten
606 740 38 20 der
659 741 126 24 emottagas.
815 738 110 20 Utskottet

173 776 24 16 är
213 773 48 19 med
277 774 141 25 petitionären
430 774 129 26 fullkomligt
570 780 49 14 ense
630 774 73 20 derom
715 775 37 24 att,
763 773 46 20 ifall
820 773 23 19 så
854 772 70 20 blefve

173 807 66 25 fallet,
260 808 58 19 såväl
338 808 46 19 vårt
404 808 159 20 affärsväsende
586 815 44 13 som
651 807 89 21 resande
759 807 63 20 deraf
834 806 55 20 hade
905 807 18 25 ej

174 842 60 25 ringa
258 842 68 20 fördel
352 845 55 17 samt
432 849 62 14 anser
514 842 70 21 derför
604 842 103 27 förslaget
723 841 124 27 visserligen
864 840 61 21 värdt

174 878 31 17 att
224 878 62 24 tagas
305 877 7 18 i
331 876 164 27 öfvervägande.
526 877 41 20 Det
588 883 63 20 synes
671 877 57 19 dock
746 876 58 27 ligga
824 876 7 19 i
847 875 77 20 sakens

173 912 63 17 natur
252 912 32 18 att
299 911 18 26 ej
337 910 53 20 blott
404 911 7 19 i
428 911 123 26 Frankrike,
568 913 49 18 utan
633 911 100 20 öfverallt
748 911 37 19 der
801 910 49 27 guld
862 912 62 24 utgör

174 944 76 27 lagligt
266 945 198 26 betalningsmedel,
479 945 26 20 de
521 946 58 20 olika
594 948 105 17 staternas
708 947 60 24 mynt
783 945 53 19 böra
847 944 31 20 till
888 944 37 20 sitt

173 979 52 19 fulla
245 979 65 20 värde
326 982 126 23 emottagas,
469 982 54 17 samt
538 982 32 17 att
585 982 31 17 ett
632 981 87 18 motsatt
735 979 132 20 förhållande
883 979 41 19 kan

173 1012 57 20 finna
255 1013 32 19 sin
308 1013 117 27 förklaring
448 1014 74 20 endast
547 1014 44 20 deri
612 1016 30 17 att
663 1013 27 20 de
706 1013 57 20 olika
779 1012 145 27 myntslagens

173 1047 74 26 prägel
264 1047 40 20 och
320 1048 90 20 relation
426 1048 32 19 till
474 1048 112 26 myntslag,
603 1048 70 20 kända
689 1048 24 19 af
726 1049 140 25 mottagaren,
877 1048 47 20 icke

174 1084 23 16 är
212 1081 73 26 spridd
301 1082 5 18 i
323 1082 124 26 tillräckligt
463 1082 132 20 vidsträckta
609 1082 84 20 kretsar
703 1085 57 16 utom
770 1081 35 20 det
814 1088 55 20 egna
880 1082 43 20 lan-

173 1115 47 20 dets
243 1118 95 24 gränser.
368 1116 41 20 För
432 1119 31 17 att
486 1116 94 27 afhjelpa
603 1124 25 12 en
651 1116 60 26 dylik
731 1116 115 26 olägenhet
861 1116 64 20 hafva

173 1149 68 27 några
260 1152 72 24 stater,
353 1151 130 26 exempelvis
500 1147 213 30 Österrike-Ungern,
729 1151 6 18 i
751 1150 36 20 sitt
803 1150 122 26 guldmynts

173 1185 75 26 prägel
269 1186 80 26 jemväl
368 1186 90 26 angifvit
474 1186 47 20 dess
537 1186 90 20 relation
642 1186 32 20 till
691 1186 41 19 den
747 1186 93 19 latinska
855 1188 68 23 mynt-

174 1219 170 21 konventionens
360 1221 130 25 myntenhet,
507 1220 65 20 frane.
603 1221 31 19 En
649 1220 93 20 likartad
753 1220 76 26 åtgärd
838 1220 47 20 med
895 1220 29 19 af-

173 1253 79 20 seende
269 1254 12 19 å
296 1254 36 20 det
348 1254 68 20 finska
432 1255 144 26 guldmyntets
592 1255 73 26 prägel
681 1254 54 20 hade
751 1254 108 20 sannolikt
874 1260 50 20 gan-

174 1286 39 21 ska
234 1290 60 18 snart
316 1289 57 26 gjort
396 1288 58 21 detta
477 1291 59 24 mynt
554 1289 88 20 allmänt
658 1288 67 20 kändt
740 1288 41 21 och
796 1288 105 27 gångbart
917 1289 6 18 i

173 1321 41 20 den
238 1321 70 27 öfriga
331 1323 85 20 verlden
436 1323 39 20 och
491 1323 89 20 sålunda
595 1323 136 20 förekommit
746 1323 41 19 den
803 1323 122 25 olägenhet,

173 1355 115 20 hvaröfver
311 1357 142 25 petitionären
476 1357 79 27 klagat.
585 1358 48 19 Men
655 1357 28 19 då
703 1357 70 26 någon
790 1356 134 27 omprägling

174 1390 47 20 icke
242 1390 24 19 så
290 1393 60 17 snart
371 1391 61 20 torde
454 1392 70 19 kunna
545 1392 164 26 ifrågakomma,
729 1391 38 20 har
781 1391 143 26 petitionären

173 1424 44 20 helt
235 1425 103 27 naturligt
354 1428 41 17 sett
410 1426 32 26 sig
458 1433 34 13 om
508 1426 54 20 efter
577 1426 66 20 andra
659 1426 69 20 medel
745 1426 30 19 till
791 1425 134 27 syftemålets

173 1458 113 21 vinnande.

243 1498 91 18 Allmänna
346 1499 159 18 besvärsutskottets
518 1500 105 17 betänkande
635 1499 35 18 N:o
684 1499 28 19 16.
