1017 1678
160 109 22 18 12
349 107 243 20 Petitionsbetänkande
604 107 38 19 N:o
654 107 29 18 11.

137 165 63 22 stånd
215 166 234 21 öfverensstämmande
465 167 43 20 sätt
523 167 56 20 samt
594 167 38 24 att,
649 165 27 20 då
691 164 66 27 några
771 164 70 21 vilkor
856 164 38 21 och

136 200 125 21 förbehåll
254 194 13 37 i
276 200 100 21 afseende
392 200 13 21 å
419 199 75 22 fiskets
509 199 98 27 utöfning
621 199 47 22 icke
683 199 71 21 blifvit
769 198 79 22 utfäste
859 198 35 21 vid

136 235 112 20 arrendets
273 234 172 21 öfverlemnande
469 234 22 21 åt
515 234 26 21 de
563 233 124 22 nuvarande
709 233 185 26 arrendatorerne,

136 268 109 27 svårighet
260 269 80 21 företer
355 269 32 26 sig
403 268 34 22 för
449 268 88 21 Kronan
552 269 32 20 att
598 269 51 19 utan
661 267 131 27 föregången
803 268 91 25 uppsäg-

135 303 51 26 ning
205 303 27 26 på
252 305 32 19 ett
302 303 126 27 tillräckligt
446 303 110 21 verksamt
576 302 39 21 och
634 301 71 22 direkt
723 303 44 20 sätt
785 301 84 27 ingripa
887 301 7 20 i

136 337 192 21 arrendatorernes
342 337 153 27 tillgöranden.

204 371 71 21 Dessa
291 371 130 27 synpunkter
437 370 129 22 omfattades
583 370 62 22 äfven
661 370 24 20 af
698 369 112 28 styrelsen.
840 369 53 21 Isin

135 405 149 26 underdåniga
302 405 128 21 hemställan
446 405 89 21 anförde
549 404 60 27 Kejs.
626 404 93 21 Senaten
735 404 70 20 såsom
820 403 73 22 vidare

135 439 47 21 skäl
201 439 34 21 för
253 440 112 21 arrendets
386 439 141 27 uppsägning,
543 440 32 19 att
590 439 37 21 det
641 438 72 27 gamla
729 439 65 20 sättet
810 437 32 21 för
857 437 36 22 fis-

134 473 48 21 kets
193 473 142 22 bedrifvande
349 473 101 22 inverkar
462 490 13 9 ,,
476 473 89 27 menligt
579 473 28 27 på
620 472 133 28 jordbruket,
769 471 57 22 ifrån
840 471 53 21 hvil-

134 507 38 22 ket
188 507 103 21 laxfisket
308 514 29 15 nu
351 509 62 25 tager
428 508 7 21 i
451 507 94 27 anspråk
560 509 31 20 ett
605 507 50 21 vida
671 508 69 20 större
755 506 59 21 antal
831 506 61 26 dags-

133 541 81 22 verken
236 543 28 19 än
283 542 75 26 nödigt
376 548 57 15 vore.
468 541 133 22 Jordbruket
619 543 24 19 är
663 540 72 22 derför
753 540 63 21 äfven
835 540 12 21 å
866 539 26 22 de

134 576 60 21 äldre
214 576 133 26 bemmanen,
364 576 83 21 hvilkas
463 575 138 22 innehafvare
616 577 37 20 äro
669 575 141 21 intressenter
825 575 7 20 i
847 574 45 21 lax-

133 609 70 27 fisket,
223 610 112 21 märkbart
350 609 99 22 eftersatt
465 610 39 21 och
519 610 138 26 vanvårdadt,
673 609 76 22 medan
764 609 128 27 jordbruket

134 644 13 21 å
170 644 26 21 de
218 650 43 21 nya
282 644 132 26 hemmanen,
434 644 83 21 hvilkas
537 644 138 21 innehafvare
694 643 34 22 för
747 643 32 21 sin
798 643 94 22 utkomst

132 678 139 21 uteslutande
289 680 37 19 äro
345 678 117 21 hänvisade
481 678 33 21 till
531 678 88 27 jordens
635 678 129 26 afkastning,
780 678 7 20 i
803 678 88 20 allmän-

132 712 38 21 het
185 712 58 27 gjort
259 714 70 19 större
344 712 103 26 framsteg
463 712 38 21 och
517 712 71 21 bättre
604 712 80 22 skötes.
714 712 43 21 Det
768 712 122 21 nuvarande

133 746 146 21 förhållandet
294 746 133 21 beträffande
441 746 63 21 Kemi
520 746 39 21 och
574 746 31 27 Ijo
622 746 103 22 laxfisken
741 746 109 21 försvårar
860 746 30 20 äf-

132 786 41 15 ven
192 780 135 27 regleringen
347 780 23 21 af
388 780 187 27 stockflottningen
593 781 6 21 i
619 780 102 26 elfvarne,
741 780 90 21 emedan
846 780 44 21 lax-

132 814 234 22 fiskearrendatorerne
382 815 19 27 ej
419 817 36 19 äro
472 815 85 21 bundne
573 814 23 22 af
609 815 68 27 några
692 814 106 22 förbehåll
812 820 34 15 om
857 814 33 21 så-

133 849 55 21 dana
207 848 170 27 begränsningar
395 849 24 21 af
435 849 59 21 tiden
512 849 33 21 för
560 849 75 21 fiskets
649 848 105 28 utöfning,
770 848 72 22 hvilka
857 848 33 21 för

131 882 129 27 flottningen
275 882 72 22 kunna
361 882 97 22 befinnas
473 884 98 26 nödiga.'*
601 884 116 21 Dessutom
733 883 67 27 ansåg
815 883 26 21 K.
853 882 37 22 Se-

132 918 64 20 naten
220 917 33 26 sig
273 917 52 21 böra
343 917 115 21 framhålla
476 919 37 25 att,
533 918 67 21 sedan
619 924 26 15 en
664 918 79 26 mängd
763 917 126 27 nyhemman

131 951 57 21 inom
208 951 26 21 de
255 950 59 22 förra
332 951 62 21 Kemi
415 952 39 21 och
473 952 32 26 Ijo
521 952 118 21 socknarna
655 958 89 15 numera
759 951 129 25 tillkommit,

130 985 71 26 nägon
221 985 64 26 giltig
303 985 116 27 anledning
438 986 19 27 ej
474 988 71 25 syntes
561 986 116 21 förefinnas
693 988 32 19 att
739 986 109 21 bibehälla
863 986 25 21 de

130 1019 72 26 gamla
220 1019 127 21 hemmanen
366 1019 35 21 vid
422 1026 26 15 en
467 1019 76 27 fördel,
562 1019 77 22 hvaraf
653 1020 27 21 de
696 1026 41 21 nya
751 1019 48 22 icke
815 1025 51 16 voro
881 1020 7 20 i

130 1053 133 27 åtnjutande.
295 1053 44 22 Och
359 1054 101 27 slutligen
478 1054 66 21 borde
560 1054 19 27 ej
595 1054 69 21 heller
679 1053 99 27 förbises,
794 1055 32 20 att
840 1054 48 21 kro-

129 1093 42 16 nan
189 1093 79 21 genom
287 1090 31 19 att
336 1088 27 27 på
383 1090 66 19 annat
464 1090 43 19 sätt
521 1088 84 27 förfoga
621 1088 60 21 öfver
696 1087 106 27 laxfisket,
818 1088 70 21 kunde

129 1121 48 21 från
192 1122 120 21 detsamma
322 1122 95 27 påräkna
429 1129 26 15 en
465 1123 49 20 vida
525 1124 69 20 större
604 1123 101 20 inkomst.
729 1122 50 21 Som
791 1122 97 21 emeller-

128 1156 32 21 tid
180 1161 26 16 en
226 1155 126 29 förändring
368 1156 24 21 af
406 1158 31 20 ett
452 1157 120 26 långvarigt
587 1157 154 21 rättstillstånd
757 1156 87 21 kräfver
857 1158 31 19 ett

128 1191 96 20 varsamt
238 1190 175 27 genomförande,
429 1197 38 15 var
483 1191 36 21 det
529 1191 67 27 enligt
605 1191 26 21 K.
644 1191 105 21 Senatens
759 1191 65 21 tanke
836 1191 52 21 nöd-

128 1224 89 27 vändigt
228 1236 27 4 —
267 1225 71 20 såsom
348 1225 63 21 äfven
422 1225 126 21 förberörde
559 1225 85 21 Komité
655 1225 114 26 föreslagit
779 1237 27 2 —
815 1226 31 19 att
854 1231 34 14 ar-

128 1258 155 21 rendatorerne
298 1260 57 19 ännu
365 1261 32 19 ett
407 1259 58 21 antal
476 1259 25 21 år
511 1259 55 21 efter
577 1259 162 27 uppsägningen
750 1259 70 21 skulle
831 1260 57 20 emot

127 1298 83 15 samma
225 1294 70 25 ränta,
311 1299 46 15 som
369 1293 106 26 ditintills,
487 1293 119 22 bibehållas
619 1293 36 22 vid
665 1293 126 26 utöfningen
803 1292 22 22 af
834 1293 52 21 ifrå-

127 1327 123 25 gavarande
266 1326 111 27 laxfisken,
393 1327 28 27 på
436 1327 36 21 det
487 1327 26 21 de
528 1327 68 21 under
611 1327 67 27 sagde
693 1327 32 21 tid
738 1327 72 21 kunde
821 1327 65 21 blifva

126 1360 8 21 i
149 1360 87 21 tillfälle
252 1362 33 19 att
300 1361 105 27 godtgöra
420 1361 33 27 sig
469 1361 39 21 den
525 1361 66 27 högre
605 1361 151 27 köpeskilling,
773 1367 26 15 en
815 1361 34 21 del
866 1361 22 21 af

126 1394 50 22 dem
191 1394 35 21 för
236 1394 49 22 sina
295 1395 104 26 hemman,
411 1395 7 21 i
428 1395 142 27 förhoppning
581 1402 34 15 om
625 1396 76 21 dessas
712 1394 132 22 fortfarande
855 1395 31 21 bi-

126 1428 130 22 behållande
271 1429 36 21 vid
322 1429 105 26 laxfisket,
439 1429 142 28 tilläfventyrs
591 1430 94 21 utbetalt
697 1429 85 22 utöfver
792 1429 94 21 hemma-

196 1468 99 17 Allmänna
321 1469 160 17 Besvärsutskottets
493 1470 103 16 betänkande
607 1470 35 16 N:o
659 1469 28 17 11.
