1011 1670
297 96 249 23 Petitionsbetänkande
561 96 38 23 N:o
615 96 31 24 14.
806 97 13 20 7

93 166 79 18 bibanan
190 166 36 17 kan
244 166 56 22 draga
315 165 16 23 ej
347 166 69 24 endast
431 171 23 12 en
469 166 65 22 direkt,
550 167 44 17 utan
610 166 89 23 derjemte
714 171 23 13 en
752 166 97 22 ingalunda

91 195 116 22 oväsendtlig
222 194 81 18 indirekt
318 194 57 22 vinst;
390 195 20 17 så
425 194 56 23 vågar
493 195 37 23 jag,
546 195 87 18 särskildt
648 195 61 17 dertill
719 194 103 24 uppmanad
832 194 19 17 af

92 224 67 18 Lovisa
173 224 50 17 stads
238 224 92 20 kommun,
345 223 104 23 ödmjukast
466 224 75 22 utbedja
556 224 37 22 mig
609 224 96 22 Välloflige
719 223 130 23 Borgarestån-

93 253 40 17 dets
148 252 110 18 medverkan
274 252 28 18 till
318 258 23 12 en
355 252 115 23 underdånig
479 253 78 23 petition
571 252 38 18 från
620 253 73 17 landets
703 252 74 18 ständer
787 252 62 18 derom

93 283 28 15 att
136 286 23 12 en
177 281 101 18 lokomotiv
294 281 78 23 jernväg
387 281 60 17 blefve
466 282 24 22 på
504 283 71 16 statens
589 282 103 17 bekostnad
707 282 68 22 dragen
790 281 59 17 såsom

93 310 67 18 bibana
175 310 39 18 från
233 310 81 18 Kausala
333 310 67 18 station
420 310 31 17 vid
471 310 155 18 Riihimäki—S:t
640 311 120 21 Petersburgs
773 310 77 22 jernväg

93 339 28 17 till
136 339 66 18 Lovisa
217 339 51 17 stads
282 339 60 21 hamn,
358 339 41 17 med
414 339 117 23 iakttagande
547 339 20 17 af
579 339 36 17 alla
630 340 22 17 de
668 339 181 23 sparsamhetsåtgär-

92 368 39 21 der,
153 368 61 17 hvilka
236 368 209 23 ingeniörvetenskapen
465 368 24 23 på
507 374 63 12 senare
593 368 48 18 tider
660 368 119 23 möjliggjort;
799 368 51 17 detta

93 396 46 18 dock
154 397 41 17 med
210 397 64 21 vilkor,
294 398 28 16 att
336 397 66 17 Lovisa
417 397 41 17 stad
476 397 69 18 lemnar
560 397 23 17 de
598 397 65 22 bidrag
677 397 29 18 till
721 397 70 18 banans
806 397 43 22 byg-

91 425 60 22 gande
167 425 45 18 eller
226 425 64 18 ställer
304 425 24 18 de
342 425 145 23 räntegarantier
502 426 27 17 för
544 425 48 18 vissa
607 426 26 21 år,
648 431 38 12 som
697 425 98 18 ständerna
806 430 42 13 anse

92 454 68 23 skäligt
174 453 121 19 bestämma".

161 483 114 23 Helsingfors
290 483 36 18 den
342 481 11 20 6
370 483 87 18 Februari
475 481 60 20 1882.

559 514 80 22 Alfred
653 513 126 30 Björkstön.

455 618 34 21 4.

162 664 56 21 Frän
240 663 185 28 Borgareständet
447 670 27 15 en
492 664 92 28 petition
605 664 111 27 angäende
731 664 119 27 beviljande

93 697 24 23 af
130 700 33 20 ett
176 698 82 28 kapital
280 698 77 27 bidrag
379 698 30 28 pä
431 699 111 21 eventuelt
565 700 91 26 600,000
678 699 44 27 9
744 698 52 22 eller
811 698 40 22 ock

94 735 65 19 annat
180 733 98 27 lämpligt
300 732 119 22 understöd
441 732 48 22 frän
511 734 83 21 statens
618 734 47 21 sida
679 733 34 23 för
728 733 123 21 ästadkom-

93 768 77 21 mande
194 767 22 22 af
234 774 26 15 en
281 768 79 21 bibana
381 767 49 22 från
448 768 100 22 Kouvola
563 768 80 22 station
658 768 35 22 vid
708 768 143 22 Riihimäki—

94 802 34 22 S:t
142 802 132 28 Petersburg
294 802 91 28 jernväg
407 802 33 22 till
459 802 73 22 Kotka
547 803 55 27 stad,
618 802 93 28 ingifven
726 802 23 22 af
761 802 50 22 herr
825 802 26 22 A.

95 836 24 22 C.
134 837 25 21 A.
174 837 23 21 F.
213 837 115 27 Lindberg,
344 837 87 22 hvilken
445 837 8 21 i
470 837 154 27 originalskrift
639 839 24 20 är
677 837 127 28 sälydande:

268 899 66 28 [TN
351 899 114 28 Vällofliga
479 900 188 27 Borgareständet.

163 949 9 18 I
187 949 57 18 raden
264 949 20 18 af
298 949 34 18 vär
350 949 37 18 tids
409 949 227 20 kommunikationsmedel
655 950 63 22 intaga
731 949 121 23 jernvägarne

95 979 43 16 utan
153 978 107 22 gensägelse
275 978 32 17 det
322 978 75 17 främsta
411 980 85 16 rummet.
519 979 57 17 Deras
591 979 94 22 betydelse
700 978 28 18 för
743 978 15 22 ej
775 979 78 16 allenast

95 1007 32 17 det
149 1006 117 18 ekonomiska
289 1009 44 15 utan
352 1006 53 18 äfven
425 1007 32 17 det
476 1007 134 18 intellektuella
628 1007 51 17 lifvet
694 1008 20 16 är
729 1007 20 17 sä
764 1008 47 16 stort
826 1008 27 16 att

95 1036 32 17 det
142 1035 16 23 ej
178 1036 34 17 bör
232 1035 74 18 förvåna
329 1037 28 16 att
375 1036 64 22 hvarje
458 1036 49 21 land,
527 1036 62 23 hvarje
609 1038 29 16 ort
657 1036 41 18 med
713 1036 36 17 alla
764 1036 28 17 till
808 1036 45 17 buds

96 1064 76 18 stående
196 1064 58 18 medel
277 1064 53 18 söker
352 1066 44 21 göra
415 1065 28 22 sig
462 1065 82 22 delaktig
558 1065 20 17 af
590 1065 97 17 desamma.
717 1060 60 22 Äfven
792 1064 6 18 i
814 1064 40 18 vårt

97 1093 43 18 land
163 1092 33 18 har
216 1095 60 16 staten
298 1098 64 18 genom
385 1094 106 23 byggandet
510 1094 20 17 af
546 1094 104 18 stambanor
668 1094 50 22 gjort
733 1093 47 18 hvad
795 1099 38 12 som
848 1093 6 17 i

97 1122 52 18 detta
169 1122 104 18 hänseende
295 1122 96 22 rimligtvis
414 1123 77 21 begäras
512 1123 42 17 kau.
585 1123 42 17 Men
650 1122 85 18 tillvaron
755 1122 20 17 af
790 1122 65 18 endast

97 1151 105 17 stambanor
218 1152 19 16 är
252 1152 49 16 ännu
320 1151 51 23 längt
385 1151 47 17 ifrän
447 1157 43 17 nog.
520 1152 52 17 Huru
588 1152 22 17 de
626 1152 23 17 än
664 1152 29 16 mä
708 1152 70 21 dragas,
793 1151 62 17 kunna

97 1180 23 17 de
135 1180 89 22 klarligen
243 1180 40 17 icke
302 1180 66 17 beröra
383 1180 36 18 alla
437 1180 22 18 de
475 1182 55 20 orter,
545 1180 28 18 för
588 1180 61 17 hvilka
664 1186 21 12 en
699 1179 156 24 jernvägsförbin-

97 1208 51 18 delse
163 1214 43 12 vore
226 1214 38 12 mer
278 1209 46 17 eller
342 1209 71 17 mindre
427 1214 23 12 en
465 1209 87 23 lifefräga.
582 1209 92 18 Närheten
689 1209 20 17 af
722 1214 23 12 en
760 1209 95 17 stambana

97 1238 37 17 kan
149 1236 71 19 derföre
234 1237 28 17 för
276 1238 78 21 mängen
370 1239 29 16 ort
413 1239 45 21 göra
473 1238 93 17 saknaden
580 1238 20 17 af
610 1238 197 22 jernvägsförbindelse
824 1243 31 12 en-

98 1266 42 17 dast
154 1265 20 18 sä
189 1266 72 23 mycket
276 1271 50 12 mera
339 1266 89 21 kännbar,
443 1267 37 16 kan
495 1267 54 17 ställa
563 1266 63 23 frågan
640 1272 29 12 om
681 1272 24 12 en
715 1266 67 17 bibana
792 1266 63 17 främst

98 1295 25 22 pä
137 1295 142 22 dagordningen,
308 1295 25 18 Ju
351 1295 82 17 starkare
454 1295 51 18 detta
524 1295 57 18 behof
593 1297 25 20 är,
634 1295 51 18 desto
701 1300 81 13 varmare
798 1295 57 17 måste

98 1323 32 18 det
145 1323 116 22 naturligtvis
276 1323 86 18 omfattas
377 1323 20 18 af
410 1324 31 17 det
456 1324 62 17 lokala
532 1324 91 21 intresset,
637 1324 69 17 hvilket
716 1324 54 17 alltså
780 1323 28 18 till
818 1323 37 18 viss

99 1352 44 22 grad
159 1352 35 17 kan
210 1352 50 23 tjena
275 1358 39 12 som
330 1353 99 17 måttstock
443 1352 29 18 för
487 1353 89 17 bibanans
591 1353 100 22 betydelse.
721 1353 36 17 För
773 1353 27 17 sin
811 1358 44 17 upp-

99 1381 61 18 komst
181 1381 45 17 böra
245 1381 77 18 bibanor
341 1381 70 18 säledes
429 1381 6 18 i
450 1381 76 18 främsta
543 1383 78 16 rummet
638 1382 57 17 räkna
710 1381 24 23 pä
749 1381 34 18 den
796 1381 61 18 lokala

99 1409 34 18 och
148 1409 115 18 kommunala
278 1410 172 23 företagsamheten;
471 1416 41 12 men
528 1411 32 17 der
575 1411 60 17 denna
649 1410 97 18 förefinnes
761 1410 33 17 och
810 1410 47 23 isyn-

169 1445 191 23 Jernvägsutskottets
372 1446 117 18 betänkande
501 1447 36 17 N:o
549 1447 17 17 2.
