1020 1675
309 98 243 19 Petitionsbetänkande
564 98 36 18 N:o
612 98 32 19 32.
809 99 20 17 71

167 155 78 28 Enligt
261 154 129 22 Utskottets
406 155 101 28 läroplan
523 155 141 28 framskjutes
682 155 171 28 latinläsningen

98 190 35 21 till
148 190 30 21 kl.
196 189 40 21 IV.
266 189 45 21 Det
327 189 61 29 ledig
404 189 73 21 blefna
492 192 92 18 rummet
599 189 29 28 pä
642 189 30 21 kl.
688 189 81 22 1—III
787 188 66 30 fylles

99 224 24 21 af
143 224 85 21 timmar
251 222 34 22 för
307 223 27 21 de
352 223 71 29 begge
442 223 115 22 inhemska
577 223 101 29 spräken,
696 230 49 14 men
760 224 28 21 dä
803 230 49 14 man

99 258 49 22 icke
163 258 44 20 kan
222 257 58 28 hopa
296 257 74 21 alltför
384 257 79 29 mänga
478 257 87 22 timmar
579 257 29 29 pä
623 257 65 22 dessa
707 257 73 29 spräk,
799 258 54 20 nöd-

97 299 42 21 gas
155 299 49 13 man
220 291 55 29 fylla
290 294 140 18 tomrummet
443 291 50 21 med
508 292 114 28 opassliga
636 292 133 26 läroämnen,
781 292 72 21 såsom

99 326 186 28 naturkunnighet
300 325 41 21 och
357 326 100 20 historia.
482 326 55 21 Man
548 326 40 20 har
598 325 173 29 uppenbarligen
782 325 71 21 öfver-

99 360 46 21 flöd
166 360 30 28 pä
210 360 40 26 tid,
272 360 27 21 dä
316 367 49 13 man
382 360 24 21 sä
421 359 116 22 anordnar.
567 360 67 21 Hvad
649 359 153 22 modersmälet
816 359 37 21 be-

99 394 76 21 träffar
197 394 39 20 har
259 394 149 21 erfarenheten
432 394 65 26 visat,
520 396 32 19 att
570 394 186 28 undervisningen
771 393 7 21 i
794 393 59 21 detta

99 430 62 20 ämne
176 428 82 21 lemnar
273 430 31 19 ett
319 428 73 21 bättre
407 428 93 21 resultat
515 436 36 13 om
567 428 24 21 af
604 428 42 21 den
662 428 22 20 ät
701 426 153 23 modersmälet

98 462 108 29 anslagna
220 462 60 21 tiden
296 470 26 13 en
337 462 49 22 icke
402 462 77 21 alltför
495 462 75 29 knapp
586 462 35 22 del
636 462 44 22 kan
696 461 111 22 användas
825 461 28 28 pä

99 496 68 29 högre
189 496 92 26 klasser,
304 496 28 21 dä
354 496 75 22 eleven
451 497 24 21 är
490 504 59 14 mera
564 496 114 29 förmögen
694 498 32 19 att
742 496 55 21 fatta
812 495 41 21 den

99 531 116 26 litteratur,
232 538 47 14 som
293 530 156 22 modersmälet
463 530 40 22 har
519 533 32 19 att
562 530 96 29 erbjuda.
684 530 66 21 Hvad
760 530 47 21 äter
817 529 36 21 be-

99 565 76 22 träffar
198 565 36 21 det
257 565 67 21 andra
348 565 114 21 inhemska
484 565 91 28 spräket
595 565 23 21 sä
634 565 43 21 kan
691 572 50 14 man
756 564 43 27 väl,
818 571 35 14 om

99 607 49 14 man
164 599 39 22 har
218 599 44 28 god
277 599 39 27 tid,
333 599 63 28 börja
411 599 254 28 spräkundervisningen
676 598 48 22 med
734 598 119 29 någotdera

99 634 25 21 af
137 633 65 22 dessa
217 633 73 29 spräk.
314 633 53 22 Men
384 633 26 21 dä
426 633 97 22 hvarken
538 633 87 22 finskan
640 633 42 21 och
698 634 56 20 ännn
769 632 84 21 mindre

100 668 109 21 svenskan
224 669 38 20 äro
278 668 8 20 i
300 667 149 29 pedagogiskt
463 667 125 22 hänseende
602 667 106 29 lämpliga
722 667 73 21 säsom
809 673 44 14 ma-

99 702 63 21 terial
179 702 34 21 för
228 701 42 22 den
286 701 181 29 grundläggande
483 701 260 29 spräkundervisningen,
761 701 30 20 dä
805 700 26 21 de
846 700 7 21 i

99 736 61 21 detta
176 736 101 21 afseende
292 736 49 21 icke
355 736 77 21 kunna
446 736 105 28 jemföras
567 736 49 21 med
630 736 86 26 latinet,
731 743 47 13 som
793 734 61 21 dess-

100 773 60 18 utom
182 771 24 20 är
228 770 147 29 pedagogiskt
391 770 7 21 i
416 770 136 29 ojemförligt
567 770 68 29 högre
650 769 54 29 grad
719 777 59 14 mera
793 769 61 21 bear-

99 805 83 26 betadt,
198 804 24 22 sä
237 807 62 25 tager
316 804 263 29 spräkundervisningen,
594 805 28 20 dä
632 804 42 21 den
683 804 112 28 begynner
805 803 48 21 med

100 841 32 18 ett
147 838 83 22 mindre
246 838 100 29 lämpligt
357 838 73 28 spräk,
442 838 135 29 ojemförligt
589 846 59 14 mera
658 838 32 21 tid
701 838 34 21 för
744 836 110 23 vinnande

100 873 25 21 af
138 880 81 14 samma
234 872 49 22 mäl.
308 872 54 22 Men
378 880 29 13 nu
423 873 24 21 är
461 873 67 21 mälet
543 872 49 22 med
602 872 252 29 spräkundervisningen

100 907 7 20 i
130 906 155 22 bottenskolan
307 909 31 18 ett
361 906 47 22 helt
426 906 41 22 och
487 906 67 22 hället
569 906 117 29 praktiskt,
706 909 32 18 att
752 906 102 28 bibringa

100 941 101 28 praktisk
224 940 184 29 spräkfärdighet.
437 940 51 22 Den
510 940 181 30 grundläggande
710 940 145 28 spräkunder-

100 975 123 28 visningen,
240 982 46 14 som
301 975 71 21 hittils
389 975 146 29 undangjorts
551 975 29 28 pä
590 975 26 21 de
627 978 33 18 tre
670 975 60 29 lägre
740 974 115 21 klasserna

98 1009 60 21 skall
174 1008 84 22 säledes
275 1009 102 29 begynna
392 1009 29 29 pä
436 1009 30 21 kl.
483 1009 42 27 IV,
545 1009 67 22 sedan
635 1009 75 21 eleven
727 1008 68 22 redan
813 1008 43 21 läst

99 1043 36 21 för
155 1043 79 21 honom
255 1043 131 22 fremmande
402 1043 73 29 språk.
506 1044 39 21 All
561 1043 41 22 den
617 1044 40 26 tid,
673 1050 47 14 som
734 1050 79 21 genom
828 1049 27 15 en
874 1040 2 2 '

100 1077 84 29 oriktig
199 1077 123 29 anordning
336 1077 75 22 blifvit
426 1078 96 28 förspild
537 1078 28 28 pä
581 1077 166 22 bottenskolans
762 1076 92 27 klasser,

100 1111 58 22 skall
174 1119 28 14 nu
217 1112 126 21 ätervinnas
355 1112 29 28 pä
394 1112 85 29 lyceets
489 1112 92 22 klasser.
607 1110 88 23 Samma
704 1112 85 26 kurser,
808 1117 47 15 som

102 1146 71 21 hittils
192 1147 146 28 genomgätts,
359 1146 64 22 skola
443 1147 66 21 äfven
527 1146 116 22 framdeles
658 1146 136 22 medhinnas.
825 1143 30 22 Sä

99 1180 59 21 skall
174 1180 97 21 latinska
287 1180 118 22 formläran
421 1181 42 21 och
479 1183 108 26 syntaxen
602 1188 48 14 som
664 1180 71 22 hittils
747 1179 109 22 erfordrat

100 1215 15 20 4
130 1214 30 27 är,
176 1221 29 14 nu
219 1214 81 22 inläras
316 1215 29 28 pä
360 1215 72 21 ettär.
457 1215 113 22 Grekiska
581 1215 99 28 spräkets
692 1214 97 22 studium
799 1213 57 22 skall

101 1248 102 29 begynna
217 1249 29 28 pä
260 1249 30 20 kl.
305 1249 30 27 V,
350 1249 20 21 d.
386 1257 21 13 v.
424 1256 17 14 s.
457 1249 28 21 de
500 1249 105 29 grekiska
620 1249 109 22 formerna
744 1247 63 22 skola
822 1247 33 22 in-

101 1282 66 28 läras,
175 1283 74 28 innan
265 1283 75 21 eleven
356 1284 58 20 ännu
429 1283 79 22 hunnit
523 1283 69 22 blifva
607 1283 65 22 säker
685 1283 8 21 i
708 1283 38 22 det
760 1281 96 22 latinska

101 1317 102 28 språkets
226 1317 86 22 former.
345 1317 55 22 Man
422 1317 107 22 behöfver
550 1317 49 22 icke
618 1317 65 22 hafva
698 1320 47 19 stor
760 1316 95 29 pedago-

101 1349 52 29 gisk
168 1350 123 21 erfarenhet
306 1350 35 21 för
356 1353 34 18 att
404 1353 50 19 veta
469 1353 34 19 att
517 1358 28 15 en
560 1351 24 22 sä
598 1351 162 29 opsykologisk
778 1349 78 22 anord-

100 1384 56 29 ning
172 1384 56 21 skall
244 1384 150 22 åstadkomma
409 1392 27 14 en
451 1385 114 29 beklaglig
583 1385 119 29 förvirring
721 1385 6 21 i
744 1384 27 21 de
785 1391 71 22 ungas

171 1425 93 17 Allmänna
277 1425 160 18 Besvärsutskottets
448 1426 105 17 betänkande
565 1426 34 17 N:o
612 1426 27 17 18.
