1023 1681
201 115 13 21 6
389 114 241 23 Petitionsbetärkande
647 114 37 23 N:o
701 114 21 23 7.

174 171 172 22 Föreståndaren
360 172 39 21 bar
415 172 70 22 derför
500 172 56 22 varit
570 172 112 22 nödsakad
698 174 34 19 att
742 170 98 23 använda
850 170 88 28 mycken

174 206 32 21 tid
221 206 32 21 till
269 206 164 22 öfvervakandet
448 206 23 22 af
483 207 123 22 biträdenas
622 207 90 22 arbeten
728 206 41 21 och
783 205 27 22 då
820 205 43 22 han
874 211 64 21 gerna

174 241 86 26 önskat,
276 243 32 19 att
315 241 128 22 åtminstone
458 243 32 19 ett
505 241 100 22 kartblad
620 241 134 22 omfattande
770 241 28 20 23
814 238 125 27 gvadratmil

174 275 71 27 (land-
260 275 40 21 och
316 277 119 26 vattenyta)
451 275 109 22 kartlades
575 275 73 28 hvarje
664 281 101 20 sommar,
792 274 40 21 har
847 274 36 21 det
905 279 35 15 va-

175 309 29 21 rit
220 310 59 21 svårt
294 311 32 20 att
340 311 48 20 med
403 311 23 20 så
441 310 50 27 föga
505 310 144 27 försigkomne
664 310 101 21 biträden
786 315 46 15 som
855 307 85 22 studen-

176 345 34 20 ter
225 343 40 23 och
282 344 70 21 elever
367 344 34 22 vid
415 345 149 27 polytekniska
579 345 75 21 skolan
670 345 74 20 kunna
758 344 107 26 noggrant
889 342 51 21 kon-

177 377 89 22 trollera
280 379 191 27 rekognoseringen
494 380 28 26 på
545 381 31 19 ett
595 380 24 21 så
642 378 120 22 vidsträckt
784 377 93 26 område,
901 375 39 22 och

179 412 262 28 specialundersökningar
463 413 23 22 af
505 413 111 25 fyndorter
642 413 34 22 för
703 412 84 29 nyttiga
813 412 61 26 berg-
900 410 40 22 och

174 447 116 26 jordarter,
306 447 22 21 af
341 447 46 22 lösa
399 447 115 28 jordlager,
537 447 97 22 blottade
649 448 36 21 vid
700 447 113 27 pägäende
834 446 107 27 jernvägs-

176 480 129 28 byggnader,
328 481 46 22 icke
389 482 82 21 kunnat
485 482 131 22 verkställas.
646 482 131 21 Biträdenas
793 480 76 22 osäkra
883 479 58 22 ställ-

176 514 56 27 ning,
249 515 27 21 dä
292 516 26 21 de
334 518 38 19 när
386 523 46 15 som
447 517 56 21 helst
519 517 81 21 kunnat
615 517 106 25 aiskedas,
739 515 40 22 och
795 521 34 16 om
844 515 26 20 de
880 513 61 22 äfven

178 548 51 23 flere
239 550 25 21 är
279 551 64 26 egnat
357 550 32 27 sig
403 552 23 20 åt
441 551 89 26 arbetet,
546 558 45 15 som
608 551 109 27 sjelffallet
726 550 48 21 icke
790 551 25 20 är
825 549 22 21 af
855 549 87 21 lättaste

178 583 52 27 slag,
246 584 65 21 likväl
326 585 47 21 icke
388 585 122 28 härigenom
525 586 83 21 kunnat
617 585 103 22 förskaffa
730 585 33 26 sig
773 585 67 26 några
850 582 91 26 meriter,

178 619 37 20 äro
232 619 185 27 omständigheter,
433 626 46 15 som
494 621 108 21 verksamt
617 619 95 28 bidragit
722 619 34 21 till
771 620 33 19 att
813 618 63 27 ingen
886 617 56 21 velat

178 651 33 22 för
226 659 26 14 en
268 653 74 27 längre
357 654 30 21 tid
401 661 54 20 egna
471 655 32 26 sig
518 655 22 21 åt
555 654 210 27 undersökningen."

248 687 68 22 Dessa
330 689 40 20 och
385 688 100 23 liknande
501 689 165 27 anmärkningar
688 687 119 23 återfinnas
822 687 7 21 i
853 686 42 21 alla
917 685 26 22 de

179 721 125 22 utlåtanden
316 722 23 22 af
346 723 132 28 sakkunniga
488 730 106 21 personer,
606 723 72 22 hvilka
686 722 94 22 kommit
788 721 32 22 till
828 721 116 21 utskottets

178 755 128 23 kännedom.
330 757 45 22 Och
390 757 60 22 äfven
467 759 47 20 med
528 759 122 21 hänseende
664 757 33 22 till
710 757 42 21 den
762 756 95 25 slutsats,
868 761 45 15 som
924 753 22 22 af

180 789 48 22 dem
243 790 41 22 bör
302 791 82 28 dragas,
400 795 37 19 äro
453 793 51 21 hrar
518 793 130 27 Furuhjelm,
664 792 60 21 Wiik
740 791 40 22 och
794 790 90 26 Moberg
898 788 47 21 full-

178 823 92 28 komligt
285 831 56 16 ense.
370 827 11 21 I
395 827 33 21 sin
443 827 199 22 embetsberättelse
657 827 34 21 för
706 827 26 20 år
749 826 56 21 1880
820 826 72 25 yttrar
914 822 31 27 sig

184 858 40 21 den
240 859 153 24 förstnämnde:
411 862 37 25 ,sä
463 861 62 28 länge
540 862 72 21 landet
632 861 80 22 saknar
728 866 26 15 en
770 858 109 28 geologisk
894 857 52 27 byrå

180 893 49 20 med
244 893 42 22 fast
296 894 111 23 aflönande
424 898 56 19 samt
497 895 47 22 fullt
554 895 158 28 vetenskapligt
723 893 86 22 bildade
820 892 40 22 och
871 891 75 22 öfvade

180 927 108 27 geologer,
311 941 23 3 —
354 941 22 4 —
393 931 68 20 måste
477 929 83 23 arbetet
574 929 118 22 fortskrida
708 929 108 26 långsamt
826 926 40 22 och
876 926 70 21 lemna

180 961 86 27 mycket
281 962 64 28 öfrigt
360 965 31 20 att
407 964 86 22 önska."
523 964 111 22 Professor
648 963 60 22 Wiik
724 961 127 23 anmärker:
872 960 75 25 ,fram-

181 994 34 22 för
230 995 38 22 allt
284 1003 62 20 synes
362 998 35 21 det
412 999 80 26 nödigt,
508 1001 32 19 att
555 999 67 26 några
636 998 63 26 fasta,
724 995 108 23 ordinarie
847 994 100 28 tjenstbe-

181 1028 117 29 fattningar
313 1031 65 22 blifva
393 1032 112 27 inrättade,
528 1033 32 21 till
575 1032 73 22 hvilka
662 1032 70 22 sedan
752 1032 32 20 ett
807 1029 58 22 antal
888 1030 60 19 extra

182 1064 81 22 sådana
283 1065 55 22 efter
359 1066 66 22 behof
444 1067 72 22 kunde
538 1067 114 22 anslutas."
685 1065 47 22 Och
756 1064 54 22 efter
832 1065 32 20 att
885 1062 63 22 hafva

182 1098 123 28 framhållit,
329 1100 36 21 det
380 1101 26 22 de
421 1101 123 28 geologiska
558 1101 215 26 undersökningarna
788 1099 8 20 i
811 1097 91 22 Finland
916 1103 32 14 re-

182 1134 43 23 dan
240 1134 7 21 i
263 1135 40 22 den
318 1135 143 27 provisoriska
476 1136 40 22 oeh
531 1136 125 21 inskränkta
670 1135 65 25 form,
756 1133 61 22 hvari
832 1133 26 21 de
873 1131 75 22 hittills

182 1168 83 23 kunnat
280 1169 113 28 bedrifvas,
413 1171 46 21 icke
475 1171 54 21 varit
544 1172 52 20 utan
611 1168 161 28 vetenskapligt
786 1167 72 27 värde,
880 1165 69 27 tilläg-

183 1209 38 21 ger
235 1204 53 22 han:
313 1212 41 18 ,en
368 1207 68 20 större
451 1205 110 28 betydelse
576 1205 7 21 i
597 1203 160 27 vetenskapligt
780 1202 40 22 och
843 1200 107 28 praktiskt

183 1238 122 22 hänseende
320 1240 71 21 kunna
407 1240 26 21 de
449 1240 53 21 dock
517 1240 53 21 först
584 1245 77 21 genom
677 1236 125 23 inrättande
817 1236 23 21 af
853 1242 26 15 en
902 1240 48 21 geo-

185 1272 69 27 logisk
270 1273 52 28 byrå
343 1274 100 22 erhälla.*

254 1308 74 27 Enligt
352 1310 31 20 ett
397 1309 85 21 schema
497 1308 33 22 för
544 1308 36 22 det
602 1306 127 29 geologiska
750 1304 131 26 kartverket,
905 1309 46 15 som

184 1341 71 22 blifvit
270 1343 125 27 upprättadt
409 1343 35 21 vid
455 1342 165 28 bergsstyrelsen
631 1342 40 21 och
684 1340 63 22 äfven
758 1338 150 22 öfverlemnats
918 1336 33 22 till

185 1377 114 27 utskottet,
322 1378 68 21 skulle
405 1378 50 21 med
469 1377 121 22 nuvarande
605 1376 113 26 årsanslag
741 1373 99 27 omkring
864 1373 41 21 160
927 1372 25 20 år

185 1412 51 27 åtgå
251 1412 65 21 innan
332 1418 26 16 en
374 1412 172 27 öfversigtskarta
561 1411 59 21 öfver
634 1410 50 22 hela
700 1409 76 21 landet
794 1414 51 16 vore
868 1402 84 34 utarbe-

161 1447 2 3 *
186 1446 44 28 tad,
254 1447 40 21 och
310 1447 129 21 åtminstone
454 1448 31 20 ett
499 1446 57 22 sekel
572 1445 71 22 förrän
659 1443 121 29 parallelen
802 1442 23 22 af
845 1440 107 27 Uleåborg

256 1488 103 17 Allmänna
373 1487 177 18 Besvärsutskottets
562 1485 118 19 betänkande
694 1484 39 18 N:o
747 1483 17 18 7.
