1023 1678
203 109 14 20 6
335 103 282 28 Petitionsbetänkande.
633 121 28 4 —
675 109 42 22 N:o
732 108 35 22 29.

174 164 25 23 på
211 159 63 23 Åland
287 165 179 22 spanmålsinkomst
478 165 35 18 bör
526 165 24 24 på
562 165 89 24 lämpligt
659 167 37 16 sätt
705 165 99 18 förändras
813 165 30 18 till
851 168 27 15 ett
886 166 49 17 visst

175 193 41 18 från
235 193 64 22 hvarje
315 193 89 24 lägenhet
423 194 94 23 utgående
535 194 69 23 belopp
617 203 20 4 —
648 195 42 22 just
707 194 61 17 denna
786 195 73 23 vigtiga
871 195 53 16 förän

175 222 62 23 dring,
251 221 78 18 hvilken
348 222 77 23 mycket
438 223 30 17 väl
481 223 37 17 kan
532 223 78 23 bringas
623 223 29 17 till
665 222 55 17 stånd
733 227 30 12 om
776 223 35 17 ock
824 222 65 24 frågan
903 228 31 12 om

173 250 150 23 presterskapets
341 251 84 23 aflöning
438 252 5 16 i
457 252 63 22 öfriga
537 251 54 18 delar
606 251 63 18 blefve
681 251 94 18 beroende
787 251 31 18 till
830 251 105 21 framdeles,

174 279 72 23 hoppas
259 279 19 17 vi
291 282 27 15 att
330 279 31 18 det
373 280 56 17 ärade
441 279 142 18 Bondeståndet
592 282 117 21 gemensamt
717 279 35 17 vill
761 280 127 22 understödja.
910 279 23 17 Vi

174 307 77 18 anhålla
269 307 63 19 derför
344 310 27 15 att
383 308 34 17 hos
429 308 51 17 Hans
499 308 107 23 Kejserliga
625 309 86 22 Majestät
729 308 139 23 framställning
880 309 7 16 i
899 313 34 13 un-

174 336 124 23 derdånighet
310 337 62 17 blefve
383 337 55 22 gjord
447 337 64 16 derom
522 338 28 15 att
558 342 22 11 en
590 335 57 24 nådig
655 337 117 21 proposition
782 337 5 17 i
797 337 138 17 ofvannämndt

174 366 52 22 syfte
245 364 58 18 måtte
319 365 62 23 gifvas
393 364 31 18 vid
437 364 158 18 nästkommande
613 364 96 23 landtdag,
727 365 56 17 äfven
797 366 6 16 i
816 365 31 17 det
859 364 33 18 fall
905 366 30 16 att

174 393 51 18 Hans
237 393 86 23 Majestät
335 394 16 22 ej
365 393 70 17 täcktes
454 393 98 23 förelägga
570 393 105 17 Ständerna
693 393 112 18 förändradt
817 393 72 23 förslag
901 399 32 11 an-

174 422 73 23 gäende
260 422 172 23 prestaaflöningen
445 424 4 16 i
463 422 42 17 dess
518 422 69 18 helhet.

243 456 120 23 Helsingfors
375 456 35 18 den
423 457 11 17 4
447 456 89 18 Februari
550 456 49 18 1882.

220 503 25 17 J.
259 502 167 19 Hannuksela.
651 503 27 18 F.
696 503 30 17 W.
741 502 144 24 Lagerstedt.

242 617 45 23 Vid
301 617 157 29 granskningen
474 617 23 22 af
510 617 133 23 förestående
658 617 47 29 fyra
720 616 210 30 petitionsmemorial

173 652 38 21 har
226 652 105 21 utskottet
345 651 72 22 funnit
432 652 108 21 desamma
554 652 69 28 åsyfta
638 652 93 28 följande
747 651 106 22 ändamål:

242 686 25 27 a)
289 685 186 23 åstadkommande
494 686 24 22 af
536 694 26 14 en
581 687 92 21 revision
693 685 24 22 af
729 686 26 21 de
770 685 160 29 lagbestämnin-

172 727 43 22 gar,
231 720 75 22 hvilka
320 720 53 28 angå
388 720 149 29 skyldigheten
553 720 33 22 för
601 721 138 21 medlemmar
749 720 23 22 af
780 720 40 22 den
832 719 98 29 kyrkliga

172 753 151 29 församlingen
339 757 30 19 att
384 754 83 29 deltaga
482 755 32 21 uti
529 755 76 28 kyrko-
620 755 39 22 och
674 754 226 29 prestgårdsbyggnad;

241 789 23 27 0)
285 788 182 29 åvägabringande
485 789 23 22 af
527 789 136 29 stadganden,
679 788 110 29 åsyftande
806 788 124 22 industriela

172 823 157 28 inrättningars,
345 823 71 28 bolags
432 823 39 22 och
486 823 191 23 landthandlandes
693 823 196 28 skyldigkännande
899 825 32 19 att

172 857 84 28 deltaga
271 857 7 22 i
293 857 199 29 prestaaflöningen;

241 892 22 26 €)
278 891 149 29 upphäfvande
443 892 23 21 af
479 892 41 21 den
535 900 15 14 s.
564 892 21 21 k.
601 892 196 29 tiondespanmälen
808 891 7 22 i
826 887 103 26 Österbot-

171 928 37 20 ten
223 926 40 21 och
278 925 27 30 pä
321 919 68 28 Äland
405 927 52 21 eller
472 927 165 28 presterskapets
653 926 8 22 i
676 926 60 22 dessa
751 926 124 22 landsändar
890 929 40 18 rät-

171 959 69 30 tighet
255 962 31 20 att
301 960 68 22 såsom
385 960 75 29 bidrag
475 961 32 22 till
524 961 46 22 dess
585 961 92 28 afiöning
688 960 24 22 af
720 961 149 28 lägenheterna
879 968 51 21 upp-

170 995 52 21 bära
236 995 55 21 hvar
304 995 114 21 trettionde
433 995 54 28 skyl,
499 995 39 21 och
553 995 111 21 införande
675 995 106 22 derstädes
792 995 23 21 af
825 997 30 19 ett
865 995 65 28 lämp-

171 1028 66 30 ligare
253 1028 151 29 aflöningssätt,
420 1032 55 18 samt

241 1063 25 28 d)
283 1063 124 22 industriela
422 1064 151 29 inrättningars
589 1064 38 21 och
637 1063 191 22 landthandlandes
838 1063 90 29 skyldig-

171 1097 114 22 kännande
309 1100 31 19 att
362 1097 83 29 deltaga
459 1098 7 21 i
481 1106 158 21 gemensamma
661 1098 137 21 kommunala
819 1097 110 29 utskylder

172 1131 67 29 enligt
254 1132 37 21 det
305 1132 129 26 skattöretal,
451 1140 44 14 som
514 1132 36 22 vid
565 1132 214 22 kommunalstämma
797 1132 132 21 bestämmes.

241 1165 66 23 Hvad
329 1166 74 23 främst
426 1167 133 21 vidkommer
577 1167 41 21 den
637 1166 145 25 förstnämnda
796 1165 24 22 af
832 1165 97 22 ofvanan-

170 1199 61 22 förda
253 1201 93 28 punkter
369 1201 52 21 eller
443 1201 40 22 den
501 1209 45 13 som
566 1201 65 28 angär
645 1200 188 22 ästadkommande
847 1200 24 21 af
883 1199 46 22 full-

170 1233 99 30 ständiga
291 1234 129 29 stadganden
443 1235 129 22 beträffande
595 1234 110 29 byggande
725 1235 39 21 och
783 1234 111 22 underhäll
909 1234 24 21 af

170 1268 71 28 kyrka
257 1269 39 22 och
311 1269 114 28 prestgärd,
442 1269 23 22 sä
479 1274 23 17 är
518 1269 103 22 utskottet
638 1277 50 14 ense
703 1269 48 22 med
766 1269 164 29 petitionärerne

171 1302 80 27 derom,
267 1305 32 20 att
312 1303 97 29 gällande
424 1304 130 28 stadganden
570 1303 6 23 i
593 1305 72 20 ämnet
680 1307 35 18 äro
731 1303 7 22 i
753 1303 50 22 flere
815 1302 113 23 afseenden

171 1336 133 29 otidsenliga.
335 1337 136 22 Beträffande
487 1338 46 22 stad
548 1338 39 21 har
596 1337 123 29 Kejserliga
729 1337 149 28 förordningen
889 1337 40 22 den

170 1371 28 21 31
215 1370 58 22 Mars
290 1372 61 26 1879,
375 1372 108 28 angäende
505 1372 133 28 näringarna,
662 1370 91 30 upphäft
771 1371 40 21 den
826 1370 33 22 uti
873 1370 57 23 förut

170 1405 99 28 gällande
284 1404 149 30 författningar
445 1406 99 28 stadgade
553 1406 69 28 grund
631 1406 33 21 för
675 1405 125 29 deltagande
811 1404 33 23 uti
854 1405 75 29 kyrko-

170 1437 39 23 och
225 1439 224 29 prestgärdsbyggnad,
465 1440 66 28 enligt
546 1440 88 22 hvilken
649 1440 69 28 grund
734 1439 64 23 sädan
809 1439 120 29 skyldighet
