1014 1678
168 144 27 20 38
350 143 233 29 Petitionsbetänkande
603 146 35 21 N:o
657 145 33 22 13.

348 210 188 28 dervisningsspråk
560 213 37 19 och
621 218 24 13 en
665 212 145 25 organisation,
831 212 7 18 i
853 211 46 22 huf-

347 247 37 19 sak
403 247 217 24 öfverensstämmande
635 248 46 18 med
696 247 38 18 den
750 247 27 23 af
794 246 106 19 skolkomi-

348 280 31 21 ten
393 282 122 25 förordade,

141 314 45 17 eller
199 314 40 21 ock,

384 347 29 17 att
436 345 33 18 det
488 345 6 18 i
510 344 157 19 Fredrikshamn
690 344 109 24 grundade
818 344 82 23 privata

350 379 110 24 reallyceet
479 376 66 26 måtte,
561 379 7 19 i
583 379 61 19 likhet
659 379 46 19 med
720 378 54 19 hvad
785 375 114 27 förhällan-

349 413 32 19 det
397 414 25 17 är
437 413 45 19 med
493 413 52 24 flera
559 413 68 23 finska
639 413 84 24 privata
738 413 72 24 lyceer,
827 412 27 23 af
859 413 40 17 sta-

350 450 31 16 ten
396 447 88 24 krafligt
500 447 142 24 understöäjas
657 447 46 20 med
714 445 60 26 årligt
785 447 71 23 anslag
865 445 36 25 för

348 482 71 23 hvarje
435 482 6 19 i
457 482 124 19 verksamhet
596 483 92 18 varande
702 482 61 19 klass.

211 514 124 22 Helsingfors,
348 514 35 17 den
397 516 7 15 1
419 514 89 18 Februari
522 515 49 17 1882.

633 546 90 23 Frithiof
736 545 95 23 Neovius,

299 635 48 17 Till
365 635 138 23 Välloflige
520 634 225 23 Borgareständet!

210 680 8 17 I
232 685 71 13 samma
320 685 49 16 mon,
386 685 39 13 som
444 680 33 18 vär
495 680 38 18 tids
546 680 99 23 utvidgade
658 680 119 18 konkurrens
790 680 11 17 å
813 679 89 18 idkarene

141 710 20 16 af
172 709 23 17 de
208 708 100 23 praktiska
320 709 72 23 yrkena
404 709 55 17 ställt
471 709 35 18 allt
519 711 60 16 större
591 709 35 17 och
639 710 61 16 större
710 708 87 23 anspråk,
806 708 34 17 har
849 708 52 17 äfven

141 738 89 17 behofvet
242 738 20 17 af
274 738 143 22 undervisnings
429 738 92 18 anstalter
530 738 29 18 för
571 737 143 23 yrkesbildning
724 737 115 17 allmännare
848 736 54 18 fram-

143 766 58 18 trädt.
225 766 71 18 Genom
314 768 74 16 senaste
407 767 158 22 omorganisation
583 766 20 18 af
619 766 137 23 Polytekniska
771 766 97 17 institutet
882 767 21 15 är

142 800 77 13 numera
232 795 78 17 tillfälle
322 795 30 18 till
365 795 57 23 högre
435 795 128 23 fackbildning
575 795 50 17 inom
638 794 96 18 särskilda
746 794 20 18 af
777 794 55 18 dessa
843 794 59 22 yrken

143 824 53 17 äfven
209 824 6 17 i
228 823 43 18 värt
283 824 44 17 land
346 824 71 21 beredt,
430 829 41 12 men
487 824 29 17 för
529 825 28 17 ett
569 824 20 17 af
600 824 100 20 desamma,
713 822 86 18 handels-
812 822 34 18 och
858 822 45 22 köp-

142 852 125 22 mannayrket
285 854 21 16 är
322 852 60 23 nägon
401 852 132 23 undervisning
546 853 6 17 i
565 852 80 18 nämnde
657 852 77 18 institut
742 851 42 18 icke
793 850 111 18 annordnad

142 881 35 17 och
190 880 22 18 de
225 881 140 21 läroanstalter,
379 886 39 12 som
431 881 39 18 afse
483 881 64 18 direkt
559 881 107 23 utbildning
678 880 29 18 för
720 880 58 22 detta,
791 880 72 17 kanske
872 880 32 17 det

143 910 100 22 vigtigaste
255 909 21 18 af
287 909 22 18 de
322 910 101 22 praktiska
434 910 70 21 kallen,
517 910 104 18 inskränka
633 910 28 22 sig
673 909 31 17 till
718 910 66 16 tvenne
793 914 65 17 genom
868 908 36 23 pri-

141 940 32 16 vat
184 938 83 18 initiativ
286 938 100 18 tillkomna
399 939 52 22 lägre
463 938 148 18 handelsskolor
623 938 6 17 i
642 932 41 24 Äbo
698 938 35 17 och
748 937 100 23 Uleäborg.
869 936 35 18 Att

144 967 63 17 denna
218 966 50 18 brist
280 967 50 22 uppå
342 967 64 22 hvarje
420 967 57 23 högre
485 967 168 17 handelsläroverk
662 966 50 18 varit
721 966 50 18 såväl
781 966 29 17 för
818 965 86 18 handels-

144 995 76 18 ständet
232 995 58 22 sjelft,
304 1001 39 12 som
355 996 29 17 för
396 996 65 17 landet
476 996 6 17 i
495 996 42 17 dess
550 996 66 17 helhet
628 996 30 17 till
671 1000 48 16 men,
732 995 34 17 har
778 994 57 18 redan
848 994 55 22 länge

142 1024 69 17 insetts
224 1023 36 18 och
273 1024 40 17 ofta
325 1024 80 17 uttalats
419 1026 48 16 samt
479 1024 88 17 behöfver
583 1024 113 17 aldraminst
708 1023 6 18 i
727 1023 53 18 detta
792 1022 60 21 ständ,
866 1027 38 13 som

143 1053 50 17 inom
212 1053 29 22 sig
259 1053 71 18 räknar
349 1053 21 17 sä
388 1053 67 22 mänga
467 1053 20 17 af
498 1053 92 17 handelns
603 1053 97 20 mälsmän,
714 1053 86 16 närmare
813 1051 91 22 utlöggas.

144 1082 37 17 Det
193 1083 21 16 är
228 1081 54 18 äfven
296 1081 81 23 insigten
390 1082 71 20 härom,
474 1087 39 12 som
525 1081 78 18 förmätt
616 1086 22 12 en
651 1081 63 22 privat
726 1085 48 16 man,
783 1085 77 12 numera
879 1080 26 17 af-

143 1110 52 17 lidne
207 1109 126 19 Handlanden
346 1111 6 16 i
364 1110 107 18 Brahestad
483 1110 62 17 Johan
560 1110 85 17 Fellman
659 1109 29 18 till
703 1114 22 13 en
738 1109 29 18 för
780 1109 44 17 vära
836 1108 70 18 förhäl-

141 1139 69 17 landen
224 1139 83 22 sällsynt
319 1139 88 23 frikostig
426 1139 89 18 donation
528 1139 30 17 till
571 1138 72 18 förmån
656 1138 29 18 för
698 1139 29 16 ett
739 1137 166 18 handelsläroverk

142 1167 5 18 i
164 1167 56 23 sagde
234 1167 49 18 stad.

214 1196 30 17 Då
260 1196 22 17 de
299 1196 93 18 donerade
406 1196 73 18 medlen
492 1201 76 13 numera
580 1196 82 23 uppnått
675 1195 32 18 det
719 1195 68 22 belopp
800 1195 20 17 af
830 1199 23 13 en
866 1194 40 17 mil-

140 1225 34 22 jon
187 1225 59 21 mark,
261 1230 38 13 som
312 1225 21 17 af
344 1225 80 18 donator
437 1225 28 18 för
478 1225 117 18 läroverkets
608 1224 89 18 sättande
710 1224 6 17 i
729 1224 65 17 verket
807 1223 98 20 bestämts,

144 1254 34 17 har
191 1253 101 18 utlåtande
304 1254 20 17 af
336 1254 86 22 samtlige
435 1254 187 22 handelsföreningar
635 1253 5 18 i
653 1253 66 18 landet
731 1252 102 18 infordrats
842 1253 64 16 röran-

144 1282 23 17 de
180 1282 35 17 den
228 1282 97 18 blifvande
338 1282 146 18 läroanstaltens
494 1282 128 23 organisation
635 1282 29 17 för
677 1283 29 16 att
718 1283 96 15 motsvara
826 1280 16 22 ej
856 1280 50 17 blott

145 1311 34 17 den
193 1312 45 19 orts,
255 1311 77 17 hvarest
350 1311 107 18 densamma
475 1311 49 18 skall
537 1311 100 23 förläggas,
650 1312 47 15 utan
710 1310 54 17 äfven
777 1309 43 18 hela
832 1308 74 18 landets

144 1339 58 17 behof
213 1339 35 17 och
261 1339 100 17 intressen.
385 1340 70 17 Dervid
467 1340 34 17 har
514 1339 20 17 af
545 1339 53 18 desse
607 1339 122 21 enstämmigt
738 1338 86 20 uttalats,
836 1339 30 15 att
874 1342 32 12 an-

143 1368 69 18 stalten
231 1368 59 17 borde
302 1368 82 18 inrättas
397 1368 60 18 såsom
471 1369 28 17 ett
507 1368 57 22 högre
573 1367 157 18 handelsinstitut
744 1366 48 18 efter
806 1365 100 18 utländskt

144 1398 89 16 mönster.
258 1396 67 18 Denna
343 1396 49 23 åsigt
411 1397 34 17 har
463 1397 54 17 äfven
535 1396 21 18 af
572 1396 190 22 handelsföreningen
778 1395 6 17 i
797 1394 111 21 Brahestad,

145 1425 59 17 under
218 1425 57 17 hvars
288 1426 115 22 förvaltning
420 1426 68 17 fonden
501 1425 40 18 står
554 1426 34 17 och
601 1425 11 17 å
624 1424 78 18 hvilken
719 1424 77 17 skolans
814 1422 94 23 organisa-

144 1454 40 18 tion
198 1456 87 16 närmast
297 1454 114 22 ankommer,
425 1454 21 18 så
457 1454 75 23 mycket
543 1454 60 18 hellre
616 1453 104 21 omfattats,
734 1458 39 12 som
787 1452 54 18 ofvan
854 1451 55 23 påpe-

216 1491 110 20 Allmänna
341 1491 192 19 Besvärsutskottets
549 1490 128 20 betänkande
693 1490 39 19 N:o
748 1489 34 20 13.
