1023 1675
315 113 245 19 Petitionsbetänkande
571 112 38 20 N:o
621 113 32 19 32.
817 113 23 18 39

103 171 77 22 bifalla
203 170 32 22 till
261 170 157 22 ofvanberörda
443 170 183 28 genomgripande
648 171 171 27 reorganisation
842 170 23 21 af

103 205 244 22 elementarläroverken
370 205 7 20 i
399 204 98 27 Finland,
513 205 68 21 borde
594 205 67 27 jemte
675 204 152 23 bibehållande
841 204 24 22 af

103 240 43 22 den
169 239 124 21 nuvarande
315 239 182 27 läroverkstypen,
522 238 93 23 Senaten
631 239 118 22 anbefallas
765 242 31 19 att
811 241 51 25 taga

104 274 84 27 hänsyn
211 273 32 21 till
265 273 40 21 den
321 273 24 21 af
359 272 122 22 Ständerna
495 273 35 22 vid
548 275 53 19 1877
618 273 35 22 års
669 274 103 27 landtdag
787 272 77 29 gjorda

104 307 159 28 framställning
285 307 7 21 i
311 308 73 20 ämnet
399 309 56 19 samt
470 309 33 19 att
517 307 92 22 insända
626 309 41 26 1:0)
683 308 80 27 förslag
778 307 33 22 till
827 308 36 20 än-

102 341 66 28 dring
190 342 7 21 i
221 341 187 28 timfördelningen
431 341 34 22 vid
488 341 127 22 läroverken
634 342 33 21 för
683 344 32 19 att
730 341 22 22 åt
767 341 96 22 eleverne

103 375 37 22 vid
164 376 109 21 desamma
294 375 80 22 bereda
389 375 112 28 möjlighet
516 375 32 22 till
564 376 150 21 förvärfvande
729 376 24 21 af
766 374 97 29 förmåga

102 412 36 20 att
159 410 47 21 fritt
228 410 98 28 begagna
347 410 84 21 landets
454 410 70 21 andra
546 410 111 21 inhemska
676 409 116 29 tungomål,
809 411 55 21 samt

106 445 44 28 2:0)
173 444 82 28 förslag
273 443 111 29 angående
399 444 114 28 tillökning
528 444 6 21 i
550 445 81 21 antalet
647 444 24 22 af
684 445 97 21 läroverk
796 445 7 20 i
819 443 44 22 lan-

105 479 37 22 det
154 479 50 21 med
214 478 64 21 finskt
288 477 229 29 undervisningsspråk
528 479 34 21 för
572 477 59 23 såväl
641 485 75 21 gossar
727 485 45 15 som
782 477 81 22 flickor.

175 513 71 21 Sedan
255 513 41 21 den
305 520 16 14 s.
330 513 19 20 k.
359 511 123 29 skolfrågan
490 512 92 22 sålunda
589 512 124 29 genomgått
721 513 42 21 alla
771 511 94 22 nämnda

104 547 109 22 instanser
229 547 39 22 och
281 547 157 27 handlingarna
447 547 45 21 deri
501 547 69 22 blifvit
578 547 33 21 till
621 547 244 22 Ministerstatssekrete-

105 589 65 14 raren
192 582 34 21 för
248 582 90 21 Finland
361 581 134 27 öfversända,
515 582 136 21 meddelades
666 582 31 21 uti
713 581 151 22 Statssekrete-

104 616 76 22 riatets
204 616 109 21 skrifvelse
336 616 24 21 af
374 616 40 21 den
430 614 34 26 ?/19
480 616 119 21 December
616 617 51 20 1881
685 616 33 21 till
733 615 131 27 Generalgu-

103 652 107 20 vernören
234 650 58 21 öfver
314 650 80 25 landet,
418 652 33 19 att
474 649 28 22 då
524 650 61 21 Hans
607 650 120 28 Kejserliga
742 648 123 30 Majestät
854 644 16 39 i

105 684 73 22 Nåder
203 683 49 22 låtit
277 684 32 28 sig
335 684 126 28 föredragas
485 684 118 22 Ekonomie
626 685 185 27 Departementets
834 683 31 21 uti

105 718 54 22 Dess
176 718 66 22 Senat
258 719 33 21 för
305 718 91 22 Finland
411 717 151 29 underdåniga
576 718 110 22 skrifvelse
701 718 24 22 af
735 718 39 22 den
786 719 11 19 5
810 718 55 21 före-

103 752 85 29 gående
204 753 51 28 Maj,
272 752 111 28 angående
397 752 153 29 förändringar
566 754 6 20 i
588 752 255 22 elementarläroverkens
858 751 6 21 i

106 787 74 22 landet
195 787 146 28 organisation
357 787 40 21 och
413 787 118 28 placering,
546 787 57 21 hade
617 787 60 21 Hans
688 786 121 29 Kejserliga
819 786 45 21 Ma-

100 822 70 27 jestät
192 822 71 31 täckts
281 822 6 20 i
307 820 73 22 Nåder
395 821 104 26 förklara,
515 823 32 20 att
562 820 77 29 frågan
656 829 33 14 om
706 822 40 20 den
762 821 23 21 af
799 820 64 21 Sena-

106 857 36 20 ten
164 855 123 28 föreslagna
310 855 183 28 genomgripande
516 855 154 28 förändringen
693 856 24 21 af
737 855 36 21 det
795 855 70 21 finska

104 889 151 22 skolväsendet
269 889 68 22 skulle
352 890 34 21 för
401 889 36 22 det
451 890 136 21 närvarande
602 890 94 26 förfalla;
713 897 48 14 men
773 889 89 22 emedan

107 923 26 22 de
148 924 24 21 af
185 924 103 21 Finlands
304 924 92 21 Ständer
411 924 35 21 vid
461 926 73 20 senast
549 923 73 22 hållna
637 924 103 28 landtdag
756 923 110 28 angående

106 958 103 21 skolorna
225 958 126 22 framstälda
367 957 162 29 önskningsmål
544 961 71 25 syntes
631 959 94 28 förtjena
739 957 80 28 Nådigt
835 957 30 22 af-

106 992 79 22 seende
207 995 56 19 samt
285 992 68 29 några
376 993 35 21 det
429 992 70 22 finska
514 993 149 22 skolväsendet
677 993 7 21 i
699 993 65 27 öfrigt
779 991 88 28 partielt

106 1025 130 23 vidlådande
252 1027 77 22 brister
344 1027 71 21 kunde
430 1027 94 22 behötva
542 1027 113 28 afhjelpas,
671 1027 55 22 hade
741 1027 60 21 Hans
816 1026 50 27 Kej-

107 1061 79 28 serliga
201 1061 102 28 Majestät
317 1061 56 22 velat
388 1061 65 22 hatva
467 1061 94 22 Senaten
577 1061 110 22 anbefaldt
703 1063 32 20 att
750 1061 48 21 med
813 1061 53 21 hän-

104 1102 42 22 syn
162 1095 18 28 ej
197 1095 91 22 allenast
303 1095 33 22 till
351 1095 132 23 Ständernas
500 1096 143 22 omförmälda
656 1093 160 31 önskningsmål
826 1095 40 21 och

104 1130 30 22 de
154 1130 75 27 lokala
251 1130 104 22 behofven
378 1130 7 21 i
408 1130 57 22 olika
485 1130 61 22 delar
561 1130 24 22 af
598 1130 73 22 landet
686 1130 108 22 äfvensom
810 1129 55 22 hvad

107 1164 228 28 Generalguvernören
359 1164 92 22 rörande
475 1164 156 22 dislokationen
655 1165 23 21 af
694 1164 127 22 läroverken
835 1163 31 21 uti

104 1198 69 22 saken
196 1200 75 26 yttrat,
293 1201 52 19 utan
368 1198 65 22 också
455 1198 34 22 till
512 1198 95 28 antydda
628 1199 78 21 brister
725 1199 7 21 i
749 1198 35 22 det
799 1197 68 22 finska

107 1232 161 22 skolväsendets
291 1232 124 22 nuvarande
437 1233 67 26 skick,
528 1232 55 29 ånyo
605 1235 51 25 taga
671 1233 66 21 saken
753 1231 68 23 under
836 1232 31 21 öf-

108 1266 135 28 vervägande
261 1269 56 19 samt
335 1267 33 21 till
382 1267 60 21 Hans
457 1267 103 27 Majestät
574 1267 109 21 inkomma
697 1267 49 22 med
761 1266 107 22 särskilda

108 1300 149 28 underdåniga
272 1301 81 28 förslag
368 1301 92 22 rörande
476 1301 57 22 blott
548 1300 81 22 sådana
644 1302 91 27 partiela
746 1300 121 22 förändrin-

106 1342 42 20 gar
161 1335 9 21 i
184 1334 103 23 Finlands
302 1335 145 27 skolväsende,
462 1342 48 16 som
525 1337 97 20 närmast
636 1342 49 16 vore
701 1335 25 22 af
738 1334 131 28 omständig-

107 1369 92 22 heterna
213 1368 121 28 påkallade.

177 1443 97 17 Allmänna
285 1443 162 18 Besvärsutskottets
458 1444 106 17 betänkande
576 1443 35 17 N:o
624 1443 27 17 18.
