1014 1678
300 113 243 19 Petitionsbetänkande
556 113 37 18 N:o
606 113 28 18 17.
798 113 21 18 13

86 171 55 18 ställa
160 171 55 22 högre
233 172 23 16 än
273 171 7 17 i
298 172 69 17 statens
379 171 65 22 skolor,
459 171 72 18 emedan
543 171 124 22 inrättningen
679 171 31 18 till
723 171 56 18 större
792 169 50 18 delen

87 200 40 18 med
139 199 39 18 dem
190 199 58 18 skulle
260 199 120 18 underhållas.
404 199 35 18 Till
456 199 107 23 fullständig
576 199 83 23 årsafgift
671 199 100 18 bestämdes
785 198 57 18 derför

87 229 34 18 100
132 228 30 18 mk
175 228 32 17 och
219 227 30 18 till
261 227 130 24 halftårsafgift
403 229 23 17 50
438 228 36 17 mk.
493 228 115 18 Direktionen
623 228 58 17 kunde
695 227 99 18 emellertid
804 227 38 17 icke

86 257 39 18 helt
143 257 32 17 och
193 256 58 18 hållet
265 256 40 18 från
317 257 87 17 ernående
417 257 19 17 af
447 262 21 12 en
481 257 54 22 högre
547 256 84 23 bildning
643 256 79 17 utesluta
735 255 21 18 de
769 255 42 18 barn
825 255 19 18 af

86 285 97 18 medellösa
201 285 93 20 föräldrar,
313 285 70 17 hvilkas
401 285 106 18 modersmål
523 287 20 16 är
559 285 75 18 finskan.
659 285 64 18 Derför
735 284 68 18 beslöts
815 284 28 17 att

85 319 22 12 en
120 313 85 23 fjerdedel
218 313 19 18 af
247 313 108 18 elevantalet
367 313 59 18 kunde
439 313 18 18 få
469 313 70 18 inträde
552 319 37 12 som
604 313 87 18 frielever.

156 342 80 17 Uaktadt
254 342 73 17 skolans
345 343 47 16 ännu
405 342 65 17 osäkra
482 342 72 17 framtid
568 342 32 17 och
613 342 22 17 de
647 342 48 22 höga
708 340 96 24 afgifterna
817 340 25 18 af-

87 370 49 18 höllo
154 370 65 23 många
237 370 89 18 föräldrar
343 370 39 18 från
401 371 27 17 att
444 370 56 18 sända
513 370 39 18 sina
564 370 44 18 barn
622 370 36 22 dit,
670 369 104 24 godkändes
787 369 56 17 likväl

86 399 30 17 vid
128 399 160 18 inträdesförhöret
300 399 32 17 och
345 399 70 22 intogos
424 399 5 17 i
439 399 63 17 skolan
511 400 22 17 27
542 399 62 22 elever,
617 399 61 17 hvilka
687 400 30 16 äro
725 398 70 17 bemma
803 397 39 18 från

87 427 82 23 Wiborgs
189 427 40 18 stad
242 429 46 16 samt
301 427 88 23 Wiborgs,
402 427 27 18 S:t
441 427 94 21 Johanne-,
549 427 27 18 S:t
591 427 87 21 Andrex-,
697 426 96 19 Kivinebb-
811 425 32 18 och

86 455 62 18 Mohla
161 455 80 18 socknar.
259 456 46 17 Hela
317 455 149 24 terminsafgiften
479 456 33 17 har
524 456 67 23 erlagts
604 456 19 17 af
632 457 21 17 13
663 456 62 20 elever,
735 455 61 18 halfva
805 454 38 19 af
835 450 12 34 8

85 485 59 18 elever
156 485 32 17 och
201 490 37 12 som
250 484 81 18 frielever
343 485 53 17 hafva
408 485 76 22 intagits
493 485 15 18 6.
527 485 55 22 Ingen
591 484 51 18 torde
651 484 68 17 säledes
728 483 78 21 betvifla,
816 484 27 17 att

87 513 50 18 detta
149 513 91 18 läroverks
252 513 103 18 inrättande
368 513 31 18 har
412 513 86 23 päyrkats
511 513 20 18 af
541 513 85 23 billighet
641 513 32 18 och
686 513 19 17 af
716 518 21 12 en
750 511 92 22 ömmande

86 541 51 18 brist.
161 542 87 17 Försöket
260 542 33 17 har
305 542 50 20 visat,
369 543 28 16 att
408 541 30 18 det
451 541 15 23 ej
479 542 51 17 torde
542 542 77 17 behöfva
631 541 65 21 frukta,
709 542 28 17 att
749 541 38 17 lida
796 540 46 18 brist

87 571 23 22 pä
122 571 62 22 elever,
197 571 47 17 blott
256 571 39 18 dess
307 571 73 17 framtid
392 576 22 12 en
426 571 48 22 gång
487 572 19 17 är
518 571 101 17 säkerstäld
631 571 32 17 och
676 570 97 23 afgifterna
782 569 59 18 kunna

87 599 70 20 sänkas,
176 599 69 18 hvilket
263 599 20 18 sä
301 599 70 23 mycket
389 605 36 12 mer
441 605 41 12 vore
495 599 39 18 med
547 599 86 22 billighet
645 597 196 20 öfverensstämmande,

86 633 39 12 som
137 627 21 18 de
169 627 52 18 flesta
236 627 94 23 lärjungar
345 628 51 17 skola
411 633 48 18 yppa
471 628 28 23 sig
511 627 39 18 frän
563 627 125 18 landsorterna
701 627 34 18 och
747 627 52 17 deras
811 631 31 12 un-

87 656 70 17 derhäll
169 657 27 16 uti
209 656 63 18 staden
283 656 89 18 erfordrar
384 658 49 16 stora
445 656 102 17 kostnader.

156 684 36 18 Det
205 686 19 16 är
236 684 27 18 för
275 685 37 22 mig
325 684 78 23 onödigt,
418 686 27 16 att
458 685 30 17 vid
501 685 50 17 detta
562 684 75 18 tillfälle
649 684 28 18 för
689 684 31 18 det
732 683 109 19 hedervärda

88 713 72 18 ständet
175 713 66 23 belysa,
260 713 33 18 den
305 713 70 23 vigtiga
387 713 89 23 funktion,
489 719 38 12 som
539 714 78 22 gvinnan
629 713 6 17 i
647 713 41 17 värt
700 712 96 18 samhälls-
810 711 32 18 och

87 742 92 23 familjelif
194 742 37 18 fått
248 742 27 22 sig
287 742 104 18 anförtrodd
404 742 6 17 i
423 742 89 23 egenskap
526 742 19 18 af
555 742 77 18 barnens
644 742 153 22 uppfostrarinna,
810 740 31 18 och

87 770 76 23 påpeka,
181 770 72 18 hvarför
271 776 21 12 en
311 770 60 23 högre,
389 770 23 23 pä
424 770 88 18 nationell
525 770 58 23 grund
595 770 81 21 baserad,
689 770 83 22 bildning
784 771 20 16 är
815 769 28 17 för

86 799 79 23 qvinnan
183 799 39 17 lika
239 799 144 23 oundgängligen
401 799 103 23 nödvändig
517 804 36 12 som
565 799 28 17 för
604 804 81 15 mannen,
699 804 27 12 om
739 798 40 18 vårt
791 798 51 18 lands

87 828 58 17 finska
157 828 74 17 talande
245 827 112 23 befolkning,
372 828 57 17 säsom
441 828 18 17 vi
472 828 37 17 alla
522 828 73 22 hoppas,
609 828 46 17 skall
667 828 61 17 kunna
741 827 62 22 intaga
815 826 27 18 sin

87 856 92 23 naturliga
191 857 33 17 och
236 856 19 18 af
265 857 88 17 rättvisan
366 856 83 18 anvisade
462 857 54 22 plats.

156 885 80 17 Emedan
255 885 126 23 befolkningen
399 885 6 17 i
425 885 83 23 Wiborgs
523 885 47 22 stad,
584 886 75 17 likasom
671 886 27 17 uti
711 885 84 22 Wiborgs
807 884 35 20 län,

87 914 20 17 är
120 914 38 18 helt
170 914 33 17 och
215 914 58 17 hållet
284 914 125 22 finsktalande,
422 914 73 18 emedan
508 914 58 17 finska
578 914 73 22 språket
663 916 19 16 är
694 914 110 23 gemensamt
816 912 27 18 för

88 942 37 18 alla
142 942 70 18 klasser
230 942 32 18 och
281 942 135 18 nationaliteter
434 942 93 18 derstädes
543 943 32 17 och
587 942 96 18 förmedlar
695 942 52 18 deras
759 942 84 18 inbördes

87 971 89 23 beröring,
189 971 74 18 emedan
275 977 21 12 en
308 971 28 18 för
348 971 115 18 meddelande
477 972 20 17 af
503 972 55 22 högre
565 972 84 22 bildning
655 972 62 17 afsedd
723 970 120 24 finskspråkig

87 1000 172 17 fruntimmersskola
271 1000 38 17 icke
322 1002 47 15 ännu
381 1000 62 21 finnes,
456 1000 74 17 emedan
543 1000 31 17 vär
584 1000 45 17 enda
639 1000 150 23 svenskspräkiga
795 1000 48 17 frun-

87 1028 132 17 timmersskola
232 1029 19 16 är
263 1028 87 23 öfverfyld
362 1029 33 17 och
407 1029 38 17 icke
457 1029 37 17 kan
506 1029 97 22 tillgodose
615 1029 58 17 länets
685 1029 92 22 egentliga
786 1028 57 17 finska

87 1057 73 17 talande
172 1056 113 23 befolknings
297 1057 150 22 bildningsbehof,
464 1057 33 18 och
510 1057 72 18 emedan
595 1059 68 16 statens
679 1057 99 23 tillgängar
790 1056 53 18 hafva

87 1085 52 18 räckt
155 1085 31 18 till
204 1087 29 16 att
247 1085 137 18 subventionera
396 1091 21 13 en
430 1086 174 17 fruntimmersskola
616 1086 39 17 med
667 1085 110 18 främmande
789 1085 53 24 språk

87 1114 27 18 uti
127 1113 78 24 Wiborg,
218 1114 55 23 vägar
283 1114 31 23 jag
327 1114 78 22 anhälla,
418 1115 27 17 att
457 1114 32 18 det
502 1114 109 18 hedervärda
624 1114 72 18 ständet
705 1115 43 17 ville
758 1114 40 18 med
807 1114 36 23 mig

87 1142 62 18 förena
161 1142 29 23 sig
202 1148 28 12 om
243 1144 27 17 ett
282 1143 119 23 underdänigt
413 1143 156 22 petitionsförslag
580 1143 7 17 i
599 1143 30 18 det
641 1143 46 23 syfte

293 1180 26 14 att
336 1178 51 17 Hans
404 1178 97 22 Kejserliga
519 1178 86 22 Majestät,
622 1178 33 17 vär
669 1179 69 21 Nädige
749 1179 94 21 Storfurste

292 1201 7 16 i
311 1200 55 18 nåder
377 1201 40 17 ville
429 1201 19 16 ät
460 1201 33 17 den
504 1201 73 22 privata
584 1201 127 22 finskspråkiga
718 1201 125 21 fruntimmers-

292 1223 60 18 skolan
365 1224 7 16 i
387 1224 67 21 Wiborg
466 1224 90 17 bestämma
567 1226 22 15 ett
601 1224 103 22 statsanslag
716 1225 23 21 af
748 1224 59 22 2,500
815 1225 28 16 mk

292 1246 68 21 årligen
372 1247 32 21 för
421 1247 60 22 hvarje
499 1247 49 19 klass,
567 1252 26 11 om
608 1247 15 22 ej
639 1248 93 17 läroverket
743 1247 56 18 kunde
810 1247 33 18 helt

293 1270 30 16 och
334 1269 52 17 hållet
397 1269 116 18 underhållas
523 1269 37 17 med
572 1270 98 17 statsmedel.

155 1297 112 23 Helsingfors
280 1297 34 18 den
327 1298 22 19 30
361 1297 74 18 Januari
449 1299 51 17 1882.

667 1321 20 18 J.
701 1321 72 18 Häkli.

155 1342 8 18 I
176 1342 127 18 ofvanstäende
316 1342 155 23 petitionsförslag
483 1342 61 19 förena
557 1343 36 23 sig:

154 1376 28 18 M.
196 1376 102 19 Junnola.
357 1376 22 18 T.
391 1376 154 20 Laurikainen.
604 1377 20 19 J.
637 1377 136 24 Hyytiäinen.

155 1404 24 18 E.
191 1404 80 24 Pöysti.
358 1405 22 18 T.
392 1405 109 19 Jaatinen.
605 1406 26 18 K.
645 1406 116 18 Komonen.

155 1432 22 19 P.
191 1433 119 19 Auvinen''.

156 1467 95 17 Allmänna
263 1468 162 18 Besvärsutskottets
436 1469 105 17 betänkande
554 1468 34 18 N:o
601 1469 21 17 14
