1020 1675
298 116 248 23 Petitionsbetänkande
562 117 38 22 N:o
615 116 34 23 36.
808 118 12 20 3

164 186 28 16 att
207 185 31 17 det
252 185 58 18 finska
325 186 135 22 normallyceet,
475 186 20 18 så
510 186 53 23 länge
578 186 32 18 det
624 187 84 22 qvarstår
718 186 5 18 i
734 186 116 21 Tavastehus,

96 214 40 18 icke
151 214 35 17 kan
202 214 27 17 till
245 214 43 18 fullo
303 216 91 16 motsvara
407 215 28 17 sin
446 215 127 18 bestämmelse
583 215 59 18 såsom
653 215 161 23 bildningsanstalt
824 215 27 17 för

96 243 92 18 blifvande
204 243 66 21 lärare;

166 273 28 16 att
208 272 51 17 detta
273 272 111 17 förhållande
400 272 76 17 innebär
491 278 23 12 en
524 273 93 21 orättvisa,
628 278 39 12 som
678 278 38 13 mer
726 273 45 18 eller
782 273 70 17 mindre

97 300 75 17 hämnar
187 300 28 23 sig
229 301 23 22 pä
268 301 34 17 den
317 301 58 17 finska
390 301 72 20 skolan;

166 330 28 16 att
214 329 22 18 de
255 329 48 18 olika
321 330 159 23 normallyceerna,
495 330 29 18 för
539 330 90 18 vinnande
645 330 20 17 af
677 330 155 23 samstämmighet
847 330 5 17 i

98 358 122 17 lärometoder
234 359 33 17 och
283 359 112 18 bedömande
411 359 20 17 af
442 359 94 23 praktiska
550 359 85 24 läroprof,
651 360 56 17 borde
722 359 73 18 befinna
810 359 43 22 sig
842 354 15 34 i

99 393 69 11 samma
182 387 50 21 stad;

168 417 28 16 att
218 416 14 23 ej
257 416 68 17 mindre
344 417 63 17 skolan
427 418 23 16 än
469 417 92 18 blifvando
581 417 58 18 lärare
655 417 58 18 skulle
728 417 56 22 draga
797 417 57 17 fördel

100 445 52 17 deraf
171 447 28 15 att
221 445 145 18 lärarokandidat
388 447 57 16 sattes
465 446 5 17 i
490 446 71 17 tillfälle
581 448 28 15 att
629 447 50 17 såväl
700 447 23 22 pä
740 446 58 18 finska
816 451 38 12 som

101 474 77 17 svenska
193 473 41 18 öfva
249 474 27 22 sig
291 474 4 17 i
312 474 138 23 undervisning;

170 504 27 16 att
216 503 31 17 det
264 503 58 18 finska
341 503 140 23 normallyoeets
500 503 157 24 äterförläggande
678 504 27 17 till
725 503 75 18 hufvud-
822 503 34 18 och

102 531 186 18 Universitetsstaden
303 532 39 18 icke
357 532 36 18 kan
409 533 49 16 möta
473 533 103 22 synnerliga
591 533 118 22 svårigheter,
720 533 16 23 ej
747 533 57 17 heller
814 538 42 12 vara

101 560 118 24 förknippadt
234 561 41 18 med
290 562 105 22 betänkliga
409 562 107 20 kostnader;

170 590 60 18 kunde
246 590 49 17 finna
309 590 38 18 skäl
363 592 28 16 att
401 590 28 18 till
440 590 52 18 Hans
502 591 90 23 Majestät,
603 590 89 24 Kejsaren
703 591 33 18 och
746 590 112 19 Storfarsten

101 618 44 23 ingå
160 619 40 17 med
216 619 112 23 underdånig
343 619 135 23 framställning
493 625 29 12 om
538 620 32 17 det
583 620 58 17 finska
657 620 143 24 Normallyceets
810 620 48 17 åter-

102 648 88 22 flyttande
205 648 28 17 till
248 648 113 22 Helsingfors
376 648 33 18 och
425 648 118 23 förläggande
559 648 20 17 af
591 650 28 16 ett
634 649 70 23 vanligt
719 649 55 17 finskt
788 649 70 23 lyceum

103 676 28 18 till
147 677 117 21 Tavastehus,
281 679 46 15 samt
341 682 65 18 genom
422 677 64 17 remiss
502 678 28 16 till
546 678 91 17 allmänna
652 678 166 18 besvärsntskottet
833 677 26 17 in-

104 705 55 23 bjuda
174 706 58 22 öfriga
247 706 53 17 stånd
316 708 28 15 att
359 706 5 17 i
380 706 102 23 petitionen
498 708 42 21 taga
555 706 35 18 del.

173 740 113 24 Helsingfors
301 742 35 16 den
352 740 11 18 5
380 742 87 17 Februari
486 739 60 20 1882.

646 779 23 22 Z.
685 779 21 23 J.
722 778 70 23 Cleve.

176 877 82 27 Frågan
284 883 33 16 om
340 883 26 16 en
389 877 56 21 finsk
468 877 145 22 normalskola
635 878 6 21 i
664 877 85 22 landets
772 876 90 22 hufvud-

110 912 49 21 stad
184 914 22 19 är
229 912 43 21 lika
295 912 92 27 gammal
409 918 46 15 som
476 912 76 27 sjelfva
572 911 292 22 normalskoleinstitutionen

108 947 7 21 i
130 946 97 27 Finland,
243 947 7 20 i
265 949 23 25 ty
309 948 32 20 att
360 947 40 21 den
422 947 153 27 ursprungliga
590 947 77 28 planen
684 946 60 27 afsåg
760 948 32 20 ett
807 946 56 21 läro-

109 981 51 22 verk
183 981 49 22 med
255 981 60 22 såväl
338 981 55 22 finsk
417 988 46 15 som
487 982 79 22 svensk
589 981 114 28 afdelning.
740 981 125 22 Emellertid

109 1016 105 27 uppsköts
241 1016 133 22 inrättandet
397 1015 23 22 af
441 1017 42 21 den
506 1016 58 22 förra
587 1017 31 21 till
641 1017 23 20 år
688 1017 60 26 1867,
773 1015 28 22 då
824 1015 41 22 den

110 1051 110 27 öppnades
243 1051 49 22 med
315 1057 26 16 en
363 1051 67 26 klass,
454 1052 79 21 medan
556 1051 40 22 den
620 1051 93 22 svenska
732 1051 92 27 vidtagit
842 1050 24 21 år

112 1087 60 20 1864.
203 1086 49 21 Men
271 1087 66 21 redan
353 1087 23 20 år
393 1088 61 24 1869,
472 1086 56 22 efter
541 1086 56 22 blott
612 1088 78 20 tvenne
706 1087 34 20 års
756 1085 110 22 verksam-

110 1121 38 21 het
170 1121 85 27 tycktes
278 1121 27 22 de
327 1120 70 23 finska
418 1121 215 27 parallelklassernas
655 1121 85 22 framtid
762 1120 7 22 i
788 1120 79 27 högsta

111 1155 52 27 grad
177 1155 72 21 hotad.
280 1156 33 21 Då
323 1156 106 27 nemligen
439 1156 128 27 inspektorn
577 1156 32 22 för
620 1155 158 22 normalskolan
789 1155 79 21 ansökt

111 1196 35 15 om
168 1190 126 28 utvidgning
311 1191 7 21 i
337 1190 73 28 vanlig
431 1190 92 28 ordning
549 1190 22 22 of
590 1191 41 21 den
646 1190 69 22 finska
730 1190 137 26 afdelningen

111 1224 49 22 med
176 1230 26 16 en
218 1225 69 27 tredje
302 1225 65 27 klass,
383 1225 46 21 blef
442 1226 72 21 denna
529 1226 94 21 ansökan
639 1225 22 21 af
670 1225 120 28 Kejserliga
802 1224 66 22 Sena-

112 1261 36 20 ten
169 1259 102 28 afslagen.
301 1260 10 21 I
331 1259 53 29 följd
400 1260 62 22 deraf
476 1260 86 22 anhöllo
578 1260 165 22 Professorerna
757 1260 36 21 vid
808 1259 59 27 Kejs.

112 1294 299 22 Alexanders-Universitetet
430 1295 52 21 Otto
502 1294 66 28 Hjelt,
589 1294 22 22 C.
632 1294 24 22 G.
671 1301 19 15 v.
707 1294 75 26 Essen,
804 1294 25 21 G.
846 1294 22 21 Z.

112 1329 103 22 Forsman
234 1329 41 22 och
290 1329 38 22 Th.
345 1329 54 22 Rein
415 1331 57 20 samt
488 1330 58 22 Juris
562 1329 137 22 Kandidaten
713 1329 33 22 W.
763 1328 106 22 Lavonius

114 1364 40 21 och
177 1364 97 22 Doktorn
296 1364 23 22 P.
339 1364 111 22 Tikkanen
474 1370 35 16 om
529 1364 98 22 tillstånd
646 1365 32 20 att
696 1363 47 22 från
759 1363 74 28 början
850 1362 22 22 af

113 1398 129 22 hösttermin
258 1400 54 20 1869
329 1398 88 27 utvidga
433 1398 42 22 den
491 1398 70 22 finska
576 1398 135 27 afdelningen
727 1398 35 21 vid
776 1397 93 22 normal-

115 1433 75 22 skolan
206 1433 33 21 till
254 1439 27 16 en
296 1433 76 28 början
387 1433 49 22 med
453 1440 27 15 en
496 1433 70 28 tredje
581 1433 66 27 klass,
662 1433 118 28 hvarjemte
791 1432 79 23 sökan-

183 1472 104 19 Allmänna
299 1472 178 19 Besvärsutskottets
491 1473 116 18 betänkande
619 1473 36 18 N:o
667 1473 27 17 19.
