1023 1675
301 121 243 21 Petitionsbetänkande
556 121 39 19 N:o
607 122 32 18 32.
809 122 22 18 65

93 179 86 27 Kotka,
195 186 49 14 som
259 178 94 22 kommit
368 178 35 22 till
417 178 70 29 insigt
503 178 25 21 af
540 178 77 29 dylika
633 178 87 22 skolors
731 181 61 19 stora
801 186 53 21 gag-

95 214 104 29 nelighet.
237 213 31 21 Vi
290 213 54 28 vilja
369 212 122 30 ingalunda
516 212 145 28 underskatta
682 212 128 29 betydelsen
833 212 24 22 af

95 248 67 22 dessa
180 247 81 27 städer,
281 247 49 21 icke
349 246 68 22 heller
435 246 77 29 vigten
530 246 23 22 af
567 247 43 21 den
625 246 76 30 insigt,
716 246 34 22 till
765 247 90 22 hvilken

96 282 159 28 befolkningen
269 281 7 21 i
292 281 65 21 dessa
373 281 80 27 städer,
468 281 125 29 utgörande
607 281 145 21 tillsammans
763 281 92 22 emellan

96 316 14 21 3
126 316 43 22 och
184 316 57 21 4000
257 322 112 22 personer,
384 315 100 27 kommit,
498 322 50 14 men
563 322 46 22 nog.
625 322 65 22 synes
702 315 37 22 det
749 322 37 14 oss
797 315 58 21 dock

98 350 67 28 något
180 350 119 28 underligt,
314 356 35 14 om
365 349 187 29 tillgodoseendet
566 350 26 21 af
601 349 103 22 städerna
718 349 137 29 Nykarleby,

97 384 140 22 Mariehamn
252 384 43 22 och
309 384 89 21 Kotkas
414 384 97 28 anspråk
526 384 28 28 på
570 384 153 22 bottenskolor
739 384 57 22 skall
804 391 52 14 vara

96 421 34 19 ett
152 418 76 29 giltigt
251 418 48 22 skäl
321 418 36 22 för
375 426 27 13 en
424 418 189 29 genomgripande
636 418 175 30 reorganisation
834 418 25 21 af

98 452 108 22 Finlands
227 452 152 22 skolväsende.
409 452 46 22 Det
471 460 66 22 synes
552 453 113 29 underligt
680 460 35 14 om
731 452 43 22 alla
789 452 68 22 andra

99 487 75 22 städer
191 487 8 21 i
219 487 102 27 Finland,
345 487 76 21 hvilka
443 488 59 20 ännu
525 487 49 21 icke
597 487 84 21 kunnat
699 487 51 29 höja
769 487 35 29 sig
823 486 34 22 till

98 521 43 22 den
156 521 56 29 grad
228 521 25 21 af
264 521 76 29 insigt,
359 528 46 14 som
421 521 7 21 i
443 521 133 29 Nykarleby
591 521 42 21 och
649 521 78 21 Kotka
741 522 24 20 är
779 521 78 21 rådan-

98 556 36 27 de,
156 555 43 22 och
223 563 47 14 som
292 556 8 21 i
323 555 139 22 Mariehamn
481 555 69 22 håller
568 555 30 29 på
616 558 33 19 att
667 556 140 29 uppkomma,
822 563 35 14 om

100 590 44 21 alla
158 590 66 21 dessa
239 589 80 28 städer,
339 597 48 14 som
403 590 34 21 till
452 590 56 28 följd
525 590 24 21 af
562 591 34 20 sin
611 590 143 29 uppfattning
769 589 89 30 petitio-

100 626 62 19 nerat
177 631 36 14 om
229 624 139 27 latinskolor,
385 624 64 22 skola
460 624 153 29 lyckliggöras
631 625 50 21 med
697 624 160 27 bottenskolor,

100 666 36 13 om
155 658 76 21 hvilka
251 658 27 21 de
294 659 49 20 icke
358 658 150 29 petitionerat.
539 658 86 22 Dessas
641 658 95 29 anspråk
751 658 71 22 blifva
834 659 25 27 ju

100 692 29 21 då
146 692 51 22 icke
215 692 166 29 tillgodosedda
399 692 42 22 och
460 692 84 29 följden
563 693 70 20 måste
647 693 85 21 således
747 692 70 22 blifva
831 699 27 14 en

101 726 81 21 allmän
201 726 210 22 otillfredsställelse
427 727 7 20 i
449 727 83 26 landet,
551 727 142 28 naturligtvis
711 727 50 21 med
775 726 83 21 undan-

99 763 40 26 tag
158 761 25 21 af
199 761 147 21 innevånarne
361 761 8 20 i
385 761 104 21 städerna
506 761 131 28 Nykarleby
653 761 42 22 och
710 761 77 21 Kotka
803 763 56 19 samt

99 802 29 14 en
144 795 35 21 del
195 794 25 21 af
232 795 147 21 innevånarne
394 795 8 20 i
417 795 147 21 Mariehamn.

171 829 31 21 Vi
221 829 74 21 kunna
312 829 50 21 icke
380 829 67 29 lägga
465 829 43 21 den
524 830 82 20 största
621 829 63 22 delen
699 829 25 22 af
736 828 123 23 befolknin-

100 871 45 21 gen
160 863 8 21 i
186 863 49 21 vårt
254 863 52 21 land
325 864 34 20 till
374 863 45 22 last
434 866 33 18 att
483 864 43 21 den
541 864 50 21 icke
605 864 142 28 petitionerat
762 871 36 13 om
813 863 48 22 bot-

102 897 123 27 tenskolor,
247 900 53 18 utan
321 905 36 14 om
379 898 141 21 latinskolor.
549 898 80 22 Denna
647 898 135 22 sistnämnda
797 897 63 22 skola

103 933 25 20 är
149 932 96 28 gammal
267 932 43 22 och
332 932 122 28 bepröfvad
477 932 43 22 och
541 940 51 13 man
610 935 37 19 vet
662 932 58 22 hvad
735 932 42 22 den
792 932 69 28 duger

102 966 42 21 till.
167 966 165 22 Bottenskolan
347 967 24 21 är
387 966 99 22 deremot
501 966 122 29 nägonting
638 969 56 26 nytt,
710 966 42 22 och
766 966 38 22 det
818 974 43 21 nya

104 1000 44 21 kan
167 1000 36 21 väl
221 1000 47 22 ofta
286 1008 45 21 nog
349 1008 54 13 vara
417 1000 72 22 bättre
505 1002 28 20 än
548 1001 37 21 det
600 1000 79 29 gamla,
693 1008 50 14 men
758 1000 37 22 det
809 1000 53 22 hän-

102 1034 41 21 der
160 1034 175 22 understundom
355 1037 33 19 att
406 1034 38 22 det
461 1042 46 21 nya
525 1034 41 22 alls
585 1035 50 21 icke
653 1036 24 20 är
691 1035 72 22 bättre
777 1037 54 19 utan
845 1037 17 18 t.

103 1075 22 15 0.
140 1076 28 13 m.
184 1069 71 21 sämre
271 1070 28 19 än
314 1068 38 22 det
369 1068 79 29 gamla.
479 1068 119 22 Utskottet
619 1072 47 18 tror
684 1070 29 28 pä
731 1069 71 21 denna
819 1076 44 21 nya

104 1102 77 22 skolas
205 1102 158 29 förträfflighet
385 1103 42 22 och
450 1103 88 28 hoppas
557 1103 25 21 af
598 1103 125 22 densamma
741 1102 123 23 underbara

105 1137 141 28 verkningar.
277 1137 31 21 Vi
327 1137 98 21 deremot
439 1138 38 21 äro
493 1137 151 29 öfvertygade,
660 1140 31 19 att
707 1137 72 22 denna
794 1137 71 27 skola,

104 1178 38 14 om
157 1171 42 21 den
214 1171 74 22 blefve
303 1171 150 29 organiserad,
470 1171 52 22 icke
532 1172 57 21 skall
600 1175 111 18 motsvara
721 1171 27 22 de
759 1171 106 29 förhopp-

105 1205 87 28 ningar,
209 1212 48 15 som
271 1213 50 14 man
337 1206 63 21 ställt
414 1206 29 29 på
458 1206 134 27 densamma,
607 1209 53 18 utan
676 1205 115 23 framkalla
807 1205 58 22 otill-

105 1239 162 22 fredsställelse
285 1243 17 18 t.
317 1247 20 14 o.
353 1248 28 13 m.
397 1240 41 22 hos
458 1240 58 27 dem,
536 1247 47 14 som
598 1248 29 13 nu
643 1241 90 21 förorda
747 1247 28 14 en
791 1239 74 22 sådan.

106 1273 31 22 Vi
155 1273 86 29 grunda
257 1274 72 21 denna
343 1274 39 21 vår
398 1274 150 29 öfvertygelse
564 1274 28 29 på
607 1273 167 30 ifrågavarande
789 1273 76 22 skolas

105 1308 162 28 organisation.
296 1308 51 21 Den
367 1308 57 21 skall
440 1308 75 21 såsom
530 1309 67 21 redan
613 1311 87 19 namnet
715 1308 152 29 tillkännagif-

106 1349 39 14 ver
160 1349 54 14 vara
229 1349 27 14 en
271 1342 149 27 bottenskola,
435 1350 50 14 men
501 1343 49 21 icke
565 1343 58 21 blott
633 1343 35 20 för
678 1343 125 28 reallyceet,
813 1345 53 18 utan

105 1376 45 21 ock
172 1376 36 21 för
231 1376 38 21 det
290 1376 113 22 klassiska
425 1376 79 29 lyceet.
535 1377 55 22 Men
612 1377 43 21 den
677 1377 57 22 skall
755 1376 112 22 dessutom

106 1410 118 22 förbereda
243 1410 35 21 till
296 1411 86 21 inträde
400 1411 29 28 på
443 1411 119 28 praktiska
576 1411 164 27 lefnadsbanor,
756 1410 43 21 och
815 1410 53 21 slut-

177 1450 95 17 Allmänna
284 1451 160 18 Besvärsutskottets
454 1452 107 17 betänkande
572 1452 35 17 N:o
620 1452 28 17 18.

788 1485 11 17 5
