1020 1681
206 122 11 17 2
398 120 243 20 Petitionsbetänkande
653 121 38 19 N:o
703 121 18 19 5.

251 178 29 18 Då
293 185 24 12 nu
333 179 19 18 så
366 179 28 23 sig
408 179 86 18 förhåller
508 180 33 17 och
557 179 23 18 då
595 180 31 17 der
641 180 65 17 saknas
722 179 77 22 arbeten,
811 184 37 12 som
861 185 41 17 egas
914 178 20 18 af

183 207 80 18 enskilde
275 207 79 18 forskare
366 208 6 17 i
384 208 66 21 landet,
463 209 33 17 och
508 208 30 18 det
550 209 29 17 väl
592 209 38 17 icke
643 210 19 16 är
675 209 6 17 i
694 208 27 17 sin
734 207 75 23 ordning
821 208 28 17 att
857 207 74 24 mången

183 236 60 21 sådan,
257 236 53 18 hvars
322 237 81 17 enskilda
414 237 99 22 tillgångar
526 237 38 18 icke
580 237 61 18 tillåta
656 237 123 18 anskaffandet
791 236 20 18 af
821 237 55 17 större
889 236 43 18 bok-

183 265 102 23 samlingar,
303 265 58 18 derför
376 265 55 18 måste
445 265 73 18 försaka
534 271 20 13 en
569 266 40 20 bok,
626 271 21 12 en
659 266 54 21 källa,
727 271 36 12 som
775 265 34 18 han
823 265 110 23 nödvändigt

182 293 28 19 för
222 294 40 17 sina
274 294 113 23 forskningar
398 294 89 21 behöfver,
500 294 20 18 så
532 295 32 18 har
574 295 32 23 jag
617 296 46 16 trott
675 295 37 22 mig
727 294 43 18 böra
784 294 27 17 för
827 294 105 17 Ridderska-

183 323 30 22 pet
225 323 34 17 och
271 323 56 17 Adeln
340 323 94 18 framhålla
446 323 51 18 detta
508 323 103 24 beklagliga
623 323 112 18 förhållande
748 323 32 18 och
792 323 65 18 föreslå
869 329 20 12 en
901 329 32 11 un-

183 351 87 23 derdånig
288 351 74 23 petition
381 352 65 17 derhän
463 353 28 17 att
506 352 131 18 Bibliothekets
653 352 58 23 årliga
727 352 62 23 anslag
806 352 30 17 till
849 352 53 23 inköp
915 351 19 18 af

182 380 65 18 böcker
259 380 28 17 för
298 380 94 18 framtiden
407 381 56 18 måtte
479 381 49 22 höjas
543 381 30 18 till
588 381 104 23 tjugutusen
710 381 78 23 (20,000)
800 381 55 20 mark,
867 380 27 18 för
906 381 28 17 att

182 408 64 23 bringa
262 409 30 17 det
306 415 36 17 upp
354 409 6 18 i
370 409 103 23 jemnbredd
488 409 40 18 med
544 409 79 24 dylika
617 404 11 33 i
638 410 21 17 de
672 409 56 18 andra
743 409 155 21 kulturländerna;
913 410 20 21 ty

183 437 84 24 ovärdigt
284 439 19 16 är
320 438 31 17 det
369 444 28 12 oss
415 439 27 17 att
460 438 38 18 låta
516 439 115 23 utländingar
647 439 6 17 i
668 438 86 18 Finlands
771 438 45 17 enda
830 438 103 17 Bibliothek

183 467 56 17 sakna
256 466 120 19 framstående
393 467 46 23 verk,
459 467 33 18 och
504 467 7 18 i
523 467 108 22 läsrummet,
648 473 38 12 som
697 469 22 16 är
730 473 21 12 en
763 467 34 22 god
810 467 123 17 thermometer

182 495 28 18 för
222 495 127 24 läsgirigheten
362 496 32 17 hos
406 502 33 17 oss,
452 496 56 23 några
518 497 19 17 af
544 496 22 18 de
575 497 106 17 anseddaste
691 497 33 17 och
732 496 96 23 vigtigaste
838 495 96 18 utländska

182 524 107 21 tidskrifter,
302 524 57 19 såsom
371 531 23 12 nu
407 525 126 23 oundvikligen
546 525 56 18 måste
615 531 42 12 vara
669 525 58 18 fallet.

251 559 113 24 Helsingfors
375 560 34 18 den
421 561 21 18 29
454 560 75 18 Januari
543 561 48 18 1882.

644 595 88 18 Eduard
745 595 119 23 Hisinger*'.

339 658 56 23 »Till
407 658 35 19 det
454 658 138 23 högvördiga
604 658 176 19 Prestaständet.

252 704 60 17 Bland
326 705 135 22 vetenskapliga
474 705 87 17 anstalter
574 705 63 22 intaga
648 705 22 17 de
683 704 93 23 offentliga
787 704 109 18 biblioteken
908 709 26 12 se-

184 732 35 19 dan
237 733 90 18 urminnes
345 733 46 18 tider
406 735 27 16 ett
446 733 121 18 framstående
584 739 45 18 rum,
645 734 33 17 och
694 733 31 18 det
736 733 57 23 gifves
804 733 29 18 väl
846 733 88 22 knappast

184 761 55 23 nägot
251 761 61 24 längre
324 762 68 17 hunnet
404 762 47 21 land,
464 762 30 18 der
506 763 39 17 icke
557 764 26 16 ett
595 763 44 18 eller
651 763 56 17 annat
719 762 87 18 bibliotek
822 761 112 18 underhälles

184 790 20 18 af
218 791 60 17 staten
292 790 58 18 säsom
366 796 21 12 en
398 791 28 18 för
437 791 29 22 sig
477 791 96 18 bestäende
585 791 109 18 institution.
718 791 36 18 Det
765 792 20 16 är
797 791 38 17 icke
847 791 47 22 blott
905 796 29 12 ve-

184 819 162 22 tenskapsmannen
358 825 20 12 ex
390 819 78 23 professo
481 825 37 12 som
530 820 6 17 i
552 820 57 17 denna
625 820 69 18 anstalt
709 820 56 17 finner
781 819 21 18 de
816 819 66 23 nödiga
896 819 38 18 käl-

184 847 51 18 lorna
249 847 28 18 för
292 848 26 17 sin
334 848 97 23 forskning,
447 849 43 17 utan
506 849 71 21 enhvar,
593 854 37 13 som
645 849 24 22 pä
685 849 62 17 literär
762 849 35 22 väg
809 848 31 18 vill
853 848 42 17 söka
907 849 27 16 ut-

184 877 76 23 redning
276 877 19 17 af
308 882 22 13 en
344 877 57 23 fräga,
411 877 31 18 bör
454 883 42 12 vara
508 877 86 18 förvissad
607 883 28 12 om
648 878 28 17 att
688 877 34 18 här
733 877 49 18 finna
793 877 22 18 de
828 877 106 18 hufvudsak-

184 905 66 23 ligaste
261 905 69 18 medlen
343 906 66 17 dertill.

253 934 63 18 Fattas
334 935 188 18 nationalbiblioteket
538 941 38 12 som
593 941 21 12 en
630 935 57 18 sädan
702 935 31 18 det
745 935 72 22 andliga
830 935 58 17 lifvets
900 935 34 17 för-

184 963 137 21 rädskammare,
340 963 32 18 och
390 963 83 18 besinnar
487 969 41 12 man
543 964 46 17 huru
603 965 66 22 mänga
684 963 21 18 de
720 963 92 18 vetandets
823 969 63 17 grenar
898 965 36 19 äro,

184 992 72 17 hvilkas
273 991 68 19 frukter
359 992 53 18 sedan
431 992 123 18 ärhundraden
572 993 78 18 tillbaka
667 993 45 17 böra
729 993 33 16 här
780 993 56 16 finnas
852 992 82 21 samlade,

184 1021 47 17 skall
249 1026 42 12 man
309 1021 79 18 erkänna
403 1022 27 17 att
445 1021 30 18 det
490 1021 113 18 ekonomiska
616 1022 45 22 läge,
675 1021 51 18 hvari
738 1021 86 18 Finlands
837 1021 45 18 enda
893 1021 41 18 bok-

184 1049 83 23 samling,
286 1049 136 18 Universitetets
440 1050 91 18 allmänna
545 1050 94 21 bibliotek,
654 1050 80 18 befinner
749 1050 32 22 sig,
794 1051 20 16 är
825 1049 6 18 i
843 1049 37 23 hög
891 1049 44 23 grad

184 1077 186 19 otillfredsställande.
395 1079 35 17 För
451 1079 95 23 bokinköp,
569 1079 108 22 inbindning
700 1079 33 17 och
751 1084 84 17 expenser
852 1078 55 17 finnes
925 1078 11 17 ä

185 1105 137 20 Universitetets
335 1108 37 17 stat
384 1108 26 17 ett
423 1108 62 22 anslag
497 1108 19 17 af
526 1108 39 17 icke
577 1113 37 12 mer
623 1109 23 16 än
655 1108 53 21 6,000
717 1107 50 18 mark
777 1107 74 22 ärligen.
869 1107 66 18 Genom

184 1135 95 23 tillfälliga
297 1135 102 22 inkomster,
417 1136 98 23 utgörande
536 1136 196 23 inskrifningsafgifter,
753 1135 183 23 befordringsafgifter

184 1163 30 19 vid
233 1164 133 22 Universitetet,
379 1165 6 17 i
397 1158 39 25 Äbo
455 1165 39 18 stift
512 1165 32 18 och
560 1171 21 12 en
596 1165 28 18 del
639 1165 20 18 af
674 1165 71 23 Kuopio
759 1164 40 18 stift
810 1165 47 17 samt
868 1169 68 18 promo-

184 1192 123 24 tionsafgifter
326 1194 42 18 ökas
387 1194 82 23 anslaget
487 1194 40 18 med
541 1195 27 17 ett
586 1194 70 23 belopp,
669 1199 38 13 som
720 1194 35 17 kan
767 1193 6 17 i
786 1192 55 24 årligt
852 1192 84 18 medeltal

184 1222 108 22 uppskattas
307 1222 29 18 till
352 1223 51 20 2,225
417 1223 55 21 mark,
488 1223 32 17 och
536 1222 23 18 dä
570 1222 6 18 i
588 1222 85 18 förflutna
688 1222 47 18 tider
748 1221 85 21 enskilde,
845 1220 91 19 ömmande

184 1250 27 18 för
223 1250 32 18 det
267 1252 49 16 stora
331 1251 87 21 behofvet,
434 1251 74 18 donerat
522 1251 29 17 till
567 1251 39 17 dess
618 1251 81 23 fyllande
711 1250 63 21 medel,
787 1256 37 12 som
836 1250 60 23 uppgä
907 1249 29 17 till

184 1280 133 22 sammanlagdt
329 1280 69 23 kapital
410 1280 20 18 af
440 1282 62 18 93,160
514 1280 55 21 mark,
582 1280 81 23 tillflyter
676 1280 107 17 biblioteket
791 1278 77 18 derifrän
878 1284 21 12 en
910 1278 26 18 är-

184 1308 27 23 lig
222 1310 54 16 ränta
287 1308 19 18 af
317 1310 51 19 4,658
380 1309 54 21 mark,
446 1309 120 18 hvarförutom
579 1309 38 18 frän
630 1308 145 18 Arckenholtska
784 1308 107 18 donationen
900 1307 37 17 till-

184 1336 72 18 komma
271 1337 68 23 ärligen
355 1338 23 18 40
392 1338 55 18 mark.
470 1338 40 17 Men
527 1338 39 18 med
579 1338 33 17 allt
624 1338 51 17 detta
688 1336 62 24 nppgä
762 1336 21 18 de
795 1336 73 18 stäende
881 1336 55 17 ärsin-

184 1366 104 17 komsterna
299 1366 30 17 till
342 1368 63 16 endast
416 1366 30 18 vid
458 1372 40 17 pass
511 1367 63 20 12,923
585 1367 44 17 eller
640 1366 28 18 lät
681 1371 43 12 vara
737 1366 62 20 13,000
808 1365 55 21 mark,
872 1366 26 16 ett
907 1364 29 18 be-

184 1394 43 23 lopp
240 1400 38 12 som
290 1400 40 12 man
343 1400 65 18 ogerna
420 1395 32 17 vill
467 1396 64 16 nämna
541 1395 95 23 jemnsides
648 1394 41 18 med
702 1394 22 18 de
737 1394 67 22 anslag,
817 1399 37 12 som
866 1394 70 17 komma

184 1422 112 19 biblioteken
308 1424 29 17 till
350 1424 28 18 del
390 1424 6 17 i
409 1424 66 20 länder,
488 1423 38 18 med
539 1424 61 18 hvilka
611 1423 80 19 Finland
700 1423 43 23 eljes
753 1424 79 16 närmast
841 1422 33 18 kan
880 1422 55 23 jemn-

255 1458 92 17 Allmänna
363 1459 154 17 Besvärsutskottets
528 1459 102 17 betänkande
643 1459 36 17 N:o
692 1459 17 16 5.
