<?xml version="1.0" encoding="UTF-8"?>
<alto xmlns="http://www.loc.gov/standards/alto/ns-v3#" xmlns:xlink="http://www.w3.org/1999/xlink" xmlns:xsi="http://www.w3.org/2001/XMLSchema-instance" xsi:schemaLocation="http://www.loc.gov/standards/alto/ns-v3# http://www.loc.gov/alto/v3/alto-3-0.xsd">
	<Description>
		<MeasurementUnit>pixel</MeasurementUnit>
		<sourceImageInformation>
			<fileName>/tmp/tess_01gqawhb_input.PNG</fileName>
		</sourceImageInformation>
		<OCRProcessing ID="OCR_0">
			<ocrProcessingStep>
				<processingSoftware>
					<softwareName>tesseract 5.3.4</softwareName>
				</processingSoftware>
			</ocrProcessingStep>
		</OCRProcessing>
	</Description>
	<Layout>
		<Page WIDTH="1020" HEIGHT="1675" PHYSICAL_IMG_NR="0" ID="page_0">
			<PrintSpace HPOS="0" VPOS="0" WIDTH="1020" HEIGHT="1675">
				<ComposedBlock ID="cblock_0" HPOS="306" VPOS="109" WIDTH="523" HEIGHT="24">
					<TextBlock ID="block_0" HPOS="306" VPOS="109" WIDTH="523" HEIGHT="24">
						<TextLine ID="line_0" HPOS="306" VPOS="109" WIDTH="523" HEIGHT="24">
							<String ID="string_0" HPOS="306" VPOS="109" WIDTH="240" HEIGHT="24" WC="0.90" CONTENT="Petitionsbetänkande"/><SP WIDTH="17" VPOS="109" HPOS="546"/>
							<String ID="string_1" HPOS="563" VPOS="110" WIDTH="36" HEIGHT="22" WC="0.96" CONTENT="N:o"/><SP WIDTH="17" VPOS="110" HPOS="599"/>
							<String ID="string_2" HPOS="616" VPOS="110" WIDTH="37" HEIGHT="22" WC="0.96" CONTENT="24."/><SP WIDTH="164" VPOS="110" HPOS="653"/>
							<String ID="string_3" HPOS="817" VPOS="110" WIDTH="12" HEIGHT="20" WC="0.96" CONTENT="3"/>
						</TextLine>
					</TextBlock>
				</ComposedBlock>
				<ComposedBlock ID="cblock_1" HPOS="103" VPOS="167" WIDTH="770" HEIGHT="1338">
					<TextBlock ID="block_1" HPOS="103" VPOS="167" WIDTH="763" HEIGHT="858">
						<TextLine ID="line_1" HPOS="103" VPOS="167" WIDTH="756" HEIGHT="29">
							<String ID="string_4" HPOS="103" VPOS="169" WIDTH="76" HEIGHT="27" WC="0.96" CONTENT="gärder"/><SP WIDTH="15" VPOS="169" HPOS="179"/>
							<String ID="string_5" HPOS="194" VPOS="168" WIDTH="31" HEIGHT="21" WC="0.93" CONTENT="till"/><SP WIDTH="18" VPOS="168" HPOS="225"/>
							<String ID="string_6" HPOS="243" VPOS="167" WIDTH="127" HEIGHT="21" WC="0.91" CONTENT="hästafvelns"/><SP WIDTH="16" VPOS="167" HPOS="370"/>
							<String ID="string_7" HPOS="386" VPOS="167" WIDTH="143" HEIGHT="27" WC="0.96" CONTENT="befrämjande"/><SP WIDTH="16" VPOS="167" HPOS="529"/>
							<String ID="string_8" HPOS="545" VPOS="168" WIDTH="70" HEIGHT="21" WC="0.96" CONTENT="kunde"/><SP WIDTH="15" VPOS="168" HPOS="615"/>
							<String ID="string_9" HPOS="630" VPOS="168" WIDTH="76" HEIGHT="27" WC="0.96" CONTENT="bringa"/><SP WIDTH="16" VPOS="168" HPOS="706"/>
							<String ID="string_10" HPOS="722" VPOS="168" WIDTH="35" HEIGHT="21" WC="0.93" CONTENT="det"/><SP WIDTH="15" VPOS="168" HPOS="757"/>
							<String ID="string_11" HPOS="772" VPOS="167" WIDTH="87" HEIGHT="27" WC="0.92" CONTENT="derhän,"/>
						</TextLine>
						<TextLine ID="line_2" HPOS="103" VPOS="202" WIDTH="757" HEIGHT="26">
							<String ID="string_12" HPOS="103" VPOS="204" WIDTH="32" HEIGHT="20" WC="0.96" CONTENT="att"/><SP WIDTH="22" VPOS="204" HPOS="135"/>
							<String ID="string_13" HPOS="157" VPOS="202" WIDTH="74" HEIGHT="22" WC="0.96" CONTENT="värdet"/><SP WIDTH="16" VPOS="202" HPOS="231"/>
							<String ID="string_14" HPOS="247" VPOS="202" WIDTH="20" HEIGHT="21" WC="0.96" CONTENT="af"/><SP WIDTH="14" VPOS="202" HPOS="267"/>
							<String ID="string_15" HPOS="281" VPOS="202" WIDTH="71" HEIGHT="26" WC="0.96" CONTENT="hvarje"/><SP WIDTH="21" VPOS="202" HPOS="352"/>
							<String ID="string_16" HPOS="373" VPOS="202" WIDTH="49" HEIGHT="21" WC="0.95" CONTENT="häst"/><SP WIDTH="15" VPOS="202" HPOS="422"/>
							<String ID="string_17" HPOS="437" VPOS="203" WIDTH="6" HEIGHT="19" WC="0.96" CONTENT="i"/><SP WIDTH="16" VPOS="203" HPOS="443"/>
							<String ID="string_18" HPOS="459" VPOS="202" WIDTH="98" HEIGHT="22" WC="0.96" CONTENT="medeltal"/><SP WIDTH="16" VPOS="202" HPOS="557"/>
							<String ID="string_19" HPOS="573" VPOS="202" WIDTH="67" HEIGHT="22" WC="0.96" CONTENT="skulle"/><SP WIDTH="17" VPOS="202" HPOS="640"/>
							<String ID="string_20" HPOS="657" VPOS="202" WIDTH="51" HEIGHT="22" WC="0.96" CONTENT="ökas"/><SP WIDTH="16" VPOS="202" HPOS="708"/>
							<String ID="string_21" HPOS="724" VPOS="202" WIDTH="47" HEIGHT="22" WC="0.96" CONTENT="med"/><SP WIDTH="15" VPOS="202" HPOS="771"/>
							<String ID="string_22" HPOS="786" VPOS="202" WIDTH="74" HEIGHT="21" WC="0.96" CONTENT="endast"/>
						</TextLine>
						<TextLine ID="line_3" HPOS="103" VPOS="236" WIDTH="758" HEIGHT="28">
							<String ID="string_23" HPOS="103" VPOS="237" WIDTH="82" HEIGHT="22" WC="0.96" CONTENT="hundra"/><SP WIDTH="20" VPOS="237" HPOS="185"/>
							<String ID="string_24" HPOS="205" VPOS="237" WIDTH="66" HEIGHT="27" WC="0.96" CONTENT="mark,"/><SP WIDTH="16" VPOS="237" HPOS="271"/>
							<String ID="string_25" HPOS="287" VPOS="238" WIDTH="23" HEIGHT="21" WC="0.96" CONTENT="så"/><SP WIDTH="14" VPOS="238" HPOS="310"/>
							<String ID="string_26" HPOS="324" VPOS="236" WIDTH="56" HEIGHT="22" WC="0.93" CONTENT="hade"/><SP WIDTH="16" VPOS="236" HPOS="380"/>
							<String ID="string_27" HPOS="396" VPOS="236" WIDTH="119" HEIGHT="28" WC="0.92" CONTENT="derigenom"/><SP WIDTH="19" VPOS="236" HPOS="515"/>
							<String ID="string_28" HPOS="534" VPOS="236" WIDTH="266" HEIGHT="28" WC="0.91" CONTENT="nationalförmögenheten"/><SP WIDTH="15" VPOS="236" HPOS="800"/>
							<String ID="string_29" HPOS="815" VPOS="236" WIDTH="46" HEIGHT="22" WC="0.92" CONTENT="blif-"/>
						</TextLine>
						<TextLine ID="line_4" HPOS="104" VPOS="271" WIDTH="758" HEIGHT="28">
							<String ID="string_30" HPOS="104" VPOS="272" WIDTH="29" HEIGHT="21" WC="0.96" CONTENT="vit"/><SP WIDTH="15" VPOS="272" HPOS="133"/>
							<String ID="string_31" HPOS="148" VPOS="272" WIDTH="55" HEIGHT="21" WC="0.96" CONTENT="ökad"/><SP WIDTH="16" VPOS="272" HPOS="203"/>
							<String ID="string_32" HPOS="219" VPOS="272" WIDTH="48" HEIGHT="21" WC="0.95" CONTENT="med"/><SP WIDTH="14" VPOS="272" HPOS="267"/>
							<String ID="string_33" HPOS="281" VPOS="272" WIDTH="27" HEIGHT="21" WC="0.96" CONTENT="28"/><SP WIDTH="16" VPOS="272" HPOS="308"/>
							<String ID="string_34" HPOS="324" VPOS="271" WIDTH="96" HEIGHT="28" WC="0.96" CONTENT="miljoner"/><SP WIDTH="15" VPOS="271" HPOS="420"/>
							<String ID="string_35" HPOS="435" VPOS="272" WIDTH="66" HEIGHT="21" WC="0.93" CONTENT="mark."/><SP WIDTH="32" VPOS="272" HPOS="501"/>
							<String ID="string_36" HPOS="533" VPOS="272" WIDTH="94" HEIGHT="27" WC="0.89" CONTENT="Antager"/><SP WIDTH="16" VPOS="272" HPOS="627"/>
							<String ID="string_37" HPOS="643" VPOS="278" WIDTH="48" HEIGHT="15" WC="0.96" CONTENT="man"/><SP WIDTH="16" VPOS="278" HPOS="691"/>
							<String ID="string_38" HPOS="707" VPOS="271" WIDTH="71" HEIGHT="22" WC="0.96" CONTENT="vidare"/><SP WIDTH="16" VPOS="271" HPOS="778"/>
							<String ID="string_39" HPOS="794" VPOS="273" WIDTH="31" HEIGHT="20" WC="0.96" CONTENT="att"/><SP WIDTH="15" VPOS="273" HPOS="825"/>
							<String ID="string_40" HPOS="840" VPOS="271" WIDTH="22" HEIGHT="21" WC="0.96" CONTENT="af"/>
						</TextLine>
						<TextLine ID="line_5" HPOS="104" VPOS="305" WIDTH="757" HEIGHT="28">
							<String ID="string_41" HPOS="104" VPOS="307" WIDTH="82" HEIGHT="21" WC="0.93" CONTENT="landets"/><SP WIDTH="23" VPOS="307" HPOS="186"/>
							<String ID="string_42" HPOS="209" VPOS="307" WIDTH="91" HEIGHT="26" WC="0.92" CONTENT="243,000"/><SP WIDTH="22" VPOS="307" HPOS="300"/>
							<String ID="string_43" HPOS="322" VPOS="306" WIDTH="107" HEIGHT="22" WC="0.96" CONTENT="fullvuxna"/><SP WIDTH="18" VPOS="306" HPOS="429"/>
							<String ID="string_44" HPOS="447" VPOS="307" WIDTH="73" HEIGHT="21" WC="0.96" CONTENT="hästar"/><SP WIDTH="15" VPOS="307" HPOS="520"/>
							<String ID="string_45" HPOS="535" VPOS="307" WIDTH="96" HEIGHT="26" WC="0.93" CONTENT="omkring"/><SP WIDTH="18" VPOS="307" HPOS="631"/>
							<String ID="string_46" HPOS="649" VPOS="307" WIDTH="76" HEIGHT="26" WC="0.92" CONTENT="12,000"/><SP WIDTH="15" VPOS="307" HPOS="725"/>
							<String ID="string_47" HPOS="740" VPOS="308" WIDTH="36" HEIGHT="19" WC="0.93" CONTENT="äro"/><SP WIDTH="14" VPOS="308" HPOS="776"/>
							<String ID="string_48" HPOS="790" VPOS="305" WIDTH="71" HEIGHT="28" WC="0.91" CONTENT="lyxhä-"/>
						</TextLine>
						<TextLine ID="line_6" HPOS="105" VPOS="340" WIDTH="756" HEIGHT="27">
							<String ID="string_49" HPOS="105" VPOS="343" WIDTH="49" HEIGHT="24" WC="0.96" CONTENT="star,"/><SP WIDTH="24" VPOS="343" HPOS="154"/>
							<String ID="string_50" HPOS="178" VPOS="341" WIDTH="23" HEIGHT="21" WC="0.96" CONTENT="så"/><SP WIDTH="21" VPOS="341" HPOS="201"/>
							<String ID="string_51" HPOS="222" VPOS="341" WIDTH="91" HEIGHT="21" WC="0.95" CONTENT="återstår"/><SP WIDTH="15" VPOS="341" HPOS="313"/>
							<String ID="string_52" HPOS="328" VPOS="341" WIDTH="70" HEIGHT="21" WC="0.96" CONTENT="såsom"/><SP WIDTH="16" VPOS="341" HPOS="398"/>
							<String ID="string_53" HPOS="414" VPOS="341" WIDTH="145" HEIGHT="22" WC="0.96" CONTENT="arbetshästar"/><SP WIDTH="16" VPOS="341" HPOS="559"/>
							<String ID="string_54" HPOS="575" VPOS="341" WIDTH="57" HEIGHT="21" WC="0.93" CONTENT="öfver"/><SP WIDTH="15" VPOS="341" HPOS="632"/>
							<String ID="string_55" HPOS="647" VPOS="341" WIDTH="97" HEIGHT="26" WC="0.90" CONTENT="230,000;"/><SP WIDTH="18" VPOS="341" HPOS="744"/>
							<String ID="string_56" HPOS="762" VPOS="347" WIDTH="33" HEIGHT="14" WC="0.94" CONTENT="om"/><SP WIDTH="17" VPOS="347" HPOS="795"/>
							<String ID="string_57" HPOS="812" VPOS="347" WIDTH="26" HEIGHT="14" WC="0.94" CONTENT="nu"/><SP WIDTH="17" VPOS="347" HPOS="838"/>
							<String ID="string_58" HPOS="855" VPOS="340" WIDTH="6" HEIGHT="21" WC="0.94" CONTENT="i"/>
						</TextLine>
						<TextLine ID="line_7" HPOS="105" VPOS="374" WIDTH="756" HEIGHT="29">
							<String ID="string_59" HPOS="105" VPOS="375" WIDTH="71" HEIGHT="22" WC="0.91" CONTENT="stället"/><SP WIDTH="22" VPOS="375" HPOS="176"/>
							<String ID="string_60" HPOS="198" VPOS="375" WIDTH="32" HEIGHT="22" WC="0.96" CONTENT="för"/><SP WIDTH="23" VPOS="375" HPOS="230"/>
							<String ID="string_61" HPOS="253" VPOS="375" WIDTH="58" HEIGHT="22" WC="0.96" CONTENT="dessa"/><SP WIDTH="16" VPOS="375" HPOS="311"/>
							<String ID="string_62" HPOS="327" VPOS="382" WIDTH="76" HEIGHT="21" WC="0.96" CONTENT="genom"/><SP WIDTH="15" VPOS="382" HPOS="403"/>
							<String ID="string_63" HPOS="418" VPOS="382" WIDTH="26" HEIGHT="15" WC="0.93" CONTENT="en"/><SP WIDTH="15" VPOS="382" HPOS="444"/>
							<String ID="string_64" HPOS="459" VPOS="375" WIDTH="108" HEIGHT="22" WC="0.92" CONTENT="förbättad"/><SP WIDTH="15" VPOS="375" HPOS="567"/>
							<String ID="string_65" HPOS="582" VPOS="375" WIDTH="103" HEIGHT="22" WC="0.92" CONTENT="hästafvel"/><SP WIDTH="16" VPOS="375" HPOS="685"/>
							<String ID="string_66" HPOS="701" VPOS="377" WIDTH="30" HEIGHT="19" WC="0.96" CONTENT="ett"/><SP WIDTH="16" VPOS="377" HPOS="731"/>
							<String ID="string_67" HPOS="747" VPOS="375" WIDTH="42" HEIGHT="21" WC="0.96" CONTENT="lika"/><SP WIDTH="15" VPOS="375" HPOS="789"/>
							<String ID="string_68" HPOS="804" VPOS="374" WIDTH="57" HEIGHT="22" WC="0.96" CONTENT="antal"/>
						</TextLine>
						<TextLine ID="line_8" HPOS="105" VPOS="409" WIDTH="757" HEIGHT="29">
							<String ID="string_69" HPOS="105" VPOS="411" WIDTH="24" HEIGHT="21" WC="0.96" CONTENT="så"/><SP WIDTH="15" VPOS="411" HPOS="129"/>
							<String ID="string_70" HPOS="144" VPOS="410" WIDTH="83" HEIGHT="28" WC="0.96" CONTENT="mycket"/><SP WIDTH="15" VPOS="410" HPOS="227"/>
							<String ID="string_71" HPOS="242" VPOS="409" WIDTH="113" HEIGHT="28" WC="0.96" CONTENT="kraftigare"/><SP WIDTH="16" VPOS="409" HPOS="355"/>
							<String ID="string_72" HPOS="371" VPOS="410" WIDTH="72" HEIGHT="21" WC="0.96" CONTENT="hästar"/><SP WIDTH="15" VPOS="410" HPOS="443"/>
							<String ID="string_73" HPOS="458" VPOS="411" WIDTH="71" HEIGHT="21" WC="0.96" CONTENT="kunde"/><SP WIDTH="15" VPOS="411" HPOS="529"/>
							<String ID="string_74" HPOS="544" VPOS="410" WIDTH="96" HEIGHT="27" WC="0.95" CONTENT="erhållas,"/><SP WIDTH="17" VPOS="410" HPOS="640"/>
							<String ID="string_75" HPOS="657" VPOS="411" WIDTH="32" HEIGHT="20" WC="0.96" CONTENT="att"/><SP WIDTH="11" VPOS="411" HPOS="689"/>
							<String ID="string_76" HPOS="700" VPOS="410" WIDTH="36" HEIGHT="21" WC="0.96" CONTENT="det"/><SP WIDTH="10" VPOS="410" HPOS="736"/>
							<String ID="string_77" HPOS="746" VPOS="409" WIDTH="78" HEIGHT="27" WC="0.96" CONTENT="arbete,"/><SP WIDTH="12" VPOS="409" HPOS="824"/>
							<String ID="string_78" HPOS="836" VPOS="409" WIDTH="26" HEIGHT="22" WC="0.96" CONTENT="de"/>
						</TextLine>
						<TextLine ID="line_9" HPOS="105" VPOS="445" WIDTH="757" HEIGHT="27">
							<String ID="string_79" HPOS="105" VPOS="445" WIDTH="53" HEIGHT="22" WC="0.96" CONTENT="hvar"/><SP WIDTH="22" VPOS="445" HPOS="158"/>
							<String ID="string_80" HPOS="180" VPOS="445" WIDTH="38" HEIGHT="21" WC="0.96" CONTENT="och"/><SP WIDTH="23" VPOS="445" HPOS="218"/>
							<String ID="string_81" HPOS="241" VPOS="451" WIDTH="26" HEIGHT="15" WC="0.96" CONTENT="en"/><SP WIDTH="23" VPOS="451" HPOS="267"/>
							<String ID="string_82" HPOS="290" VPOS="445" WIDTH="88" HEIGHT="22" WC="0.96" CONTENT="förrätta"/><SP WIDTH="24" VPOS="445" HPOS="378"/>
							<String ID="string_83" HPOS="402" VPOS="451" WIDTH="33" HEIGHT="15" WC="0.96" CONTENT="om"/><SP WIDTH="24" VPOS="451" HPOS="435"/>
							<String ID="string_84" HPOS="459" VPOS="445" WIDTH="73" HEIGHT="27" WC="0.96" CONTENT="dagen,"/><SP WIDTH="17" VPOS="445" HPOS="532"/>
							<String ID="string_85" HPOS="549" VPOS="451" WIDTH="49" HEIGHT="16" WC="0.96" CONTENT="vore"/><SP WIDTH="15" VPOS="451" HPOS="598"/>
							<String ID="string_86" HPOS="613" VPOS="445" WIDTH="56" HEIGHT="21" WC="0.96" CONTENT="blott"/><SP WIDTH="15" VPOS="445" HPOS="669"/>
							<String ID="string_87" HPOS="684" VPOS="445" WIDTH="28" HEIGHT="21" WC="0.93" CONTENT="50"/><SP WIDTH="15" VPOS="445" HPOS="712"/>
							<String ID="string_88" HPOS="727" VPOS="445" WIDTH="63" HEIGHT="26" WC="0.91" CONTENT="penni"/><SP WIDTH="15" VPOS="445" HPOS="790"/>
							<String ID="string_89" HPOS="805" VPOS="451" WIDTH="57" HEIGHT="14" WC="0.96" CONTENT="mera"/>
						</TextLine>
						<TextLine ID="line_10" HPOS="105" VPOS="479" WIDTH="758" HEIGHT="28">
							<String ID="string_90" HPOS="105" VPOS="480" WIDTH="61" HEIGHT="21" WC="0.92" CONTENT="värdt"/><SP WIDTH="16" VPOS="480" HPOS="166"/>
							<String ID="string_91" HPOS="182" VPOS="482" WIDTH="26" HEIGHT="19" WC="0.96" CONTENT="än"/><SP WIDTH="11" VPOS="482" HPOS="208"/>
							<String ID="string_92" HPOS="219" VPOS="480" WIDTH="43" HEIGHT="27" WC="0.95" CONTENT="det,"/><SP WIDTH="11" VPOS="480" HPOS="262"/>
							<String ID="string_93" HPOS="273" VPOS="486" WIDTH="44" HEIGHT="15" WC="0.96" CONTENT="som"/><SP WIDTH="15" VPOS="486" HPOS="317"/>
							<String ID="string_94" HPOS="332" VPOS="479" WIDTH="48" HEIGHT="22" WC="0.96" CONTENT="med"/><SP WIDTH="11" VPOS="479" HPOS="380"/>
							<String ID="string_95" HPOS="391" VPOS="480" WIDTH="25" HEIGHT="21" WC="0.96" CONTENT="de"/><SP WIDTH="12" VPOS="480" HPOS="416"/>
							<String ID="string_96" HPOS="428" VPOS="480" WIDTH="122" HEIGHT="21" WC="0.93" CONTENT="nuvarande"/><SP WIDTH="10" VPOS="480" HPOS="550"/>
							<String ID="string_97" HPOS="560" VPOS="479" WIDTH="171" HEIGHT="22" WC="0.91" CONTENT="arbetshästarne"/><SP WIDTH="10" VPOS="479" HPOS="731"/>
							<String ID="string_98" HPOS="741" VPOS="479" WIDTH="41" HEIGHT="22" WC="0.93" CONTENT="kan"/><SP WIDTH="11" VPOS="479" HPOS="782"/>
							<String ID="string_99" HPOS="793" VPOS="479" WIDTH="70" HEIGHT="21" WC="0.92" CONTENT="åstad-"/>
						</TextLine>
						<TextLine ID="line_11" HPOS="105" VPOS="513" WIDTH="758" HEIGHT="29">
							<String ID="string_100" HPOS="105" VPOS="515" WIDTH="102" HEIGHT="26" WC="0.96" CONTENT="kommas,"/><SP WIDTH="16" VPOS="515" HPOS="207"/>
							<String ID="string_101" HPOS="223" VPOS="515" WIDTH="24" HEIGHT="21" WC="0.96" CONTENT="så"/><SP WIDTH="15" VPOS="515" HPOS="247"/>
							<String ID="string_102" HPOS="262" VPOS="515" WIDTH="66" HEIGHT="21" WC="0.96" CONTENT="skulle"/><SP WIDTH="16" VPOS="515" HPOS="328"/>
							<String ID="string_103" HPOS="344" VPOS="514" WIDTH="72" HEIGHT="22" WC="0.93" CONTENT="landet"/><SP WIDTH="16" VPOS="514" HPOS="416"/>
							<String ID="string_104" HPOS="432" VPOS="514" WIDTH="121" HEIGHT="28" WC="0.92" CONTENT="derigenom"/><SP WIDTH="16" VPOS="514" HPOS="553"/>
							<String ID="string_105" HPOS="569" VPOS="514" WIDTH="61" HEIGHT="22" WC="0.95" CONTENT="hafva"/><SP WIDTH="11" VPOS="514" HPOS="630"/>
							<String ID="string_106" HPOS="641" VPOS="521" WIDTH="26" HEIGHT="15" WC="0.96" CONTENT="en"/><SP WIDTH="11" VPOS="521" HPOS="667"/>
							<String ID="string_107" HPOS="678" VPOS="514" WIDTH="54" HEIGHT="21" WC="0.96" CONTENT="vinst"/><SP WIDTH="10" VPOS="514" HPOS="732"/>
							<String ID="string_108" HPOS="742" VPOS="513" WIDTH="22" HEIGHT="22" WC="0.93" CONTENT="af"/><SP WIDTH="10" VPOS="513" HPOS="764"/>
							<String ID="string_109" HPOS="774" VPOS="513" WIDTH="89" HEIGHT="27" WC="0.91" CONTENT="115,000"/>
						</TextLine>
						<TextLine ID="line_12" HPOS="106" VPOS="547" WIDTH="756" HEIGHT="29">
							<String ID="string_110" HPOS="106" VPOS="549" WIDTH="59" HEIGHT="22" WC="0.96" CONTENT="mark"/><SP WIDTH="16" VPOS="549" HPOS="165"/>
							<String ID="string_111" HPOS="181" VPOS="549" WIDTH="33" HEIGHT="22" WC="0.96" CONTENT="för"/><SP WIDTH="14" VPOS="549" HPOS="214"/>
							<String ID="string_112" HPOS="228" VPOS="549" WIDTH="72" HEIGHT="27" WC="0.95" CONTENT="hvarje"/><SP WIDTH="16" VPOS="549" HPOS="300"/>
							<String ID="string_113" HPOS="316" VPOS="549" WIDTH="112" HEIGHT="27" WC="0.96" CONTENT="arbetsdag"/><SP WIDTH="16" VPOS="549" HPOS="428"/>
							<String ID="string_114" HPOS="444" VPOS="549" WIDTH="58" HEIGHT="27" WC="0.96" CONTENT="eller,"/><SP WIDTH="17" VPOS="549" HPOS="502"/>
							<String ID="string_115" HPOS="519" VPOS="556" WIDTH="34" HEIGHT="15" WC="0.93" CONTENT="om"/><SP WIDTH="16" VPOS="556" HPOS="553"/>
							<String ID="string_116" HPOS="569" VPOS="549" WIDTH="175" HEIGHT="27" WC="0.92" CONTENT="arbetsdagarnes"/><SP WIDTH="16" VPOS="549" HPOS="744"/>
							<String ID="string_117" HPOS="760" VPOS="547" WIDTH="56" HEIGHT="23" WC="0.93" CONTENT="antal"/><SP WIDTH="12" VPOS="547" HPOS="816"/>
							<String ID="string_118" HPOS="828" VPOS="547" WIDTH="34" HEIGHT="22" WC="0.92" CONTENT="be-"/>
						</TextLine>
						<TextLine ID="line_13" HPOS="106" VPOS="582" WIDTH="756" HEIGHT="29">
							<String ID="string_119" HPOS="106" VPOS="584" WIDTH="76" HEIGHT="22" WC="0.96" CONTENT="räknas"/><SP WIDTH="24" VPOS="584" HPOS="182"/>
							<String ID="string_120" HPOS="206" VPOS="584" WIDTH="31" HEIGHT="21" WC="0.95" CONTENT="till"/><SP WIDTH="23" VPOS="584" HPOS="237"/>
							<String ID="string_121" HPOS="260" VPOS="584" WIDTH="74" HEIGHT="21" WC="0.96" CONTENT="endast"/><SP WIDTH="22" VPOS="584" HPOS="334"/>
							<String ID="string_122" HPOS="356" VPOS="584" WIDTH="48" HEIGHT="26" WC="0.95" CONTENT="200,"/><SP WIDTH="23" VPOS="584" HPOS="404"/>
							<String ID="string_123" HPOS="427" VPOS="590" WIDTH="25" HEIGHT="15" WC="0.96" CONTENT="en"/><SP WIDTH="16" VPOS="590" HPOS="452"/>
							<String ID="string_124" HPOS="468" VPOS="584" WIDTH="54" HEIGHT="27" WC="0.96" CONTENT="årlig"/><SP WIDTH="15" VPOS="584" HPOS="522"/>
							<String ID="string_125" HPOS="537" VPOS="584" WIDTH="55" HEIGHT="21" WC="0.96" CONTENT="vinst"/><SP WIDTH="15" VPOS="584" HPOS="592"/>
							<String ID="string_126" HPOS="607" VPOS="583" WIDTH="22" HEIGHT="22" WC="0.96" CONTENT="af"/><SP WIDTH="14" VPOS="583" HPOS="629"/>
							<String ID="string_127" HPOS="643" VPOS="584" WIDTH="27" HEIGHT="21" WC="0.96" CONTENT="23"/><SP WIDTH="17" VPOS="584" HPOS="670"/>
							<String ID="string_128" HPOS="687" VPOS="584" WIDTH="95" HEIGHT="26" WC="0.95" CONTENT="miljoner"/><SP WIDTH="15" VPOS="584" HPOS="782"/>
							<String ID="string_129" HPOS="797" VPOS="582" WIDTH="65" HEIGHT="27" WC="0.96" CONTENT="mark,"/>
						</TextLine>
						<TextLine ID="line_14" HPOS="107" VPOS="616" WIDTH="756" HEIGHT="29">
							<String ID="string_130" HPOS="107" VPOS="618" WIDTH="131" HEIGHT="22" WC="0.87" CONTENT="oberäknadt"/><SP WIDTH="23" VPOS="618" HPOS="238"/>
							<String ID="string_131" HPOS="261" VPOS="618" WIDTH="39" HEIGHT="22" WC="0.96" CONTENT="den"/><SP WIDTH="23" VPOS="618" HPOS="300"/>
							<String ID="string_132" HPOS="323" VPOS="620" WIDTH="68" HEIGHT="20" WC="0.96" CONTENT="större"/><SP WIDTH="23" VPOS="620" HPOS="391"/>
							<String ID="string_133" HPOS="414" VPOS="620" WIDTH="60" HEIGHT="25" WC="0.93" CONTENT="nytta"/><SP WIDTH="22" VPOS="620" HPOS="474"/>
							<String ID="string_134" HPOS="496" VPOS="618" WIDTH="157" HEIGHT="22" WC="0.91" CONTENT="körsvennerna"/><SP WIDTH="20" VPOS="618" HPOS="653"/>
							<String ID="string_135" HPOS="673" VPOS="617" WIDTH="108" HEIGHT="27" WC="0.96" CONTENT="samtidigt"/><SP WIDTH="15" VPOS="617" HPOS="781"/>
							<String ID="string_136" HPOS="796" VPOS="616" WIDTH="67" HEIGHT="23" WC="0.96" CONTENT="skulle"/>
						</TextLine>
						<TextLine ID="line_15" HPOS="107" VPOS="651" WIDTH="757" HEIGHT="29">
							<String ID="string_137" HPOS="107" VPOS="653" WIDTH="152" HEIGHT="27" WC="0.95" CONTENT="åstadkomma,"/><SP WIDTH="23" VPOS="653" HPOS="259"/>
							<String ID="string_138" HPOS="282" VPOS="652" WIDTH="84" HEIGHT="22" WC="0.96" CONTENT="hvilken"/><SP WIDTH="22" VPOS="652" HPOS="366"/>
							<String ID="string_139" HPOS="388" VPOS="653" WIDTH="62" HEIGHT="21" WC="0.96" CONTENT="torde"/><SP WIDTH="17" VPOS="653" HPOS="450"/>
							<String ID="string_140" HPOS="467" VPOS="653" WIDTH="72" HEIGHT="21" WC="0.96" CONTENT="kunna"/><SP WIDTH="16" VPOS="653" HPOS="539"/>
							<String ID="string_141" HPOS="555" VPOS="660" WIDTH="60" HEIGHT="14" WC="0.95" CONTENT="anses"/><SP WIDTH="16" VPOS="660" HPOS="615"/>
							<String ID="string_142" HPOS="631" VPOS="654" WIDTH="107" HEIGHT="20" WC="0.96" CONTENT="motsvara"/><SP WIDTH="17" VPOS="654" HPOS="738"/>
							<String ID="string_143" HPOS="755" VPOS="652" WIDTH="40" HEIGHT="22" WC="0.90" CONTENT="den"/><SP WIDTH="15" VPOS="652" HPOS="795"/>
							<String ID="string_144" HPOS="810" VPOS="651" WIDTH="54" HEIGHT="21" WC="0.90" CONTENT="förö-"/>
						</TextLine>
						<TextLine ID="line_16" HPOS="106" VPOS="686" WIDTH="758" HEIGHT="23">
							<String ID="string_145" HPOS="106" VPOS="688" WIDTH="55" HEIGHT="21" WC="0.96" CONTENT="kade"/><SP WIDTH="22" VPOS="688" HPOS="161"/>
							<String ID="string_146" HPOS="183" VPOS="688" WIDTH="118" HEIGHT="21" WC="0.96" CONTENT="kostnaden"/><SP WIDTH="22" VPOS="688" HPOS="301"/>
							<String ID="string_147" HPOS="323" VPOS="687" WIDTH="33" HEIGHT="22" WC="0.93" CONTENT="för"/><SP WIDTH="22" VPOS="687" HPOS="356"/>
							<String ID="string_148" HPOS="378" VPOS="687" WIDTH="111" HEIGHT="22" WC="0.92" CONTENT="hästarnes"/><SP WIDTH="16" VPOS="687" HPOS="489"/>
							<String ID="string_149" HPOS="505" VPOS="687" WIDTH="109" HEIGHT="22" WC="0.96" CONTENT="underhåll"/><SP WIDTH="16" VPOS="687" HPOS="614"/>
							<String ID="string_150" HPOS="630" VPOS="687" WIDTH="39" HEIGHT="22" WC="0.96" CONTENT="och"/><SP WIDTH="16" VPOS="687" HPOS="669"/>
							<String ID="string_151" HPOS="685" VPOS="686" WIDTH="87" HEIGHT="22" WC="0.91" CONTENT="skötsel."/><SP WIDTH="31" VPOS="686" HPOS="772"/>
							<String ID="string_152" HPOS="803" VPOS="686" WIDTH="61" HEIGHT="21" WC="0.87" CONTENT="Dess-"/>
						</TextLine>
						<TextLine ID="line_17" HPOS="107" VPOS="720" WIDTH="757" HEIGHT="28">
							<String ID="string_153" HPOS="107" VPOS="724" WIDTH="58" HEIGHT="19" WC="0.96" CONTENT="utom"/><SP WIDTH="23" VPOS="724" HPOS="165"/>
							<String ID="string_154" HPOS="188" VPOS="722" WIDTH="39" HEIGHT="21" WC="0.96" CONTENT="bör"/><SP WIDTH="20" VPOS="722" HPOS="227"/>
							<String ID="string_155" HPOS="247" VPOS="722" WIDTH="6" HEIGHT="20" WC="0.96" CONTENT="i"/><SP WIDTH="16" VPOS="722" HPOS="253"/>
							<String ID="string_156" HPOS="269" VPOS="722" WIDTH="45" HEIGHT="21" WC="0.96" CONTENT="vårt"/><SP WIDTH="22" VPOS="722" HPOS="314"/>
							<String ID="string_157" HPOS="336" VPOS="722" WIDTH="56" HEIGHT="26" WC="0.96" CONTENT="land,"/><SP WIDTH="24" VPOS="722" HPOS="392"/>
							<String ID="string_158" HPOS="416" VPOS="722" WIDTH="48" HEIGHT="21" WC="0.96" CONTENT="med"/><SP WIDTH="16" VPOS="722" HPOS="464"/>
							<String ID="string_159" HPOS="480" VPOS="722" WIDTH="47" HEIGHT="22" WC="0.94" CONTENT="dess"/><SP WIDTH="18" VPOS="722" HPOS="527"/>
							<String ID="string_160" HPOS="545" VPOS="722" WIDTH="45" HEIGHT="22" WC="0.96" CONTENT="rika"/><SP WIDTH="16" VPOS="722" HPOS="590"/>
							<String ID="string_161" HPOS="606" VPOS="722" WIDTH="88" HEIGHT="26" WC="0.96" CONTENT="tillgång"/><SP WIDTH="16" VPOS="722" HPOS="694"/>
							<String ID="string_162" HPOS="710" VPOS="722" WIDTH="26" HEIGHT="26" WC="0.96" CONTENT="på"/><SP WIDTH="15" VPOS="722" HPOS="736"/>
							<String ID="string_163" HPOS="751" VPOS="722" WIDTH="59" HEIGHT="20" WC="0.96" CONTENT="torra"/><SP WIDTH="16" VPOS="722" HPOS="810"/>
							<String ID="string_164" HPOS="826" VPOS="720" WIDTH="38" HEIGHT="22" WC="0.96" CONTENT="och"/>
						</TextLine>
						<TextLine ID="line_18" HPOS="107" VPOS="755" WIDTH="757" HEIGHT="29">
							<String ID="string_165" HPOS="107" VPOS="756" WIDTH="91" HEIGHT="28" WC="0.96" CONTENT="kraftiga"/><SP WIDTH="15" VPOS="756" HPOS="198"/>
							<String ID="string_166" HPOS="213" VPOS="756" WIDTH="151" HEIGHT="27" WC="0.96" CONTENT="betesmarker,"/><SP WIDTH="16" VPOS="756" HPOS="364"/>
							<String ID="string_167" HPOS="380" VPOS="756" WIDTH="77" HEIGHT="22" WC="0.96" CONTENT="enkom"/><SP WIDTH="16" VPOS="756" HPOS="457"/>
							<String ID="string_168" HPOS="473" VPOS="756" WIDTH="81" HEIGHT="27" WC="0.96" CONTENT="egnade"/><SP WIDTH="13" VPOS="756" HPOS="554"/>
							<String ID="string_169" HPOS="567" VPOS="756" WIDTH="31" HEIGHT="21" WC="0.92" CONTENT="till"/><SP WIDTH="12" VPOS="756" HPOS="598"/>
							<String ID="string_170" HPOS="610" VPOS="756" WIDTH="134" HEIGHT="28" WC="0.92" CONTENT="uppfödande"/><SP WIDTH="11" VPOS="756" HPOS="744"/>
							<String ID="string_171" HPOS="755" VPOS="755" WIDTH="22" HEIGHT="22" WC="0.96" CONTENT="af"/><SP WIDTH="8" VPOS="755" HPOS="777"/>
							<String ID="string_172" HPOS="785" VPOS="755" WIDTH="79" HEIGHT="26" WC="0.96" CONTENT="hästar,"/>
						</TextLine>
						<TextLine ID="line_19" HPOS="108" VPOS="789" WIDTH="758" HEIGHT="30">
							<String ID="string_173" HPOS="108" VPOS="793" WIDTH="101" HEIGHT="26" WC="0.95" CONTENT="exporten"/><SP WIDTH="23" VPOS="793" HPOS="209"/>
							<String ID="string_174" HPOS="232" VPOS="791" WIDTH="22" HEIGHT="22" WC="0.96" CONTENT="af"/><SP WIDTH="21" VPOS="791" HPOS="254"/>
							<String ID="string_175" HPOS="275" VPOS="791" WIDTH="78" HEIGHT="22" WC="0.96" CONTENT="sådana"/><SP WIDTH="23" VPOS="791" HPOS="353"/>
							<String ID="string_176" HPOS="376" VPOS="791" WIDTH="71" HEIGHT="22" WC="0.96" CONTENT="kunna"/><SP WIDTH="22" VPOS="791" HPOS="447"/>
							<String ID="string_177" HPOS="469" VPOS="791" WIDTH="59" HEIGHT="22" WC="0.95" CONTENT="såväl"/><SP WIDTH="23" VPOS="791" HPOS="528"/>
							<String ID="string_178" HPOS="551" VPOS="791" WIDTH="30" HEIGHT="21" WC="0.93" CONTENT="till"/><SP WIDTH="17" VPOS="791" HPOS="581"/>
							<String ID="string_179" HPOS="598" VPOS="791" WIDTH="105" HEIGHT="27" WC="0.90" CONTENT="qvantitet"/><SP WIDTH="14" VPOS="791" HPOS="703"/>
							<String ID="string_180" HPOS="717" VPOS="797" WIDTH="45" HEIGHT="15" WC="0.92" CONTENT="som"/><SP WIDTH="16" VPOS="797" HPOS="762"/>
							<String ID="string_181" HPOS="778" VPOS="789" WIDTH="88" HEIGHT="28" WC="0.88" CONTENT="qvalitet"/>
						</TextLine>
						<TextLine ID="line_20" HPOS="108" VPOS="824" WIDTH="758" HEIGHT="29">
							<String ID="string_182" HPOS="108" VPOS="825" WIDTH="116" HEIGHT="28" WC="0.92" CONTENT="mångfaldt"/><SP WIDTH="22" VPOS="825" HPOS="224"/>
							<String ID="string_183" HPOS="246" VPOS="826" WIDTH="126" HEIGHT="27" WC="0.86" CONTENT="uppdrifvas."/><SP WIDTH="32" VPOS="826" HPOS="372"/>
							<String ID="string_184" HPOS="404" VPOS="826" WIDTH="100" HEIGHT="21" WC="0.91" CONTENT="Komitén"/><SP WIDTH="23" VPOS="826" HPOS="504"/>
							<String ID="string_185" HPOS="527" VPOS="832" WIDTH="61" HEIGHT="15" WC="0.93" CONTENT="anser"/><SP WIDTH="24" VPOS="832" HPOS="588"/>
							<String ID="string_186" HPOS="612" VPOS="825" WIDTH="88" HEIGHT="27" WC="0.92" CONTENT="derföre,"/><SP WIDTH="17" VPOS="825" HPOS="700"/>
							<String ID="string_187" HPOS="717" VPOS="827" WIDTH="31" HEIGHT="20" WC="0.96" CONTENT="att"/><SP WIDTH="15" VPOS="827" HPOS="748"/>
							<String ID="string_188" HPOS="763" VPOS="824" WIDTH="60" HEIGHT="22" WC="0.96" CONTENT="äfven"/><SP WIDTH="16" VPOS="824" HPOS="823"/>
							<String ID="string_189" HPOS="839" VPOS="825" WIDTH="27" HEIGHT="26" WC="0.97" CONTENT="pä"/>
						</TextLine>
						<TextLine ID="line_21" HPOS="108" VPOS="858" WIDTH="757" HEIGHT="29">
							<String ID="string_190" HPOS="108" VPOS="859" WIDTH="159" HEIGHT="23" WC="0.96" CONTENT="förhållandena"/><SP WIDTH="14" VPOS="859" HPOS="267"/>
							<String ID="string_191" HPOS="281" VPOS="861" WIDTH="7" HEIGHT="20" WC="0.96" CONTENT="i"/><SP WIDTH="16" VPOS="861" HPOS="288"/>
							<String ID="string_192" HPOS="304" VPOS="861" WIDTH="46" HEIGHT="21" WC="0.96" CONTENT="vårt"/><SP WIDTH="21" VPOS="861" HPOS="350"/>
							<String ID="string_193" HPOS="371" VPOS="860" WIDTH="50" HEIGHT="22" WC="0.96" CONTENT="land"/><SP WIDTH="22" VPOS="860" HPOS="421"/>
							<String ID="string_194" HPOS="443" VPOS="861" WIDTH="43" HEIGHT="21" WC="0.96" CONTENT="kan"/><SP WIDTH="21" VPOS="861" HPOS="486"/>
							<String ID="string_195" HPOS="507" VPOS="860" WIDTH="107" HEIGHT="27" WC="0.96" CONTENT="tillämpas"/><SP WIDTH="17" VPOS="860" HPOS="614"/>
							<String ID="string_196" HPOS="631" VPOS="860" WIDTH="40" HEIGHT="22" WC="0.96" CONTENT="den"/><SP WIDTH="16" VPOS="860" HPOS="671"/>
							<String ID="string_197" HPOS="687" VPOS="861" WIDTH="49" HEIGHT="25" WC="0.96" CONTENT="sats,"/><SP WIDTH="17" VPOS="861" HPOS="736"/>
							<String ID="string_198" HPOS="753" VPOS="866" WIDTH="45" HEIGHT="15" WC="0.93" CONTENT="som"/><SP WIDTH="16" VPOS="866" HPOS="798"/>
							<String ID="string_199" HPOS="814" VPOS="858" WIDTH="51" HEIGHT="28" WC="0.91" CONTENT="nyli-"/>
						</TextLine>
						<TextLine ID="line_22" HPOS="107" VPOS="890" WIDTH="759" HEIGHT="31">
							<String ID="string_200" HPOS="107" VPOS="901" WIDTH="41" HEIGHT="20" WC="0.96" CONTENT="gen"/><SP WIDTH="15" VPOS="901" HPOS="148"/>
							<String ID="string_201" HPOS="163" VPOS="894" WIDTH="131" HEIGHT="23" WC="0.96" CONTENT="beträffande"/><SP WIDTH="20" VPOS="894" HPOS="294"/>
							<String ID="string_202" HPOS="314" VPOS="890" WIDTH="119" HEIGHT="27" WC="0.93" CONTENT="Österrikes"/><SP WIDTH="15" VPOS="890" HPOS="433"/>
							<String ID="string_203" HPOS="448" VPOS="895" WIDTH="105" HEIGHT="22" WC="0.90" CONTENT="hästafvel"/><SP WIDTH="15" VPOS="895" HPOS="553"/>
							<String ID="string_204" HPOS="568" VPOS="895" WIDTH="87" HEIGHT="21" WC="0.95" CONTENT="uttalats"/><SP WIDTH="16" VPOS="895" HPOS="655"/>
							<String ID="string_205" HPOS="671" VPOS="895" WIDTH="22" HEIGHT="21" WC="0.96" CONTENT="af"/><SP WIDTH="14" VPOS="895" HPOS="693"/>
							<String ID="string_206" HPOS="707" VPOS="901" WIDTH="25" HEIGHT="15" WC="0.96" CONTENT="en"/><SP WIDTH="16" VPOS="901" HPOS="732"/>
							<String ID="string_207" HPOS="748" VPOS="893" WIDTH="46" HEIGHT="22" WC="0.96" CONTENT="utaf"/><SP WIDTH="14" VPOS="893" HPOS="794"/>
							<String ID="string_208" HPOS="808" VPOS="893" WIDTH="58" HEIGHT="21" WC="0.96" CONTENT="detta"/>
						</TextLine>
						<TextLine ID="line_23" HPOS="108" VPOS="929" WIDTH="758" HEIGHT="28">
							<String ID="string_209" HPOS="108" VPOS="929" WIDTH="60" HEIGHT="22" WC="0.95" CONTENT="lands"/><SP WIDTH="16" VPOS="929" HPOS="168"/>
							<String ID="string_210" HPOS="184" VPOS="933" WIDTH="54" HEIGHT="18" WC="0.96" CONTENT="mest"/><SP WIDTH="16" VPOS="933" HPOS="238"/>
							<String ID="string_211" HPOS="254" VPOS="929" WIDTH="142" HEIGHT="22" WC="0.92" CONTENT="framstående"/><SP WIDTH="15" VPOS="929" HPOS="396"/>
							<String ID="string_212" HPOS="411" VPOS="930" WIDTH="131" HEIGHT="27" WC="0.91" CONTENT="hippologer,"/><SP WIDTH="12" VPOS="930" HPOS="542"/>
							<String ID="string_213" HPOS="554" VPOS="929" WIDTH="70" HEIGHT="28" WC="0.96" CONTENT="grefve"/><SP WIDTH="11" VPOS="929" HPOS="624"/>
							<String ID="string_214" HPOS="635" VPOS="929" WIDTH="62" HEIGHT="27" WC="0.93" CONTENT="Hugo"/><SP WIDTH="12" VPOS="929" HPOS="697"/>
							<String ID="string_215" HPOS="709" VPOS="929" WIDTH="89" HEIGHT="26" WC="0.90" CONTENT="Attems,"/><SP WIDTH="11" VPOS="929" HPOS="798"/>
							<String ID="string_216" HPOS="809" VPOS="934" WIDTH="57" HEIGHT="15" WC="0.89" CONTENT="nem-"/>
						</TextLine>
						<TextLine ID="line_24" HPOS="109" VPOS="961" WIDTH="757" HEIGHT="31">
							<String ID="string_217" HPOS="109" VPOS="963" WIDTH="55" HEIGHT="28" WC="0.95" CONTENT="ligen"/><SP WIDTH="16" VPOS="963" HPOS="164"/>
							<String ID="string_218" HPOS="180" VPOS="966" WIDTH="32" HEIGHT="19" WC="0.96" CONTENT="att"/><SP WIDTH="15" VPOS="966" HPOS="212"/>
							<String ID="string_219" HPOS="227" VPOS="964" WIDTH="132" HEIGHT="27" WC="0.96" CONTENT="sparsamhet"/><SP WIDTH="15" VPOS="964" HPOS="359"/>
							<String ID="string_220" HPOS="374" VPOS="964" WIDTH="6" HEIGHT="21" WC="0.93" CONTENT="i"/><SP WIDTH="12" VPOS="964" HPOS="380"/>
							<String ID="string_221" HPOS="392" VPOS="964" WIDTH="86" HEIGHT="22" WC="0.91" CONTENT="afsende"/><SP WIDTH="16" VPOS="964" HPOS="478"/>
							<String ID="string_222" HPOS="494" VPOS="966" WIDTH="27" HEIGHT="26" WC="0.92" CONTENT="på"/><SP WIDTH="15" VPOS="966" HPOS="521"/>
							<String ID="string_223" HPOS="536" VPOS="964" WIDTH="158" HEIGHT="22" WC="0.92" CONTENT="hästkulturens"/><SP WIDTH="16" VPOS="964" HPOS="694"/>
							<String ID="string_224" HPOS="710" VPOS="962" WIDTH="134" HEIGHT="28" WC="0.92" CONTENT="berämjande"/><SP WIDTH="15" VPOS="962" HPOS="844"/>
							<String ID="string_225" HPOS="859" VPOS="961" WIDTH="7" HEIGHT="22" WC="0.96" CONTENT="i"/>
						</TextLine>
						<TextLine ID="line_25" HPOS="109" VPOS="998" WIDTH="378" HEIGHT="27">
							<String ID="string_226" HPOS="109" VPOS="998" WIDTH="73" HEIGHT="27" WC="0.96" CONTENT="sjelfva"/><SP WIDTH="15" VPOS="998" HPOS="182"/>
							<String ID="string_227" HPOS="197" VPOS="999" WIDTH="73" HEIGHT="21" WC="0.96" CONTENT="verket"/><SP WIDTH="15" VPOS="999" HPOS="270"/>
							<String ID="string_228" HPOS="285" VPOS="999" WIDTH="41" HEIGHT="22" WC="0.96" CONTENT="kan"/><SP WIDTH="16" VPOS="999" HPOS="326"/>
							<String ID="string_229" HPOS="342" VPOS="1005" WIDTH="50" HEIGHT="16" WC="0.96" CONTENT="vara"/><SP WIDTH="15" VPOS="1005" HPOS="392"/>
							<String ID="string_230" HPOS="407" VPOS="999" WIDTH="80" HEIGHT="22" WC="0.96" CONTENT="slöseri."/>
						</TextLine>
					</TextBlock>
					<TextBlock ID="block_2" HPOS="110" VPOS="1031" WIDTH="763" HEIGHT="444">
						<TextLine ID="line_26" HPOS="180" VPOS="1031" WIDTH="688" HEIGHT="30">
							<String ID="string_231" HPOS="180" VPOS="1050" WIDTH="9" HEIGHT="9" WC="0.91" CONTENT="»"/><SP WIDTH="4" VPOS="1050" HPOS="189"/>
							<String ID="string_232" HPOS="193" VPOS="1033" WIDTH="40" HEIGHT="22" WC="0.96" CONTENT="Till"/><SP WIDTH="15" VPOS="1033" HPOS="233"/>
							<String ID="string_233" HPOS="248" VPOS="1033" WIDTH="172" HEIGHT="22" WC="0.96" CONTENT="förekommande"/><SP WIDTH="17" VPOS="1033" HPOS="420"/>
							<String ID="string_234" HPOS="437" VPOS="1033" WIDTH="24" HEIGHT="22" WC="0.96" CONTENT="af"/><SP WIDTH="14" VPOS="1033" HPOS="461"/>
							<String ID="string_235" HPOS="475" VPOS="1033" WIDTH="98" HEIGHT="28" WC="0.93" CONTENT="odugliga"/><SP WIDTH="15" VPOS="1033" HPOS="573"/>
							<String ID="string_236" HPOS="588" VPOS="1033" WIDTH="129" HEIGHT="22" WC="0.92" CONTENT="beskällares"/><SP WIDTH="16" VPOS="1033" HPOS="717"/>
							<String ID="string_237" HPOS="733" VPOS="1031" WIDTH="95" HEIGHT="28" WC="0.93" CONTENT="skadliga"/><SP WIDTH="10" VPOS="1031" HPOS="828"/>
							<String ID="string_238" HPOS="838" VPOS="1031" WIDTH="30" HEIGHT="21" WC="0.92" CONTENT="in-"/>
						</TextLine>
						<TextLine ID="line_27" HPOS="110" VPOS="1066" WIDTH="758" HEIGHT="29">
							<String ID="string_239" HPOS="110" VPOS="1067" WIDTH="78" HEIGHT="22" WC="0.96" CONTENT="verkan"/><SP WIDTH="22" VPOS="1067" HPOS="188"/>
							<String ID="string_240" HPOS="210" VPOS="1069" WIDTH="28" HEIGHT="26" WC="0.92" CONTENT="på"/><SP WIDTH="22" VPOS="1069" HPOS="238"/>
							<String ID="string_241" HPOS="260" VPOS="1068" WIDTH="117" HEIGHT="21" WC="0.90" CONTENT="hästafveln"/><SP WIDTH="23" VPOS="1068" HPOS="377"/>
							<String ID="string_242" HPOS="400" VPOS="1068" WIDTH="63" HEIGHT="21" WC="0.95" CONTENT="hafva"/><SP WIDTH="21" VPOS="1068" HPOS="463"/>
							<String ID="string_243" HPOS="484" VPOS="1069" WIDTH="7" HEIGHT="20" WC="0.96" CONTENT="i"/><SP WIDTH="20" VPOS="1069" HPOS="491"/>
							<String ID="string_244" HPOS="511" VPOS="1068" WIDTH="95" HEIGHT="22" WC="0.93" CONTENT="utlandet"/><SP WIDTH="22" VPOS="1068" HPOS="606"/>
							<String ID="string_245" HPOS="628" VPOS="1066" WIDTH="240" HEIGHT="29" WC="0.92" CONTENT="lagstiftningsåtgärder"/>
						</TextLine>
						<TextLine ID="line_28" HPOS="111" VPOS="1099" WIDTH="757" HEIGHT="31">
							<String ID="string_246" HPOS="111" VPOS="1102" WIDTH="104" HEIGHT="28" WC="0.91" CONTENT="vidtagits."/><SP WIDTH="32" VPOS="1102" HPOS="215"/>
							<String ID="string_247" HPOS="247" VPOS="1103" WIDTH="10" HEIGHT="21" WC="0.91" CONTENT="I"/><SP WIDTH="15" VPOS="1103" HPOS="257"/>
							<String ID="string_248" HPOS="272" VPOS="1103" WIDTH="117" HEIGHT="21" WC="0.94" CONTENT="Frankrike"/><SP WIDTH="15" VPOS="1103" HPOS="389"/>
							<String ID="string_249" HPOS="404" VPOS="1102" WIDTH="21" HEIGHT="22" WC="0.96" CONTENT="få"/><SP WIDTH="14" VPOS="1102" HPOS="425"/>
							<String ID="string_250" HPOS="439" VPOS="1103" WIDTH="51" HEIGHT="27" WC="0.94" CONTENT="inga"/><SP WIDTH="15" VPOS="1103" HPOS="490"/>
							<String ID="string_251" HPOS="505" VPOS="1103" WIDTH="66" HEIGHT="22" WC="0.92" CONTENT="andra"/><SP WIDTH="15" VPOS="1103" HPOS="571"/>
							<String ID="string_252" HPOS="586" VPOS="1102" WIDTH="166" HEIGHT="28" WC="0.91" CONTENT="privathingstar"/><SP WIDTH="16" VPOS="1102" HPOS="752"/>
							<String ID="string_253" HPOS="768" VPOS="1100" WIDTH="32" HEIGHT="22" WC="0.93" CONTENT="till"/><SP WIDTH="15" VPOS="1100" HPOS="800"/>
							<String ID="string_254" HPOS="815" VPOS="1099" WIDTH="53" HEIGHT="23" WC="0.90" CONTENT="afvel"/>
						</TextLine>
						<TextLine ID="line_29" HPOS="112" VPOS="1134" WIDTH="758" HEIGHT="30">
							<String ID="string_255" HPOS="112" VPOS="1136" WIDTH="102" HEIGHT="28" WC="0.96" CONTENT="upplåtas,"/><SP WIDTH="17" VPOS="1136" HPOS="214"/>
							<String ID="string_256" HPOS="231" VPOS="1139" WIDTH="27" HEIGHT="19" WC="0.96" CONTENT="än"/><SP WIDTH="15" VPOS="1139" HPOS="258"/>
							<String ID="string_257" HPOS="273" VPOS="1137" WIDTH="79" HEIGHT="22" WC="0.96" CONTENT="sådana"/><SP WIDTH="14" VPOS="1137" HPOS="352"/>
							<String ID="string_258" HPOS="366" VPOS="1144" WIDTH="46" HEIGHT="15" WC="0.96" CONTENT="som"/><SP WIDTH="16" VPOS="1144" HPOS="412"/>
							<String ID="string_259" HPOS="428" VPOS="1137" WIDTH="6" HEIGHT="21" WC="0.93" CONTENT="i"/><SP WIDTH="15" VPOS="1137" HPOS="434"/>
							<String ID="string_260" HPOS="449" VPOS="1137" WIDTH="139" HEIGHT="23" WC="0.91" CONTENT="föreskrifven"/><SP WIDTH="16" VPOS="1137" HPOS="588"/>
							<String ID="string_261" HPOS="604" VPOS="1136" WIDTH="90" HEIGHT="28" WC="0.96" CONTENT="ordning"/><SP WIDTH="13" VPOS="1136" HPOS="694"/>
							<String ID="string_262" HPOS="707" VPOS="1135" WIDTH="68" HEIGHT="23" WC="0.93" CONTENT="blifvit"/><SP WIDTH="10" VPOS="1135" HPOS="775"/>
							<String ID="string_263" HPOS="785" VPOS="1134" WIDTH="85" HEIGHT="28" WC="0.92" CONTENT="besigti-"/>
						</TextLine>
						<TextLine ID="line_30" HPOS="111" VPOS="1168" WIDTH="759" HEIGHT="31">
							<String ID="string_264" HPOS="111" VPOS="1171" WIDTH="59" HEIGHT="27" WC="0.92" CONTENT="gade,"/><SP WIDTH="16" VPOS="1171" HPOS="170"/>
							<String ID="string_265" HPOS="186" VPOS="1171" WIDTH="101" HEIGHT="27" WC="0.93" CONTENT="pröfvade"/><SP WIDTH="15" VPOS="1171" HPOS="287"/>
							<String ID="string_266" HPOS="302" VPOS="1172" WIDTH="39" HEIGHT="21" WC="0.96" CONTENT="och"/><SP WIDTH="15" VPOS="1172" HPOS="341"/>
							<String ID="string_267" HPOS="356" VPOS="1172" WIDTH="120" HEIGHT="27" WC="0.95" CONTENT="godkända."/><SP WIDTH="33" VPOS="1172" HPOS="476"/>
							<String ID="string_268" HPOS="509" VPOS="1172" WIDTH="10" HEIGHT="22" WC="0.83" CONTENT="1"/><SP WIDTH="15" VPOS="1172" HPOS="519"/>
							<String ID="string_269" HPOS="534" VPOS="1172" WIDTH="86" HEIGHT="27" WC="0.96" CONTENT="Belgien"/><SP WIDTH="16" VPOS="1172" HPOS="620"/>
							<String ID="string_270" HPOS="636" VPOS="1171" WIDTH="61" HEIGHT="22" WC="0.96" CONTENT="skola"/><SP WIDTH="15" VPOS="1171" HPOS="697"/>
							<String ID="string_271" HPOS="712" VPOS="1170" WIDTH="46" HEIGHT="22" WC="0.96" CONTENT="icke"/><SP WIDTH="16" VPOS="1170" HPOS="758"/>
							<String ID="string_272" HPOS="774" VPOS="1169" WIDTH="55" HEIGHT="22" WC="0.96" CONTENT="blott"/><SP WIDTH="15" VPOS="1169" HPOS="829"/>
							<String ID="string_273" HPOS="844" VPOS="1168" WIDTH="26" HEIGHT="22" WC="0.96" CONTENT="de"/>
						</TextLine>
						<TextLine ID="line_31" HPOS="111" VPOS="1204" WIDTH="759" HEIGHT="29">
							<String ID="string_274" HPOS="111" VPOS="1205" WIDTH="96" HEIGHT="22" WC="0.93" CONTENT="enskilda"/><SP WIDTH="22" VPOS="1205" HPOS="207"/>
							<String ID="string_275" HPOS="229" VPOS="1205" WIDTH="86" HEIGHT="28" WC="0.91" CONTENT="higstar,"/><SP WIDTH="19" VPOS="1205" HPOS="315"/>
							<String ID="string_276" HPOS="334" VPOS="1212" WIDTH="45" HEIGHT="16" WC="0.96" CONTENT="som"/><SP WIDTH="16" VPOS="1212" HPOS="379"/>
							<String ID="string_277" HPOS="395" VPOS="1206" WIDTH="109" HEIGHT="22" WC="0.95" CONTENT="användas"/><SP WIDTH="16" VPOS="1206" HPOS="504"/>
							<String ID="string_278" HPOS="520" VPOS="1206" WIDTH="31" HEIGHT="22" WC="0.92" CONTENT="till"/><SP WIDTH="16" VPOS="1206" HPOS="551"/>
							<String ID="string_279" HPOS="567" VPOS="1205" WIDTH="126" HEIGHT="27" WC="0.92" CONTENT="betäckning"/><SP WIDTH="15" VPOS="1205" HPOS="693"/>
							<String ID="string_280" HPOS="708" VPOS="1204" WIDTH="22" HEIGHT="22" WC="0.96" CONTENT="af"/><SP WIDTH="13" VPOS="1204" HPOS="730"/>
							<String ID="string_281" HPOS="743" VPOS="1204" WIDTH="67" HEIGHT="22" WC="0.91" CONTENT="andra"/><SP WIDTH="14" VPOS="1204" HPOS="810"/>
							<String ID="string_282" HPOS="824" VPOS="1209" WIDTH="46" HEIGHT="21" WC="0.91" CONTENT="per-"/>
						</TextLine>
						<TextLine ID="line_32" HPOS="112" VPOS="1236" WIDTH="759" HEIGHT="33">
							<String ID="string_283" HPOS="112" VPOS="1246" WIDTH="72" HEIGHT="16" WC="0.92" CONTENT="soners"/><SP WIDTH="22" VPOS="1246" HPOS="184"/>
							<String ID="string_284" HPOS="206" VPOS="1242" WIDTH="55" HEIGHT="25" WC="0.96" CONTENT="ston,"/><SP WIDTH="26" VPOS="1242" HPOS="261"/>
							<String ID="string_285" HPOS="287" VPOS="1242" WIDTH="49" HEIGHT="20" WC="0.96" CONTENT="utan"/><SP WIDTH="24" VPOS="1242" HPOS="336"/>
							<String ID="string_286" HPOS="360" VPOS="1240" WIDTH="60" HEIGHT="23" WC="0.96" CONTENT="äfven"/><SP WIDTH="15" VPOS="1240" HPOS="420"/>
							<String ID="string_287" HPOS="435" VPOS="1241" WIDTH="88" HEIGHT="28" WC="0.96" CONTENT="sådana,"/><SP WIDTH="16" VPOS="1241" HPOS="523"/>
							<String ID="string_288" HPOS="539" VPOS="1247" WIDTH="45" HEIGHT="16" WC="0.96" CONTENT="som"/><SP WIDTH="16" VPOS="1247" HPOS="584"/>
							<String ID="string_289" HPOS="600" VPOS="1240" WIDTH="46" HEIGHT="22" WC="0.96" CONTENT="icke"/><SP WIDTH="16" VPOS="1240" HPOS="646"/>
							<String ID="string_290" HPOS="662" VPOS="1242" WIDTH="36" HEIGHT="20" WC="0.97" CONTENT="äro"/><SP WIDTH="16" VPOS="1242" HPOS="698"/>
							<String ID="string_291" HPOS="714" VPOS="1238" WIDTH="110" HEIGHT="23" WC="0.96" CONTENT="bestämda"/><SP WIDTH="15" VPOS="1238" HPOS="824"/>
							<String ID="string_292" HPOS="839" VPOS="1236" WIDTH="32" HEIGHT="23" WC="0.96" CONTENT="till"/>
						</TextLine>
						<TextLine ID="line_33" HPOS="113" VPOS="1273" WIDTH="758" HEIGHT="30">
							<String ID="string_293" HPOS="113" VPOS="1274" WIDTH="77" HEIGHT="22" WC="0.93" CONTENT="allmän"/><SP WIDTH="22" VPOS="1274" HPOS="190"/>
							<String ID="string_294" HPOS="212" VPOS="1274" WIDTH="133" HEIGHT="29" WC="0.92" CONTENT="betäckning,"/><SP WIDTH="23" VPOS="1274" HPOS="345"/>
							<String ID="string_295" HPOS="368" VPOS="1282" WIDTH="48" HEIGHT="15" WC="0.95" CONTENT="men"/><SP WIDTH="16" VPOS="1282" HPOS="416"/>
							<String ID="string_296" HPOS="432" VPOS="1275" WIDTH="87" HEIGHT="22" WC="0.96" CONTENT="tillhöra"/><SP WIDTH="15" VPOS="1275" HPOS="519"/>
							<String ID="string_297" HPOS="534" VPOS="1277" WIDTH="35" HEIGHT="20" WC="0.96" CONTENT="två"/><SP WIDTH="16" VPOS="1277" HPOS="569"/>
							<String ID="string_298" HPOS="585" VPOS="1275" WIDTH="51" HEIGHT="22" WC="0.96" CONTENT="eller"/><SP WIDTH="15" VPOS="1275" HPOS="636"/>
							<String ID="string_299" HPOS="651" VPOS="1274" WIDTH="50" HEIGHT="23" WC="0.96" CONTENT="flere"/><SP WIDTH="16" VPOS="1274" HPOS="701"/>
							<String ID="string_300" HPOS="717" VPOS="1279" WIDTH="106" HEIGHT="22" WC="0.93" CONTENT="personer,"/><SP WIDTH="16" VPOS="1279" HPOS="823"/>
							<String ID="string_301" HPOS="839" VPOS="1273" WIDTH="32" HEIGHT="20" WC="0.91" CONTENT="år-"/>
						</TextLine>
						<TextLine ID="line_34" HPOS="113" VPOS="1307" WIDTH="757" HEIGHT="30">
							<String ID="string_302" HPOS="113" VPOS="1309" WIDTH="54" HEIGHT="27" WC="0.96" CONTENT="ligen"/><SP WIDTH="17" VPOS="1309" HPOS="167"/>
							<String ID="string_303" HPOS="184" VPOS="1309" WIDTH="130" HEIGHT="22" WC="0.96" CONTENT="undersökas"/><SP WIDTH="16" VPOS="1309" HPOS="314"/>
							<String ID="string_304" HPOS="330" VPOS="1310" WIDTH="39" HEIGHT="21" WC="0.93" CONTENT="och"/><SP WIDTH="16" VPOS="1310" HPOS="369"/>
							<String ID="string_305" HPOS="385" VPOS="1310" WIDTH="131" HEIGHT="27" WC="0.89" CONTENT="approberas"/><SP WIDTH="17" VPOS="1310" HPOS="516"/>
							<String ID="string_306" HPOS="533" VPOS="1311" WIDTH="22" HEIGHT="21" WC="0.94" CONTENT="af"/><SP WIDTH="9" VPOS="1311" HPOS="555"/>
							<String ID="string_307" HPOS="564" VPOS="1317" WIDTH="25" HEIGHT="15" WC="0.93" CONTENT="en"/><SP WIDTH="11" VPOS="1317" HPOS="589"/>
							<String ID="string_308" HPOS="600" VPOS="1307" WIDTH="270" HEIGHT="30" WC="0.89" CONTENT="besigtningskommission."/>
						</TextLine>
						<TextLine ID="line_35" HPOS="113" VPOS="1339" WIDTH="759" HEIGHT="32">
							<String ID="string_309" HPOS="113" VPOS="1344" WIDTH="10" HEIGHT="21" WC="0.95" CONTENT="I"/><SP WIDTH="23" VPOS="1344" HPOS="123"/>
							<String ID="string_310" HPOS="146" VPOS="1339" WIDTH="109" HEIGHT="26" WC="0.96" CONTENT="Österrike"/><SP WIDTH="22" VPOS="1339" HPOS="255"/>
							<String ID="string_311" HPOS="277" VPOS="1344" WIDTH="65" HEIGHT="22" WC="0.95" CONTENT="finnes"/><SP WIDTH="23" VPOS="1344" HPOS="342"/>
							<String ID="string_312" HPOS="365" VPOS="1344" WIDTH="61" HEIGHT="22" WC="0.96" CONTENT="äfven"/><SP WIDTH="17" VPOS="1344" HPOS="426"/>
							<String ID="string_313" HPOS="443" VPOS="1351" WIDTH="28" HEIGHT="15" WC="0.96" CONTENT="en"/><SP WIDTH="16" VPOS="1351" HPOS="471"/>
							<String ID="string_314" HPOS="487" VPOS="1345" WIDTH="122" HEIGHT="26" WC="0.96" CONTENT="förordning"/><SP WIDTH="13" VPOS="1345" HPOS="609"/>
							<String ID="string_315" HPOS="622" VPOS="1344" WIDTH="91" HEIGHT="21" WC="0.93" CONTENT="rörande"/><SP WIDTH="14" VPOS="1344" HPOS="713"/>
							<String ID="string_316" HPOS="727" VPOS="1343" WIDTH="107" HEIGHT="27" WC="0.91" CONTENT="hingstars"/><SP WIDTH="15" VPOS="1343" HPOS="834"/>
							<String ID="string_317" HPOS="849" VPOS="1341" WIDTH="23" HEIGHT="21" WC="0.92" CONTENT="li-"/>
						</TextLine>
						<TextLine ID="line_36" HPOS="114" VPOS="1376" WIDTH="758" HEIGHT="30">
							<String ID="string_318" HPOS="114" VPOS="1378" WIDTH="121" HEIGHT="27" WC="0.90" CONTENT="centiering,"/><SP WIDTH="16" VPOS="1378" HPOS="235"/>
							<String ID="string_319" HPOS="251" VPOS="1385" WIDTH="44" HEIGHT="15" WC="0.96" CONTENT="som"/><SP WIDTH="17" VPOS="1385" HPOS="295"/>
							<String ID="string_320" HPOS="312" VPOS="1378" WIDTH="34" HEIGHT="22" WC="0.96" CONTENT="vid"/><SP WIDTH="16" VPOS="1378" HPOS="346"/>
							<String ID="string_321" HPOS="362" VPOS="1378" WIDTH="41" HEIGHT="22" WC="0.96" CONTENT="vite"/><SP WIDTH="12" VPOS="1378" HPOS="403"/>
							<String ID="string_322" HPOS="415" VPOS="1378" WIDTH="116" HEIGHT="28" WC="0.96" CONTENT="förbjuder,"/><SP WIDTH="12" VPOS="1378" HPOS="531"/>
							<String ID="string_323" HPOS="543" VPOS="1381" WIDTH="38" HEIGHT="25" WC="0.96" CONTENT="att,"/><SP WIDTH="10" VPOS="1381" HPOS="581"/>
							<String ID="string_324" HPOS="591" VPOS="1385" WIDTH="49" HEIGHT="15" WC="0.96" CONTENT="vare"/><SP WIDTH="10" VPOS="1385" HPOS="640"/>
							<String ID="string_325" HPOS="650" VPOS="1378" WIDTH="32" HEIGHT="27" WC="0.96" CONTENT="sig"/><SP WIDTH="11" VPOS="1378" HPOS="682"/>
							<String ID="string_326" HPOS="693" VPOS="1379" WIDTH="57" HEIGHT="21" WC="0.96" CONTENT="emot"/><SP WIDTH="10" VPOS="1379" HPOS="750"/>
							<String ID="string_327" HPOS="760" VPOS="1376" WIDTH="51" HEIGHT="23" WC="0.96" CONTENT="eller"/><SP WIDTH="10" VPOS="1376" HPOS="811"/>
							<String ID="string_328" HPOS="821" VPOS="1377" WIDTH="51" HEIGHT="20" WC="0.96" CONTENT="utan"/>
						</TextLine>
						<TextLine ID="line_37" HPOS="114" VPOS="1409" WIDTH="759" HEIGHT="31">
							<String ID="string_329" HPOS="114" VPOS="1412" WIDTH="115" HEIGHT="27" WC="0.96" CONTENT="betalning,"/><SP WIDTH="16" VPOS="1412" HPOS="229"/>
							<String ID="string_330" HPOS="245" VPOS="1413" WIDTH="95" HEIGHT="22" WC="0.96" CONTENT="använda"/><SP WIDTH="15" VPOS="1413" HPOS="340"/>
							<String ID="string_331" HPOS="355" VPOS="1413" WIDTH="47" HEIGHT="21" WC="0.96" CONTENT="icke"/><SP WIDTH="14" VPOS="1413" HPOS="402"/>
							<String ID="string_332" HPOS="416" VPOS="1413" WIDTH="115" HEIGHT="27" WC="0.96" CONTENT="godkända"/><SP WIDTH="14" VPOS="1413" HPOS="531"/>
							<String ID="string_333" HPOS="545" VPOS="1413" WIDTH="95" HEIGHT="27" WC="0.96" CONTENT="hingstar"/><SP WIDTH="15" VPOS="1413" HPOS="640"/>
							<String ID="string_334" HPOS="655" VPOS="1412" WIDTH="32" HEIGHT="22" WC="0.93" CONTENT="till"/><SP WIDTH="14" VPOS="1412" HPOS="687"/>
							<String ID="string_335" HPOS="701" VPOS="1411" WIDTH="59" HEIGHT="23" WC="0.91" CONTENT="afvel."/><SP WIDTH="31" VPOS="1411" HPOS="760"/>
							<String ID="string_336" HPOS="791" VPOS="1409" WIDTH="82" HEIGHT="23" WC="0.88" CONTENT="Likale-"/>
						</TextLine>
						<TextLine ID="line_38" HPOS="115" VPOS="1445" WIDTH="756" HEIGHT="30">
							<String ID="string_337" HPOS="115" VPOS="1446" WIDTH="36" HEIGHT="22" WC="0.96" CONTENT="des"/><SP WIDTH="16" VPOS="1446" HPOS="151"/>
							<String ID="string_338" HPOS="167" VPOS="1446" WIDTH="91" HEIGHT="23" WC="0.96" CONTENT="existera"/><SP WIDTH="15" VPOS="1446" HPOS="258"/>
							<String ID="string_339" HPOS="273" VPOS="1447" WIDTH="7" HEIGHT="21" WC="0.96" CONTENT="i"/><SP WIDTH="15" VPOS="1447" HPOS="280"/>
							<String ID="string_340" HPOS="295" VPOS="1447" WIDTH="26" HEIGHT="22" WC="0.96" CONTENT="de"/><SP WIDTH="18" VPOS="1447" HPOS="321"/>
							<String ID="string_341" HPOS="339" VPOS="1447" WIDTH="58" HEIGHT="22" WC="0.96" CONTENT="flesta"/><SP WIDTH="18" VPOS="1447" HPOS="397"/>
							<String ID="string_342" HPOS="415" VPOS="1447" WIDTH="126" HEIGHT="22" WC="0.93" CONTENT="Preussiska"/><SP WIDTH="14" VPOS="1447" HPOS="541"/>
							<String ID="string_343" HPOS="555" VPOS="1447" WIDTH="116" HEIGHT="28" WC="0.68" CONTENT="provins-r,"/><SP WIDTH="16" VPOS="1447" HPOS="671"/>
							<String ID="string_344" HPOS="687" VPOS="1445" WIDTH="104" HEIGHT="28" WC="0.92" CONTENT="nemligen"/><SP WIDTH="15" VPOS="1445" HPOS="791"/>
							<String ID="string_345" HPOS="806" VPOS="1445" WIDTH="65" HEIGHT="22" WC="0.93" CONTENT="Bran-"/>
						</TextLine>
					</TextBlock>
					<TextBlock ID="block_3" HPOS="183" VPOS="1486" WIDTH="403" HEIGHT="19">
						<TextLine ID="line_39" HPOS="183" VPOS="1486" WIDTH="403" HEIGHT="19">
							<String ID="string_346" HPOS="183" VPOS="1486" WIDTH="190" HEIGHT="19" WC="0.89" CONTENT="Ekonomiutskottets"/><SP WIDTH="9" VPOS="1486" HPOS="373"/>
							<String ID="string_347" HPOS="382" VPOS="1486" WIDTH="118" HEIGHT="19" WC="0.95" CONTENT="betänkande"/><SP WIDTH="12" VPOS="1486" HPOS="500"/>
							<String ID="string_348" HPOS="512" VPOS="1492" WIDTH="32" HEIGHT="13" WC="0.94" CONTENT="n:o"/><SP WIDTH="13" VPOS="1492" HPOS="544"/>
							<String ID="string_349" HPOS="557" VPOS="1487" WIDTH="29" HEIGHT="18" WC="0.96" CONTENT="10."/>
						</TextLine>
					</TextBlock>
				</ComposedBlock>
			</PrintSpace>
		</Page>
	</Layout>
</alto>
