1023 1678
302 119 245 23 Petitionsbetänkande
559 122 38 19 N:o
608 123 17 18 5.
806 123 10 17 7

86 181 63 26 2,225
171 181 60 21 mark
246 181 6 20 i
268 181 64 26 årligt
354 181 109 26 medeltal,
487 181 40 21 och
549 187 52 20 eger
622 180 127 22 biblioteket
767 180 73 21 vidare

87 216 31 21 uti
140 215 112 26 Bilmarks,
272 215 106 22 Porthans
400 215 39 22 och
458 215 80 22 Lidéns
563 215 125 22 donationer
711 216 31 20 ett
760 214 80 27 kapital

88 249 23 22 af
124 249 78 27 93,160
220 249 66 27 mark,
304 249 77 22 hvaraf
400 250 41 21 den
458 249 69 28 årliga
541 251 75 20 räntan
631 249 84 28 uppgår
729 249 33 21 till
777 248 64 27 4,658

88 285 66 20 mark.
176 284 93 21 Sålunda
280 285 64 26 utgör
355 284 40 21 den
408 284 90 21 stående
510 284 155 21 årsinkomsten
676 284 81 21 inemot
765 283 77 27 13,000

88 319 66 21 mark.

156 353 33 21 En
205 353 55 21 blick
275 353 27 27 på
318 352 192 22 ofvanmeddelade
529 352 168 28 sifferuppgifter
712 352 47 22 från
774 352 68 22 utlan-

89 388 37 21 det
147 387 149 28 ådagalägger,
319 389 32 20 att
370 394 26 15 en
416 388 24 21 så
458 388 63 27 ringa
543 394 83 15 summa
643 387 34 22 för
697 389 30 20 ett
744 387 100 22 förenadt

89 422 145 21 universitets-
250 422 38 21 och
304 422 202 22 nationalbibliotek
525 424 24 19 är
568 429 26 14 en
613 422 99 27 anomali,
732 428 45 15 som
796 421 47 22 icke

90 457 54 21 blott
159 457 68 21 måste
242 456 132 22 förlamande
390 459 67 25 tynga
472 457 28 26 pä
516 457 29 20 all
560 457 148 26 vetenskaplig
719 455 124 27 forskning
832 451 15 37 i

89 491 80 27 landet,
185 493 50 19 utan
251 497 44 15 som
311 491 63 22 äfven
389 491 29 27 på
433 491 45 22 alla
493 491 68 22 andra
576 491 23 21 af
612 491 144 21 kulturlifvets
776 490 68 21 områ-

90 527 40 20 den
145 526 42 21 kan
201 525 73 22 utöfva
289 527 31 20 ett
334 526 90 27 menligt
443 525 122 28 inflytande.
596 526 10 21 I
622 525 77 28 sjelfva
716 525 75 22 verket
805 525 40 21 har

90 560 105 21 utskottet
209 560 23 21 af
245 560 51 21 flere
310 560 66 21 bland
391 560 53 21 vära
460 560 178 27 vetenskapsmän
650 559 24 22 sä
684 560 35 21 väl
731 559 55 22 inom
799 565 45 16 som

90 596 58 20 utom
167 595 147 21 universitetet
332 595 87 21 erhällit
438 595 42 21 den
499 595 108 26 enhälliga
625 594 119 27 försäkran,
763 596 32 19 att
814 594 30 21 ät-

90 629 85 27 skillige
190 635 78 21 grenar
282 629 23 21 af
319 629 137 22 litteraturen
472 631 38 20 äro
526 629 25 22 sä
569 629 148 26 ofullständigt
735 635 111 20 represen-

90 664 74 21 terade
182 663 111 21 härstädes
312 665 31 19 att
362 664 75 26 hvarje
456 664 150 26 vetenskaplig
624 663 158 27 undersökning
797 663 49 21 med

91 698 146 27 föreliggande
259 698 129 27 hjelpkällor
407 700 25 19 är
452 698 95 27 omöjlig.
578 697 68 22 Deraf
663 699 24 19 är
702 698 64 21 bland
782 698 65 20 annat

91 732 87 27 följden,
201 734 32 19 att
254 732 27 21 dä
299 732 37 21 det
353 732 70 27 gäller
442 732 138 28 afläggandet
598 732 23 21 af
639 734 31 20 ett
687 732 66 27 högre
769 732 77 21 akade-

91 767 65 21 miskt
167 766 163 28 kunskapsprof,
343 767 60 21 detta
413 767 103 27 vanligen
529 767 19 27 ej
560 767 42 21 kan
614 767 38 21 ske
660 768 52 20 utan
720 773 26 15 en
755 766 91 22 särskild

92 801 33 21 för
142 801 122 21 ändamålet
282 801 111 27 företagen
412 801 141 27 utrikesresa,
573 801 38 22 och
630 803 32 19 att
676 801 13 21 ä
704 801 67 21 andra
787 800 60 22 sidan

92 836 46 21 äter
161 836 40 21 den
224 836 160 27 vetenskapliga
407 836 159 27 produktionen
586 836 33 21 för
637 836 26 21 de
678 836 61 22 fleste
755 837 14 20 t.
785 842 19 15 o.
819 841 27 16 m.

92 871 45 20 ofta
151 870 34 21 för
203 871 235 21 universitetslärarene
457 871 71 21 mäste
547 871 114 21 inskränka
680 871 33 26 sig
733 870 33 21 till
781 870 67 27 nägra

93 907 81 19 smärre
193 905 137 21 akademiska
344 905 160 27 afhandlingar.
535 905 49 22 Men
599 904 61 22 äfven
676 904 33 22 för
724 906 48 19 rent
786 904 62 27 prak-

92 939 58 21 tiska
172 939 83 27 frägors
277 939 114 27 utredning
414 940 78 21 ställer
510 939 136 22 bibliotekets
665 939 122 22 nuvarande
806 939 42 20 till-

93 973 62 22 ständ
178 973 45 22 ofta
245 974 26 21 de
290 974 96 21 sväraste
405 974 101 21 hinder
497 969 15 36 i
525 975 75 26 vägen.
631 973 28 22 Sä
677 974 39 21 har
737 974 57 21 inom
816 975 33 19 ut-

93 1008 80 21 skottet
188 1007 87 27 anförts,
291 1009 31 20 att
336 1008 36 21 vid
393 1008 155 21 utarbetandet
566 1008 23 21 af
609 1008 106 21 särskilda
733 1007 117 27 lagförslag

93 1042 82 21 bristen
198 1042 28 26 pä
243 1042 69 21 källor
331 1042 92 22 rörande
443 1042 135 22 främmande
594 1042 85 22 länders
693 1042 135 27 lagstiftning
842 1042 8 20 i

94 1078 71 19 ämnet
186 1076 55 22 hade
263 1076 95 27 päkallat
380 1076 148 22 utrikesresor
547 1077 75 21 endast
645 1076 32 22 för
702 1076 104 22 vinnande
828 1075 24 22 af

94 1111 66 26 nödig
174 1110 225 22 literaturkännedom.
430 1111 44 21 Det
490 1112 63 20 torde
568 1111 66 27 knapt
648 1110 91 22 behöfva
749 1110 101 28 päpekas,

95 1146 31 20 att
142 1145 77 21 resani
236 1145 25 21 de
276 1144 62 22 flesta
353 1145 37 21 fall
407 1145 118 27 uteblifvit,
541 1152 48 15 men
597 1147 32 19 att
637 1145 89 22 sälunda
737 1145 62 21 äfven
810 1145 40 21 den

95 1179 129 27 erfarenhet,
236 1185 45 16 som
296 1180 142 21 annorstädes
446 1180 8 21 i
463 1179 78 27 frägan
553 1180 91 26 vunnits,
656 1179 106 22 förblifvit
773 1179 78 21 obeak-

95 1214 42 21 tad.

164 1248 37 21 Uti
223 1248 75 21 herrar
318 1248 129 22 Estlanders
468 1248 41 22 och
528 1248 125 27 Runebergs
671 1248 181 27 petitionsmemo-

96 1282 40 22 rial
156 1284 24 19 är
200 1283 66 21 redan
288 1282 94 27 nämndt,
408 1284 32 20 att
456 1283 7 21 i
479 1282 137 28 Helsingfors
639 1282 214 22 universitetsbiblio-

95 1317 37 21 tek
154 1317 34 21 för
210 1317 131 21 närvarande
364 1323 52 21 eger
435 1317 80 22 endast
537 1318 80 21 inemot
640 1317 90 27 140,000
751 1317 101 27 volymer,

96 1350 28 22 dä
146 1351 97 21 deremot
267 1351 69 21 såsom
361 1351 81 27 jemväl
470 1352 67 21 redan
566 1351 105 26 anfördes,
698 1351 126 21 biblioteket
846 1351 7 21 i

96 1385 118 21 Kristiania
240 1386 34 20 vid
302 1385 54 22 1879
384 1386 36 21 års
447 1386 85 27 utgång
553 1386 94 21 räknade
671 1386 93 26 225,000
788 1386 64 21 band.

96 1414 63 26 Ännu
174 1425 59 15 mera
248 1420 132 27 upplysande
395 1420 35 21 för
445 1420 146 22 bedömandet
602 1420 23 21 af
635 1420 80 27 frågan,
723 1420 56 22 huru
790 1420 63 22 dessa

167 1459 92 17 Allmänna
273 1460 159 17 Besvärsutskottets
444 1460 107 17 betänkande
563 1460 34 16 N:o
611 1460 16 17 5.
