1020 1681
204 120 11 18 2
398 119 239 21 Petitionsbetänkande
650 120 37 19 N:o
700 120 19 19 6.

179 178 55 17 annat
252 177 50 18 heter
320 178 31 18 det
368 179 40 17 här:
427 178 51 22 ,Alla
494 179 92 21 föräldrar,
601 179 102 17 husbönder
716 179 34 17 och
762 178 108 17 matmödrar
882 178 50 18 skola

178 205 38 18 icke
235 206 77 18 allenast
330 207 62 23 sjelfva
409 212 41 12 vara
465 207 108 23 förpligtade
589 209 27 16 att
629 207 127 23 oförsumligen
769 207 32 18 och
813 207 40 18 med
866 207 66 17 andakt

178 235 77 17 förrätta
273 235 50 18 deras
339 235 99 24 gudstjenst
454 235 22 23 på
491 236 136 23 sabbatsdagen,
640 246 21 3 —
675 246 21 3 —
710 247 21 2 —
745 237 44 16 utan
805 236 32 17 ock
852 236 39 17 med
907 236 24 17 all

178 263 27 18 flit
222 263 81 18 tillhålla
320 265 39 17 sina
376 264 132 23 underlydande
523 266 27 17 att
564 267 43 21 göra
623 265 103 20 detsamma,
740 265 32 17 och
785 265 97 22 ingalunda
894 265 36 16 till-

177 292 59 22 städja
251 292 39 18 dem
306 294 27 16 att
348 294 42 22 taga
405 293 27 22 sig
445 293 55 22 något
515 294 42 20 före,
573 299 37 12 som
622 295 20 16 är
654 293 107 23 förargeligt
773 293 44 18 eller
829 293 61 17 länder
902 293 28 17 till

177 320 133 23 gudstjenstens
325 322 69 21 hinder,
409 321 58 18 förakt
483 322 32 17 och
528 322 126 23 försummelse,
667 322 29 17 vid
710 323 38 17 lika
761 322 52 17 straff
824 321 106 23 tillgörande

176 350 27 17 för
218 349 39 21 den,
274 355 37 12 som
326 351 57 17 håller
396 351 41 17 eller
449 351 74 17 hindrar
536 351 55 18 andra
603 351 84 20 derifrån,
700 357 38 12 som
751 351 28 18 för
791 351 39 22 den,
843 356 35 12 som
892 351 40 22 sjelf

176 378 113 18 uteblifver*.
314 379 37 18 Och
368 379 24 23 på
409 380 26 17 ett
450 381 55 16 annat
520 380 52 17 ställe
585 381 48 16 läser
645 386 48 11 man:
708 381 43 21 ,när
764 380 60 23 syslan
837 381 20 16 är
869 379 60 20 sådan,

175 407 27 17 att
215 407 35 17 hon
263 407 92 22 ingaledes
367 407 68 18 tillåter
446 409 82 22 uppskof,
540 409 77 17 särdeles
630 409 29 17 vid
671 408 108 23 bergsbruk,
791 409 72 16 hvarest
874 408 56 17 under

174 435 48 18 tiden
236 441 21 12 en
271 436 90 23 stundelig
373 437 36 22 akt,
422 437 74 22 uppsigt
507 437 33 18 och
552 443 69 17 omsorg
633 437 75 21 fordras,
721 437 58 17 måste
792 437 26 21 de,
831 442 37 12 som
876 437 53 16 hafva

174 465 27 16 att
214 464 55 23 bjuda
281 465 32 17 och
325 465 49 21 råda,
386 465 52 18 alltid
450 465 20 18 så
482 466 47 22 laga,
542 467 27 18 att
581 466 21 17 de
615 466 78 23 betjente
707 465 60 18 vexlas
780 471 33 14 om,
826 465 19 17 så
854 466 28 16 att
890 465 38 21 den,

173 498 37 12 som
225 493 6 17 i
248 493 36 17 slik
299 493 110 24 beställning
424 495 18 16 är
454 499 34 13 ena
501 495 88 22 söndagen
602 495 58 22 borta,
673 495 35 17 kan
724 494 33 18 den
770 494 79 23 följande
861 494 5 17 i
880 493 48 18 Guds

174 521 33 18 hus
223 522 28 21 sig
267 522 90 18 inställa".
381 523 35 18 Vid
431 523 137 23 tillämpningen
580 523 53 18 häraf
643 523 24 23 på
680 523 43 18 våra
735 523 125 18 förhållanden
873 522 55 18 måste

173 550 30 18 det
219 551 29 17 väl
263 556 51 12 anses
330 557 38 12 som
384 557 20 12 en
420 551 107 24 skyldighet,
540 553 28 16 att
580 552 130 18 vederbörande
724 551 23 24 på
759 551 43 18 fullt
815 551 56 18 allvar
883 551 45 18 vaka

173 579 85 23 deröfver,
271 581 28 16 att
311 580 147 23 sabbatslagarna
470 580 58 18 blefvo
541 581 60 17 hållna
614 587 48 11 mera
674 581 6 17 i
693 581 60 22 helgd,
767 580 20 17 så
799 581 28 16 att
835 579 92 18 arbetaren

172 617 21 4 —
213 613 41 12 vare
273 608 28 23 sig
316 609 5 16 i
338 609 67 17 statens
420 609 42 18 eller
477 609 33 18 den
526 609 88 18 enskildes
630 609 55 23 tjenst
701 619 22 3 —
741 609 39 17 icke
795 608 56 18 måtte
865 614 62 17 genom

172 637 117 22 oupphörligt
303 637 137 23 söndagsarbete
455 637 81 18 beröfvas
551 638 73 17 tillfälle
639 639 28 16 att
679 638 52 17 äfven
745 643 63 17 genom
821 637 106 22 deltagande

172 665 5 17 i
190 665 33 18 den
236 666 93 23 offentliga
342 666 121 23 gudstjensten
475 667 132 18 tillfredsställa
619 667 40 18 sina
671 667 75 22 andliga
759 667 58 17 behof.
838 666 89 18 Särskildt

171 694 58 17 skulle
242 694 32 23 jag
289 695 63 17 härvid
368 695 42 23 vilja
421 695 95 18 framhålla
528 697 73 22 behofvet
614 697 21 19 af
645 697 58 22 någon
710 695 110 24 förändring
831 696 7 16 i
850 695 76 23 afseende

171 723 11 16 å
194 724 135 21 söndagsarbetet
339 724 25 22 på
376 724 45 17 våra
429 725 100 22 jernvägar,
542 725 71 17 hvarest
625 725 76 17 trafiken
714 729 29 12 om
755 724 90 22 söndagen
859 725 19 16 är
889 723 37 18 lika

171 756 37 13 som
226 751 23 23 på
267 752 61 23 hvarje
343 757 59 13 annan
417 753 39 23 dag,
472 759 20 12 en
505 753 31 18 sak
549 759 36 12 som
597 753 39 18 helt
647 753 91 22 naturligt
749 753 106 17 framkallat
867 753 58 22 klago-

170 780 35 17 mål
221 780 33 17 och
271 780 51 18 äfven
337 781 81 23 utgjorde
433 782 27 17 ett
472 782 19 17 af
502 782 173 17 diskussionsämnen
688 781 31 18 vid
731 782 72 17 senaste
815 781 110 22 synodalmö-

170 810 27 17 tet
211 809 6 17 i
233 802 46 25 Åbo.
303 809 38 18 Och
356 810 108 22 klagomålet
479 811 19 17 är
513 811 29 17 väl
556 810 119 23 berättigadt;
688 811 20 22 ty
720 810 55 22 ingen
787 809 104 23 myndighet
903 810 22 22 på

167 837 63 22 jorden
243 843 41 18 eger
296 839 88 22 rättighet
397 840 27 16 att
435 839 91 22 uppställa
541 839 66 17 sådana
619 839 64 17 hinder
697 839 29 17 för
739 838 99 22 arbetaren,
851 839 27 16 att
891 838 33 17 han

169 866 53 18 råkar
237 867 5 17 i
258 867 112 18 samvetsnöd
386 867 29 18 vid
429 867 114 18 försökandet
558 867 20 18 af
590 867 30 18 det
635 873 32 12 ena
679 867 121 22 nödvändiga.
825 867 35 17 Det
872 867 53 17 borde

169 895 90 18 dessutom
275 896 49 22 ligga
340 896 5 17 i
362 897 66 17 statens
443 897 80 20 intresse,
540 897 26 16 att
581 897 5 16 i
599 896 101 23 möjligaste
713 895 58 18 måtto
784 895 43 18 söka
840 895 84 23 befrämja

169 924 30 17 det
214 925 84 22 kristliga
312 925 59 21 lifvet;
384 926 19 22 ty
415 925 29 18 det
456 925 33 17 har
500 925 19 23 ju
532 925 46 17 visat
590 925 33 22 sig,
635 925 28 17 att
676 925 21 17 de
710 918 105 29 dugligaste
827 925 31 16 och
871 924 53 23 pålit-

168 953 65 22 ligaste
248 953 68 23 tjenare
330 955 31 16 äro
375 953 38 23 just
425 954 26 20 de,
465 954 61 17 hvilka
538 954 53 17 ställa
604 953 78 18 Herrans
695 953 32 18 ord
741 953 30 17 till
784 954 98 16 rättesnöre
894 953 29 17 vid

167 981 113 23 fullgörande
293 982 19 17 af
322 982 40 17 sina
371 982 79 23 jordiska
463 983 69 22 pligter.

236 1010 8 17 I
260 1010 34 17 fall
308 1010 109 23 högvördiga
432 1011 72 17 ståndet
518 1011 7 17 i
540 1011 99 17 hufvudsak
652 1011 106 22 godkänner
770 1011 47 16 hvad
827 1011 31 22 jag
870 1011 52 16 fram-

167 1039 56 20 ställt,
239 1039 58 17 skulle
310 1039 32 22 jag
356 1039 89 18 vördsamt
461 1039 69 21 föreslå,
547 1040 27 17 att
589 1039 72 18 ståndet
677 1039 57 17 måtte
751 1039 30 17 till
793 1039 50 16 Hans
855 1039 67 22 Kejser-

167 1067 38 22 liga
221 1067 86 23 Majestät
319 1067 43 23 ingå
374 1067 39 18 med
425 1073 20 12 en
458 1068 76 22 petition
547 1068 6 17 i
565 1068 30 17 det
607 1068 52 23 syfte,
673 1069 27 16 att
714 1078 21 2 —
748 1067 48 17 intill
807 1068 36 17 dess
854 1073 20 11 en
886 1068 35 21 lag-

166 1097 45 21 enlig
226 1097 75 16 revision
317 1097 22 22 af
349 1097 45 16 våra
406 1097 52 16 civila
470 1097 117 21 sabbatslagar
598 1097 57 21 blifvit
667 1096 99 20 verkställd,
779 1096 100 17 åtminstone
891 1096 31 17 den

165 1125 76 22 ändring
256 1125 7 16 i
275 1125 151 22 jernvägstrafiken
440 1125 52 17 skulle
506 1126 111 21 genomföras,
631 1128 25 13 att
669 1131 26 10 om
708 1125 113 21 söndagarna
831 1125 91 21 godstågen

165 1153 88 18 inställdes
271 1154 32 17 helt
321 1155 30 15 och
369 1154 51 17 hållet
435 1155 29 16 och
474 1155 25 21 på
512 1154 58 22 hvarje
582 1154 41 17 linie
635 1154 81 17 likaledes
728 1160 27 10 om
768 1153 84 22 söndagen
864 1153 58 16 endast

165 1185 20 13 ett
198 1183 91 21 persontåg
301 1183 118 22 expedierades
425 1184 51 22 fram
488 1184 28 16 och
528 1183 42 17 åter.

232 1210 113 24 Helsingfors
357 1211 33 17 den
404 1212 10 17 6
426 1211 85 18 Februari
524 1212 50 18 1882.

708 1239 27 18 K.
750 1239 21 19 F.
786 1234 66 24 Öller.

230 1315 112 21 Utskottet
364 1316 110 26 erkänner,
494 1318 32 19 att
544 1316 41 21 den
601 1316 38 21 sak
654 1315 188 27 förslagställaren
858 1315 62 26 bragt

162 1350 67 20 under
245 1350 121 21 diskussion
381 1350 7 20 i
404 1350 41 21 allo
461 1352 24 19 är
500 1351 51 20 värd
567 1349 197 28 uppmärksamhet.
791 1349 9 21 1
816 1350 51 20 vära
882 1350 36 20 da-

163 1391 44 20 gar,
223 1384 28 21 dä
267 1384 35 21 det
317 1384 119 22 materiella
451 1385 201 21 framätskridandet
667 1386 25 19 är
706 1384 24 21 sä
742 1384 176 21 förvänansvärdt

162 1420 60 23 stort,
242 1418 39 22 och
302 1419 27 21 dä
348 1419 121 27 isynnerhet
488 1420 25 20 de
533 1426 39 20 nya
587 1418 283 22 kommunikationsmedlen
886 1418 31 21 sä-

228 1458 94 17 Allmänna
338 1459 156 17 Besvärsutskottets
505 1460 103 16 betänkande
620 1460 35 16 N:o
669 1460 16 16 6.
