<?xml version="1.0" encoding="UTF-8"?>
<alto xmlns="http://www.loc.gov/standards/alto/ns-v3#" xmlns:xlink="http://www.w3.org/1999/xlink" xmlns:xsi="http://www.w3.org/2001/XMLSchema-instance" xsi:schemaLocation="http://www.loc.gov/standards/alto/ns-v3# http://www.loc.gov/alto/v3/alto-3-0.xsd">
	<Description>
		<MeasurementUnit>pixel</MeasurementUnit>
		<sourceImageInformation>
			<fileName>/tmp/tess_wf5vugxs_input.PNG</fileName>
		</sourceImageInformation>
		<OCRProcessing ID="OCR_0">
			<ocrProcessingStep>
				<processingSoftware>
					<softwareName>tesseract 5.3.4</softwareName>
				</processingSoftware>
			</ocrProcessingStep>
		</OCRProcessing>
	</Description>
	<Layout>
		<Page WIDTH="1023" HEIGHT="1678" PHYSICAL_IMG_NR="0" ID="page_0">
			<PrintSpace HPOS="0" VPOS="0" WIDTH="1023" HEIGHT="1678">
				<ComposedBlock ID="cblock_0" HPOS="193" VPOS="110" WIDTH="512" HEIGHT="23">
					<TextBlock ID="block_0" HPOS="193" VPOS="110" WIDTH="512" HEIGHT="23">
						<TextLine ID="line_0" HPOS="193" VPOS="110" WIDTH="512" HEIGHT="23">
							<String ID="string_0" HPOS="193" VPOS="111" WIDTH="12" HEIGHT="20" WC="0.96" CONTENT="8"/><SP WIDTH="175" VPOS="111" HPOS="205"/>
							<String ID="string_1" HPOS="380" VPOS="110" WIDTH="226" HEIGHT="23" WC="0.89" CONTENT="Petitionsbetänkande"/><SP WIDTH="17" VPOS="110" HPOS="606"/>
							<String ID="string_2" HPOS="623" VPOS="111" WIDTH="35" HEIGHT="22" WC="0.96" CONTENT="N:o"/><SP WIDTH="16" VPOS="111" HPOS="658"/>
							<String ID="string_3" HPOS="674" VPOS="111" WIDTH="31" HEIGHT="22" WC="0.96" CONTENT="31."/>
						</TextLine>
					</TextBlock>
				</ComposedBlock>
				<ComposedBlock ID="cblock_1" HPOS="165" VPOS="179" WIDTH="777" HEIGHT="1301">
					<TextBlock ID="block_1" HPOS="165" VPOS="179" WIDTH="757" HEIGHT="62">
						<TextLine ID="line_1" HPOS="165" VPOS="179" WIDTH="757" HEIGHT="28">
							<String ID="string_4" HPOS="165" VPOS="179" WIDTH="36" HEIGHT="21" WC="0.96" CONTENT="det"/><SP WIDTH="23" VPOS="179" HPOS="201"/>
							<String ID="string_5" HPOS="224" VPOS="179" WIDTH="99" HEIGHT="20" WC="0.93" CONTENT="säkraste"/><SP WIDTH="23" VPOS="179" HPOS="323"/>
							<String ID="string_6" HPOS="346" VPOS="179" WIDTH="162" HEIGHT="27" WC="0.92" CONTENT="skyddsmedlet"/><SP WIDTH="24" VPOS="179" HPOS="508"/>
							<String ID="string_7" HPOS="532" VPOS="182" WIDTH="24" HEIGHT="19" WC="0.96" CONTENT="är"/><SP WIDTH="23" VPOS="182" HPOS="556"/>
							<String ID="string_8" HPOS="579" VPOS="181" WIDTH="33" HEIGHT="20" WC="0.96" CONTENT="att"/><SP WIDTH="23" VPOS="181" HPOS="612"/>
							<String ID="string_9" HPOS="635" VPOS="180" WIDTH="54" HEIGHT="21" WC="0.96" CONTENT="söka"/><SP WIDTH="16" VPOS="180" HPOS="689"/>
							<String ID="string_10" HPOS="705" VPOS="181" WIDTH="57" HEIGHT="20" WC="0.96" CONTENT="emot"/><SP WIDTH="16" VPOS="181" HPOS="762"/>
							<String ID="string_11" HPOS="778" VPOS="180" WIDTH="26" HEIGHT="21" WC="0.92" CONTENT="de"/><SP WIDTH="16" VPOS="180" HPOS="804"/>
							<String ID="string_12" HPOS="820" VPOS="179" WIDTH="102" HEIGHT="28" WC="0.92" CONTENT="kräftsår,"/>
						</TextLine>
						<TextLine ID="line_2" HPOS="166" VPOS="213" WIDTH="756" HEIGHT="28">
							<String ID="string_13" HPOS="166" VPOS="220" WIDTH="44" HEIGHT="15" WC="0.96" CONTENT="som"/><SP WIDTH="17" VPOS="220" HPOS="210"/>
							<String ID="string_14" HPOS="227" VPOS="213" WIDTH="6" HEIGHT="21" WC="0.96" CONTENT="i"/><SP WIDTH="16" VPOS="213" HPOS="233"/>
							<String ID="string_15" HPOS="249" VPOS="214" WIDTH="53" HEIGHT="20" WC="0.96" CONTENT="våra"/><SP WIDTH="18" VPOS="214" HPOS="302"/>
							<String ID="string_16" HPOS="320" VPOS="213" WIDTH="67" HEIGHT="28" WC="0.93" CONTENT="dagar"/><SP WIDTH="15" VPOS="213" HPOS="387"/>
							<String ID="string_17" HPOS="402" VPOS="215" WIDTH="169" HEIGHT="26" WC="0.92" CONTENT="mångenstädes"/><SP WIDTH="12" VPOS="215" HPOS="571"/>
							<String ID="string_18" HPOS="583" VPOS="216" WIDTH="47" HEIGHT="19" WC="0.93" CONTENT="tära"/><SP WIDTH="11" VPOS="216" HPOS="630"/>
							<String ID="string_19" HPOS="641" VPOS="215" WIDTH="29" HEIGHT="26" WC="0.96" CONTENT="på"/><SP WIDTH="11" VPOS="215" HPOS="670"/>
							<String ID="string_20" HPOS="681" VPOS="215" WIDTH="126" HEIGHT="21" WC="0.93" CONTENT="samhällets"/><SP WIDTH="11" VPOS="215" HPOS="807"/>
							<String ID="string_21" HPOS="818" VPOS="214" WIDTH="104" HEIGHT="27" WC="0.89" CONTENT="lifsmärg."/>
						</TextLine>
					</TextBlock>
					<TextBlock ID="block_2" HPOS="165" VPOS="247" WIDTH="759" HEIGHT="476">
						<TextLine ID="line_3" HPOS="236" VPOS="247" WIDTH="685" HEIGHT="29">
							<String ID="string_22" HPOS="236" VPOS="247" WIDTH="44" HEIGHT="21" WC="0.96" CONTENT="För"/><SP WIDTH="16" VPOS="247" HPOS="280"/>
							<String ID="string_23" HPOS="296" VPOS="248" WIDTH="59" HEIGHT="21" WC="0.93" CONTENT="detta"/><SP WIDTH="16" VPOS="248" HPOS="355"/>
							<String ID="string_24" HPOS="371" VPOS="249" WIDTH="179" HEIGHT="26" WC="0.92" CONTENT="åskådningssätt"/><SP WIDTH="15" VPOS="249" HPOS="550"/>
							<String ID="string_25" HPOS="565" VPOS="249" WIDTH="103" HEIGHT="21" WC="0.96" CONTENT="framstår"/><SP WIDTH="17" VPOS="249" HPOS="668"/>
							<String ID="string_26" HPOS="685" VPOS="250" WIDTH="73" HEIGHT="20" WC="0.96" CONTENT="såsom"/><SP WIDTH="15" VPOS="250" HPOS="758"/>
							<String ID="string_27" HPOS="773" VPOS="255" WIDTH="26" HEIGHT="15" WC="0.93" CONTENT="en"/><SP WIDTH="11" VPOS="255" HPOS="799"/>
							<String ID="string_28" HPOS="810" VPOS="249" WIDTH="111" HEIGHT="27" WC="0.92" CONTENT="sjelffallen"/>
						</TextLine>
						<TextLine ID="line_4" HPOS="165" VPOS="283" WIDTH="757" HEIGHT="28">
							<String ID="string_29" HPOS="165" VPOS="283" WIDTH="143" HEIGHT="26" WC="0.91" CONTENT="konseqvens,"/><SP WIDTH="23" VPOS="283" HPOS="308"/>
							<String ID="string_30" HPOS="331" VPOS="285" WIDTH="33" HEIGHT="18" WC="0.96" CONTENT="att"/><SP WIDTH="22" VPOS="285" HPOS="364"/>
							<String ID="string_31" HPOS="386" VPOS="283" WIDTH="101" HEIGHT="21" WC="0.95" CONTENT="tillvaron"/><SP WIDTH="24" VPOS="283" HPOS="487"/>
							<String ID="string_32" HPOS="511" VPOS="283" WIDTH="23" HEIGHT="21" WC="0.96" CONTENT="af"/><SP WIDTH="21" VPOS="283" HPOS="534"/>
							<String ID="string_33" HPOS="555" VPOS="283" WIDTH="126" HEIGHT="28" WC="0.93" CONTENT="folkskolor,"/><SP WIDTH="23" VPOS="283" HPOS="681"/>
							<String ID="string_34" HPOS="704" VPOS="283" WIDTH="104" HEIGHT="27" WC="0.91" CONTENT="tjenande"/><SP WIDTH="16" VPOS="283" HPOS="808"/>
							<String ID="string_35" HPOS="824" VPOS="285" WIDTH="32" HEIGHT="20" WC="0.96" CONTENT="att"/><SP WIDTH="15" VPOS="285" HPOS="856"/>
							<String ID="string_36" HPOS="871" VPOS="283" WIDTH="51" HEIGHT="28" WC="0.96" CONTENT="fylla"/>
						</TextLine>
						<TextLine ID="line_5" HPOS="166" VPOS="317" WIDTH="755" HEIGHT="27">
							<String ID="string_37" HPOS="166" VPOS="317" WIDTH="60" HEIGHT="21" WC="0.93" CONTENT="detta"/><SP WIDTH="15" VPOS="317" HPOS="226"/>
							<String ID="string_38" HPOS="241" VPOS="317" WIDTH="71" HEIGHT="27" WC="0.92" CONTENT="behof,"/><SP WIDTH="16" VPOS="317" HPOS="312"/>
							<String ID="string_39" HPOS="328" VPOS="317" WIDTH="47" HEIGHT="21" WC="0.96" CONTENT="icke"/><SP WIDTH="15" VPOS="317" HPOS="375"/>
							<String ID="string_40" HPOS="390" VPOS="317" WIDTH="39" HEIGHT="21" WC="0.96" CONTENT="bör"/><SP WIDTH="15" VPOS="317" HPOS="429"/>
							<String ID="string_41" HPOS="444" VPOS="319" WIDTH="64" HEIGHT="25" WC="0.96" CONTENT="göras"/><SP WIDTH="16" VPOS="319" HPOS="508"/>
							<String ID="string_42" HPOS="524" VPOS="317" WIDTH="108" HEIGHT="21" WC="0.95" CONTENT="beroende"/><SP WIDTH="16" VPOS="317" HPOS="632"/>
							<String ID="string_43" HPOS="648" VPOS="318" WIDTH="24" HEIGHT="20" WC="0.96" CONTENT="af"/><SP WIDTH="15" VPOS="318" HPOS="672"/>
							<String ID="string_44" HPOS="687" VPOS="318" WIDTH="41" HEIGHT="20" WC="0.96" CONTENT="den"/><SP WIDTH="12" VPOS="318" HPOS="728"/>
							<String ID="string_45" HPOS="740" VPOS="324" WIDTH="41" HEIGHT="14" WC="0.96" CONTENT="ena"/><SP WIDTH="11" VPOS="324" HPOS="781"/>
							<String ID="string_46" HPOS="792" VPOS="318" WIDTH="52" HEIGHT="20" WC="0.96" CONTENT="eller"/><SP WIDTH="11" VPOS="318" HPOS="844"/>
							<String ID="string_47" HPOS="855" VPOS="318" WIDTH="66" HEIGHT="21" WC="0.96" CONTENT="andra"/>
						</TextLine>
						<TextLine ID="line_6" HPOS="166" VPOS="351" WIDTH="757" HEIGHT="28">
							<String ID="string_48" HPOS="166" VPOS="352" WIDTH="142" HEIGHT="21" WC="0.96" CONTENT="kommunens"/><SP WIDTH="23" VPOS="352" HPOS="308"/>
							<String ID="string_49" HPOS="331" VPOS="351" WIDTH="138" HEIGHT="27" WC="0.96" CONTENT="uppfattning"/><SP WIDTH="24" VPOS="351" HPOS="469"/>
							<String ID="string_50" HPOS="493" VPOS="358" WIDTH="33" HEIGHT="15" WC="0.88" CONTENT="om"/><SP WIDTH="18" VPOS="358" HPOS="526"/>
							<String ID="string_51" HPOS="544" VPOS="352" WIDTH="138" HEIGHT="26" WC="0.88" CONTENT="bildningens"/><SP WIDTH="17" VPOS="352" HPOS="682"/>
							<String ID="string_52" HPOS="699" VPOS="352" WIDTH="119" HEIGHT="27" WC="0.96" CONTENT="betydelse,"/><SP WIDTH="15" VPOS="352" HPOS="818"/>
							<String ID="string_53" HPOS="833" VPOS="354" WIDTH="52" HEIGHT="19" WC="0.96" CONTENT="utan"/><SP WIDTH="17" VPOS="354" HPOS="885"/>
							<String ID="string_54" HPOS="902" VPOS="352" WIDTH="21" HEIGHT="21" WC="0.95" CONTENT="af"/>
						</TextLine>
						<TextLine ID="line_7" HPOS="166" VPOS="386" WIDTH="755" HEIGHT="26">
							<String ID="string_55" HPOS="166" VPOS="386" WIDTH="164" HEIGHT="26" WC="0.96" CONTENT="bestämningar"/><SP WIDTH="15" VPOS="386" HPOS="330"/>
							<String ID="string_56" HPOS="345" VPOS="386" WIDTH="23" HEIGHT="21" WC="0.96" CONTENT="af"/><SP WIDTH="14" VPOS="386" HPOS="368"/>
							<String ID="string_57" HPOS="382" VPOS="386" WIDTH="114" HEIGHT="21" WC="0.95" CONTENT="samhället"/><SP WIDTH="16" VPOS="386" HPOS="496"/>
							<String ID="string_58" HPOS="512" VPOS="386" WIDTH="7" HEIGHT="21" WC="0.96" CONTENT="i"/><SP WIDTH="12" VPOS="386" HPOS="519"/>
							<String ID="string_59" HPOS="531" VPOS="387" WIDTH="33" HEIGHT="20" WC="0.96" CONTENT="sin"/><SP WIDTH="10" VPOS="387" HPOS="564"/>
							<String ID="string_60" HPOS="574" VPOS="386" WIDTH="80" HEIGHT="21" WC="0.96" CONTENT="helhet."/><SP WIDTH="26" VPOS="386" HPOS="654"/>
							<String ID="string_61" HPOS="680" VPOS="387" WIDTH="43" HEIGHT="20" WC="0.96" CONTENT="Det"/><SP WIDTH="11" VPOS="387" HPOS="723"/>
							<String ID="string_62" HPOS="734" VPOS="389" WIDTH="25" HEIGHT="18" WC="0.96" CONTENT="är"/><SP WIDTH="10" VPOS="389" HPOS="759"/>
							<String ID="string_63" HPOS="769" VPOS="387" WIDTH="47" HEIGHT="20" WC="0.96" CONTENT="icke"/><SP WIDTH="12" VPOS="387" HPOS="816"/>
							<String ID="string_64" HPOS="828" VPOS="393" WIDTH="25" HEIGHT="14" WC="0.92" CONTENT="en"/><SP WIDTH="11" VPOS="393" HPOS="853"/>
							<String ID="string_65" HPOS="864" VPOS="387" WIDTH="57" HEIGHT="20" WC="0.92" CONTENT="kom-"/>
						</TextLine>
						<TextLine ID="line_8" HPOS="166" VPOS="420" WIDTH="756" HEIGHT="28">
							<String ID="string_66" HPOS="166" VPOS="427" WIDTH="91" HEIGHT="14" WC="0.91" CONTENT="munens"/><SP WIDTH="17" VPOS="427" HPOS="257"/>
							<String ID="string_67" HPOS="274" VPOS="420" WIDTH="98" HEIGHT="21" WC="0.93" CONTENT="enskilda"/><SP WIDTH="14" VPOS="420" HPOS="372"/>
							<String ID="string_68" HPOS="386" VPOS="421" WIDTH="264" HEIGHT="27" WC="0.91" CONTENT="hushållsangelägenhet,"/><SP WIDTH="16" VPOS="421" HPOS="650"/>
							<String ID="string_69" HPOS="666" VPOS="423" WIDTH="53" HEIGHT="19" WC="0.96" CONTENT="utan"/><SP WIDTH="17" VPOS="423" HPOS="719"/>
							<String ID="string_70" HPOS="736" VPOS="427" WIDTH="26" HEIGHT="15" WC="0.96" CONTENT="en"/><SP WIDTH="16" VPOS="427" HPOS="762"/>
							<String ID="string_71" HPOS="778" VPOS="421" WIDTH="78" HEIGHT="21" WC="0.92" CONTENT="allmän"/><SP WIDTH="12" VPOS="421" HPOS="856"/>
							<String ID="string_72" HPOS="868" VPOS="427" WIDTH="54" HEIGHT="14" WC="0.90" CONTENT="sam-"/>
						</TextLine>
						<TextLine ID="line_9" HPOS="166" VPOS="455" WIDTH="756" HEIGHT="27">
							<String ID="string_73" HPOS="166" VPOS="455" WIDTH="216" HEIGHT="26" WC="0.89" CONTENT="hällsangelägenhet"/><SP WIDTH="23" VPOS="455" HPOS="382"/>
							<String ID="string_74" HPOS="405" VPOS="455" WIDTH="23" HEIGHT="21" WC="0.96" CONTENT="af"/><SP WIDTH="21" VPOS="455" HPOS="428"/>
							<String ID="string_75" HPOS="449" VPOS="457" WIDTH="82" HEIGHT="19" WC="0.96" CONTENT="största"/><SP WIDTH="22" VPOS="457" HPOS="531"/>
							<String ID="string_76" HPOS="553" VPOS="455" WIDTH="119" HEIGHT="27" WC="0.92" CONTENT="betydelse."/><SP WIDTH="32" VPOS="455" HPOS="672"/>
							<String ID="string_77" HPOS="704" VPOS="455" WIDTH="164" HEIGHT="22" WC="0.91" CONTENT="Omvårdnaden"/><SP WIDTH="21" VPOS="455" HPOS="868"/>
							<String ID="string_78" HPOS="889" VPOS="461" WIDTH="33" HEIGHT="15" WC="0.96" CONTENT="om"/>
						</TextLine>
						<TextLine ID="line_10" HPOS="167" VPOS="489" WIDTH="755" HEIGHT="28">
							<String ID="string_79" HPOS="167" VPOS="490" WIDTH="125" HEIGHT="21" WC="0.95" CONTENT="densamma"/><SP WIDTH="15" VPOS="490" HPOS="292"/>
							<String ID="string_80" HPOS="307" VPOS="489" WIDTH="117" HEIGHT="22" WC="0.95" CONTENT="innefattar"/><SP WIDTH="16" VPOS="489" HPOS="424"/>
							<String ID="string_81" HPOS="440" VPOS="490" WIDTH="41" HEIGHT="21" WC="0.96" CONTENT="den"/><SP WIDTH="15" VPOS="490" HPOS="481"/>
							<String ID="string_82" HPOS="496" VPOS="490" WIDTH="83" HEIGHT="21" WC="0.91" CONTENT="kanske"/><SP WIDTH="16" VPOS="490" HPOS="579"/>
							<String ID="string_83" HPOS="595" VPOS="490" WIDTH="117" HEIGHT="27" WC="0.91" CONTENT="vigtigaste"/><SP WIDTH="16" VPOS="490" HPOS="712"/>
							<String ID="string_84" HPOS="728" VPOS="490" WIDTH="63" HEIGHT="21" WC="0.96" CONTENT="delen"/><SP WIDTH="17" VPOS="490" HPOS="791"/>
							<String ID="string_85" HPOS="808" VPOS="489" WIDTH="22" HEIGHT="22" WC="0.88" CONTENT="af"/><SP WIDTH="9" VPOS="489" HPOS="830"/>
							<String ID="string_86" HPOS="839" VPOS="491" WIDTH="83" HEIGHT="20" WC="0.88" CONTENT="statens"/>
						</TextLine>
						<TextLine ID="line_11" HPOS="166" VPOS="524" WIDTH="756" HEIGHT="27">
							<String ID="string_87" HPOS="166" VPOS="524" WIDTH="86" HEIGHT="27" WC="0.96" CONTENT="uppgift"/><SP WIDTH="15" VPOS="524" HPOS="252"/>
							<String ID="string_88" HPOS="267" VPOS="526" WIDTH="33" HEIGHT="19" WC="0.96" CONTENT="att"/><SP WIDTH="16" VPOS="526" HPOS="300"/>
							<String ID="string_89" HPOS="316" VPOS="531" WIDTH="54" HEIGHT="20" WC="0.96" CONTENT="egna"/><SP WIDTH="19" VPOS="531" HPOS="370"/>
							<String ID="string_90" HPOS="389" VPOS="524" WIDTH="33" HEIGHT="21" WC="0.96" CONTENT="sin"/><SP WIDTH="16" VPOS="524" HPOS="422"/>
							<String ID="string_91" HPOS="438" VPOS="531" WIDTH="86" HEIGHT="20" WC="0.96" CONTENT="omsorg"/><SP WIDTH="16" VPOS="531" HPOS="524"/>
							<String ID="string_92" HPOS="540" VPOS="525" WIDTH="22" HEIGHT="20" WC="0.96" CONTENT="åt"/><SP WIDTH="10" VPOS="525" HPOS="562"/>
							<String ID="string_93" HPOS="572" VPOS="524" WIDTH="132" HEIGHT="27" WC="0.95" CONTENT="främjandet"/><SP WIDTH="11" VPOS="524" HPOS="704"/>
							<String ID="string_94" HPOS="715" VPOS="525" WIDTH="23" HEIGHT="20" WC="0.96" CONTENT="af"/><SP WIDTH="10" VPOS="525" HPOS="738"/>
							<String ID="string_95" HPOS="748" VPOS="525" WIDTH="112" HEIGHT="20" WC="0.93" CONTENT="nationens"/><SP WIDTH="12" VPOS="525" HPOS="860"/>
							<String ID="string_96" HPOS="872" VPOS="524" WIDTH="50" HEIGHT="21" WC="0.91" CONTENT="and-"/>
						</TextLine>
						<TextLine ID="line_12" HPOS="167" VPOS="559" WIDTH="756" HEIGHT="27">
							<String ID="string_97" HPOS="167" VPOS="559" WIDTH="43" HEIGHT="27" WC="0.93" CONTENT="liga"/><SP WIDTH="16" VPOS="559" HPOS="210"/>
							<String ID="string_98" HPOS="226" VPOS="559" WIDTH="108" HEIGHT="25" WC="0.92" CONTENT="kulturlif;"/><SP WIDTH="18" VPOS="559" HPOS="334"/>
							<String ID="string_99" HPOS="352" VPOS="565" WIDTH="26" HEIGHT="15" WC="0.93" CONTENT="en"/><SP WIDTH="15" VPOS="565" HPOS="378"/>
							<String ID="string_100" HPOS="393" VPOS="559" WIDTH="55" HEIGHT="26" WC="0.93" CONTENT="pligt"/><SP WIDTH="16" VPOS="559" HPOS="448"/>
							<String ID="string_101" HPOS="464" VPOS="565" WIDTH="45" HEIGHT="15" WC="0.96" CONTENT="som"/><SP WIDTH="16" VPOS="565" HPOS="509"/>
							<String ID="string_102" HPOS="525" VPOS="559" WIDTH="7" HEIGHT="21" WC="0.96" CONTENT="i"/><SP WIDTH="16" VPOS="559" HPOS="532"/>
							<String ID="string_103" HPOS="548" VPOS="560" WIDTH="52" HEIGHT="20" WC="0.96" CONTENT="våra"/><SP WIDTH="16" VPOS="560" HPOS="600"/>
							<String ID="string_104" HPOS="616" VPOS="559" WIDTH="68" HEIGHT="27" WC="0.96" CONTENT="dagar"/><SP WIDTH="16" VPOS="559" HPOS="684"/>
							<String ID="string_105" HPOS="700" VPOS="559" WIDTH="48" HEIGHT="21" WC="0.93" CONTENT="icke"/><SP WIDTH="11" VPOS="559" HPOS="748"/>
							<String ID="string_106" HPOS="759" VPOS="559" WIDTH="111" HEIGHT="21" WC="0.92" CONTENT="ostraffadt"/><SP WIDTH="11" VPOS="559" HPOS="870"/>
							<String ID="string_107" HPOS="881" VPOS="559" WIDTH="42" HEIGHT="20" WC="0.92" CONTENT="för-"/>
						</TextLine>
						<TextLine ID="line_13" HPOS="167" VPOS="593" WIDTH="756" HEIGHT="22">
							<String ID="string_108" HPOS="167" VPOS="599" WIDTH="95" HEIGHT="15" WC="0.89" CONTENT="summas"/><SP WIDTH="16" VPOS="599" HPOS="262"/>
							<String ID="string_109" HPOS="278" VPOS="605" WIDTH="26" HEIGHT="4" WC="0.90" CONTENT="—"/><SP WIDTH="17" VPOS="605" HPOS="304"/>
							<String ID="string_110" HPOS="321" VPOS="593" WIDTH="66" HEIGHT="21" WC="0.96" CONTENT="minst"/><SP WIDTH="15" VPOS="593" HPOS="387"/>
							<String ID="string_111" HPOS="402" VPOS="593" WIDTH="23" HEIGHT="21" WC="0.95" CONTENT="af"/><SP WIDTH="9" VPOS="593" HPOS="425"/>
							<String ID="string_112" HPOS="434" VPOS="595" WIDTH="31" HEIGHT="19" WC="0.95" CONTENT="ett"/><SP WIDTH="11" VPOS="595" HPOS="465"/>
							<String ID="string_113" HPOS="476" VPOS="593" WIDTH="48" HEIGHT="22" WC="0.96" CONTENT="litet"/><SP WIDTH="11" VPOS="593" HPOS="524"/>
							<String ID="string_114" HPOS="535" VPOS="593" WIDTH="51" HEIGHT="22" WC="0.96" CONTENT="folk."/><SP WIDTH="26" VPOS="593" HPOS="586"/>
							<String ID="string_115" HPOS="612" VPOS="593" WIDTH="114" HEIGHT="22" WC="0.96" CONTENT="Utskottet"/><SP WIDTH="10" VPOS="593" HPOS="726"/>
							<String ID="string_116" HPOS="736" VPOS="594" WIDTH="41" HEIGHT="21" WC="0.96" CONTENT="har"/><SP WIDTH="10" VPOS="594" HPOS="777"/>
							<String ID="string_117" HPOS="787" VPOS="593" WIDTH="89" HEIGHT="22" WC="0.93" CONTENT="härmed"/><SP WIDTH="11" VPOS="593" HPOS="876"/>
							<String ID="string_118" HPOS="887" VPOS="599" WIDTH="36" HEIGHT="15" WC="0.92" CONTENT="an-"/>
						</TextLine>
						<TextLine ID="line_14" HPOS="167" VPOS="627" WIDTH="757" HEIGHT="28">
							<String ID="string_119" HPOS="167" VPOS="628" WIDTH="63" HEIGHT="27" WC="0.91" CONTENT="gifvit"/><SP WIDTH="22" VPOS="628" HPOS="230"/>
							<String ID="string_120" HPOS="252" VPOS="627" WIDTH="33" HEIGHT="22" WC="0.96" CONTENT="sin"/><SP WIDTH="19" VPOS="627" HPOS="285"/>
							<String ID="string_121" HPOS="304" VPOS="628" WIDTH="135" HEIGHT="27" WC="0.96" CONTENT="principiella"/><SP WIDTH="15" VPOS="628" HPOS="439"/>
							<String ID="string_122" HPOS="454" VPOS="629" WIDTH="134" HEIGHT="26" WC="0.96" CONTENT="ståndpunkt"/><SP WIDTH="16" VPOS="629" HPOS="588"/>
							<String ID="string_123" HPOS="604" VPOS="628" WIDTH="6" HEIGHT="21" WC="0.96" CONTENT="i"/><SP WIDTH="16" VPOS="628" HPOS="610"/>
							<String ID="string_124" HPOS="626" VPOS="628" WIDTH="78" HEIGHT="27" WC="0.96" CONTENT="frågan"/><SP WIDTH="16" VPOS="628" HPOS="704"/>
							<String ID="string_125" HPOS="720" VPOS="630" WIDTH="57" HEIGHT="19" WC="0.96" CONTENT="samt"/><SP WIDTH="16" VPOS="630" HPOS="777"/>
							<String ID="string_126" HPOS="793" VPOS="629" WIDTH="38" HEIGHT="26" WC="0.96" CONTENT="går"/><SP WIDTH="15" VPOS="629" HPOS="831"/>
							<String ID="string_127" HPOS="846" VPOS="634" WIDTH="30" HEIGHT="15" WC="0.96" CONTENT="nu"/><SP WIDTH="16" VPOS="634" HPOS="876"/>
							<String ID="string_128" HPOS="892" VPOS="630" WIDTH="32" HEIGHT="18" WC="0.96" CONTENT="att"/>
						</TextLine>
						<TextLine ID="line_15" HPOS="168" VPOS="662" WIDTH="756" HEIGHT="28">
							<String ID="string_129" HPOS="168" VPOS="663" WIDTH="94" HEIGHT="27" WC="0.96" CONTENT="granska"/><SP WIDTH="16" VPOS="663" HPOS="262"/>
							<String ID="string_130" HPOS="278" VPOS="662" WIDTH="106" HEIGHT="21" WC="0.96" CONTENT="huruvida"/><SP WIDTH="11" VPOS="662" HPOS="384"/>
							<String ID="string_131" HPOS="395" VPOS="663" WIDTH="26" HEIGHT="20" WC="0.96" CONTENT="de"/><SP WIDTH="11" VPOS="663" HPOS="421"/>
							<String ID="string_132" HPOS="432" VPOS="662" WIDTH="96" HEIGHT="21" WC="0.96" CONTENT="faktiska"/><SP WIDTH="10" VPOS="662" HPOS="528"/>
							<String ID="string_133" HPOS="538" VPOS="663" WIDTH="166" HEIGHT="21" WC="0.96" CONTENT="förhållandena"/><SP WIDTH="11" VPOS="663" HPOS="704"/>
							<String ID="string_134" HPOS="715" VPOS="663" WIDTH="7" HEIGHT="20" WC="0.96" CONTENT="i"/><SP WIDTH="12" VPOS="663" HPOS="722"/>
							<String ID="string_135" HPOS="734" VPOS="663" WIDTH="48" HEIGHT="20" WC="0.96" CONTENT="vårt"/><SP WIDTH="10" VPOS="663" HPOS="782"/>
							<String ID="string_136" HPOS="792" VPOS="662" WIDTH="51" HEIGHT="20" WC="0.96" CONTENT="land"/><SP WIDTH="10" VPOS="662" HPOS="843"/>
							<String ID="string_137" HPOS="853" VPOS="662" WIDTH="71" HEIGHT="20" WC="0.96" CONTENT="tillåta"/>
						</TextLine>
						<TextLine ID="line_16" HPOS="168" VPOS="697" WIDTH="390" HEIGHT="26">
							<String ID="string_138" HPOS="168" VPOS="698" WIDTH="64" HEIGHT="20" WC="0.93" CONTENT="dessa"/><SP WIDTH="15" VPOS="698" HPOS="232"/>
							<String ID="string_139" HPOS="247" VPOS="697" WIDTH="120" HEIGHT="26" WC="0.92" CONTENT="principers"/><SP WIDTH="16" VPOS="697" HPOS="367"/>
							<String ID="string_140" HPOS="383" VPOS="697" WIDTH="175" HEIGHT="26" WC="0.95" CONTENT="genomförande."/>
						</TextLine>
					</TextBlock>
					<TextBlock ID="block_3" HPOS="167" VPOS="730" WIDTH="775" HEIGHT="718">
						<TextLine ID="line_17" HPOS="239" VPOS="730" WIDTH="685" HEIGHT="28">
							<String ID="string_141" HPOS="239" VPOS="732" WIDTH="45" HEIGHT="20" WC="0.96" CONTENT="Hos"/><SP WIDTH="17" VPOS="732" HPOS="284"/>
							<String ID="string_142" HPOS="301" VPOS="737" WIDTH="34" HEIGHT="15" WC="0.95" CONTENT="oss"/><SP WIDTH="19" VPOS="737" HPOS="335"/>
							<String ID="string_143" HPOS="354" VPOS="732" WIDTH="39" HEIGHT="20" WC="0.96" CONTENT="har"/><SP WIDTH="16" VPOS="732" HPOS="393"/>
							<String ID="string_144" HPOS="409" VPOS="732" WIDTH="137" HEIGHT="26" WC="0.96" CONTENT="lagstiftaren"/><SP WIDTH="16" VPOS="732" HPOS="546"/>
							<String ID="string_145" HPOS="562" VPOS="732" WIDTH="67" HEIGHT="20" WC="0.96" CONTENT="redan"/><SP WIDTH="16" VPOS="732" HPOS="629"/>
							<String ID="string_146" HPOS="645" VPOS="732" WIDTH="65" HEIGHT="26" WC="0.93" CONTENT="länge"/><SP WIDTH="16" VPOS="732" HPOS="710"/>
							<String ID="string_147" HPOS="726" VPOS="731" WIDTH="116" HEIGHT="27" WC="0.91" CONTENT="regulativt"/><SP WIDTH="16" VPOS="731" HPOS="842"/>
							<String ID="string_148" HPOS="858" VPOS="730" WIDTH="66" HEIGHT="27" WC="0.93" CONTENT="ingri-"/>
						</TextLine>
						<TextLine ID="line_18" HPOS="167" VPOS="766" WIDTH="757" HEIGHT="27">
							<String ID="string_149" HPOS="167" VPOS="767" WIDTH="33" HEIGHT="26" WC="0.96" CONTENT="pit"/><SP WIDTH="14" VPOS="767" HPOS="200"/>
							<String ID="string_150" HPOS="214" VPOS="768" WIDTH="58" HEIGHT="25" WC="0.96" CONTENT="uppå"/><SP WIDTH="16" VPOS="768" HPOS="272"/>
							<String ID="string_151" HPOS="288" VPOS="766" WIDTH="182" HEIGHT="27" WC="0.96" CONTENT="folkbildningens"/><SP WIDTH="17" VPOS="766" HPOS="470"/>
							<String ID="string_152" HPOS="487" VPOS="766" WIDTH="93" HEIGHT="21" WC="0.96" CONTENT="område."/><SP WIDTH="24" VPOS="766" HPOS="580"/>
							<String ID="string_153" HPOS="604" VPOS="766" WIDTH="76" HEIGHT="21" WC="0.96" CONTENT="Redan"/><SP WIDTH="13" VPOS="766" HPOS="680"/>
							<String ID="string_154" HPOS="693" VPOS="766" WIDTH="100" HEIGHT="27" WC="0.96" CONTENT="omkring"/><SP WIDTH="10" VPOS="766" HPOS="793"/>
							<String ID="string_155" HPOS="803" VPOS="766" WIDTH="121" HEIGHT="21" WC="0.95" CONTENT="tvåhundra"/>
						</TextLine>
						<TextLine ID="line_19" HPOS="168" VPOS="800" WIDTH="755" HEIGHT="28">
							<String ID="string_156" HPOS="168" VPOS="802" WIDTH="24" HEIGHT="20" WC="0.96" CONTENT="år"/><SP WIDTH="15" VPOS="802" HPOS="192"/>
							<String ID="string_157" HPOS="207" VPOS="801" WIDTH="40" HEIGHT="21" WC="0.96" CONTENT="har"/><SP WIDTH="16" VPOS="801" HPOS="247"/>
							<String ID="string_158" HPOS="263" VPOS="801" WIDTH="36" HEIGHT="21" WC="0.96" CONTENT="det"/><SP WIDTH="16" VPOS="801" HPOS="299"/>
							<String ID="string_159" HPOS="315" VPOS="801" WIDTH="96" HEIGHT="21" WC="0.93" CONTENT="växande"/><SP WIDTH="16" VPOS="801" HPOS="411"/>
							<String ID="string_160" HPOS="427" VPOS="801" WIDTH="91" HEIGHT="27" WC="0.92" CONTENT="slägtets"/><SP WIDTH="15" VPOS="801" HPOS="518"/>
							<String ID="string_161" HPOS="533" VPOS="801" WIDTH="157" HEIGHT="27" WC="0.96" CONTENT="undervisning"/><SP WIDTH="15" VPOS="801" HPOS="690"/>
							<String ID="string_162" HPOS="705" VPOS="801" WIDTH="7" HEIGHT="21" WC="0.96" CONTENT="i"/><SP WIDTH="16" VPOS="801" HPOS="712"/>
							<String ID="string_163" HPOS="728" VPOS="800" WIDTH="86" HEIGHT="27" WC="0.96" CONTENT="läsning"/><SP WIDTH="16" VPOS="800" HPOS="814"/>
							<String ID="string_164" HPOS="830" VPOS="801" WIDTH="38" HEIGHT="21" WC="0.93" CONTENT="och"/><SP WIDTH="11" VPOS="801" HPOS="868"/>
							<String ID="string_165" HPOS="879" VPOS="800" WIDTH="44" HEIGHT="20" WC="0.92" CONTENT="kri-"/>
						</TextLine>
						<TextLine ID="line_20" HPOS="168" VPOS="835" WIDTH="755" HEIGHT="27">
							<String ID="string_166" HPOS="168" VPOS="836" WIDTH="99" HEIGHT="20" WC="0.91" CONTENT="stendom"/><SP WIDTH="16" VPOS="836" HPOS="267"/>
							<String ID="string_167" HPOS="283" VPOS="836" WIDTH="71" HEIGHT="20" WC="0.96" CONTENT="såsom"/><SP WIDTH="16" VPOS="836" HPOS="354"/>
							<String ID="string_168" HPOS="370" VPOS="842" WIDTH="26" HEIGHT="14" WC="0.96" CONTENT="en"/><SP WIDTH="16" VPOS="842" HPOS="396"/>
							<String ID="string_169" HPOS="412" VPOS="835" WIDTH="7" HEIGHT="21" WC="0.96" CONTENT="i"/><SP WIDTH="15" VPOS="835" HPOS="419"/>
							<String ID="string_170" HPOS="434" VPOS="836" WIDTH="36" HEIGHT="26" WC="0.96" CONTENT="lag"/><SP WIDTH="15" VPOS="836" HPOS="470"/>
							<String ID="string_171" HPOS="485" VPOS="835" WIDTH="85" HEIGHT="21" WC="0.95" CONTENT="uttalad"/><SP WIDTH="16" VPOS="835" HPOS="570"/>
							<String ID="string_172" HPOS="586" VPOS="835" WIDTH="125" HEIGHT="27" WC="0.96" CONTENT="skyldighet"/><SP WIDTH="16" VPOS="835" HPOS="711"/>
							<String ID="string_173" HPOS="727" VPOS="835" WIDTH="85" HEIGHT="21" WC="0.95" CONTENT="tillhört"/><SP WIDTH="13" VPOS="835" HPOS="812"/>
							<String ID="string_174" HPOS="825" VPOS="835" WIDTH="98" HEIGHT="21" WC="0.96" CONTENT="hemmen"/>
						</TextLine>
						<TextLine ID="line_21" HPOS="168" VPOS="869" WIDTH="774" HEIGHT="27">
							<String ID="string_175" HPOS="168" VPOS="870" WIDTH="40" HEIGHT="21" WC="0.93" CONTENT="och"/><SP WIDTH="15" VPOS="870" HPOS="208"/>
							<String ID="string_176" HPOS="223" VPOS="870" WIDTH="169" HEIGHT="26" WC="0.92" CONTENT="presterskapet."/><SP WIDTH="31" VPOS="870" HPOS="392"/>
							<String ID="string_177" HPOS="423" VPOS="870" WIDTH="50" HEIGHT="21" WC="0.96" CONTENT="Men"/><SP WIDTH="16" VPOS="870" HPOS="473"/>
							<String ID="string_178" HPOS="489" VPOS="870" WIDTH="7" HEIGHT="20" WC="0.96" CONTENT="i"/><SP WIDTH="16" VPOS="870" HPOS="496"/>
							<String ID="string_179" HPOS="512" VPOS="870" WIDTH="41" HEIGHT="21" WC="0.96" CONTENT="den"/><SP WIDTH="15" VPOS="870" HPOS="553"/>
							<String ID="string_180" HPOS="568" VPOS="871" WIDTH="50" HEIGHT="20" WC="0.96" CONTENT="mån"/><SP WIDTH="17" VPOS="871" HPOS="618"/>
							<String ID="string_181" HPOS="635" VPOS="870" WIDTH="117" HEIGHT="21" WC="0.96" CONTENT="samhället"/><SP WIDTH="15" VPOS="870" HPOS="752"/>
							<String ID="string_182" HPOS="767" VPOS="869" WIDTH="109" HEIGHT="21" WC="0.96" CONTENT="utvecklat"/><SP WIDTH="15" VPOS="869" HPOS="876"/>
							<String ID="string_183" HPOS="891" VPOS="869" WIDTH="33" HEIGHT="26" WC="0.93" CONTENT="sig"/><SP WIDTH="13" VPOS="869" HPOS="924"/>
							<String ID="string_184" HPOS="937" VPOS="873" WIDTH="5" HEIGHT="5" WC="0.92" CONTENT="*"/>
						</TextLine>
						<TextLine ID="line_22" HPOS="167" VPOS="904" WIDTH="757" HEIGHT="27">
							<String ID="string_185" HPOS="167" VPOS="906" WIDTH="70" HEIGHT="20" WC="0.96" CONTENT="måste"/><SP WIDTH="24" VPOS="906" HPOS="237"/>
							<String ID="string_186" HPOS="261" VPOS="904" WIDTH="36" HEIGHT="21" WC="0.93" CONTENT="det"/><SP WIDTH="21" VPOS="904" HPOS="297"/>
							<String ID="string_187" HPOS="318" VPOS="904" WIDTH="79" HEIGHT="27" WC="0.92" CONTENT="jemväl"/><SP WIDTH="18" VPOS="904" HPOS="397"/>
							<String ID="string_188" HPOS="415" VPOS="904" WIDTH="50" HEIGHT="27" WC="0.97" CONTENT="höja"/><SP WIDTH="15" VPOS="904" HPOS="465"/>
							<String ID="string_189" HPOS="480" VPOS="904" WIDTH="152" HEIGHT="27" WC="0.96" CONTENT="fordringarna"/><SP WIDTH="16" VPOS="904" HPOS="632"/>
							<String ID="string_190" HPOS="648" VPOS="906" WIDTH="28" HEIGHT="25" WC="0.95" CONTENT="på"/><SP WIDTH="17" VPOS="906" HPOS="676"/>
							<String ID="string_191" HPOS="693" VPOS="904" WIDTH="37" HEIGHT="21" WC="0.96" CONTENT="det"/><SP WIDTH="16" VPOS="904" HPOS="730"/>
							<String ID="string_192" HPOS="746" VPOS="904" WIDTH="108" HEIGHT="21" WC="0.96" CONTENT="allmänna"/><SP WIDTH="16" VPOS="904" HPOS="854"/>
							<String ID="string_193" HPOS="870" VPOS="904" WIDTH="54" HEIGHT="21" WC="0.96" CONTENT="mått"/>
						</TextLine>
						<TextLine ID="line_23" HPOS="168" VPOS="938" WIDTH="756" HEIGHT="28">
							<String ID="string_194" HPOS="168" VPOS="939" WIDTH="23" HEIGHT="21" WC="0.95" CONTENT="af"/><SP WIDTH="21" VPOS="939" HPOS="191"/>
							<String ID="string_195" HPOS="212" VPOS="939" WIDTH="92" HEIGHT="21" WC="0.96" CONTENT="vetande"/><SP WIDTH="22" VPOS="939" HPOS="304"/>
							<String ID="string_196" HPOS="326" VPOS="939" WIDTH="74" HEIGHT="26" WC="0.96" CONTENT="hvarje"/><SP WIDTH="24" VPOS="939" HPOS="400"/>
							<String ID="string_197" HPOS="424" VPOS="939" WIDTH="49" HEIGHT="21" WC="0.96" CONTENT="dess"/><SP WIDTH="18" VPOS="939" HPOS="473"/>
							<String ID="string_198" HPOS="491" VPOS="939" WIDTH="92" HEIGHT="21" WC="0.96" CONTENT="medlem"/><SP WIDTH="16" VPOS="939" HPOS="583"/>
							<String ID="string_199" HPOS="599" VPOS="938" WIDTH="39" HEIGHT="22" WC="0.93" CONTENT="bör"/><SP WIDTH="16" VPOS="938" HPOS="638"/>
							<String ID="string_200" HPOS="654" VPOS="945" WIDTH="48" HEIGHT="21" WC="0.91" CONTENT="ega."/><SP WIDTH="31" VPOS="945" HPOS="702"/>
							<String ID="string_201" HPOS="733" VPOS="938" WIDTH="34" HEIGHT="21" WC="0.96" CONTENT="Då"/><SP WIDTH="15" VPOS="938" HPOS="767"/>
							<String ID="string_202" HPOS="782" VPOS="938" WIDTH="84" HEIGHT="21" WC="0.96" CONTENT="landets"/><SP WIDTH="16" VPOS="938" HPOS="866"/>
							<String ID="string_203" HPOS="882" VPOS="944" WIDTH="42" HEIGHT="21" WC="0.96" CONTENT="nya"/>
						</TextLine>
						<TextLine ID="line_24" HPOS="167" VPOS="973" WIDTH="757" HEIGHT="27">
							<String ID="string_204" HPOS="167" VPOS="973" WIDTH="203" HEIGHT="21" WC="0.92" CONTENT="folkskoleväsende"/><SP WIDTH="15" VPOS="973" HPOS="370"/>
							<String ID="string_205" HPOS="385" VPOS="979" WIDTH="76" HEIGHT="21" WC="0.96" CONTENT="genom"/><SP WIDTH="16" VPOS="979" HPOS="461"/>
							<String ID="string_206" HPOS="477" VPOS="973" WIDTH="49" HEIGHT="21" WC="0.95" CONTENT="nåd."/><SP WIDTH="16" VPOS="973" HPOS="526"/>
							<String ID="string_207" HPOS="542" VPOS="973" WIDTH="65" HEIGHT="27" WC="0.95" CONTENT="kung."/><SP WIDTH="17" VPOS="973" HPOS="607"/>
							<String ID="string_208" HPOS="624" VPOS="973" WIDTH="23" HEIGHT="21" WC="0.93" CONTENT="af"/><SP WIDTH="15" VPOS="973" HPOS="647"/>
							<String ID="string_209" HPOS="662" VPOS="974" WIDTH="20" HEIGHT="20" WC="0.89" CONTENT="d."/><SP WIDTH="18" VPOS="974" HPOS="682"/>
							<String ID="string_210" HPOS="700" VPOS="974" WIDTH="24" HEIGHT="20" WC="0.96" CONTENT="11"/><SP WIDTH="18" VPOS="974" HPOS="724"/>
							<String ID="string_211" HPOS="742" VPOS="973" WIDTH="42" HEIGHT="27" WC="0.95" CONTENT="Maj"/><SP WIDTH="14" VPOS="973" HPOS="784"/>
							<String ID="string_212" HPOS="798" VPOS="974" WIDTH="53" HEIGHT="20" WC="0.93" CONTENT="1866"/><SP WIDTH="11" VPOS="974" HPOS="851"/>
							<String ID="string_213" HPOS="862" VPOS="978" WIDTH="62" HEIGHT="21" WC="0.92" CONTENT="orga-"/>
						</TextLine>
						<TextLine ID="line_25" HPOS="167" VPOS="1007" WIDTH="756" HEIGHT="28">
							<String ID="string_214" HPOS="167" VPOS="1007" WIDTH="120" HEIGHT="28" WC="0.90" CONTENT="niserades,"/><SP WIDTH="24" VPOS="1007" HPOS="287"/>
							<String ID="string_215" HPOS="311" VPOS="1007" WIDTH="139" HEIGHT="21" WC="0.92" CONTENT="föreskrifves"/><SP WIDTH="19" VPOS="1007" HPOS="450"/>
							<String ID="string_216" HPOS="469" VPOS="1007" WIDTH="39" HEIGHT="21" WC="0.97" CONTENT="ock"/><SP WIDTH="16" VPOS="1007" HPOS="508"/>
							<String ID="string_217" HPOS="524" VPOS="1007" WIDTH="38" HEIGHT="21" WC="0.96" CONTENT="der"/><SP WIDTH="16" VPOS="1007" HPOS="562"/>
							<String ID="string_218" HPOS="578" VPOS="1007" WIDTH="31" HEIGHT="21" WC="0.93" CONTENT="uti"/><SP WIDTH="17" VPOS="1007" HPOS="609"/>
							<String ID="string_219" HPOS="626" VPOS="1007" WIDTH="10" HEIGHT="27" WC="0.93" CONTENT="$"/><SP WIDTH="20" VPOS="1007" HPOS="636"/>
							<String ID="string_220" HPOS="656" VPOS="1008" WIDTH="40" HEIGHT="21" WC="0.95" CONTENT="102"/><SP WIDTH="16" VPOS="1008" HPOS="696"/>
							<String ID="string_221" HPOS="712" VPOS="1009" WIDTH="34" HEIGHT="19" WC="0.96" CONTENT="att"/><SP WIDTH="15" VPOS="1009" HPOS="746"/>
							<String ID="string_222" HPOS="761" VPOS="1007" WIDTH="162" HEIGHT="21" WC="0.95" CONTENT="stadskommun"/>
						</TextLine>
						<TextLine ID="line_26" HPOS="168" VPOS="1041" WIDTH="757" HEIGHT="28">
							<String ID="string_223" HPOS="168" VPOS="1042" WIDTH="84" HEIGHT="27" WC="0.96" CONTENT="åligger"/><SP WIDTH="22" VPOS="1042" HPOS="252"/>
							<String ID="string_224" HPOS="274" VPOS="1042" WIDTH="82" HEIGHT="21" WC="0.96" CONTENT="inrätta"/><SP WIDTH="18" VPOS="1042" HPOS="356"/>
							<String ID="string_225" HPOS="374" VPOS="1041" WIDTH="39" HEIGHT="22" WC="0.96" CONTENT="och"/><SP WIDTH="15" VPOS="1041" HPOS="413"/>
							<String ID="string_226" HPOS="428" VPOS="1041" WIDTH="129" HEIGHT="22" WC="0.96" CONTENT="underhålla"/><SP WIDTH="15" VPOS="1041" HPOS="557"/>
							<String ID="string_227" HPOS="572" VPOS="1041" WIDTH="121" HEIGHT="22" WC="0.95" CONTENT="folkskolor"/><SP WIDTH="16" VPOS="1041" HPOS="693"/>
							<String ID="string_228" HPOS="709" VPOS="1041" WIDTH="34" HEIGHT="21" WC="0.96" CONTENT="till"/><SP WIDTH="17" VPOS="1041" HPOS="743"/>
							<String ID="string_229" HPOS="760" VPOS="1042" WIDTH="36" HEIGHT="21" WC="0.96" CONTENT="det"/><SP WIDTH="15" VPOS="1042" HPOS="796"/>
							<String ID="string_230" HPOS="811" VPOS="1041" WIDTH="58" HEIGHT="21" WC="0.95" CONTENT="antal"/><SP WIDTH="16" VPOS="1041" HPOS="869"/>
							<String ID="string_231" HPOS="885" VPOS="1041" WIDTH="40" HEIGHT="21" WC="0.96" CONTENT="och"/>
						</TextLine>
						<TextLine ID="line_27" HPOS="168" VPOS="1076" WIDTH="757" HEIGHT="28">
							<String ID="string_232" HPOS="168" VPOS="1077" WIDTH="7" HEIGHT="21" WC="0.95" CONTENT="i"/><SP WIDTH="20" VPOS="1077" HPOS="175"/>
							<String ID="string_233" HPOS="195" VPOS="1077" WIDTH="69" HEIGHT="20" WC="0.95" CONTENT="sådan"/><SP WIDTH="17" VPOS="1077" HPOS="264"/>
							<String ID="string_234" HPOS="281" VPOS="1076" WIDTH="152" HEIGHT="27" WC="0.95" CONTENT="utsträckning"/><SP WIDTH="15" VPOS="1076" HPOS="433"/>
							<String ID="string_235" HPOS="448" VPOS="1079" WIDTH="32" HEIGHT="18" WC="0.96" CONTENT="att"/><SP WIDTH="15" VPOS="1079" HPOS="480"/>
							<String ID="string_236" HPOS="495" VPOS="1077" WIDTH="46" HEIGHT="20" WC="0.96" CONTENT="alla"/><SP WIDTH="16" VPOS="1077" HPOS="541"/>
							<String ID="string_237" HPOS="557" VPOS="1077" WIDTH="26" HEIGHT="20" WC="0.97" CONTENT="de"/><SP WIDTH="16" VPOS="1077" HPOS="583"/>
							<String ID="string_238" HPOS="599" VPOS="1077" WIDTH="61" HEIGHT="27" WC="0.96" CONTENT="barn,"/><SP WIDTH="18" VPOS="1077" HPOS="660"/>
							<String ID="string_239" HPOS="678" VPOS="1083" WIDTH="46" HEIGHT="14" WC="0.96" CONTENT="som"/><SP WIDTH="16" VPOS="1083" HPOS="724"/>
							<String ID="string_240" HPOS="740" VPOS="1076" WIDTH="48" HEIGHT="21" WC="0.96" CONTENT="icke"/><SP WIDTH="16" VPOS="1076" HPOS="788"/>
							<String ID="string_241" HPOS="804" VPOS="1076" WIDTH="7" HEIGHT="21" WC="0.96" CONTENT="i"/><SP WIDTH="15" VPOS="1076" HPOS="811"/>
							<String ID="string_242" HPOS="826" VPOS="1076" WIDTH="99" HEIGHT="21" WC="0.96" CONTENT="hemmen"/>
						</TextLine>
						<TextLine ID="line_28" HPOS="169" VPOS="1110" WIDTH="755" HEIGHT="23">
							<String ID="string_243" HPOS="169" VPOS="1111" WIDTH="53" HEIGHT="22" WC="0.96" CONTENT="eller"/><SP WIDTH="23" VPOS="1111" HPOS="222"/>
							<String ID="string_244" HPOS="245" VPOS="1111" WIDTH="68" HEIGHT="21" WC="0.96" CONTENT="andra"/><SP WIDTH="23" VPOS="1111" HPOS="313"/>
							<String ID="string_245" HPOS="336" VPOS="1111" WIDTH="73" HEIGHT="20" WC="0.96" CONTENT="skolor"/><SP WIDTH="22" VPOS="1111" HPOS="409"/>
							<String ID="string_246" HPOS="431" VPOS="1111" WIDTH="83" HEIGHT="20" WC="0.96" CONTENT="erhålla"/><SP WIDTH="22" VPOS="1111" HPOS="514"/>
							<String ID="string_247" HPOS="536" VPOS="1111" WIDTH="153" HEIGHT="21" WC="0.95" CONTENT="motsvarande"/><SP WIDTH="17" VPOS="1111" HPOS="689"/>
							<String ID="string_248" HPOS="706" VPOS="1111" WIDTH="53" HEIGHT="20" WC="0.96" CONTENT="eller"/><SP WIDTH="15" VPOS="1111" HPOS="759"/>
							<String ID="string_249" HPOS="774" VPOS="1117" WIDTH="59" HEIGHT="14" WC="0.93" CONTENT="mera"/><SP WIDTH="16" VPOS="1117" HPOS="833"/>
							<String ID="string_250" HPOS="849" VPOS="1110" WIDTH="75" HEIGHT="21" WC="0.92" CONTENT="omfat-"/>
						</TextLine>
						<TextLine ID="line_29" HPOS="169" VPOS="1144" WIDTH="756" HEIGHT="28">
							<String ID="string_251" HPOS="169" VPOS="1146" WIDTH="65" HEIGHT="21" WC="0.96" CONTENT="tande"/><SP WIDTH="16" VPOS="1146" HPOS="234"/>
							<String ID="string_252" HPOS="250" VPOS="1145" WIDTH="104" HEIGHT="27" WC="0.96" CONTENT="bildning,"/><SP WIDTH="17" VPOS="1145" HPOS="354"/>
							<String ID="string_253" HPOS="371" VPOS="1145" WIDTH="66" HEIGHT="21" WC="0.96" CONTENT="blifva"/><SP WIDTH="15" VPOS="1145" HPOS="437"/>
							<String ID="string_254" HPOS="452" VPOS="1145" WIDTH="143" HEIGHT="22" WC="0.96" CONTENT="undervisade"/><SP WIDTH="19" VPOS="1145" HPOS="595"/>
							<String ID="string_255" HPOS="614" VPOS="1145" WIDTH="49" HEIGHT="21" WC="0.96" CONTENT="från"/><SP WIDTH="17" VPOS="1145" HPOS="663"/>
							<String ID="string_256" HPOS="680" VPOS="1145" WIDTH="37" HEIGHT="21" WC="0.97" CONTENT="det"/><SP WIDTH="16" VPOS="1145" HPOS="717"/>
							<String ID="string_257" HPOS="733" VPOS="1145" WIDTH="88" HEIGHT="21" WC="0.96" CONTENT="åttonde"/><SP WIDTH="15" VPOS="1145" HPOS="821"/>
							<String ID="string_258" HPOS="836" VPOS="1145" WIDTH="33" HEIGHT="20" WC="0.96" CONTENT="till"/><SP WIDTH="17" VPOS="1145" HPOS="869"/>
							<String ID="string_259" HPOS="886" VPOS="1144" WIDTH="39" HEIGHT="21" WC="0.96" CONTENT="och"/>
						</TextLine>
						<TextLine ID="line_30" HPOS="168" VPOS="1179" WIDTH="758" HEIGHT="27">
							<String ID="string_260" HPOS="168" VPOS="1181" WIDTH="49" HEIGHT="20" WC="0.96" CONTENT="med"/><SP WIDTH="24" VPOS="1181" HPOS="217"/>
							<String ID="string_261" HPOS="241" VPOS="1180" WIDTH="36" HEIGHT="21" WC="0.93" CONTENT="det"/><SP WIDTH="24" VPOS="1180" HPOS="277"/>
							<String ID="string_262" HPOS="301" VPOS="1180" WIDTH="61" HEIGHT="21" WC="0.92" CONTENT="14:de"/><SP WIDTH="23" VPOS="1180" HPOS="362"/>
							<String ID="string_263" HPOS="385" VPOS="1179" WIDTH="127" HEIGHT="22" WC="0.90" CONTENT="åldersåret."/><SP WIDTH="29" VPOS="1179" HPOS="512"/>
							<String ID="string_264" HPOS="541" VPOS="1179" WIDTH="149" HEIGHT="27" WC="0.96" CONTENT="Lagstiftaren"/><SP WIDTH="24" VPOS="1179" HPOS="690"/>
							<String ID="string_265" HPOS="714" VPOS="1179" WIDTH="108" HEIGHT="21" WC="0.96" CONTENT="erkänner"/><SP WIDTH="19" VPOS="1179" HPOS="822"/>
							<String ID="string_266" HPOS="841" VPOS="1179" WIDTH="85" HEIGHT="21" WC="0.96" CONTENT="således"/>
						</TextLine>
						<TextLine ID="line_31" HPOS="168" VPOS="1213" WIDTH="757" HEIGHT="27">
							<String ID="string_267" HPOS="168" VPOS="1215" WIDTH="40" HEIGHT="21" WC="0.96" CONTENT="här"/><SP WIDTH="15" VPOS="1215" HPOS="208"/>
							<String ID="string_268" HPOS="223" VPOS="1215" WIDTH="57" HEIGHT="20" WC="0.93" CONTENT="hvad"/><SP WIDTH="16" VPOS="1215" HPOS="280"/>
							<String ID="string_269" HPOS="296" VPOS="1215" WIDTH="216" HEIGHT="21" WC="0.92" CONTENT="stadskommunerna"/><SP WIDTH="15" VPOS="1215" HPOS="512"/>
							<String ID="string_270" HPOS="527" VPOS="1215" WIDTH="134" HEIGHT="20" WC="0.92" CONTENT="vidkommer"/><SP WIDTH="16" VPOS="1215" HPOS="661"/>
							<String ID="string_271" HPOS="677" VPOS="1214" WIDTH="133" HEIGHT="26" WC="0.96" CONTENT="fullkomligt"/><SP WIDTH="16" VPOS="1214" HPOS="810"/>
							<String ID="string_272" HPOS="826" VPOS="1214" WIDTH="26" HEIGHT="21" WC="0.93" CONTENT="de"/><SP WIDTH="15" VPOS="1214" HPOS="852"/>
							<String ID="string_273" HPOS="867" VPOS="1213" WIDTH="58" HEIGHT="27" WC="0.91" CONTENT="prin-"/>
						</TextLine>
						<TextLine ID="line_32" HPOS="169" VPOS="1247" WIDTH="757" HEIGHT="29">
							<String ID="string_274" HPOS="169" VPOS="1249" WIDTH="59" HEIGHT="27" WC="0.92" CONTENT="ciper"/><SP WIDTH="22" VPOS="1249" HPOS="228"/>
							<String ID="string_275" HPOS="250" VPOS="1249" WIDTH="108" HEIGHT="21" WC="0.93" CONTENT="utskottet"/><SP WIDTH="23" VPOS="1249" HPOS="358"/>
							<String ID="string_276" HPOS="381" VPOS="1249" WIDTH="62" HEIGHT="21" WC="0.90" CONTENT="cfvan"/><SP WIDTH="22" VPOS="1249" HPOS="443"/>
							<String ID="string_277" HPOS="465" VPOS="1249" WIDTH="86" HEIGHT="21" WC="0.96" CONTENT="uttalat."/><SP WIDTH="31" VPOS="1249" HPOS="551"/>
							<String ID="string_278" HPOS="582" VPOS="1249" WIDTH="114" HEIGHT="21" WC="0.95" CONTENT="Utskottet"/><SP WIDTH="23" VPOS="1249" HPOS="696"/>
							<String ID="string_279" HPOS="719" VPOS="1249" WIDTH="40" HEIGHT="20" WC="0.96" CONTENT="har"/><SP WIDTH="19" VPOS="1249" HPOS="759"/>
							<String ID="string_280" HPOS="778" VPOS="1248" WIDTH="33" HEIGHT="27" WC="0.96" CONTENT="sig"/><SP WIDTH="16" VPOS="1248" HPOS="811"/>
							<String ID="string_281" HPOS="827" VPOS="1248" WIDTH="47" HEIGHT="21" WC="0.90" CONTENT="icke"/><SP WIDTH="15" VPOS="1248" HPOS="874"/>
							<String ID="string_282" HPOS="889" VPOS="1247" WIDTH="37" HEIGHT="22" WC="0.90" CONTENT="be-"/>
						</TextLine>
						<TextLine ID="line_33" HPOS="168" VPOS="1282" WIDTH="758" HEIGHT="29">
							<String ID="string_283" HPOS="168" VPOS="1284" WIDTH="61" HEIGHT="27" WC="0.96" CONTENT="kant,"/><SP WIDTH="17" VPOS="1284" HPOS="229"/>
							<String ID="string_284" HPOS="246" VPOS="1285" WIDTH="32" HEIGHT="20" WC="0.96" CONTENT="att"/><SP WIDTH="16" VPOS="1285" HPOS="278"/>
							<String ID="string_285" HPOS="294" VPOS="1284" WIDTH="60" HEIGHT="21" WC="0.93" CONTENT="detta"/><SP WIDTH="16" VPOS="1284" HPOS="354"/>
							<String ID="string_286" HPOS="370" VPOS="1283" WIDTH="119" HEIGHT="28" WC="0.85" CONTENT="s,algande"/><SP WIDTH="16" VPOS="1283" HPOS="489"/>
							<String ID="string_287" HPOS="505" VPOS="1283" WIDTH="79" HEIGHT="21" WC="0.95" CONTENT="skadat"/><SP WIDTH="11" VPOS="1283" HPOS="584"/>
							<String ID="string_288" HPOS="595" VPOS="1283" WIDTH="136" HEIGHT="21" WC="0.96" CONTENT="folkskolans"/><SP WIDTH="9" VPOS="1283" HPOS="731"/>
							<String ID="string_289" HPOS="740" VPOS="1283" WIDTH="46" HEIGHT="27" WC="0.96" CONTENT="sak,"/><SP WIDTH="12" VPOS="1283" HPOS="786"/>
							<String ID="string_290" HPOS="798" VPOS="1283" WIDTH="32" HEIGHT="20" WC="0.93" CONTENT="att"/><SP WIDTH="10" VPOS="1283" HPOS="830"/>
							<String ID="string_291" HPOS="840" VPOS="1282" WIDTH="86" HEIGHT="21" WC="0.93" CONTENT="institu-"/>
						</TextLine>
						<TextLine ID="line_34" HPOS="168" VPOS="1314" WIDTH="758" HEIGHT="29">
							<String ID="string_292" HPOS="168" VPOS="1319" WIDTH="75" HEIGHT="21" WC="0.96" CONTENT="tionen"/><SP WIDTH="17" VPOS="1319" HPOS="243"/>
							<String ID="string_293" HPOS="260" VPOS="1318" WIDTH="72" HEIGHT="21" WC="0.96" CONTENT="derför"/><SP WIDTH="15" VPOS="1318" HPOS="332"/>
							<String ID="string_294" HPOS="347" VPOS="1314" WIDTH="72" HEIGHT="25" WC="0.86" CONTENT="blivit"/><SP WIDTH="14" VPOS="1314" HPOS="419"/>
							<String ID="string_295" HPOS="433" VPOS="1318" WIDTH="116" HEIGHT="21" WC="0.96" CONTENT="betraktad"/><SP WIDTH="15" VPOS="1318" HPOS="549"/>
							<String ID="string_296" HPOS="564" VPOS="1318" WIDTH="49" HEIGHT="21" WC="0.93" CONTENT="med"/><SP WIDTH="15" VPOS="1318" HPOS="613"/>
							<String ID="string_297" HPOS="628" VPOS="1318" WIDTH="90" HEIGHT="21" WC="0.96" CONTENT="misstro"/><SP WIDTH="12" VPOS="1318" HPOS="718"/>
							<String ID="string_298" HPOS="730" VPOS="1317" WIDTH="40" HEIGHT="21" WC="0.93" CONTENT="och"/><SP WIDTH="10" VPOS="1317" HPOS="770"/>
							<String ID="string_299" HPOS="780" VPOS="1317" WIDTH="71" HEIGHT="26" WC="0.93" CONTENT="ovilja."/><SP WIDTH="23" VPOS="1317" HPOS="851"/>
							<String ID="string_300" HPOS="874" VPOS="1316" WIDTH="52" HEIGHT="21" WC="0.92" CONTENT="För-"/>
						</TextLine>
						<TextLine ID="line_35" HPOS="168" VPOS="1350" WIDTH="759" HEIGHT="28">
							<String ID="string_301" HPOS="168" VPOS="1352" WIDTH="132" HEIGHT="22" WC="0.92" CONTENT="hållandena"/><SP WIDTH="15" VPOS="1352" HPOS="300"/>
							<String ID="string_302" HPOS="315" VPOS="1352" WIDTH="58" HEIGHT="21" WC="0.93" CONTENT="inom"/><SP WIDTH="16" VPOS="1352" HPOS="373"/>
							<String ID="string_303" HPOS="389" VPOS="1352" WIDTH="216" HEIGHT="21" WC="0.91" CONTENT="stadskommunerna"/><SP WIDTH="16" VPOS="1352" HPOS="605"/>
							<String ID="string_304" HPOS="621" VPOS="1354" WIDTH="38" HEIGHT="19" WC="0.96" CONTENT="äro"/><SP WIDTH="15" VPOS="1354" HPOS="659"/>
							<String ID="string_305" HPOS="674" VPOS="1352" WIDTH="131" HEIGHT="26" WC="0.96" CONTENT="visserligen"/><SP WIDTH="14" VPOS="1352" HPOS="805"/>
							<String ID="string_306" HPOS="819" VPOS="1351" WIDTH="7" HEIGHT="21" WC="0.93" CONTENT="i"/><SP WIDTH="11" VPOS="1351" HPOS="826"/>
							<String ID="string_307" HPOS="837" VPOS="1350" WIDTH="90" HEIGHT="22" WC="0.92" CONTENT="allmän-"/>
						</TextLine>
						<TextLine ID="line_36" HPOS="169" VPOS="1385" WIDTH="758" HEIGHT="29">
							<String ID="string_308" HPOS="169" VPOS="1388" WIDTH="37" HEIGHT="21" WC="0.96" CONTENT="het"/><SP WIDTH="22" VPOS="1388" HPOS="206"/>
							<String ID="string_309" HPOS="228" VPOS="1387" WIDTH="51" HEIGHT="21" WC="0.93" CONTENT="vida"/><SP WIDTH="23" VPOS="1387" HPOS="279"/>
							<String ID="string_310" HPOS="302" VPOS="1393" WIDTH="149" HEIGHT="21" WC="0.90" CONTENT="gynsammare"/><SP WIDTH="23" VPOS="1393" HPOS="451"/>
							<String ID="string_311" HPOS="474" VPOS="1387" WIDTH="33" HEIGHT="21" WC="0.93" CONTENT="för"/><SP WIDTH="15" VPOS="1387" HPOS="507"/>
							<String ID="string_312" HPOS="522" VPOS="1387" WIDTH="132" HEIGHT="21" WC="0.92" CONTENT="folkskolors"/><SP WIDTH="16" VPOS="1387" HPOS="654"/>
							<String ID="string_313" HPOS="670" VPOS="1386" WIDTH="140" HEIGHT="22" WC="0.96" CONTENT="verksamhet"/><SP WIDTH="16" VPOS="1386" HPOS="810"/>
							<String ID="string_314" HPOS="826" VPOS="1388" WIDTH="28" HEIGHT="18" WC="0.96" CONTENT="än"/><SP WIDTH="15" VPOS="1388" HPOS="854"/>
							<String ID="string_315" HPOS="869" VPOS="1385" WIDTH="58" HEIGHT="21" WC="0.96" CONTENT="inom"/>
						</TextLine>
						<TextLine ID="line_37" HPOS="168" VPOS="1420" WIDTH="759" HEIGHT="28">
							<String ID="string_316" HPOS="168" VPOS="1422" WIDTH="227" HEIGHT="21" WC="0.95" CONTENT="landskommunerna."/><SP WIDTH="25" VPOS="1422" HPOS="395"/>
							<String ID="string_317" HPOS="420" VPOS="1422" WIDTH="50" HEIGHT="21" WC="0.96" CONTENT="Men"/><SP WIDTH="16" VPOS="1422" HPOS="470"/>
							<String ID="string_318" HPOS="486" VPOS="1422" WIDTH="36" HEIGHT="20" WC="0.97" CONTENT="det"/><SP WIDTH="15" VPOS="1422" HPOS="522"/>
							<String ID="string_319" HPOS="537" VPOS="1422" WIDTH="62" HEIGHT="20" WC="0.96" CONTENT="torde"/><SP WIDTH="17" VPOS="1422" HPOS="599"/>
							<String ID="string_320" HPOS="616" VPOS="1422" WIDTH="55" HEIGHT="20" WC="0.93" CONTENT="dock"/><SP WIDTH="16" VPOS="1422" HPOS="671"/>
							<String ID="string_321" HPOS="687" VPOS="1420" WIDTH="127" HEIGHT="28" WC="0.91" CONTENT="medgifvas,"/><SP WIDTH="13" VPOS="1420" HPOS="814"/>
							<String ID="string_322" HPOS="827" VPOS="1422" WIDTH="32" HEIGHT="19" WC="0.96" CONTENT="att"/><SP WIDTH="10" VPOS="1422" HPOS="859"/>
							<String ID="string_323" HPOS="869" VPOS="1420" WIDTH="58" HEIGHT="21" WC="0.96" CONTENT="inom"/>
						</TextLine>
					</TextBlock>
					<TextBlock ID="block_4" HPOS="238" VPOS="1461" WIDTH="482" HEIGHT="19">
						<TextLine ID="line_38" HPOS="238" VPOS="1461" WIDTH="482" HEIGHT="19">
							<String ID="string_324" HPOS="238" VPOS="1462" WIDTH="94" HEIGHT="17" WC="0.77" CONTENT="Allmänna"/><SP WIDTH="12" VPOS="1462" HPOS="332"/>
							<String ID="string_325" HPOS="344" VPOS="1461" WIDTH="167" HEIGHT="19" WC="0.91" CONTENT="Besvärsutskottets"/><SP WIDTH="12" VPOS="1461" HPOS="511"/>
							<String ID="string_326" HPOS="523" VPOS="1462" WIDTH="107" HEIGHT="18" WC="0.96" CONTENT="betänkande"/><SP WIDTH="13" VPOS="1462" HPOS="630"/>
							<String ID="string_327" HPOS="643" VPOS="1462" WIDTH="35" HEIGHT="17" WC="0.95" CONTENT="N:o"/><SP WIDTH="13" VPOS="1462" HPOS="678"/>
							<String ID="string_328" HPOS="691" VPOS="1461" WIDTH="29" HEIGHT="18" WC="0.92" CONTENT="17."/>
						</TextLine>
					</TextBlock>
				</ComposedBlock>
			</PrintSpace>
		</Page>
	</Layout>
</alto>
