1020 1675
194 110 23 18 48
380 109 242 21 Petitionsbetänkande
634 110 38 19 N:o
684 110 32 19 32.

171 169 95 25 tvungen
282 169 31 19 att
327 168 92 21 inhösta.
450 168 46 21 Och
513 168 107 22 dessutom
643 168 56 21 hade
712 168 25 27 ju
752 167 59 21 Hans
827 166 100 28 Majestät

170 201 106 27 Kejsaren
299 201 84 28 nyligen
406 202 110 26 förklarat,
540 204 31 19 att
594 201 76 29 frågan
694 209 33 15 om
751 202 40 21 den
807 200 121 28 föreslagna

171 235 183 28 genomgripande
369 236 198 28 reorganisationen
586 236 24 22 af
622 236 102 22 Finlands
740 235 138 22 skolväsende
894 234 33 22 för

171 269 135 22 närvarande
329 270 67 22 skulle
419 271 95 26 förfalla;
538 271 35 21 det
595 271 95 21 förefans
711 269 84 23 således
811 270 50 27 föga
876 269 51 22 eller

171 304 63 27 ingen
259 304 71 28 utsigt,
354 307 32 19 att
408 305 118 27 petitionen
546 305 68 22 skulle
629 305 49 22 leda
694 305 32 22 till
741 304 72 29 något,
829 304 52 22 eller
896 303 31 22 åt-

172 338 106 21 minstone
293 339 46 21 icke
354 339 32 21 till
402 339 87 22 dermed
505 339 94 28 åsyftadt
614 339 97 22 resultat.

241 381 170 22 Vidkommande
434 382 61 21 dessa
517 383 172 27 betänkligheter
714 382 123 28 genmältes,
854 383 32 20 att
902 381 26 21 då

172 415 119 28 petitionen
306 416 85 21 hvilade
406 415 28 28 på
449 417 79 27 riktiga
542 417 116 27 principer,
667 417 124 21 densamma
806 415 122 28 antagligen

171 450 48 21 icke
234 450 72 21 kunde
320 450 97 22 medföra
432 451 93 27 menliga
539 451 88 27 följder;
643 450 13 22 å
672 451 68 21 andra
755 450 61 21 sidan
825 449 46 22 åter
878 457 50 14 vore

172 483 36 22 det
223 484 117 27 ingalunda
363 484 158 27 konstateradt,
549 485 35 22 det
606 485 93 22 flertalet
721 485 24 21 af
764 485 84 21 landets
870 483 58 22 invå-

172 525 53 14 nare
247 519 111 27 utgjordes
381 519 24 21 af
421 518 146 23 motståndare
586 519 32 22 till
637 519 204 28 reorganisationen,
862 519 66 21 ehuru

171 552 124 28 visserligen
322 553 103 22 Senatens
451 553 81 28 förslag
558 553 177 29 hufvudsakligen
762 553 72 22 derför
865 560 63 21 synes

172 587 64 21 hatva
253 587 95 27 förfallit,
364 590 32 19 att
411 587 24 22 så
450 588 93 28 antagits
559 596 52 14 vara
627 587 151 27 förhållandet,
794 588 88 21 hvarför
890 587 37 28 gil-

172 621 31 28 tig
226 621 115 28 anledning
364 622 33 21 för
420 622 119 22 Ständerna
562 622 82 28 förelåg
663 625 33 19 att
710 624 58 26 yttra
783 623 32 27 sig
831 623 6 20 i
853 621 75 28 frågan

172 656 40 21 och
229 655 115 22 framhålla
358 658 32 19 att
410 656 132 22 sistnämnda
561 657 153 27 förutsättning
736 657 47 21 icke
797 663 69 15 vunne
882 655 47 22 stöd

174 689 40 21 hos
230 689 41 21 den
287 690 152 22 förherskande
455 691 112 27 opinionen
584 692 6 20 i
606 691 78 21 landet.

242 732 82 22 Genom
340 732 66 29 derpå
422 733 110 28 företagen
548 734 133 28 omröstning
696 734 68 21 beslöt
779 733 103 22 utskottet
897 735 32 19 att

175 767 8 21 i
204 767 120 21 hufvudsak
348 767 89 22 omfatta
460 769 122 26 petitionen,
607 769 39 21 och
666 767 34 22 får
718 767 83 23 således
819 767 109 22 vördsamt

172 800 90 23 föreslå
253 796 13 38 :

414 855 44 26 1:0)
482 856 29 19 att
526 854 126 26 Ständerna,
664 854 65 27 jemte
744 854 33 21 det
793 854 24 21 de
833 861 48 14 anse
896 853 31 28 sig

379 887 49 22 böra
443 888 71 26 uttala,
531 889 29 20 att
575 888 33 21 det
622 888 56 21 varit
690 887 131 28 gagneligare
836 887 36 26 för
884 887 44 22 lan-

380 922 39 27 det,
443 922 66 21 derest
527 923 25 20 de
572 929 41 20 nya
631 922 158 27 finskspråkiga
803 921 75 27 skolor,
895 928 33 15 om

379 955 68 22 hvilka
469 958 80 20 senaste
571 956 101 27 landtdag
689 956 157 27 petitionerade,
869 958 59 19 strax

380 989 67 27 blifvit
467 991 138 26 provisoriskt
626 991 122 21 anordnade
770 990 37 21 och
822 991 61 20 deras
898 990 29 21 in-

379 1025 98 21 rättande
498 1024 43 22 icke
563 1025 103 27 fördröjts
682 1025 123 27 derigenom,
821 1026 30 19 att
865 1024 63 21 saken

378 1059 87 21 ställdes
483 1059 8 20 i
510 1059 102 22 samband
630 1059 48 22 med
696 1059 140 26 slutförandet
851 1059 24 26 af
889 1059 39 21 den

379 1093 72 21 väckta
466 1093 79 27 frågan
560 1100 33 15 om
604 1093 122 27 förändrad
735 1093 192 27 skolorganisation,

380 1134 30 14 nu
432 1128 85 20 anhålla
535 1130 30 19 att
579 1128 95 27 samtlige
690 1128 25 21 de
727 1128 84 26 privata
826 1126 101 26 läroverk,

380 1161 69 21 hvilka
470 1161 52 27 efter
539 1164 81 19 senaste
638 1162 147 21 Ständermöte
799 1161 50 21 eller
863 1161 65 21 redan

380 1195 139 26 derförinnan
544 1196 68 26 blifvit
636 1196 128 26 upprättade
790 1196 14 20 å
827 1196 25 20 de
874 1197 55 19 orter

380 1229 49 21 eller
451 1230 9 20 i
482 1230 25 21 de
529 1230 83 26 trakter,
632 1230 38 21 der
688 1230 122 21 Ständerna
828 1229 36 21 vid
880 1229 49 21 sist-

379 1263 103 27 förflutna
505 1264 99 27 landtdag
626 1265 80 26 ansågo
728 1271 41 20 nya
791 1263 69 22 skolor
878 1269 49 15 vara

380 1297 107 28 behöfliga,
513 1299 69 26 måtte,
610 1299 71 20 såvidt
707 1298 72 21 dessas
797 1297 132 27 principaler

379 1331 70 22 dertill
471 1332 78 26 bifalla,
570 1332 117 28 öfvertagas
706 1332 24 26 af
743 1334 67 19 staten
825 1332 53 26 från
892 1331 37 22 och

379 1366 48 21 med
444 1367 61 20 nästa
524 1366 133 22 hösttermins
676 1367 79 27 början,
770 1366 36 27 för
821 1368 30 19 att
865 1366 63 21 sedan

379 1400 110 25 fortsättas
512 1401 36 20 och
570 1401 92 21 utbildas
686 1401 8 20 i
716 1400 212 27 öfverensstämmelse

242 1439 96 17 Allmänna
351 1439 161 18 Besvärsutskottets
523 1441 103 17 betänkande
639 1441 35 16 N:o
688 1441 28 16 18.
