1017 1673
236 104 351 25 Petitionsbetänkande
602 102 54 26 N:o
673 105 21 23 1.

359 343 119 21 Allmänna
488 343 236 22 Besvärs-utskottets
735 341 113 23 betänkande

330 377 32 21 N:o
379 377 10 21 1
406 376 94 29 angående
516 379 26 20 ett
558 378 30 21 till
599 378 133 28 Ridderskapet
748 377 31 22 och
795 377 54 21 Adeln

330 411 100 22 inlemnadt
446 412 161 29 petitionsförslag
630 420 28 14 om
673 412 105 22 inrättande
794 411 21 22 af
828 418 20 15 en

330 447 143 27 meteorologisk
490 447 197 22 observationsanstalt
703 447 6 21 i
727 447 67 21 Kittilä
805 446 45 21 eller

332 481 111 28 Sodankylä.

159 545 81 22 Genom
255 544 198 28 protokollsutdrag
469 545 23 22 af
506 545 40 22 den
562 547 11 20 7
589 545 142 22 innevarande
747 544 102 22 Februari

89 580 40 21 har
147 579 113 28 höglofliga
274 579 157 28 Ridderskapet
447 580 40 21 och
504 580 67 21 Adeln
586 580 33 21 till
629 580 113 21 Allmänna
753 580 98 21 Besvärs-

90 615 116 21 utskottets
228 614 129 27 behandling
380 614 122 22 remitterat
520 616 30 20 ett
565 615 23 21 så
603 615 91 27 lydande
709 614 143 28 petitionsme-

90 649 82 22 morial:

240 703 8 8 »
250 689 36 18 Till
299 689 106 22 höglofliga
417 689 141 23 Ridderskapet
570 689 34 18 och
617 689 66 18 Adeln.

159 729 63 19 Såsom
234 735 23 13 en
270 730 46 18 hvar
329 729 107 23 säkerligen
450 730 22 18 af
482 730 118 23 tidningarna
613 730 57 18 sedan
682 731 28 17 ett
721 735 35 17 par
764 729 21 18 år
794 729 56 18 redan

90 759 36 17 har
138 759 28 22 sig
178 759 75 21 bekant,
271 759 73 17 komma
357 759 138 23 circumpolära
515 759 156 22 meteorologiska
687 758 165 18 observationssta-

91 788 60 18 tioner
164 790 32 20 att,
212 788 58 18 under
278 790 28 16 ett
318 788 26 21 år,
358 788 42 17 från
408 788 71 18 medlet
492 788 21 18 af
524 788 60 18 denna
596 794 78 12 sommar
688 789 44 17 1882
744 788 29 17 till
786 788 65 17 hösten

92 818 49 20 1383,
158 817 20 17 af
190 816 21 18 de
225 817 50 17 olika
292 817 110 17 nationerna
415 817 81 18 inrättas
514 818 34 17 och
566 817 120 18 underhållas
704 817 26 24 pä
750 816 101 23 särskiljda

92 846 72 21 ställen,
177 846 29 18 för
218 848 27 16 att
257 846 45 18 söka
315 846 69 23 afslöja
397 846 23 17 de
427 846 130 23 hemligheter,
570 852 38 13 som
622 847 150 22 polartrakterna
781 847 71 21 gömma

92 875 35 18 och
139 875 73 18 hvilkas
225 875 123 23 uppdagande
361 875 39 22 just
412 877 56 20 utgör
481 875 79 24 nyckeln
573 875 28 18 till
614 875 85 18 lösandet
712 875 21 18 af
746 875 22 17 de
786 875 66 22 många

91 904 59 22 gåtor,
162 909 39 13 som
213 904 147 23 Meteorologien
372 909 25 12 nu
411 904 36 18 har
460 905 29 22 sig
503 905 101 22 förelagda.

160 933 24 18 Så
197 933 34 18 har
244 933 92 23 Ryssland
349 933 59 22 åtagit
421 933 29 23 sig
464 936 28 15 att
505 933 69 18 inrätta
586 936 66 15 tvenne
665 933 75 22 sådana,
754 937 22 13 en
789 933 11 17 å
816 933 36 18 No-

91 962 42 23 vaja
146 962 68 23 Semlja
226 962 34 18 och
270 967 22 13 en
304 962 31 17 vid
348 962 125 18 Lenaflodens
485 963 95 22 mynning;
600 962 74 23 Sverige
687 967 23 12 en
728 962 5 17 i
746 961 76 18 Polhem
840 961 12 18 å

91 990 131 23 Spetsbergen;
242 991 68 22 Norige
327 996 22 12 en
363 991 11 17 &
386 991 99 22 Bossekop
501 991 6 18 i
520 991 73 18 Norska
606 991 134 21 Finnmarken;
758 991 94 17 Danmark

92 1025 20 12 en
122 1019 12 18 å
141 1020 55 17 Disco
203 1020 24 22 på
234 1020 104 17 Grönlands
346 1021 94 21 vestkust;
454 1016 98 22 Österrike
559 1025 22 12 en
590 1020 24 23 på
623 1022 23 15 ön
653 1020 35 17 Jan
695 1020 67 22 Magen
771 1025 43 12 norr
823 1025 29 12 om

90 1049 72 22 Island;
176 1049 80 18 Holland
266 1049 79 22 troligen
359 1049 30 17 vid
398 1049 93 18 Jenisseis
499 1049 94 23 mynning;
607 1049 157 17 Nord-Amerikas
772 1048 80 18 Förenta

79 1077 76 24 Stater
167 1078 35 21 två,
222 1083 22 12 en
257 1078 30 17 vid
300 1077 52 24 Lady
365 1078 103 18 Franklins
481 1078 40 23 Bay
534 1078 30 17 vid
579 1078 73 18 Baffins
670 1078 48 23 Bays
737 1077 114 22 nordligaste

92 1107 105 22 utmynning
208 1107 5 17 i
222 1107 124 20 Polarhafvet,
360 1109 46 16 nära
418 1112 37 17 nog
469 1107 59 18 under
536 1107 34 18 82?
579 1107 59 18 nordl.
650 1107 73 20 latitud,
737 1107 35 17 den
784 1106 69 18 nordli-

91 1137 52 21 gaste
156 1136 22 17 af
189 1135 37 18 alla
240 1135 34 18 och
287 1141 38 12 som
337 1135 59 18 redan
410 1137 21 16 är
444 1136 6 17 i
464 1136 36 17 full
512 1136 124 21 verksamhet,
654 1136 34 17 den
702 1135 58 18 andra
773 1135 30 18 vid
816 1135 38 22 Cap

91 1164 75 18 Barrow
178 1165 12 17 å
202 1164 113 18 nordkusten
331 1165 23 17 af
364 1165 98 18 Alaschka
484 1165 46 18 eller
544 1165 30 18 det
593 1165 65 18 fordna
676 1165 64 22 Ryska
759 1164 95 21 Amerika,

91 1193 103 18 Frankrike
208 1199 27 16 en,
255 1193 108 22 antagligen
377 1193 25 23 på
414 1194 106 17 Falklands
538 1195 58 16 öarna
614 1195 45 16 nära
678 1193 58 18 Södra
756 1193 98 17 Amerikas

91 1222 86 23 sydspets
190 1222 34 18 och
238 1223 98 22 sluteligen
350 1223 55 17 äfven
413 1223 98 22 Tyskland
525 1223 33 17 och
571 1222 92 18 Brasilien
676 1222 11 17 &
700 1224 48 15 ännu
762 1222 16 22 ej
792 1221 62 18 defini-

91 1251 35 17 tivt
139 1251 95 18 bestämda
248 1251 72 19 ställen,

160 1279 22 18 Vi
197 1285 19 12 se
229 1280 41 18 med
283 1281 76 17 hvilken
372 1282 64 16 värme
450 1281 68 22 frågan
531 1281 87 17 omfattas
630 1281 22 17 af
662 1280 38 18 alla
716 1280 86 18 nationer
821 1279 35 18 och

91 1308 63 18 hvilka
167 1309 91 22 ofantliga
270 1309 103 18 kostnader
386 1309 23 18 de
426 1309 61 23 derpå
506 1309 88 18 använda.
619 1309 23 18 Vi
661 1309 61 18 känna
740 1309 38 18 alla
797 1309 57 17 redan

92 1337 110 23 tillräckligt
227 1338 35 17 den
275 1340 51 16 stora
338 1340 53 21 nytta
404 1338 46 18 våra
464 1339 58 17 redan
536 1339 20 17 så
569 1339 55 17 säkra
637 1338 157 22 stormvarningar
806 1337 48 17 med-

91 1366 45 22 föra,
150 1367 29 17 för
192 1369 26 15 att
230 1367 41 17 icke
284 1368 66 17 anföra
363 1367 60 18 andra
438 1368 29 17 för
476 1368 37 17 den
522 1370 50 15 stora
582 1367 124 18 allmänheten
714 1367 70 17 mindre
794 1366 59 18 märk-

91 1395 45 18 bara
148 1390 105 24 resultater.

160 1424 79 18 Finland
254 1425 56 17 måste
324 1424 58 18 häfda
395 1425 33 17 sitt
442 1424 94 19 anseende
549 1425 55 17 bland
613 1425 127 17 kulturfolken
750 1424 34 18 och
793 1424 61 18 eröfra

90 1453 20 17 åt
128 1453 28 22 sig
175 1456 27 14 ett
220 1454 64 17 aktadt
302 1459 40 12 rum
364 1454 57 17 bland
434 1454 124 22 deltagarena
570 1454 6 17 i
589 1454 50 18 detta
661 1454 53 22 högst
733 1454 69 22 vigtiga
822 1452 34 18 och

160 1488 99 18 Allmänna
272 1487 180 19 Besvärsutskottets
466 1488 118 18 betänkande
597 1489 36 17 N:o
647 1489 16 16 1.
