1023 1675
298 104 244 20 Petitionsbetänkande
555 105 38 19 N:o
606 106 33 18 32.
803 107 22 18 21

90 162 46 21 rien
159 162 68 22 skulle
249 162 86 21 inträda
350 162 67 22 redan
435 162 29 28 på
480 162 205 23 elementarskolans
700 164 70 27 lägsta
785 164 64 26 klass,

90 196 78 22 medan
191 196 41 22 den
255 203 28 14 nu
306 196 97 28 vidtager
425 196 54 22 först
502 196 29 28 på
551 197 40 21 den
607 198 74 27 fjerde.
712 198 75 22 Denna
803 198 47 22 sist-

90 231 94 21 nämnda
207 230 158 28 omständighet
384 232 25 20 är
426 232 7 20 i
449 231 77 28 sjelfva
540 232 74 21 verket
630 232 135 27 temmeligen
781 232 70 29 likgil-

90 265 38 28 tig,
148 266 52 20 enär
215 265 104 21 komiténs
335 265 82 28 förslag
431 265 33 22 till
479 266 53 21 kurs
547 266 7 20 i
570 266 175 21 naturalhistorie
761 267 33 21 för
809 267 42 22 ele-

90 299 161 22 mentarskolan
270 299 76 22 endast
361 300 57 21 afser
433 307 26 14 en
475 302 79 25 ytterst
568 301 140 27 kompendiös
725 301 39 21 och
780 300 24 22 så
819 303 32 20 att

90 335 53 26 säga
165 333 93 28 populär
280 334 157 27 undervisning,
461 334 112 21 hvaremot
593 335 40 21 den
649 335 202 22 naturalhistoriska

90 368 79 21 kursen
191 368 34 21 för
247 368 135 21 närvarande
401 370 76 26 genast
492 369 132 21 framträder
639 368 70 23 såsom
725 369 126 28 vetenskap-

90 402 39 28 ligt
144 402 105 28 underlag
265 402 33 21 för
313 402 102 22 framtida
429 403 68 27 högre
513 403 89 22 studier.

159 436 82 21 Jemför
264 443 50 14 man
332 435 47 23 åter
397 437 26 21 de
442 437 57 21 olika
514 437 127 22 timantalen
657 437 33 22 för
706 436 144 29 språkunder-

90 470 117 28 visningen,
222 469 24 23 så
261 469 95 29 framgår
371 473 32 19 att
413 471 95 21 komitén
519 471 34 21 för
564 471 59 22 detta
633 471 100 22 ändamål
744 472 55 27 tagit
811 473 39 20 129

90 505 86 22 timmar
199 505 7 21 i
229 504 99 28 anspråk,
352 505 76 22 medan
452 505 72 22 dertill
544 506 33 21 för
593 506 134 22 närvarande
743 507 108 21 användes

92 541 40 20 123
148 540 40 21 och
205 539 215 29 Skolöfverstyrelsen
435 539 70 29 åtnöjt
521 541 32 27 sig
568 541 49 21 med
635 542 46 25 121,
697 541 88 21 hvarvid
797 541 54 22 dock

91 574 216 28 Skolöfverstyrelseu
322 574 92 22 tilldelat
425 575 35 21 det
471 575 69 21 andra
550 575 112 21 inhemska
673 574 86 29 språket
770 582 81 15 samma

90 608 100 22 timantal
205 615 45 15 som
265 608 100 26 komitén,
382 608 51 22 eller
449 610 34 20 30.

160 643 139 22 Beträffande
321 644 41 20 den
385 644 24 21 af
424 644 96 21 komitén
536 644 123 28 föreslagna
673 644 122 27 treklassiga
811 644 38 22 ele-

90 677 156 22 mentarskolan
264 679 25 19 är
304 678 36 21 det
355 678 35 21 väl
404 678 91 28 möjligt,
511 680 33 19 att
560 678 123 22 densamma
699 678 71 22 kunde
785 678 66 22 blifva

92 711 32 21 till
146 714 61 26 nytta
229 710 70 23 såsom
321 712 45 21 helt
381 712 40 22 och
437 711 67 23 hållet
519 712 118 22 fristående
652 713 39 21 och
707 713 144 27 sjelfständigt

92 746 105 26 läroverk,
221 746 20 21 d.
264 754 18 13 v.
305 754 17 13 s.
342 746 70 22 såsom
428 754 26 15 en
470 747 62 28 lägre
547 747 114 22 realskola.
691 747 50 22 Men
756 747 96 22 inrättad

91 781 72 21 såsom
185 780 94 27 förskola
301 781 32 21 till
348 781 78 28 lyceum
441 780 69 23 måste
526 781 40 22 den
583 784 51 19 utan
650 782 72 21 tvifvel
737 782 66 21 blifva
818 781 34 22 till

91 816 70 20 större
183 817 62 26 nytta
267 815 34 22 för
323 815 55 26 dem,
401 823 45 14 som
465 816 7 21 i
488 816 67 21 förtid
570 815 57 29 afgå,
643 818 28 19 än
686 817 33 21 för
735 817 54 25 dem,
806 823 45 15 som

92 849 102 22 fortsätta
217 850 47 21 sina
286 850 81 21 studier
383 850 7 21 i
406 850 35 21 det
456 850 142 28 fullständiga
613 851 126 21 läroverket.
770 851 41 20 Till
826 857 26 15 en

92 883 184 27 elementarskola,
295 891 46 14 som
357 885 40 20 har
411 884 33 21 till
459 884 87 28 uppgift
561 887 32 19 att
608 885 98 21 meddela
721 885 61 28 lägre
797 884 55 22 real-

95 917 52 22 eller
170 918 80 21 allmän
273 918 157 28 medborgerlig
452 919 105 28 bildning,
580 919 41 22 hör
642 919 105 28 nemligen
763 919 90 21 framför

94 952 45 25 allt,
155 954 33 19 att
202 952 179 29 undervisningen
396 953 84 27 lämpas
496 953 54 26 efter
565 953 34 22 det
609 953 112 27 praktiska
735 953 63 27 syftet
813 953 39 22 och

94 985 110 22 meddelas
223 986 66 28 enligt
307 994 25 14 en
348 987 93 21 derefter
455 987 104 28 afpassad
574 988 79 21 metod.
682 988 65 21 Detta
761 987 40 22 har
816 987 37 22 ko-

94 1020 66 21 mitén
182 1020 65 28 äfpen
269 1020 94 28 påpekat
385 1021 40 21 och
448 1021 59 28 gjort
530 1021 99 28 gällande
647 1022 8 21 i
673 1022 36 21 sitt
725 1021 81 28 förslag
821 1021 32 22 till

94 1053 124 23 lärokurser
234 1055 33 22 för
278 1055 199 22 elementarskolan.
501 1055 50 22 Men
562 1056 124 27 härigenom
696 1055 77 22 blifver
784 1055 69 22 denna

93 1089 62 21 skola
170 1089 51 28 föga
237 1089 69 28 egnad
321 1091 32 20 att
367 1089 70 22 tillika
452 1090 137 28 grundlägga
604 1091 66 27 högre
685 1097 51 15 vare
752 1090 32 28 sig
794 1090 59 21 reala

93 1123 52 22 eller
164 1124 63 22 lärda
245 1124 87 22 studier.
362 1124 11 21 I
391 1124 36 22 det
441 1125 69 27 högre
526 1124 119 22 läroverket
661 1124 68 23 måste
743 1125 110 21 undervis-

92 1158 80 28 ningen
195 1158 57 22 ända
274 1158 57 22 ifrån
353 1158 27 22 de
402 1159 72 27 lägsta
497 1159 110 21 stadierna
630 1159 108 22 bedrifvas
753 1159 50 21 med
819 1159 35 21 det

92 1191 88 22 slutmål
202 1192 7 21 i
232 1192 60 28 sigte,
315 1193 87 21 hvartill
424 1193 123 22 läroverket
565 1194 7 20 i
588 1194 32 20 sin
635 1194 72 21 helhet
723 1194 74 28 syftar,
813 1194 40 21 och

92 1226 40 22 bör
148 1226 72 22 derför
234 1226 29 28 på
278 1227 94 21 nämnda
382 1227 86 27 stadier,
480 1227 71 22 såsom
562 1227 216 29 Skolöfverstyrelsen
789 1227 64 21 fram-

92 1260 68 27 hållit,
183 1268 53 15 vara
258 1260 24 23 af
303 1261 156 28 öfvervägande
478 1262 78 22 formel
572 1263 39 20 och
627 1262 102 22 teoretisk
745 1264 40 19 art.
815 1263 39 20 Att

91 1295 8 20 i
114 1301 26 15 en
156 1295 41 22 och
212 1302 82 15 samma
309 1295 61 22 skola
384 1295 75 22 förena
473 1298 34 19 tre
518 1295 24 22 så
552 1296 57 21 olika
620 1297 109 26 uppgifter
739 1303 46 14 som
795 1296 58 22 med-

92 1329 100 22 delandet
215 1329 24 22 af
259 1329 60 28 lägre
340 1330 56 21 real-
411 1330 52 21 eller
479 1331 81 21 allmän
575 1330 158 28 medborgerlig
749 1329 104 28 bildning,

91 1363 81 21 hvilket
194 1363 151 28 obestridligen
365 1364 40 21 bör
419 1371 52 14 vara
487 1364 55 22 folk-
558 1365 39 21 och
613 1364 180 28 borgareskolans
808 1364 44 26 sak,

90 1399 57 20 samt
169 1397 178 28 grundläggande
365 1398 24 21 af
401 1398 68 28 högre
485 1397 60 22 såväl
560 1398 59 22 reala
635 1405 45 15 som
695 1398 62 21 lärda
773 1398 80 21 studier

160 1437 95 18 Allmänna
267 1438 160 17 Besvärsutskottets
438 1439 108 16 betänkande
557 1439 35 17 N:o
605 1439 28 17 18.
