1017 1675
291 113 249 23 Petitionsbetänkande
555 114 38 22 N:o
609 113 34 23 36.
799 116 11 18 T

88 180 40 22 den
144 179 135 28 bestämning
295 181 33 20 att
341 180 37 22 det
387 179 71 23 finska
467 180 155 28 normallyceet
631 180 131 22 fortfarande
773 179 69 23 skulle

86 214 98 23 förblifva
198 214 7 22 i
220 214 139 22 Tavastehus.

155 249 35 21 Då
203 248 74 28 frågan
292 255 89 16 numera
395 255 77 21 genom
487 249 256 28 pedagogieprofessorns
759 249 39 22 här
812 248 31 22 of-

88 290 40 16 van
147 283 126 22 meddelade
292 283 214 28 petitionsmemorial
524 283 70 23 blifvit
612 284 148 21 underkastad
780 283 62 22 Stän-

89 319 77 21 dernas
182 317 102 29 förnyade
299 317 105 29 pröfning,
420 318 39 22 har
474 319 121 22 utskottets
606 318 157 28 öfvervägande
773 317 70 23 flertal

89 354 72 21 ansett
184 353 33 26 sig
238 353 53 22 böra
311 353 88 22 omfatta
418 353 42 22 den
481 353 22 23 af
517 353 122 22 Ständerna
654 353 68 22 redan
737 353 35 22 vid
790 354 54 20 1872

90 387 34 22 års
146 388 103 27 landtdag
271 387 97 22 uttalade
387 388 56 27 äsigt
463 394 34 16 om
513 387 189 28 nödvändigheten
718 389 33 20 att
764 388 81 21 inrätta

90 423 40 22 och
152 422 153 22 vidmakthälla
324 424 32 20 ett
370 422 156 28 finskspräkigt
541 423 182 22 normalläroverk
738 423 7 21 i
760 423 84 21 landets

89 457 138 22 hufvudstad.
257 457 42 22 Det
321 457 68 28 gäller
411 457 75 22 härvid
509 458 68 27 enligt
598 458 121 22 utskottets
739 457 56 28 äsigt
813 458 33 21 att

90 493 106 27 godtgöra
209 499 27 14 en
250 492 49 22 hela
315 493 40 21 den
370 492 70 22 finska
454 493 174 22 lärdomsskolan
639 492 98 28 tillfogad
749 492 96 22 oförrätt.

90 528 31 27 Ty
143 527 28 27 pä
190 527 53 26 skäl,
262 533 46 16 som
326 527 145 28 petitionären
487 528 6 21 i
509 528 39 21 sitt
567 527 111 22 memorial
694 527 152 28 öfvertygande

90 562 122 27 framhällit,
228 562 68 22 mäste
311 562 109 22 utskottet
435 569 52 15 anse
503 562 72 22 säsom
591 562 164 28 otvifvelaktigt,
766 564 33 20 att
810 562 37 22 det

90 596 70 23 finska
175 597 158 28 normallyceet,
345 596 95 29 förlagdt
450 598 33 21 till
493 598 132 26 landsorten,
637 597 48 22 icke
695 598 42 21 kan
752 598 3 20 i
766 603 82 16 samma

91 638 50 16 mon
163 634 108 20 motsvara
288 632 33 22 sin
339 632 153 22 bestämmelse
512 632 40 22 och
567 632 66 22 verka
648 632 33 22 för
696 632 151 27 utvecklingen

92 667 23 22 af
135 667 48 21 värt
202 667 265 27 undervisningsväsende,
487 673 48 16 som
553 673 34 16 om
607 667 118 22 detsamma
740 666 6 22 i
762 666 85 22 landets

92 702 90 22 hufvud-
202 702 40 22 och
261 702 188 22 universitetsstad
469 702 70 22 skulle
557 702 76 22 arbeta
647 702 36 22 vid
699 702 61 22 sidan
776 701 22 22 af
812 701 37 22 det

92 737 94 23 svenska
200 736 210 22 normalläroverket.
441 736 139 23 Beträffande
596 736 68 28 öfriga
678 736 140 28 olägenheter
828 736 22 21 af

93 772 41 22 den
149 771 123 23 nuvarande
287 771 145 27 anordningen
448 771 33 22 fär
496 772 109 22 utskottet
619 771 104 22 likaledes
739 770 111 22 vördsamt

94 806 90 23 hänvisa
199 806 32 22 till
246 806 244 28 petitionsmemorialet.

163 841 71 22 Jemte
254 841 37 22 det
305 841 109 22 utskottet
429 840 86 23 säledes
531 847 64 15 anser
610 840 33 28 sig
657 841 8 21 i
680 841 42 21 allo
738 840 53 22 böra
806 839 42 22 till-

96 876 74 28 styrka
184 882 26 15 en
225 875 156 28 framställning
397 881 34 16 om
449 876 37 21 det
501 875 70 22 finska
585 875 164 28 normallyceets
760 874 90 23 äterför-

95 911 106 27 läggande
216 911 32 21 till
262 910 165 27 hufvudstaden,
443 911 37 21 vill
494 911 37 21 det
542 910 55 22 dock
607 910 92 22 rörande
710 911 68 21 sättet
787 909 63 22 fram-

96 945 58 22 hålla
168 946 73 21 såsom
255 945 118 22 önskvärdt
387 947 33 20 att
435 945 165 28 öfvertagandet
610 945 22 22 af
642 945 37 22 det
689 945 84 28 privata
782 944 70 22 finska

98 981 239 22 elementarläroverket
351 981 7 21 i
373 980 136 27 Helsingfors
528 980 35 22 mä
579 981 38 21 ske
633 980 78 22 endast
726 979 125 27 successivt,

96 1015 139 28 hvarigenom
257 1015 73 28 hvarje
353 1016 87 21 svärare
463 1015 107 28 rubbning
590 1015 7 22 i
616 1015 180 27 undervisningen
817 1015 35 22 vid

98 1051 134 22 Tavastehus
247 1051 82 27 lyceum
344 1051 112 21 undvikes.

166 1085 74 22 Under
253 1085 155 28 förutsättning
424 1087 33 20 att
468 1085 217 23 öfverenskommelse
695 1085 78 22 mellan
784 1084 70 22 Stats-

98 1120 76 22 verket
190 1121 40 21 och
244 1121 132 22 härvarande
391 1120 70 22 finska
476 1121 234 22 Elementarläroverks
726 1119 130 29 principaler

98 1155 29 28 pä
142 1156 110 27 antagliga
265 1156 69 22 vilkor
350 1155 74 23 träffas
440 1162 35 16 om
491 1156 84 22 inlösen
590 1155 23 22 af
622 1156 36 22 det
668 1155 33 22 för
711 1154 78 23 nämda
799 1155 55 21 läro-

98 1190 53 22 verk
172 1190 50 22 med
244 1190 97 22 enskilda
363 1190 70 23 medel
457 1190 107 28 uppförda
587 1190 88 22 skolhus
695 1190 34 22 får
748 1190 109 21 utskottet

100 1224 85 23 derföre
200 1225 109 22 vördsamt
323 1225 88 22 föreslå:

273 1296 30 20 att
319 1294 121 22 Ständerna
455 1294 9 21 i
477 1294 169 28 underdånighet
661 1294 86 22 anhålla
761 1295 31 20 att
802 1293 55 22 Nor-

204 1329 105 27 mallyceet
328 1329 5 21 i
347 1328 130 22 Tavastehus
493 1330 65 20 måtte
572 1329 95 27 upphöra
682 1330 30 20 att
722 1328 90 28 fungera
821 1328 37 20 så-

205 1371 46 14 som
269 1371 26 14 en
306 1363 97 27 praktisk
418 1364 189 27 bildningsanstalt
620 1364 34 26 för
669 1363 105 27 blifvande
789 1363 70 21 lärare

206 1399 36 21 och
256 1398 115 28 förändras
387 1398 31 22 till
433 1400 30 20 ett
477 1398 102 22 klassiskt
589 1398 78 28 lyceum
676 1398 47 21 med
732 1397 85 28 finskan
828 1397 32 22 till

206 1433 240 27 undervisningsspråk;
461 1434 59 21 samt

172 1473 105 18 Allmänna
289 1472 177 18 Besvärsutskottets
479 1472 117 18 betänkaude
608 1473 36 17 N:o
657 1473 26 16 19.
