1014 1678
291 118 244 20 Petitionsbetänkande
546 118 38 20 N:o
596 119 28 18 17.

316 485 174 24 Allmänna
511 484 320 25 Besvärsutskottets

282 526 204 24 betänkande
504 525 46 24 N:o
568 525 36 28 14,
623 525 9 24 i
650 525 138 31 anledning
806 524 28 25 af

284 566 129 24 särskilda
434 566 70 24 inom
522 565 106 29 Preste-,
646 565 121 31 Borgare-
785 565 48 24 och

283 607 199 24 Bondestånden
501 606 97 24 väckta
615 605 218 32 petitionsförslag

284 655 41 16 om
343 647 149 24 inrättande
509 646 28 24 af
551 647 84 24 finska
647 646 185 24 fruntimmers-

284 687 92 24 skolor.

147 751 80 22 Genom
244 752 197 27 protokollsutdrag
457 751 23 21 af
494 751 41 21 den
550 752 19 25 2,
585 752 20 26 4,
622 751 10 20 7
650 751 37 22 och
701 752 25 20 14
736 751 97 22 sistlidne

78 786 103 21 Februari
197 786 65 21 hafva
276 786 92 26 Preste-,
383 786 108 26 Borgare-
507 785 38 22 och
561 785 163 22 Bondeständen
740 786 33 21 till
788 785 45 21 All-

79 822 77 19 männa
177 821 208 21 Besvärsutskottets
413 820 159 27 handläggning
598 821 119 21 remitterat
739 820 94 27 följande

78 855 42 20 tolf.
133 855 221 26 petitionsmemoria]
346 851 12 34 :

297 923 152 23 yHögvördiga
462 923 154 18 Prestaständ!

148 969 35 18 Till
202 969 86 18 Finlands
306 970 85 23 upplysta
406 970 128 18 Prestaständs
549 970 94 22 allvarliga
659 969 129 23 öfvervägande
801 969 32 18 och

79 1000 58 15 ömma
156 998 109 18 omvårdnad
284 999 54 22 vågar
356 998 135 18 undertecknad
506 999 97 22 hänskjuta
617 999 57 17 nedan
690 999 105 17 framstälda
808 998 26 17 för

79 1022 126 22 Österbottens
223 1026 89 22 invånare,
330 1027 28 17 för
376 1026 40 18 dess
435 1027 106 23 tjenstemän
558 1027 66 17 likaväl
636 1032 37 12 som
685 1027 28 17 för
725 1027 40 17 dess
777 1026 56 23 öfriga

79 1055 106 22 befolkning
198 1055 86 18 särskildt
295 1056 69 22 vigtiga
377 1056 137 22 angelägenhet.

147 1084 51 17 Efter
216 1085 28 17 att
261 1084 38 18 med
315 1084 52 18 möda
382 1084 55 18 hafva
450 1084 36 18 fått
499 1084 30 18 det
543 1085 61 21 första,
616 1086 45 16 mest
673 1084 102 18 brännande
788 1084 44 18 bild-

80 1112 137 23 ningsbehofvet
228 1113 136 17 tillfredsstäldt
376 1118 64 17 genom
453 1113 156 23 grundläggandet
621 1114 19 17 af
653 1113 98 23 Uleåborgs
763 1113 70 23 privata

79 1141 109 23 sjuklassiga
206 1141 73 23 lyceum,
295 1142 32 17 och
343 1142 55 17 sedan
414 1142 59 17 denna
485 1142 116 17 läroanstalts
613 1142 72 18 framtid
698 1142 61 18 blifvit
771 1142 62 22 någor-

79 1170 56 18 lunda
146 1170 100 18 säkerstäld
258 1176 63 16 genom
334 1170 30 18 det
376 1171 152 22 statsunderstöd,
541 1176 36 12 som
590 1171 83 23 beviljats
682 1171 102 17 densamma
793 1170 39 18 med

79 1199 97 23 anledning
189 1198 19 18 af
218 1199 109 18 Ständernas
339 1199 30 18 vid
382 1200 72 17 senaste
467 1200 87 22 landtdag
563 1199 66 18 aflåtna
638 1200 81 22 petition,
729 1200 42 17 fann
781 1199 52 17 Uleå-

79 1228 53 22 borgs
151 1228 40 16 läns
209 1228 39 17 rent
267 1228 57 17 finska
340 1228 105 23 befolkning
458 1230 55 19 snart,
527 1229 27 17 att
566 1228 33 18 den
612 1230 46 16 änuu
672 1228 110 23 fullkomligt
795 1228 38 17 sak-

79 1256 46 18 nade
137 1256 31 18 det
180 1256 56 18 andra
247 1256 76 18 vilkoret
338 1257 26 17 för
380 1257 34 17 sitt
425 1257 123 23 bildningslif,
562 1262 21 12 en
595 1257 55 22 högre
662 1257 172 18 fruntimmersskola

79 1285 40 18 med
134 1285 69 17 finskan
222 1285 57 18 såsom
297 1286 199 22 undervisningsspräk.
522 1286 65 18 Genom
602 1286 24 22 pä
637 1292 61 12 senare
711 1286 46 17 tider
770 1286 65 17 inträf-

79 1314 41 18 fade
133 1314 94 17 händelser
240 1314 39 18 lärd
292 1315 27 17 att
331 1314 61 23 hjelpa
404 1315 29 22 sig
446 1314 45 23 sjelf,
504 1314 98 23 grundlade
612 1315 57 17 denna
677 1314 105 23 befolkning
790 1316 43 16 utan

80 1343 65 17 tvekan
157 1342 40 18 med
210 1342 81 18 enskilda
304 1343 56 17 medel
374 1344 27 16 ett
413 1343 67 17 sådant
492 1343 80 17 läroverk
586 1343 26 17 uti
624 1343 95 22 Uleåborg,
729 1344 46 16 samt
783 1343 51 23 hyste

80 1371 63 17 härvid
157 1371 30 17 det
199 1371 53 23 hopp,
269 1372 28 16 att
312 1371 33 17 den
358 1371 115 23 berättigade
485 1372 60 21 tanke,
558 1371 64 18 hvaraf
632 1372 32 17 den
677 1372 66 20 leddes,
756 1372 31 17 det
798 1373 36 16 öm-

79 1400 64 17 mande
155 1400 58 20 behof,
228 1406 37 12 som
280 1400 105 23 härigenom
400 1400 154 20 tillfredsstäldes,
570 1400 83 23 slutligen
670 1400 43 18 dock
727 1400 58 17 skulle
797 1400 36 17 till-

80 1428 53 18 vinna
145 1428 27 22 sig
185 1428 99 23 Styrelsens
296 1429 44 17 eller
352 1428 109 18 åtminstone
475 1429 109 17 Ständernas
596 1429 100 17 understöd.

150 1464 93 16 Allmänna
257 1464 159 16 Besvärsutskottets
428 1464 106 16 betänkande
547 1464 33 16 N:o
594 1464 26 17 14.
