1020 1678
208 116 13 21 8
389 115 239 26 Petitionsbetänkande
645 117 36 24 N:o
698 117 37 24 38.

177 173 213 30 (Konnastunturi),
413 175 102 22 derifrån
538 176 31 28 gå
582 175 53 22 rakt
650 177 88 20 österut
753 177 13 20 3
781 175 40 22 mil
836 175 38 21 till
889 175 45 22 den

176 208 91 22 mindre
282 208 41 29 sjö,
339 209 40 22 der
396 209 130 30 Paatsjokis
542 209 73 30 högra
629 210 98 22 källarm
742 210 133 29 upprinner,
891 209 43 22 och

177 243 53 22 från
255 243 76 22 denna
356 244 33 29 sjö
412 246 13 20 4
447 245 41 21 mil
511 244 85 22 framåt
618 245 8 21 i
642 244 106 29 ONO-lig
769 244 106 29 riktning
897 244 37 22 till

177 277 160 23 Petsinki-elfs
348 281 77 20 vestra
439 279 98 22 källarm
553 281 60 20 samt
627 279 71 22 sedan
712 279 80 22 utmed
802 279 133 22 densamma

177 313 13 22 8
205 313 42 22 mil
262 313 38 22 till
310 313 156 29 Peisenfjords
482 314 87 22 botten.
585 314 83 22 Derest
683 314 43 22 allt
740 313 56 23 land
805 316 77 20 vester
897 321 37 15 om

177 346 78 23 denna
270 351 69 25 gräns
355 348 74 22 skulle
451 348 95 22 tillfalla
560 348 107 29 Finland,
691 348 91 22 komme
803 348 53 22 hela
870 348 64 22 kom-

177 382 97 29 plexens
297 382 61 22 areal
381 385 35 20 att
439 384 61 28 stiga
522 384 38 21 till
575 385 28 21 40
618 383 146 29 qvadratmil,
787 383 90 22 hvilket
894 383 40 22 vid

177 416 74 23 första
266 417 126 29 påseendet
407 425 68 21 synes
490 418 95 29 mycket
599 421 59 19 stort
673 420 62 20 emot
750 418 28 22 de
791 419 25 21 12
827 418 108 28 qvadrat-

177 454 94 20 versten
287 452 40 22 vid
342 452 146 30 Systerbäck,
509 460 53 15 men
577 453 40 22 vid
632 460 162 22 noggrannare
809 452 126 23 undersök-

176 486 60 29 ning
250 486 104 22 befinnes
369 487 51 22 icke
435 488 31 29 på
480 488 67 29 långt
562 492 42 18 när
619 490 117 20 motsvara
746 487 188 30 Systerbäckom-

176 520 68 23 rådet
258 521 9 21 i
282 521 133 29 qvalitativt
430 522 138 22 hänseende.

247 556 111 22 Området
372 556 40 22 vid
427 557 105 22 Ishafvet
551 557 77 22 består
644 557 26 22 af
682 556 54 23 kala
752 556 49 30 fjell
817 556 43 22 och
875 556 59 30 klip-

176 598 49 22 por,
248 598 89 14 mossor
359 591 43 22 och
419 592 91 22 ställvis
532 592 124 22 nödvuxen
671 592 59 28 skog
753 593 59 20 samt
828 591 107 29 erbjuder

176 625 61 21 intet
251 625 94 22 tillfälle
360 626 36 21 till
413 626 86 29 odling,
522 626 53 22 med
589 626 121 29 undantag
725 625 116 23 måhända
856 625 26 23 af
894 626 40 21 nå-

176 666 48 22 gon
240 662 130 27 ängstäppa
385 660 42 22 här
442 661 56 21 eller
513 662 47 27 der,
583 661 26 21 så
631 663 35 20 att
687 660 146 22 renskötseln
849 664 25 17 är
889 660 45 21 den

177 693 61 22 enda
260 694 90 29 näring,
373 694 165 30 infödingarne
560 695 8 22 i
590 695 40 22 det
651 695 50 22 inre
723 694 81 23 landet
822 697 40 19 äro
876 694 57 22 hän-

176 728 81 23 visade
272 729 42 22 till.
345 729 61 22 Hela
421 729 39 22 det
474 729 88 29 inland,
584 729 96 23 hvarom
698 736 32 15 nu
752 733 26 18 är
791 728 73 30 fråga,
887 729 46 22 kan

177 763 97 28 således,
303 763 9 22 i
341 763 42 22 fall
405 764 40 22 vid
468 764 215 29 ägouppskattning
704 763 81 30 vanlig
809 763 125 29 gradering

177 797 125 30 tillämpas,
318 798 51 22 icke
385 799 143 28 specificeras
543 798 145 23 annorlunda
703 802 30 18 än
748 799 75 21 såsom
838 797 97 30 impedi-

176 832 138 22 mentmark.
344 833 92 22 Landet
457 833 40 22 vid
511 833 104 23 Ishafvet
637 833 42 23 har
694 833 42 22 sitt
750 833 71 22 värde
835 832 100 23 hufvud-

178 867 114 29 sakligast
314 867 43 22 och
379 868 26 21 så
424 867 58 30 godt
496 875 50 15 som
560 867 149 23 uteslutande
724 867 52 22 med
791 867 92 29 hänsyn
898 867 37 22 till

176 901 163 30 fiskfångsten,
362 903 44 21 och
429 903 29 21 då
473 902 103 23 Finland
595 903 62 22 förut
673 903 61 22 varit
749 901 186 29 traktatmässigt

177 936 144 29 berättigadt
343 937 37 21 till
404 936 158 31 sjelfständigt
584 937 141 30 deltagande
746 937 61 28 deri,
833 936 44 22 och
898 936 37 22 till

177 971 60 29 följd
252 971 68 22 deraf
332 979 31 14 nu
378 971 76 28 skulle
469 972 89 21 erhålla
572 979 29 14 en
616 972 37 22 del
677 971 26 23 af
720 971 90 28 kusten,
834 971 41 22 bör
897 970 38 22 väl

178 1005 119 29 sjelffallet
312 1013 29 14 en
356 1006 163 22 kuststräckan
542 1006 163 22 motsvarande
727 1005 37 22 del
787 1005 27 22 af
831 1005 104 21 inlandet

177 1040 25 22 få
217 1040 58 29 följa
290 1040 58 22 med.

247 1075 52 21 Den
308 1074 73 29 tredje
391 1075 157 29 synpunkten,
559 1075 51 22 från
618 1075 97 22 hvilken
723 1074 114 22 utskottet
844 1073 90 23 betrak-

177 1111 36 20 tat
224 1109 90 29 frågan,
330 1109 43 22 har
382 1109 62 22 varit
454 1109 28 22 de
492 1109 161 30 bosättningar
664 1109 27 22 af
702 1109 82 28 finnar,
800 1115 48 15 som
864 1109 70 21 redan

178 1143 63 22 skett
256 1143 8 22 i
280 1143 66 22 dessa
360 1143 95 22 trakter.
485 1144 12 21 I
512 1144 83 22 sådant
605 1143 110 23 afseende
724 1143 160 28 förekommer,
901 1145 34 19 att

177 1178 77 21 finska
275 1178 162 29 bosättningar
460 1178 118 22 allaredan
595 1178 126 22 förefinnas
742 1178 30 29 på
792 1177 143 22 Fiskarhalf-

178 1216 42 18 öns
236 1215 77 19 vestra
331 1212 57 29 sida,
416 1213 41 22 vid
471 1213 206 28 Bomansfjordens
693 1212 68 23 södra
781 1212 87 28 strand,
895 1211 40 22 vid

178 1247 173 22 Muotka-näset
366 1250 61 19 samt
441 1248 30 29 på
485 1247 114 23 hvardera
617 1247 68 22 sidan
708 1247 26 22 af
746 1246 189 23 Fiskarehalföns

178 1281 138 22 nordvestra
338 1281 61 22 udde
414 1282 9 21 i
437 1282 111 22 Kervana
563 1282 151 28 (Schervana)
730 1281 44 22 och
794 1281 142 22 Waitokuva

178 1316 173 29 (Waideguba),
367 1316 92 22 hvilkas
475 1316 173 29 sammanlagda
664 1316 138 28 befolkning
812 1315 124 29 uppgifves

177 1353 85 27 utgöra
278 1351 107 29 omkring
401 1352 42 20 300
458 1358 115 22 personer.
602 1351 37 21 Då
653 1350 42 22 det
717 1358 55 14 vore
787 1350 8 21 i
810 1350 48 28 hög
879 1348 57 30 grad

178 1385 112 29 önskligt,
301 1388 35 19 att
347 1386 66 21 dessa
425 1385 63 22 äldre
497 1385 76 22 finska
583 1385 163 28 bosättningar
756 1384 78 22 kunde
844 1384 92 21 komma

177 1420 65 21 inom
258 1420 39 21 det
311 1420 74 22 finska
401 1420 103 22 området
519 1420 36 21 för
570 1422 34 19 att
629 1420 64 29 tjena
715 1419 37 21 till
774 1418 53 22 stöd
848 1418 38 22 för
907 1418 29 22 de

178 1461 47 22 nya
240 1454 170 22 invandrarene
426 1454 43 22 och
484 1454 66 29 gifva
564 1454 44 22 den
623 1453 138 23 tillämnade
783 1452 152 22 koloniserin-

248 1494 192 19 Ekonomiutskottets
452 1494 116 18 betänkande
580 1494 36 19 N:o
629 1494 30 18 12.
