1023 1673
782 111 26 21 11

81 177 69 26 dagen
167 175 101 21 äterstätt
284 174 40 21 och
339 180 27 15 en
381 175 81 25 mängd
478 175 69 20 andra
562 173 193 28 maktpäliggande
766 173 72 28 frägor

81 211 59 20 ännu
162 209 71 21 berott
256 209 28 26 pä
307 208 53 21 Värt
377 207 125 28 afgörande,
518 208 64 21 hafve
597 208 33 25 Vi,
646 215 46 14 som
707 208 36 21 vid
758 208 80 21 sädant

81 243 135 22 förhällande
239 243 48 21 icke
310 243 84 21 kunnat
417 249 56 21 egna
491 243 66 27 nödig
573 243 32 21 tid
620 243 33 21 till
669 242 134 28 granskning
817 242 23 21 af

82 279 26 20 de
123 278 166 27 ifrägavarande
305 277 135 21 omfattande
455 277 116 27 förslagen,
587 277 32 21 uti
635 277 111 22 skrifvelse
761 277 25 21 af
795 277 40 21 den

81 314 27 20 25
125 312 147 22 nästförvikne
286 304 44 35 Maj
347 313 74 20 derom
436 311 7 21 i
459 311 172 28 underdänighet
647 311 82 22 anmält
745 311 41 22 och
796 311 42 21 till-

82 347 45 21 lika
142 346 158 28 underdänigst
314 345 98 26 anhällit,
428 348 33 19 att
477 353 29 14 nu
521 345 100 28 gällande
630 347 135 26 stadganden
777 345 7 21 i
794 347 44 20 äm-

83 383 36 20 net
134 383 66 19 mätte
221 380 119 21 bibehällas
354 379 58 22 intill
427 381 112 26 utgängen
554 380 24 21 af
591 381 24 20 är
630 380 56 21 1886
702 382 55 19 samt
773 380 65 27 nädig

82 415 135 28 proposition
231 415 7 21 i
254 414 67 22 saken
337 415 28 26 pä
380 415 70 26 grund
466 415 24 20 af
504 414 119 22 emellertid
643 421 86 14 vunnen
745 414 94 22 erfaren-

82 451 38 20 het
141 449 122 28 föreläggas
287 450 255 21 nästsammanträdande
558 449 103 25 Ständer;
685 449 113 22 hvarutom
814 449 25 21 Vi

83 485 32 20 uti
130 484 92 21 särskild
244 483 136 28 underdänig
396 483 112 22 skrifvelse
524 483 111 22 meddelat
650 483 53 21 Värt
718 483 72 22 beslut
805 490 34 15 om

84 520 41 21 den
141 519 119 27 inflytande
281 518 202 21 bränvinsskattens
502 518 139 27 användning
657 517 40 22 och
713 517 129 28 fördelning.

430 577 14 25 8
460 577 34 20 25.

153 616 31 21 De
200 615 24 22 af
237 615 61 22 Hans
321 615 120 28 Kejserliga
464 611 103 32 Majestät
579 615 68 27 jemte
663 615 64 27 nädig
743 615 97 27 proposi-

85 651 45 21 tion
154 650 40 22 Oss
216 650 112 27 förelagda
344 650 142 27 stadganden,
503 650 112 27 angäende
630 649 130 27 indragning
775 649 6 21 i
800 650 40 20 den

85 686 51 20 män
152 684 166 22 förhållandena
341 685 78 20 sådant
435 684 108 27 medgifva
559 684 24 21 af
595 684 245 27 häradspostinrättnin-

85 726 49 21 gen,
150 719 63 22 hafve
230 719 26 21 Vi
272 719 84 27 antagit
376 720 49 20 med
440 720 79 20 endast
535 719 68 26 nägra
617 718 84 22 mindre
717 718 124 27 ändringar,

86 754 73 21 hvilka
181 753 97 27 angifvas
301 753 32 21 uti
348 753 43 21 Vår
408 754 41 20 den
466 754 28 20 27
510 752 148 22 nästförvikne
673 752 42 28 Maj
733 752 33 22 till
782 753 60 21 Hans

86 788 121 28 Kejserliga
225 788 102 28 Majestät
347 787 82 21 aflätna
448 787 151 27 underdäniga
614 787 111 22 skrifvelse
740 788 7 20 i
762 788 79 21 ämnet.

434 846 10 26 8
460 846 35 20 26.

157 885 36 21 Uti
208 885 135 27 underdänig
358 885 112 21 skrifvelse
482 885 24 21 af
520 885 41 20 den
577 885 28 20 30
615 885 98 21 sistlidne
723 885 42 28 Maj
779 885 63 21 hafve

87 919 26 21 Vi
135 919 33 22 för
190 919 60 22 Hans
270 919 120 28 Kejserliga
406 919 102 28 Majestät
523 919 108 21 framstält
645 919 82 26 skälen,
743 919 99 22 hvarföre

88 954 60 21 Hans
163 954 113 27 Majestäts
292 954 79 27 nädiga
386 954 137 27 proposition
539 961 34 14 om
588 953 91 28 ändring
689 953 24 22 af
722 950 121 25 förordnin-

88 995 42 20 gen
154 989 41 20 den
214 989 13 20 6
243 989 105 20 Februari
370 989 64 24 1865,
457 989 113 26 angäende
586 988 257 27 kommunalförvaltning

88 1023 30 27 pä
132 1023 81 25 landet,
228 1023 47 21 icke
291 1023 69 30 blifvit
375 1022 24 22 af
413 1022 39 21 Oss
468 1025 101 24 antagen.

436 1075 13 26 $
465 1075 34 20 27.

159 1114 36 21 Uti
210 1114 136 27 underdänig
361 1113 112 23 skrifvelse
490 1113 24 22 af
527 1115 41 20 den
581 1114 27 21 30
619 1114 96 21 sistlidne
727 1114 42 27 Maj
782 1114 63 21 hafve

91 1148 24 21 Vi
131 1148 84 27 afgifvit
231 1148 77 21 äskadt
323 1149 101 26 yttrande
441 1147 60 22 öfver
517 1150 31 19 ett
563 1148 24 21 af
600 1148 59 21 Hans
670 1148 120 28 Kejserliga
800 1148 45 21 Ma-

88 1183 68 27 jestät
177 1183 8 20 i
206 1183 66 26 nädig
292 1182 134 28 proposition
443 1182 40 22 Oss
498 1182 107 28 förelagdt
620 1182 79 28 förslag
715 1183 33 21 till
762 1183 84 21 förord-

91 1218 59 27 ning,
166 1218 111 26 angäende
293 1217 92 22 svenska
400 1217 40 21 och
454 1217 73 21 finska
542 1217 104 27 spräkens
662 1217 140 28 begagnande
811 1218 36 21 vid

92 1252 106 22 särskilda
214 1252 118 22 domstolar
346 1252 40 22 och
402 1252 151 28 myndigheter
568 1252 7 20 i
590 1251 79 22 landet.

440 1305 10 25 8
466 1304 36 20 28.

162 1343 34 21 Uti
220 1343 136 27 underdänig
377 1342 113 23 skrifvelse
514 1342 23 22 af
558 1344 41 20 den
622 1343 28 21 30
671 1343 114 22 nästvikne
803 1343 43 27 Maj

93 1377 64 21 hafve
178 1377 25 21 Vi
226 1377 38 21 hos
287 1377 60 21 Hans
370 1377 121 27 Kejserliga
512 1377 101 28 Majestät
628 1377 81 21 anmält
725 1384 34 14 om
775 1377 73 22 hvilka

93 1418 103 21 personer
210 1412 27 21 Vi
252 1414 67 19 utsett
339 1411 32 21 till
388 1412 56 20 Vära
459 1411 201 29 Bankfullmäktige
676 1412 39 21 och
731 1411 117 22 Bankrevi-

93 1452 59 15 sorer
167 1448 55 19 samt
238 1446 33 22 till
286 1446 142 28 suppleanter
443 1446 33 21 för
492 1447 55 21 dem.
