1014 1678
173 116 11 19 8
352 113 249 23 Petitionsbetänkande
617 114 38 23 N:o
671 113 29 23 16.

443 388 159 26 Reservation.

214 463 96 22 Emedan
331 464 26 21 de
377 463 116 22 Utskottet
510 463 128 22 meddelade
654 462 156 28 handlingarne
825 462 78 26 utvisa,

146 499 33 21 att
201 498 105 27 styrelsen
325 498 29 27 på
374 498 55 26 skäl,
449 498 84 22 hvilkas
553 498 113 27 betydelse
681 497 48 22 icke
744 497 42 22 kan
802 497 46 22 helt
863 497 41 21 och

145 532 67 22 hållet
227 532 107 28 förnekas,
350 532 70 22 funnit
442 532 175 28 betänkligheter
632 532 35 22 vid
683 532 163 27 ifrågavarande
861 531 43 22 för-

146 567 96 27 ändring,
259 569 57 20 samt
331 567 13 22 å
360 567 67 22 andra
443 567 62 22 sidan
521 568 27 21 de
564 568 85 21 direkta
664 566 99 28 fördelar,
781 567 124 21 densamma

146 602 70 22 skulle
238 601 103 28 medföra,
361 602 49 22 icke
431 604 37 19 äro
488 602 22 22 af
525 602 41 22 den
581 602 52 28 vigt,
650 604 38 25 att,
704 602 29 28 på
748 608 27 15 en
790 602 32 21 tid
838 602 27 21 då
880 601 25 22 så

146 636 78 28 många
246 637 66 21 andra
334 636 46 22 vidt
402 636 85 28 gående
512 637 101 27 åtgärder
635 636 34 23 för
691 636 171 28 omgestaltande
884 636 23 22 af

146 672 178 21 skatteväsendet
347 672 40 21 och
408 671 240 28 finans-förvaltningen
672 672 41 21 äro
728 672 13 21 å
756 671 62 27 bane,
834 671 72 22 denna

146 705 61 28 fråga
229 706 103 22 särskildt
353 706 68 22 borde
440 707 117 27 påträngas
574 707 117 28 styrelsens
707 705 197 28 uppmärksamhet,

146 740 22 22 få
183 740 182 28 undertecknade,
381 741 7 21 i
403 742 92 21 motsats
516 743 45 20 mot
580 741 126 22 Utskottets
722 740 77 27 flertal,
814 740 90 23 föreslå:

318 795 32 20 att
364 793 83 22 landets
469 794 112 28 höglofliga
598 794 89 22 ständer
707 794 66 21 måtte
786 793 35 27 för
836 793 70 21 denna

248 829 58 27 gång
321 829 46 22 låta
382 829 39 22 den
437 829 130 27 ifrågasatta
578 829 117 27 petitionen
710 828 92 27 förfalla.

178 897 22 22 F.
217 897 35 22 W.
268 897 24 22 G.
308 897 66 29 Hjelt.
451 898 73 29 Georg
539 899 24 22 Z.
577 898 113 23 Forsman.
753 897 25 22 K.
794 897 84 22 Wärri.

236 1474 124 22 Helsingfors,
372 1474 71 18 Finska
456 1474 217 22 Litteratursällskapets
686 1473 82 23 tryckeri
782 1474 48 17 1882.
