1023 1678
213 121 12 20 6
317 120 80 23 Ständ.
412 120 50 23 Pet.
478 133 26 3 —
522 120 169 23 Petitionsbet.
706 121 41 22 N:o
761 120 36 22 28.

184 185 51 24 röst,
257 183 58 21 intill
337 184 47 20 dess
399 185 30 20 ett
445 183 51 22 visst
511 183 116 22 maximum
642 184 25 21 af
679 185 69 20 röster
762 185 110 26 uppnätts,
887 191 44 14 som

183 218 48 21 icke
245 217 58 28 finge
318 217 149 22 öfverskridas.

253 251 121 22 Ständerna
389 252 64 21 hafva
468 252 89 21 härmed
572 252 73 21 berört
661 253 41 20 den
718 253 7 20 i
741 259 74 15 senare
830 253 31 20 tid
876 259 55 20 myc-

183 287 37 21 ket
242 286 59 22 olika
317 286 116 22 besvarade
445 287 78 26 frägan
540 294 34 14 om
589 288 123 26 grunderna
727 287 32 21 för
775 287 156 21 röstberäknin-

182 328 43 20 gen
243 321 36 21 vid
293 321 231 27 landtdagsmannaval
539 321 7 21 i
560 321 189 27 Borgareständet,
765 321 85 22 hvilken
866 321 66 27 enligt

182 355 247 27 Landtdagsordningen
451 356 29 26 pä
501 356 37 20 det
560 356 109 20 närmaste
691 355 178 27 sammanhänger
883 355 49 21 med

182 390 77 26 frägan
282 396 34 15 om
331 389 100 22 valsättet
445 390 8 20 i
469 390 94 20 nämnda
577 390 69 20 ständ.
677 389 50 22 Med
742 389 115 27 anledning
872 389 63 21 deraf

182 426 33 19 att
232 424 55 21 1869
302 425 34 20 ärs
351 424 218 27 Landtdagsordning
582 424 67 27 jemte
665 425 37 20 det
717 425 40 20 den
769 423 162 22 sammanfattar

182 459 53 21 eller
257 458 106 28 åberopar
385 459 25 20 de
425 459 141 26 stadganden,
581 458 80 26 hvilka,
681 459 92 20 rörande
788 459 60 20 detta
862 459 69 24 ämne,

183 493 58 22 förut
256 500 51 15 voro
323 493 106 27 gällande,
445 493 71 21 tillika
530 492 146 30 öfverlemnar
683 493 23 21 ät
717 493 26 21 de
754 493 177 26 röstberättigade

183 529 7 20 i
205 527 75 28 hvarje
295 528 49 21 stad
358 529 33 19 att
405 527 76 22 förena
497 527 31 28 sig
544 534 34 14 om
593 528 124 27 ändringar,
732 527 72 22 hvilka
819 528 26 21 de
860 527 71 21 kunde

182 562 61 21 finna
265 562 139 27 erforderliga
425 562 52 21 eller
495 562 128 23 önskvärda,
639 569 62 20 synes
717 569 48 14 man
780 562 36 21 vid
831 561 100 28 tidpunk-

183 599 37 18 ten
242 596 35 21 för
295 597 94 20 nämnda
403 597 117 26 grundlags
536 597 102 20 stiftande
654 596 65 22 hafva
734 596 97 21 förestält
846 597 37 26 sig,
899 598 32 19 att

183 638 42 21 nya
239 631 152 26 valordningar
406 631 49 21 med
470 631 121 27 begränsad
606 631 108 21 röstskala
728 630 68 22 skulle
811 631 33 21 för
859 631 25 20 de
895 630 35 21 fle-

182 668 35 18 sta
232 666 73 20 städer
321 667 90 25 antagas
428 665 40 21 och
482 665 125 21 fastställas.
637 665 50 21 Men
702 666 60 20 detta
776 665 40 21 har
830 665 54 21 dock
899 665 32 20 in-

182 699 74 22 träffat
279 700 76 20 endast
376 699 7 21 i
405 706 26 14 en
454 699 34 21 del
508 699 24 21 af
546 700 55 23 dem,
617 699 40 21 och
673 699 59 21 säväl
747 700 13 20 &
775 700 25 20 de
816 701 63 24 orter,
894 700 38 20 der

182 741 43 21 nya
240 734 152 26 valordningar
407 734 118 27 uppgjorts,
541 740 45 14 som
601 734 13 21 &
629 734 55 24 dem,
701 734 38 20 der
753 734 76 21 sädant
839 733 47 21 icke
896 736 36 25 egt

183 776 54 18 rum,
261 768 65 22 hafva
348 768 83 27 ganska
453 768 58 20 olika
533 768 80 27 äsigter
634 770 68 25 yppat
722 768 31 27 sig
769 769 90 20 rörande
875 769 57 20 rätta

183 802 121 22 förståndet
319 802 24 21 af
356 802 52 21 sista
423 804 116 19 momentet
554 802 25 21 af
593 803 28 19 12
641 804 5 25 &
662 802 270 28 Landtdagsordningen,
920 798 15 36 i

182 837 117 28 synnerhet
314 836 54 22 efter
383 836 131 22 utfärdande
529 836 24 22 af
566 836 154 28 förordningen
736 838 41 20 den
793 838 12 20 8
815 837 117 21 December

183 872 54 21 1873
261 872 112 26 angäende
394 871 255 27 kommunalförvaltning
669 871 7 21 i
691 872 55 20 stad.
762 871 169 21 Vidkommande

181 906 54 21 först
258 906 129 26 stadgandet
403 906 79 25 derom,
498 908 32 18 att
546 905 57 22 valet
618 905 39 21 bör
672 905 102 22 förrättas
790 906 68 26 ,,efter
873 906 36 21 det
924 906 7 20 i

182 941 77 20 staden
283 940 63 27 öfliga
367 940 100 25 valsätt'',
489 940 39 21 har
547 940 120 21 detsamma
682 940 25 21 af
719 947 26 14 en
762 940 34 21 del
811 940 120 27 uppfattats

182 975 31 25 sä,
229 976 33 20 att
278 975 41 20 den
334 974 7 21 i
356 974 74 28 hvarje
445 975 48 20 stad
507 974 101 27 gällande
623 974 139 22 kommunala
777 974 154 26 valordningen

182 1008 64 21 äfven
270 1009 38 20 bör
329 1008 108 27 tillämpas
459 1009 35 20 vid
509 1008 238 27 landtdagsmannaval,
764 1008 39 22 och
818 1009 59 20 detta
891 1009 40 21 har

182 1043 66 21 bland
271 1045 67 19 annat
360 1043 46 20 haft
428 1043 33 20 till
482 1043 59 27 följd,
557 1045 32 19 att
604 1043 63 22 äfven
684 1044 42 20 den
741 1043 6 21 i
763 1045 13 25 8
794 1045 25 20 12
834 1043 25 22 af
871 1041 58 30 nyss"

182 1077 96 21 nämnda
293 1077 124 27 förordning
433 1078 103 27 stadgade
553 1077 166 28 röstberäkning
734 1078 39 21 och
789 1077 143 28 begränsning

182 1112 13 21 &
217 1118 28 15 en
269 1111 34 22 del
325 1113 58 20 orter
404 1111 69 22 blifvit
495 1114 51 19 utan
562 1112 73 21 vidare
651 1112 214 22 öfverenskommelse
880 1112 52 21 eller

182 1145 138 22 stadfästelse
342 1145 118 28 iakttagen.
489 1141 18 26 Ä
530 1147 69 20 andra
621 1149 58 18 orter
702 1147 94 20 deremot
811 1147 39 21 har
865 1147 68 20 under

182 1180 109 28 uttrycket
308 1181 50 25 .,det
373 1181 7 20 i
395 1181 75 20 staden
486 1181 64 26 öfliga
564 1181 93 21 valsätt'*
673 1181 99 21 förstätts
783 1182 41 21 den
835 1181 97 27 ordning,

182 1222 45 14 som
242 1215 60 21 förut
317 1215 7 20 i
339 1215 73 27 hvarje
428 1216 47 20 stad
490 1215 70 22 blifvit
575 1215 54 28 följd
643 1215 38 22 vid
696 1215 237 27 landtdagsmannaval.

181 1249 85 21 Endast
284 1250 39 20 der
337 1250 72 20 denna
423 1249 141 28 uppfattning
579 1250 54 21 varit
649 1251 103 24 rådande,
768 1250 40 21 har
823 1249 53 22 efter
891 1249 41 22 till-

182 1283 100 22 komsten
297 1284 24 21 af
333 1283 151 28 förordningen
501 1291 34 14 om
550 1284 257 27 kommunalförvaltning
821 1285 8 20 i
843 1285 53 20 stad
902 1284 31 21 fö-

182 1318 107 21 refunnits
312 1318 97 21 starkare
431 1319 116 27 anledning
570 1321 32 19 att
618 1319 53 21 söka
687 1319 148 21 ästadkomma
850 1325 26 15 en
891 1319 42 21 för-

183 1353 88 21 bätträd
293 1352 126 28 valordning
441 1353 34 21 för
489 1354 135 20 sistnämnda
639 1353 58 27 slags
713 1353 40 25 val,
769 1353 40 21 och
824 1349 33 25 att
871 1354 64 20 döma

182 1387 25 21 af
227 1388 28 20 de
278 1388 83 20 städers
383 1388 66 25 antal,
465 1394 45 14 som
525 1388 39 21 hos
579 1388 85 21 Eders
680 1388 159 27 Kejserliga
854 1387 79 27 Maje-

184 1423 57 19 stät
265 1421 91 21 anhällit
377 1428 34 14 om
426 1422 138 22 fastställelse
580 1422 24 22 af
616 1425 98 24 antagna
728 1422 159 27 valordningar,
903 1429 31 21 sy-

184 1463 38 14 nes
243 1456 72 21 denna
331 1456 139 28 uppfattning
485 1463 51 15 vara
552 1458 41 20 den
609 1456 140 22 allmännare.
781 1456 48 22 Men
844 1456 63 22 äfven
923 1458 12 22 ä
