1014 1678
273 108 252 34 Petitionsbetänkande
540 108 37 22 N:o
592 107 30 23 16.
790 110 12 19 5

74 175 75 28 (högst
171 177 77 25 21,013
270 176 25 26 tr,
318 175 59 27 lägst
396 176 62 26 4,101
481 176 29 24 tr)
529 176 55 20 samt
599 176 64 26 4,030
679 176 79 20 tunnor
772 173 60 22 hafre

74 210 74 27 (högst
170 211 63 26 7,348
253 211 26 25 tr,
299 210 59 27 lägst
378 211 42 20 600
436 210 36 26 tr).
488 222 28 2 —
531 210 10 21 I
556 209 120 28 Uleåborgs
692 210 48 21 läns
754 209 78 22 krono-

73 244 69 22 bodar
157 245 47 21 åter
215 244 76 22 funnos
301 244 153 28 inneliggatide
464 244 37 22 vid
511 244 109 28 utgången
632 244 22 22 af
668 244 74 28 hvarje
752 243 22 22 af
783 243 49 22 ifrå-

74 280 122 26 gavarande
211 279 42 23 fem
268 279 24 22 år
307 279 7 22 i
328 279 104 22 medeltal
450 281 63 24 8,199
530 281 79 19 tunnor
623 280 39 26 råg
682 279 73 27 (högst
770 280 62 26 9,076

74 316 26 24 tr,
120 314 59 27 lägst
199 316 63 25 6,944
281 314 30 26 tr)
334 316 58 20 samt
414 315 64 25 8,352
496 316 78 19 tunnor
593 314 54 22 korn
662 314 75 27 (högst
758 314 75 25 13,660

75 350 27 26 tr,
118 349 57 26 lägst
191 351 62 25 5,066
269 349 40 26 tr);
325 348 61 22 hafre
401 350 79 20 nästan
496 348 88 22 alldeles
600 348 54 22 icke.

143 383 32 22 De
199 383 53 27 skäl,
276 389 46 16 som
346 383 45 22 tala
410 383 33 22 för
463 383 163 27 ifrågavarande
641 381 192 29 petitionsförslag,

75 420 44 25 äro,
136 419 59 21 utom
210 418 55 22 hvad
281 417 75 28 sjelfva
371 417 240 28 petitionsmemorialet
626 417 126 27 innehåller,
767 416 67 22 redan

75 453 134 27 väsentligen
224 452 128 23 framhållna
366 453 8 21 i
390 453 183 22 Statsutskottets
589 453 35 22 vid
642 454 54 20 1877
713 452 35 22 års
763 451 71 23 landt-

75 488 42 27 dag
132 488 137 22 betänkande
284 488 7 21 i
308 488 115 27 anledning
439 487 23 22 af
476 487 126 23 förberörda
612 487 79 28 nådiga
700 487 134 28 proposition

76 523 111 27 angående
206 522 130 23 förändrade
354 523 96 27 grunder
464 522 34 23 för
512 521 322 28 räntepersedleomsättningen

75 557 8 21 i
95 557 74 22 landet
191 557 40 22 och
251 557 129 22 ständernas
400 557 136 22 anförmälda
555 556 176 23 svarsskrifvelse
747 556 86 27 (Handl.

77 592 34 21 del
126 592 26 21 II.
168 592 63 27 Prop.
247 592 40 22 N:o
303 592 45 28 28),
364 592 100 23 hvarföre
475 592 115 22 Utskottet
599 591 32 23 får
641 592 32 21 till
684 591 93 22 nämnda
786 591 48 22 akt-

76 626 89 28 stycken
181 627 95 22 hänvisa.
299 627 75 22 Under
390 627 27 22 de
431 626 44 23 fem
491 627 30 26 år,
533 633 45 16 som
590 626 67 23 sedan
668 627 87 22 senaste
765 625 69 22 landt-

77 661 43 27 dag
134 661 96 27 förflutit,
250 661 39 22 har
307 661 85 23 landets
407 661 295 22 kommunikationsväsende
717 661 7 21 i
739 660 96 28 betydlig

77 702 49 15 mon
149 696 110 28 utvidgats
282 696 40 22 och
345 696 129 22 förbättrats
498 702 76 22 genom
598 696 124 27 öppnandet
735 694 23 23 af
770 694 64 23 Pielis

76 730 65 22 kanal
164 731 41 21 och
226 731 124 28 byggandet
372 731 23 22 af
415 730 241 23 Wasa—Tammerfors
676 731 96 27 jernväg,
789 735 47 16 som

77 766 64 21 nästa
156 765 24 22 år
195 767 24 20 är
233 765 77 23 afsedd
328 767 33 20 att
376 766 6 21 i
398 765 50 22 hela
466 765 34 22 sin
516 765 124 28 sträckning
654 764 33 23 för
702 763 64 23 trafik
781 770 54 21 upp-

77 800 63 21 låtas.
170 800 11 21 I
197 807 81 15 samma
292 807 50 15 mon
357 800 65 22 hafva
438 801 27 21 de
480 800 82 27 hinder,
574 806 46 16 som
630 799 47 22 från
687 799 148 22 kommunika-

78 835 109 22 tionernas
210 835 109 28 synpunkt
341 837 83 20 ansetts
445 836 60 21 möta
525 835 41 22 den
581 834 123 27 föreslagna
719 833 116 28 åtgärdens

78 869 173 28 genomförande,
267 869 146 23 förminskats.
444 869 70 23 Ofvan
532 869 89 22 anförda
636 870 78 21 exakta
729 868 108 29 uppgifter

77 904 34 22 för:
133 905 120 27 Uleåborgs
272 905 36 22 län
326 905 58 27 gifva
399 905 35 22 vid
450 905 93 27 handen,
558 905 56 21 huru
630 904 143 27 otillräckliga
787 903 49 22 kro-

78 945 53 16 nans
147 939 38 22 der
204 939 112 23 förvarade
335 939 208 28 spanmålsförråder
564 939 70 22 skulle
648 945 52 16 vara
714 939 36 22 vid
763 937 74 23 inträf-

78 973 63 23 fande
164 974 78 22 allmän
265 974 109 22 missväxt.
404 975 40 21 Att
464 975 28 21 de
508 974 56 22 dock
583 974 66 27 något
663 974 73 22 kunna
750 973 86 28 betyda,

79 1008 103 22 särskildt
196 1008 37 22 vid
247 1008 129 22 inträffande
396 1008 55 28 tidig
466 1009 70 22 vinter
552 1008 40 22 och
608 1015 38 15 sen
660 1008 44 27 vår,
720 1008 36 22 må
772 1014 65 21 gerna

79 1043 124 27 medgifvas.
227 1044 49 22 Men
292 1050 82 16 samma
390 1044 102 22 ändamål
507 1044 79 27 kunde,
603 1043 63 23 äfven
682 1043 54 23 efter
751 1050 85 21 genom-

78 1078 100 22 förandet
193 1078 23 22 af
229 1078 163 28 ifrågavarande
407 1078 87 28 reform,
510 1078 75 22 vinnas
600 1079 29 27 på
644 1080 65 20 annat
725 1080 50 20 sätt.
795 1078 43 22 Det

79 1114 70 21 skulle
164 1114 86 28 mycket
265 1114 34 22 väl
315 1114 27 27 gå
357 1114 33 22 för
406 1114 33 28 sig
454 1116 34 20 att
503 1114 7 22 i
526 1114 58 22 vissa
598 1114 36 22 län
645 1114 52 22 eller
707 1113 130 27 landsdelar,

79 1154 46 16 som
148 1150 37 20 äro
209 1148 124 22 vanlottade
353 1149 7 21 i
379 1148 103 23 afseende
503 1149 13 21 å
535 1149 214 27 kommunikationer,
769 1148 69 22 tillåta

79 1184 34 20 att
134 1183 71 27 någon
225 1183 55 22 efter
299 1182 165 23 förhållandena
484 1184 87 28 lämpad
587 1184 35 22 del
637 1183 23 22 af
673 1184 42 22 den
730 1183 42 22 fixa
786 1190 52 20 pen-

79 1218 151 27 ningeskatten
250 1218 56 27 finge
327 1218 118 22 tillsvidare
466 1219 76 27 gäldas
562 1219 7 21 i
584 1218 97 28 spanmål
700 1218 55 22 efter
771 1220 31 20 ett
818 1218 23 22 af

79 1253 127 27 regeringen
228 1253 116 27 bestämdt,
369 1253 81 27 skäligt
472 1253 52 28 pris.
555 1254 31 21 På
604 1254 61 22 detta
680 1255 45 20 sätt
740 1253 70 22 skulle
826 1253 13 21 å

80 1294 41 15 ena
135 1288 61 21 sidan
212 1288 133 22 statsverket
360 1288 73 22 kunna
448 1288 117 28 disponera
580 1288 59 22 öfver
652 1288 97 28 spanmål
765 1288 32 22 för
807 1288 31 22 in-

80 1322 105 22 träffande
205 1322 103 22 missväxt
327 1323 41 22 och
388 1323 14 21 å
417 1323 68 21 andra
504 1323 61 22 sidan
580 1323 170 28 räntegitvarene
766 1329 52 15 vara
832 1323 8 21 i

80 1356 84 22 tillfälle
180 1358 32 20 att
227 1358 52 26 göra
295 1357 33 27 sig
344 1357 31 21 till
391 1357 57 27 godo
465 1358 29 20 all
510 1357 42 22 den
567 1357 75 27 fördel,
658 1363 46 16 som
720 1363 78 22 genom
807 1357 31 22 le-

80 1397 77 16 verans
173 1391 22 22 af
212 1391 70 28 någon
301 1392 35 22 del
351 1392 23 22 af
391 1392 87 22 skatten
493 1392 8 22 i
517 1392 97 28 spanmål
628 1392 44 22 kan
686 1399 52 15 vara
753 1394 33 20 att
800 1392 38 28 på-

80 1426 74 27 räkna,
178 1426 69 22 under
269 1426 37 22 det
329 1428 33 20 att
384 1427 56 22 dock
455 1427 112 28 principen
584 1427 22 22 af
617 1428 149 28 jordskattens
783 1426 55 24 oför-

150 1466 149 19 Statsutskottets
312 1466 117 19 betänkande
441 1467 37 18 N:o
490 1467 18 18 6.
