1014 1678
149 151 26 18 36
330 150 234 24 Petitionshetänkande
583 152 36 22 N:o
637 151 34 23 13.

119 217 97 22 praktiska
229 217 45 19 värf,
288 218 26 17 uti
327 218 63 18 hvilka
403 218 65 18 skolor
480 218 133 22 hufvudsaklig
626 218 38 22 vigt
676 218 61 18 skulle
750 217 66 23 läggas
829 216 49 22 uppå

119 246 98 17 inlärande
236 246 22 18 af
275 246 73 18 landets
360 246 61 23 begge
434 246 97 19 inhemska
545 247 55 22 språk
613 249 48 15 samt
673 246 43 18 med
728 245 118 19 uteslutande
860 245 20 18 af

120 275 72 21 latinet,
205 275 68 21 tyskan
286 275 70 18 införas
368 275 61 18 såsom
442 275 155 23 grundläggande
610 275 63 18 vidare
687 275 71 18 studier
771 274 20 18 af
806 274 73 18 utländ-

120 304 35 17 ska
174 303 60 23 språk,
254 304 94 18 äfvensom
361 306 27 16 att
401 304 36 18 den
450 304 7 18 i
469 304 118 18 Mariehamn
599 304 99 23 befintliga
710 302 169 19 elementarskolan

120 332 58 17 måtte
191 332 93 18 ombildas
296 332 29 17 till
338 337 22 13 en
374 333 102 23 treklassig
493 333 121 18 bottenskola
627 333 20 18 af
658 333 56 17 ofvan
727 332 65 18 anförd
805 331 74 18 beskaf-

120 361 65 17 fenhet
197 360 43 18 med
253 361 76 18 svenskt
341 361 210 23 undervisningsspråk;
570 362 34 17 och
617 362 28 17 får
655 361 34 23 jag
702 361 41 18 med
756 359 124 20 framförande

121 389 21 18 af
153 389 61 18 denna
226 389 50 18 mina
288 389 82 18 valmäns
383 390 96 22 anhållan,
491 390 62 19 tillika
565 391 94 18 vördsamt
671 389 108 22 hemställa,
791 388 90 19 huruvida

121 418 41 17 icke
181 418 149 22 Borgarståndet
348 418 42 18 ville
409 419 78 22 inbjuda
504 419 23 18 de
540 419 61 24 öfriga
613 419 80 18 stånden
706 420 29 17 att
746 418 42 18 med
801 418 79 22 Borgar-

122 446 76 18 ståndet
215 447 67 18 förena
300 447 28 22 sig
346 453 29 12 om
394 452 23 13 en
430 443 107 27 gemensam
550 448 116 23 underdånig
679 447 139 22 framställning
829 447 6 17 i
847 446 35 17 här

124 475 103 22 föreslaget
240 475 55 23 syfte.

191 504 124 23 Helsingfors,
329 504 35 18 den
378 505 9 16 4
400 505 92 18 Februari
507 507 48 16 1882,

632 545 20 21 C,
672 543 22 22 B.
714 543 100 26 Federley.

285 630 48 18 Till
347 631 140 22 Vällofliga
504 630 225 23 Borgareständet!

195 676 27 17 Pä
240 676 86 22 uppdrag
344 676 20 18 af
381 676 157 18 Fredrikshamus
557 676 52 18 stads
622 676 74 18 valmän
709 676 28 18 fär
746 676 34 22 jag
792 676 42 17 med
846 676 37 17 till-

125 705 68 21 försigt
206 704 28 18 till
244 704 101 24 Vällofliga
354 705 169 23 Borgareständets
533 705 94 18 nitälskan
635 705 30 18 för
673 704 113 24 upplysning
795 704 34 18 och
837 704 46 18 bild-

126 733 45 22 ning
184 734 96 17 vördsamt
292 733 76 23 utbedja
380 734 37 23 mig
429 736 28 16 ett
469 733 123 23 behjertande
605 733 21 18 af
636 733 83 23 följande
732 733 28 18 för
768 733 80 18 nämnda
856 736 29 15 ort

126 761 70 23 vigtiga
208 762 103 23 skolfräga.

197 796 62 18 Sedan
272 797 65 22 längre
350 797 26 18 tid
389 797 81 18 tillbaka
482 797 35 18 har
529 797 157 18 Fredrikshamns
698 796 42 18 stad
752 796 48 18 varit
812 796 5 17 i
824 795 62 19 afsak-

127 825 38 18 nad
184 825 20 18 af
221 827 28 16 ett
268 827 70 16 statens
356 825 88 18 läroverk
460 826 29 17 för
506 831 72 18 gossar,
591 825 42 18 med
646 825 97 22 undantag
756 824 20 19 af
786 825 36 18 den
834 825 52 22 lägre

127 853 164 23 elementarskola,
310 859 39 13 som
367 854 54 18 äfven
442 854 48 18 efter
502 857 75 15 senaste
595 854 146 23 omgestaltning
757 853 20 18 af
792 853 94 18 undervis-

128 883 150 22 ningsväsendet
290 883 6 17 i
308 883 64 18 landet
389 883 21 18 är
429 884 44 17 1872
493 883 108 18 bibehällits
619 883 30 18 vid
667 883 29 18 sin
709 883 51 18 förra
772 882 20 18 af
803 882 36 18 den
851 887 36 18 nya

129 911 148 23 skolordningen
294 911 88 18 utdömda
400 912 133 23 organisation.
558 911 84 24 Tillfölje
661 911 57 18 häraf
734 911 41 18 blef
786 917 22 12 en
821 911 20 18 af
852 911 35 17 den

129 945 37 17 nya
178 940 255 23 kommunalförvaltningens
442 941 7 18 i
457 941 66 18 staden
533 941 59 18 första
601 940 88 23 ätgärder
698 942 28 16 att
734 940 34 18 hos
777 940 111 23 regeringen

129 969 76 18 anhålla
224 974 30 13 om
271 974 23 13 en
306 969 102 23 fyrklassig
420 970 95 17 realskola
527 969 42 18 med
583 970 92 17 svenskan
688 974 40 13 som
740 968 148 23 undervisnings-

130 998 61 22 spräk.
215 998 28 17 Pä
262 997 61 19 denna
338 998 89 18 anhällan
439 999 58 22 följde
510 999 62 17 anbud
585 1003 30 13 om
627 1003 24 13 en
663 997 105 23 tväklassig
779 997 49 18 finsk
840 997 47 17 real-

130 1026 60 22 skola,
202 1026 6 18 i
221 1026 92 18 händelse
326 1026 65 18 staden
404 1027 44 17 ville
461 1027 56 23 ätaga
530 1027 29 23 sig
571 1027 23 17 de
607 1027 30 17 vid
650 1026 65 23 dylika
728 1026 63 18 skolor
803 1026 85 22 vanligen

130 1054 20 18 af
161 1055 112 17 kommunen
292 1055 103 18 bekostade
414 1056 84 22 utgifter.
511 1066 21 2 —
545 1056 30 17 Då
591 1056 32 18 det
636 1055 72 19 äskade
721 1054 87 23 bidraget
820 1054 20 18 af
851 1056 37 16 sta-

131 1083 35 18 den
179 1084 41 17 icke
232 1084 105 22 beviljades
350 1084 29 18 för
391 1086 28 16 ett
431 1084 92 20 läroverk,
538 1090 39 12 som
589 1084 7 18 i
608 1085 47 17 intet
668 1084 90 18 afseende
767 1083 68 23 ansägs
844 1086 44 14 mot-

131 1118 55 12 svara
198 1114 64 16 ortens
275 1112 63 22 behof,
350 1112 63 18 förföll
427 1112 74 24 frågan;
514 1118 42 13 men
569 1113 88 18 behofvet
670 1112 21 18 af
698 1115 28 15 ett
734 1112 73 23 dugligt
815 1112 75 18 svenskt

130 1141 130 18 realläroverk
273 1146 31 13 var
317 1141 24 23 på
353 1144 53 16 orten
420 1142 21 18 så
453 1142 84 20 erkändt,
551 1144 28 16 att
591 1142 25 22 på
629 1147 22 13 en
664 1141 54 19 afton
731 1141 85 22 omkring
828 1141 62 18 40,000

130 1170 53 17 mark
201 1170 104 18 tecknades
324 1170 60 18 såsom
402 1171 75 22 garanti
494 1170 29 18 för
535 1176 23 12 en
571 1171 60 22 privat
645 1170 55 18 skola
712 1170 21 18 af
744 1169 54 19 detta
810 1169 46 22 slag.
869 1178 21 3 —

132 1199 66 17 Denna
217 1198 55 18 skola
290 1199 43 18 kom
351 1199 54 18 äfven
421 1199 50 18 inom
486 1200 43 18 kort
541 1199 28 18 till
583 1199 59 23 stånd,
655 1199 33 18 det
700 1198 60 18 första
772 1198 40 18 året
824 1197 66 19 under-

131 1227 63 18 hållen
207 1228 120 18 uteslutande
340 1228 20 18 af
370 1228 97 18 elevernas
479 1228 93 18 föräldrar
585 1230 47 16 samt
645 1227 83 19 derefter
740 1227 6 17 i
759 1229 51 16 snart
822 1226 36 18 fem
871 1226 21 18 år

132 1256 20 18 af
170 1258 27 16 ett
215 1256 63 23 bolag,
297 1262 39 12 som
348 1256 61 18 bildat
421 1257 29 23 sig
462 1257 29 18 för
503 1257 98 17 underhåll
614 1256 21 18 af
645 1256 69 19 skolan
726 1256 34 18 och
774 1255 76 18 erhållit
864 1260 28 12 re-

131 1285 101 22 geringens
252 1285 121 18 stadfästelse
386 1286 20 17 af
424 1286 44 18 dess
481 1285 82 23 stadgar.
575 1295 22 3 —
609 1286 34 17 Att
656 1284 67 19 skolan
736 1284 60 18 under
808 1284 23 18 de
844 1284 10 17 6
867 1284 25 21 år,

133 1314 37 17 hon
183 1314 47 18 varit
243 1314 6 17 i
263 1314 125 22 verksamhet,
400 1314 44 23 fyllt
456 1316 27 16 ett
492 1314 81 23 verkligt
581 1314 63 22 behof,
653 1313 83 23 framgår
745 1313 61 22 derur,
815 1314 29 16 att
850 1312 43 22 hon,

132 1342 79 18 oaktadt
229 1342 111 22 årsafgiften
358 1343 71 22 utgjort
447 1343 34 17 250
497 1343 58 21 mark,
567 1343 48 17 varit
629 1342 73 22 årligen
716 1342 66 17 besökt
795 1341 20 18 af
826 1341 67 18 mellan

134 1371 22 17 40
169 1370 34 18 och
217 1371 22 17 60
252 1371 68 19 elever,
334 1381 21 2 —
368 1370 62 18 denna
449 1371 107 18 läsetermin
573 1371 20 17 af
604 1371 28 21 54,
644 1370 99 18 fördelade
755 1370 25 22 pä
792 1370 10 17 3
815 1369 79 21 klasser,

135 1399 72 18 hvilket
225 1399 95 18 elevantal
339 1400 112 22 öfverstiger
470 1400 71 18 antalet
558 1400 63 18 elever
632 1399 6 18 i
651 1399 23 18 de
687 1398 57 18 flesta
756 1398 20 18 af
787 1400 62 16 staten
862 1398 31 17 be-

133 1428 81 18 kostade
227 1428 115 23 fyrklassiga
355 1428 112 18 realskolor.
480 1438 21 3 —
514 1428 75 23 Lägges
601 1428 70 22 härtill,
684 1430 29 16 att
726 1427 58 18 under
792 1432 70 13 samma
868 1426 26 18 tid

136 1456 35 18 den
190 1456 59 18 redan
267 1457 81 18 nämnda
366 1457 115 23 tvåklassiga
499 1457 52 23 lägre
565 1456 171 18 elementarskolan
749 1456 42 18 med
804 1456 91 18 svenskan

204 1494 107 19 Allmänna
328 1494 189 19 Besvärsutskottets
533 1492 128 21 betänkande
676 1492 39 20 N:o
731 1492 34 20 13.
