1020 1673
807 110 13 19 9

94 171 119 21 förändrad
226 171 80 27 lydelse
322 171 24 21 af
359 173 11 24 $
386 173 13 19 2
414 171 7 21 i
436 171 153 28 förordningen
606 178 34 14 om
650 171 143 28 inteckning
780 167 9 36 i
806 171 42 22 fast

95 206 104 27 egendom
215 205 24 22 af
252 206 41 21 den
309 206 13 20 9
336 205 121 22 November
474 206 60 21 1868.

441 250 12 39 8
468 263 34 21 18.

163 308 31 21 På
208 307 159 28 framställning
381 308 25 21 af
418 308 53 21 Vårt
486 308 147 22 Bankutskott
648 308 64 22 hafve
726 308 27 21 Vi
767 309 33 20 uti
810 315 37 14 un-

95 343 104 26 derdånig
222 342 110 22 skrifvelse
356 342 23 21 af
401 343 41 20 den
465 344 14 20 4
497 343 97 21 sistlidne
610 342 43 28 Maj
669 343 39 21 hos
724 343 60 21 Hans
799 342 50 27 Kej-

95 377 78 27 serliga
188 377 101 27 Majestät
303 377 109 26 hemstält,
428 378 37 20 det
480 377 84 22 täcktes
579 377 61 21 Hans
655 377 101 28 Majestät
771 383 77 21 genom

96 411 130 22 utfärdande
241 411 65 27 nådig
320 411 127 28 förordning
463 412 7 21 i
485 413 74 20 ämnet
573 411 77 26 tillåta,
669 414 33 18 att
718 412 12 20 å
745 411 104 21 Finlands

95 445 73 22 Banks
184 446 71 21 sedlar
270 447 22 20 at
307 445 59 28 lägre
382 445 60 22 valör
457 447 28 20 än
500 446 73 21 femtio
589 446 62 21 mark
666 447 26 20 de
707 446 8 21 i
729 445 120 28 Kejserliga

96 480 153 27 förordningen
272 480 23 21 af
312 481 42 20 den
368 481 28 20 13
412 481 61 27 April
488 481 57 21 1874
559 480 131 22 föreskrifna
705 481 143 20 namnunder-

96 514 117 22 skrifterna
235 515 35 21 må
291 515 29 27 på
342 515 113 21 mekanisk
477 517 41 25 väg
540 515 58 21 inom
620 514 98 22 bankens
737 514 59 21 lokal
811 521 38 14 an-

96 549 93 27 bringas.

443 608 10 25 s
469 607 35 20 19.

164 652 38 21 Ett
218 653 23 20 af
254 651 58 22 Hans
334 651 121 28 Kejserliga
470 652 103 28 Majestät
588 652 32 21 uti
635 651 65 27 nådig
716 651 133 27 proposition

97 686 40 22 Oss
152 686 107 28 förelagdt
273 686 80 27 förslag
368 686 34 21 till
416 686 134 28 förordning,
566 687 112 27 angående
693 686 95 21 forntida
799 686 43 21 min

97 720 140 22 nesmärkens
259 720 103 22 fredande
383 720 40 22 och
437 720 130 26 bevarande,
582 720 64 22 hafve
661 720 25 21 Vi
702 720 83 27 antagit
801 720 49 21 med

97 755 68 27 några
187 755 116 27 ändringar
323 754 40 22 och
378 754 82 28 tillägg,
477 755 72 21 hvilka
563 754 70 22 finnas
648 756 113 26 upptågna
775 754 8 21 i
797 754 52 21 Vårt

94 790 44 20 den
160 791 12 19 5
195 789 112 22 nästvikne
330 789 42 27 Maj
397 789 82 21 aflåtna
506 796 49 15 svar
570 790 12 20 å
598 790 94 20 nämnda
707 789 79 27 nådiga
801 795 48 21 pro-

98 824 100 27 position.

444 882 11 26 s
472 881 34 21 20.

167 927 36 21 Uti
225 927 134 27 underdånig
382 926 112 22 skrifvelse
517 927 24 21 af
562 927 41 20 den
626 927 27 20 13
676 925 115 28 nyssvikne
806 925 42 27 Maj

99 961 63 22 hafve
177 961 26 21 Vi
217 961 81 21 lemnat
312 961 53 21 Vårt
381 961 111 28 samtycke
508 961 71 21 dertill
594 963 32 19 att
638 961 119 27 Kejserliga
768 960 82 21 förord-

98 995 78 28 ningen
193 995 24 22 af
230 997 42 20 den
288 996 27 20 20
330 995 42 28 Maj
389 996 56 20 1878
461 1003 36 14 om
512 996 120 27 utgörande
647 995 25 21 af
684 995 59 21 skatt
753 994 34 21 för
797 994 52 21 hun-

98 1031 39 20 dar
160 1029 61 26 skall,
246 1031 24 20 så
291 1030 45 21 vidt
352 1031 41 20 den
410 1031 68 26 angår
493 1030 85 21 hundar
592 1031 30 26 på
636 1029 80 26 landet,
732 1029 118 21 tillsvidare

98 1064 100 27 upphöra
218 1066 32 19 att
270 1064 117 27 tillämpas,
403 1065 57 20 intill
477 1065 48 21 dess
540 1065 59 21 Hans
614 1063 120 29 Kejserliga
749 1063 101 27 Majestät

98 1099 87 27 pröfvar
206 1099 76 27 lägligt
304 1099 104 21 förordna
429 1101 33 20 att
486 1101 125 20 densamma
632 1099 60 21 bör
687 1093 13 38 i
708 1098 93 21 nämnde
817 1097 35 22 del

98 1134 56 27 ånyo
169 1134 63 21 träda
247 1134 7 20 i
269 1133 100 28 gällande
384 1133 65 22 kraft.

443 1192 11 26 s
470 1192 36 20 21.

166 1236 61 22 Efter
242 1238 72 20 derom
330 1237 24 21 af
366 1237 61 21 Hans
442 1236 121 28 Kejserliga
578 1236 101 28 Majestät
693 1234 114 22 framstäld
818 1234 35 21 nå-

99 1271 37 27 dig
158 1271 143 29 proposition.
312 1271 64 22 hafve
398 1271 26 21 Vi
447 1272 43 20 den
513 1272 28 20 19
557 1270 96 22 sistlidne
668 1270 42 27 Maj
727 1268 84 28 antagit
827 1275 26 14 en

99 1305 131 28 förordning,
246 1306 112 26 angående
374 1305 133 27 erläggande
522 1305 24 21 af
557 1306 61 20 extra
628 1304 116 26 bevillning
754 1303 34 21 för
798 1302 55 28 spel-

100 1340 56 26 kort,
172 1342 32 19 att
219 1340 58 27 gälla
291 1340 48 21 från
354 1340 42 20 den
412 1340 12 20 1
441 1339 93 21 Januari
550 1339 54 21 1883
620 1338 34 21 till
668 1338 109 26 utgången
793 1336 24 22 af
830 1337 24 21 år

99 1374 63 26 1885,
178 1374 89 22 hvarom
282 1374 25 21 Vi
322 1374 32 21 uti
369 1374 138 27 underdånig
522 1373 110 21 skrifvelse
647 1372 24 22 af
679 1372 121 26 förstsagde
812 1371 41 26 dag

100 1408 40 22 hos
155 1410 60 21 Hans
231 1408 119 29 Kejserliga
365 1408 102 28 Majestät
485 1408 88 21 anmält.
