1020 1678
188 111 13 22 2
362 109 240 26 Petitionsbetänkande
618 109 37 26 N:o
670 109 39 25 39.

293 175 55 18 Till
365 174 157 25 Vällofliga
539 174 246 25 Borgareståndet.

231 203 72 24 Ålands
323 209 35 18 haf
377 209 80 24 befares,
470 209 65 18 såsom
547 210 49 18 hvar
608 209 37 18 och
657 215 24 12 en
694 210 90 23 nogsamt
795 208 36 18 har
843 207 31 24 sig
886 207 30 18 be-

162 238 54 23 kant,
228 238 75 23 årligen
316 238 22 18 af
348 240 27 17 ett
387 240 50 16 stort
449 238 52 18 antal
514 238 66 25 fartyg
592 239 22 17 af
624 239 38 18 alla
673 238 80 24 möjliga
765 237 48 24 slag,
825 237 44 18 från
874 236 43 24 jak-

162 269 33 16 ten
216 267 38 18 och
273 268 90 23 galeasen
383 267 51 18 ända
453 267 29 18 till
495 267 23 19 de
531 269 71 16 största
614 267 139 24 fregattskepp,
765 268 22 23 ty
800 266 55 19 öfver
866 266 52 17 detta

162 296 36 18 haf
207 296 103 19 förmedlas
322 297 44 18 icke
378 297 81 18 allenast
471 297 38 18 den
521 298 53 17 stora
586 296 166 24 allmogetrafiken
760 296 70 18 mellan
838 295 79 23 Sverige

162 325 37 18 och
217 326 58 17 södra
293 325 87 24 Finland,
401 328 48 16 utan
461 326 32 18 det
505 332 88 18 passeras
606 325 58 19 äfven
676 325 23 18 af
709 325 36 18 alla
757 325 24 18 de
793 324 70 24 fartyg,
876 329 41 12 som

162 354 73 18 besöka
256 354 37 18 den
305 354 103 19 Bottniska
419 356 69 18 vikens
501 355 48 18 både
561 355 63 18 finska
635 355 37 18 och
684 354 83 19 svenska
779 354 86 18 hamnar.
889 352 30 18 Då

162 384 72 18 vinden
254 384 57 23 länge
328 384 49 18 blåst
389 384 43 18 från
445 384 49 18 nord
506 384 47 18 eller
564 384 108 24 sydkanten
684 384 60 17 samla
756 384 31 22 sig
799 383 74 23 seglare
885 382 34 18 der

162 412 41 18 ofta
215 412 52 19 ända
278 413 28 18 till
317 413 128 19 hundradetal
457 413 36 18 och
505 414 62 18 under
578 414 94 23 stormiga
684 412 37 18 och
732 412 67 18 mörka
811 412 108 18 höstnätter

162 444 34 15 äro
216 442 25 18 de
259 442 7 17 i
281 442 53 18 detta
353 442 75 24 trånga,
448 442 21 18 af
482 442 45 24 låga
539 442 77 24 klippor
628 442 119 18 bekransade
759 441 36 18 haf
805 442 73 17 utsatta
889 440 30 17 för

162 471 186 23 sammanseglingar
360 471 37 18 och
409 471 60 18 andra
481 472 58 17 svåra
550 470 102 20 hafverier.

232 499 88 19 Särdeles
338 500 121 24 nödvändigt
475 506 48 13 vore
540 500 76 18 derföre
627 502 29 16 att
667 500 7 18 i
686 500 54 18 detta
752 499 97 18 farvatten
861 498 58 18 hafva

162 528 85 24 tillgång
259 529 28 17 till
299 529 57 18 säkra
368 530 37 18 och
417 529 36 19 lätt
467 530 96 23 angjorda
574 529 124 23 nödhamnar,
712 529 34 17 der
757 534 83 18 gynsam
852 527 67 19 väder-

162 558 32 18 lek
206 557 66 19 kunde
284 558 88 18 afvaktas
384 558 31 18 för
427 560 29 16 att
467 558 60 18 sedan
539 558 90 18 fortsätta
640 558 95 23 antingen
749 559 21 16 ut
781 557 30 18 till
819 553 100 26 Östersjön

163 586 47 18 eller
222 586 38 18 ock
272 586 49 18 förbi
333 587 112 23 Signilskär,
458 587 44 19 med
513 587 118 24 närbelägna
642 587 71 23 farliga
724 586 68 24 grund,
804 586 30 18 till
845 585 74 18 Bottni-

163 616 35 18 ska
210 616 64 18 viken.
298 616 43 18 Den
353 616 124 24 lämpligaste
489 616 60 18 hamn
560 617 7 17 i
579 616 53 18 detta
643 616 92 18 afseende
747 621 46 13 vore
805 614 114 19 otvifvelak-

163 645 38 23 tigt
212 644 132 19 Mariehamns
356 644 53 18 stads
422 646 64 17 vestra
498 645 65 24 hamn,
575 651 42 13 som
628 645 38 18 kan
674 644 81 24 erbjuda
762 644 39 24 god
809 643 110 24 ankarplats

164 673 36 18 och
212 673 50 24 godt
274 673 61 24 skydd
347 673 31 18 för
390 679 24 12 en
425 674 73 23 mängd
509 675 62 17 större
583 673 65 24 fartyg
661 673 105 24 samtidigt.
786 673 90 18 Hamnen
888 677 31 12 an-

164 703 44 17 litas
226 702 60 18 också
303 707 27 13 nu
346 703 60 17 redan
418 703 76 23 ganska
505 703 83 24 mycket,
601 709 43 12 men
656 703 50 18 först
718 702 25 18 då
754 702 77 18 komme
843 701 37 18 den
892 702 29 17 att

164 731 44 18 fullt
220 733 99 16 motsvara
334 731 135 24 fordringarne
485 732 52 23 uppä
549 738 24 12 en
584 732 103 23 nödhamn,
700 737 32 12 om
744 731 37 18 den
793 731 65 18 kunde
869 731 51 18 anlö-

164 765 35 19 pas
212 760 58 19 äfven
282 761 87 18 nattetid.
387 761 86 24 Belägen
485 767 43 12 som
539 761 38 18 den
588 763 27 22 är,
627 761 80 18 alldeles
718 760 34 19 vid
763 760 33 19 det
807 761 52 23 yttre
869 759 51 18 hafs-

165 789 76 24 bandet,
254 795 47 13 vore
312 790 68 18 sådant
392 789 59 19 äfven
464 790 75 23 ganska
550 790 36 18 lätt
598 790 7 18 i
617 790 93 19 händelse
722 795 24 13 en
754 789 63 24 ledfyr
825 789 96 18 utmärkte

166 818 88 24 inloppet
265 818 30 18 till
307 819 116 18 densamma.

234 847 58 24 Uppå
309 847 89 24 uppdrag
416 847 21 18 af
453 848 54 17 mina
520 848 83 23 valmän,
615 847 132 19 Mariehamns
758 847 122 23 innevånare,
892 847 31 17 får

165 876 36 23 jag
213 875 77 19 derföre
302 876 100 18 vördsamt
412 876 77 24 föreslå,
497 878 28 17 att
537 876 164 24 Borgareståndet
712 876 46 19 ville
770 876 36 18 hos
814 875 55 19 Hans
876 875 47 24 Kej-

166 905 72 23 serliga
250 905 96 24 Majestät,
358 905 93 18 Finlands
463 905 112 23 Storfurste,
587 905 139 24 underdånigst
738 905 83 23 anhålla,
833 906 29 17 att
870 904 53 18 Hans

166 933 112 24 Kejserliga
296 934 92 23 Majestät
404 935 47 18 ville
469 935 39 17 låta
523 935 12 17 &
547 935 126 18 statsverkets
686 934 109 18 bekostnad
806 933 82 25 uppföra
900 939 24 12 en

165 961 64 25 ledfyr
241 963 12 17 &
265 963 36 18 den
319 965 66 16 vestra
397 963 137 24 bergsklippan
546 963 23 18 af
578 965 100 22 ögruppen
690 963 172 22 Kobbaklintarne,
874 962 50 18 belä-

166 997 38 17 gen
222 991 55 18 invid
297 985 73 25 Ålands
388 991 37 19 haf
435 993 29 17 uti
475 992 92 18 Ytternäs
580 993 35 23 bys
627 992 21 18 af
658 992 79 18 Jomala
749 991 71 19 socken
831 991 94 23 skärgård

166 1019 32 18 för
209 1021 29 16 att
250 1020 7 17 i
270 1020 76 18 mörker
357 1020 110 19 underlätta
479 1020 122 24 inseglingen
613 1020 43 19 från
669 1020 82 18 berörda
762 1020 36 18 haf
816 1019 29 19 till
857 1020 68 18 Marie-

165 1048 70 19 hamns
248 1048 53 19 stads
313 1051 65 16 vestra
391 1049 64 24 hamn,
473 1050 100 18 äfvensom
586 1049 98 25 ombygga
696 1049 34 18 det
741 1049 12 18 &
765 1054 74 13 samma
850 1050 75 23 ögrupp

167 1077 102 24 befintliga
281 1077 104 24 dagmärke
397 1079 22 17 så
431 1080 29 17 att
472 1078 32 19 det
515 1078 65 19 blefve
593 1080 61 17 bättre
666 1078 80 25 synligt.

235 1112 131 25 Helsingfors,
379 1113 37 18 den
428 1114 10 17 6
451 1113 93 18 Februari
556 1114 50 18 1882.

692 1137 20 19 C.
726 1137 21 20 B.
759 1136 97 24 Federley,

298 1185 55 22 Till
371 1188 157 25 Vällofliga
546 1189 247 24 Borgareståndet.

235 1222 31 19 De
279 1224 69 17 nästan
360 1223 33 19 vid
404 1223 70 24 hvarje
485 1224 93 23 landtdag
589 1223 160 20 förekommande
757 1223 130 24 petitionerna
895 1227 30 14 om

170 1251 119 19 inrättandet
301 1252 22 18 af
333 1252 54 24 fyrar
398 1253 34 18 vid
443 1253 48 18 våra
503 1253 66 18 kuster
581 1253 42 18 visa
634 1254 98 23 nogsamt,
745 1253 49 18 huru
806 1247 49 35 stort
868 1247 60 35 behof-

170 1282 33 17 vet
215 1281 23 17 af
250 1281 72 24 dylika,
335 1281 31 18 för
378 1281 160 19 säkerställandet
551 1281 22 19 af
582 1283 35 18 vår
629 1282 70 24 sjöfart
717 1282 71 23 nödiga
800 1282 129 23 inrättningar

169 1311 52 16 ännu
233 1312 29 17 är.
286 1310 46 18 Man
346 1310 94 19 behöfver
452 1311 59 18 också
523 1311 68 18 endast
603 1311 55 18 kasta
670 1316 25 13 en
708 1311 51 18 blick
771 1311 7 17 i
789 1311 100 23 sjökorten
901 1310 28 18 öf-

169 1343 35 13 ver
222 1338 64 18 finska
302 1339 37 17 och
351 1339 98 18 bottniska
462 1340 80 18 vikarne
555 1340 29 18 för
596 1341 28 17 att
637 1339 104 24 öfvertyga
753 1340 30 22 sig
795 1344 38 18 om,
845 1341 29 16 att
885 1340 44 17 värt

170 1367 46 17 land
234 1367 6 17 i
260 1367 53 18 detta
331 1368 91 18 afseende
440 1368 64 24 dragit
522 1368 45 19 vida
578 1368 74 18 mindre
664 1368 79 24 försorg
755 1374 31 12 om
799 1368 94 23 sjöfarten
905 1370 24 16 än

169 1396 49 18 både
236 1396 101 24 Ryssland
349 1396 37 18 och
402 1397 90 24 Sverige;
505 1397 36 18 och
554 1397 48 18 dock
614 1399 34 16 äro
660 1398 54 22 våra,
727 1396 21 18 af
759 1402 23 13 en
793 1398 30 16 tät
835 1396 94 24 skärgård

170 1424 127 24 bekransade,
309 1426 67 18 kuster
388 1426 45 18 vida
444 1432 42 12 mer
497 1426 7 18 i
518 1426 60 18 behof
587 1426 22 19 af
618 1426 54 24 fyrar
680 1428 25 16 än
714 1426 112 24 någondera
834 1426 20 18 af
863 1425 66 19 ofvan-

170 1454 85 18 nämnde
268 1454 83 18 länders.
364 1454 30 18 Då
406 1455 43 18 vårt
462 1455 54 18 lands
529 1455 53 18 såväl
595 1457 66 22 export
673 1460 43 13 som
729 1454 70 24 import
811 1453 118 20 hufvudsak-

235 1488 193 20 Ekonomiutskottets
441 1490 116 18 betänkande
569 1490 37 18 N:o
619 1490 30 18 13.
