1020 1675
253 117 278 23 Petitionsbetänkande.
548 130 26 4 —
589 118 40 22 N:o
643 118 36 22 35.
798 117 10 21 7

354 257 220 17 Reservation.

157 301 144 22 Erkännande
321 301 35 22 det
373 301 167 22 beaktansvärda
555 301 64 29 syftet
634 301 31 22 uti
681 301 26 22 de
721 300 117 30 petitioner,

89 344 44 13 som
148 336 8 21 i
171 335 130 23 förestående
317 335 65 23 måtto
397 336 23 21 af
433 337 103 21 utskottet
551 336 123 22 behandlats
689 343 49 14 anse
754 335 36 22 vid
802 335 38 21 ock

89 371 36 22 det
140 378 50 14 vara
204 370 82 22 mindre
301 371 96 28 lämpligt
411 373 31 20 att
456 375 50 24 göra
522 371 67 22 denna
601 371 58 28 fråga
669 371 32 21 till
712 370 86 22 föremål
809 369 31 22 för

89 413 26 13 en
131 405 178 28 ständerpetition.

157 439 45 22 Det
216 444 23 16 är
254 439 77 22 bekant
347 442 30 19 att
392 439 81 23 landets
488 439 96 29 regering
599 444 23 17 är
635 440 107 28 sysselsatt
752 439 48 22 med
811 441 29 19 ut-

89 474 113 22 arbetande
217 473 24 22 af
254 482 25 13 en
295 482 28 21 ny
339 474 101 29 skogslag,
456 476 31 20 att
502 474 32 22 för
553 471 119 25 ändamälet
690 473 102 23 särskilda
808 473 33 22 ko-

89 509 75 22 mitéer
186 509 55 21 varit
263 509 93 22 nedsatte
375 511 54 20 samt
448 511 31 20 att
498 509 85 22 frukten
598 509 23 22 af
635 509 58 22 deras
709 509 71 22 arbete
795 508 46 22 icke

89 543 54 22 skall
158 543 58 29 dröja
230 545 31 20 att
276 543 7 21 i
297 543 53 22 form
366 543 23 22 af
403 551 26 14 en
444 539 59 38 nädig
518 539 132 38 proposition
666 543 105 22 meddelas
782 543 59 22 Stän-

91 578 70 25 derna,
177 578 39 22 och
232 586 49 14 anse
297 578 21 22 vi
333 578 35 22 det
383 578 81 22 derföre
479 578 87 29 onödigt
580 581 30 19 att
621 578 32 22 för
664 578 130 22 närvarande
804 578 38 20 hos

92 613 61 21 Hans
171 612 120 29 Kejserliga
310 612 99 29 Majestät
431 613 84 22 anhälla
533 621 33 13 om
582 613 110 29 lagförslag
714 612 128 22 beträffande

91 646 133 29 svedjebruk,
238 647 22 22 sä
274 648 85 28 mycket
374 648 66 21 hellre
456 656 44 14 som
516 648 168 28 innebyggarene
697 647 31 22 uti
740 647 25 22 de
776 647 66 21 lands-

90 684 56 20 orter
161 682 37 21 der
212 681 135 23 oftanämnda
363 682 116 28 eftergifter
494 687 36 17 äro
545 682 23 22 af
580 682 75 26 nöden,
669 682 127 22 fortfarande
808 686 34 17 äro

92 716 6 21 i
109 716 87 22 tillfälle
215 718 31 20 att
264 716 69 22 derom
357 721 49 24 göra
428 716 98 23 anhållan
547 718 36 21 hos
603 716 120 29 Kejserliga
743 716 99 25 Senaten,

90 750 88 22 hvilken
201 751 71 21 säkert
291 751 42 21 lika
352 751 46 22 litet
413 759 28 13 nu
457 759 45 13 som
518 751 134 22 härförinnan
672 751 53 22 skall
740 750 52 22 afslå
807 750 35 21 bil-

90 785 43 28 liga
147 784 122 30 fordringar.

160 819 32 22 På
206 820 68 27 grund
290 820 61 21 häraf
363 820 52 28 våga
431 820 20 21 vi
468 821 107 21 vördsamt
589 820 76 22 föreslå

367 875 32 18 att
425 872 151 27 förevarande
601 872 243 28 petitionsmemorialer

298 906 44 21 icke
359 907 65 20 måtte
439 907 35 20 till
490 907 72 27 någon
577 907 80 27 åtgärd
668 906 57 27 från
741 905 103 22 Ständer-

299 947 38 14 nas
353 941 48 20 sida
413 941 129 26 föranleda.

162 1009 61 22 Claes
238 1009 27 21 de
281 1010 17 20 la
315 1009 106 28 Chapelle.
551 1011 71 20 Alexis
637 1010 139 27 Gripenberg.

162 1049 21 21 Z.
198 1049 18 21 J.
232 1049 69 23 Cleye.
552 1051 45 20 Ant.
614 1051 69 20 Lilius.

162 1089 62 22 Ernst
240 1090 119 21 Rönnbäck.
555 1091 46 20 Karl
619 1091 108 21 Fabritius.

162 1130 88 21 Fredrik
266 1130 99 27 Procope.

201 1463 132 23 Helsingfors,
346 1463 18 18 J.
378 1463 74 18 Simelii
466 1464 114 23 arfvingars
591 1465 91 22 tryckeri,
697 1465 47 17 1882.
