1023 1678
192 108 11 18 8
378 108 243 20 Petitionsbetänkande
633 109 38 19 N:o
683 109 32 19 28.

168 165 128 29 vilegierade
321 166 189 28 näringsidkarene
533 167 40 21 och
595 166 158 29 gärdsegarene
776 166 77 22 funnos
874 167 51 21 icke

168 199 84 29 många,
275 206 46 15 som
342 200 70 22 kunde
434 200 101 22 hänföras
557 201 33 21 till
612 208 103 21 personer
731 201 7 21 i
753 208 82 14 annans
850 202 72 27 tjenst,

169 234 123 28 daglönare,
314 241 19 15 0.
356 242 16 15 s.
394 243 26 18 v.,
435 235 91 22 likasom
549 236 35 21 det
603 235 13 21 &
635 236 69 21 andra
719 236 61 21 sidan
795 236 46 21 icke
855 235 68 22 heller

168 269 72 21 kunde
262 269 52 21 falla
335 268 70 30 någon
420 270 28 26 in,
464 272 32 20 att
511 270 68 22 under
595 271 109 27 uttrycket
720 270 66 26 ,dem,
802 277 45 15 som
862 272 38 20 äro
915 270 9 21 i

169 310 83 15 annans
274 304 66 28 tjenst
361 304 51 22 eller
434 305 100 27 ständiga
556 305 84 21 arbete"
663 304 70 22 förstå
748 304 76 22 endast
838 305 86 28 vanliga

167 338 137 27 tjenstehjon.
330 338 136 21 Sistnämnda
481 339 118 27 stadgande
614 339 69 21 skulle
698 339 108 28 nämligen
823 339 7 21 i
847 338 77 23 sådant

167 372 39 22 fall
220 372 70 21 blifvit
304 371 24 23 så
343 373 51 27 godt
410 380 45 14 som
470 373 97 28 omöjligt
581 375 32 19 att
627 373 106 28 tillämpa,
749 375 52 20 enär
816 373 36 22 det
862 374 62 21 torde

168 407 64 21 hafva
247 407 56 21 varit
317 406 117 29 någonting
449 408 82 27 ganska
547 408 100 27 ovanligt,
663 410 33 19 att
705 410 31 19 ett
746 408 129 28 tjenstehjon
886 407 37 28 på-

169 441 103 22 träffades
287 441 66 22 bland
367 441 99 28 borgare,
481 442 164 28 näringsidkare
661 443 41 21 och
719 441 135 29 gårdsegare.

237 475 71 29 Något
323 476 133 22 annorlunda
471 477 74 21 ställer
560 477 32 28 sig
607 476 152 26 förhållandet,
768 477 66 22 sedan
845 476 79 28 ifråga-

168 510 95 22 varande
285 511 11 26 &
319 517 75 21 genom
416 510 123 22 Manifestet
554 511 24 21 af
591 511 40 21 den
648 513 27 19 20
691 511 59 21 Mars
768 513 53 19 1879
836 511 88 21 ändrats

169 545 89 25 derhän,
274 546 32 20 att
320 545 78 21 valrätt
414 545 64 28 enligt
487 545 73 28 regeln
570 545 130 22 tillkommer
711 545 43 22 alla
764 545 82 22 sådana
856 545 68 27 ,med-

168 580 91 21 lemmar
282 579 23 21 af
325 579 167 26 stadskommun,
515 579 71 22 hvilka
609 581 37 20 äro
669 580 7 21 i
696 579 75 22 staden
787 580 138 21 skattskrifne

168 615 40 21 och
224 613 66 28 enligt
304 613 177 28 nästföregående
492 613 108 22 allmänna
610 614 99 27 taxering
720 614 96 27 skyldige
826 616 32 19 att
868 614 57 21 skatt

167 648 34 22 till
223 649 139 20 kommunens
381 655 156 20 gemensamma
551 648 66 21 behof
631 649 106 27 erlägga".
768 648 32 21 De
815 649 110 26 undantag

168 682 49 22 från
240 682 69 22 denna
331 682 63 28 regel,
418 689 45 15 som
485 682 68 22 tillika
568 682 68 22 finnas
652 682 111 28 stadgade,
780 681 89 23 framstå
885 690 39 14 nu-

168 724 60 14 mera
250 717 7 20 i
280 724 25 14 en
326 724 70 13 annan
416 716 65 28 dager
496 717 39 21 och
551 717 72 21 kunna
637 717 8 20 i
660 717 55 27 följd
731 716 68 25 deraf,
815 717 67 20 ehuru
898 716 26 21 de

168 750 25 22 så
216 751 53 28 godt
289 757 46 15 som
350 750 142 22 oförändrade
506 750 123 22 bibehållits
643 750 50 22 från
709 750 141 28 paragrafens
865 750 61 22 äldre
948 747 5 4 '

168 785 88 28 lydelse,
267 785 109 28 lätteligen
385 785 66 21 blifva
458 785 86 21 tolkade
552 785 135 21 annorlunda
696 785 40 22 och
745 785 83 21 mindre
835 786 91 27 strängt,

169 820 28 21 än
211 819 136 28 lagstiftaren
362 818 84 28 äsyftat.
476 819 33 20 En
524 819 81 28 böjelse
619 819 33 21 till
667 819 69 22 sådan
747 819 115 22 liberalare
871 819 55 21 tolk-

168 854 52 27 ning
242 854 41 21 har
305 853 66 22 redan
387 853 55 22 visat
457 854 32 27 sig
504 853 13 22 å
532 861 26 14 en
574 854 34 21 del
623 856 66 24 orter,
704 856 53 19 utan
774 856 32 19 att
820 854 54 21 dock
889 853 38 22 nå-

168 895 43 20 gon
234 887 92 28 egentlig
348 888 131 27 konseqvens
502 887 72 22 dervid
596 888 83 21 kunnat
702 887 167 26 åstadkommas,
886 888 40 21 och

170 922 59 21 detta
244 922 41 21 har
300 921 46 22 haft
360 921 33 22 till
408 922 59 27 följd,
483 923 32 20 att
529 921 154 28 vallängderna
698 922 47 22 icke
760 922 56 21 blott
830 921 96 22 sinemel-

168 956 37 22 lan
219 958 53 19 utan
288 956 61 21 äfven
364 956 53 21 hvar
432 956 33 21 för
480 957 32 27 sig
527 956 86 21 företett
628 959 60 19 stora
704 956 104 22 olikheter
824 956 40 21 och
880 963 47 14 ore-

170 991 188 27 gelbundenheter.

237 1024 51 22 Men
310 1024 61 22 äfven
394 1024 120 22 oberoende
536 1024 63 22 häraf
620 1024 100 22 förefalla
741 1024 26 22 de
782 1024 93 21 nämnda
892 1024 34 21 be-

169 1059 163 27 stämningarna
346 1058 93 22 hvarken
455 1058 24 22 så
494 1058 81 28 tydliga
591 1058 51 22 eller
657 1058 25 22 så
697 1058 35 22 väl
748 1058 117 28 grundade,
880 1065 46 15 som

170 1092 252 29 grundlagsstadganden
438 1093 24 21 af
475 1093 70 21 denna
559 1092 149 22 beskaffenhet
716 1094 53 20 utan
778 1092 72 22 tvifvel
860 1092 66 22 borde

168 1134 58 15 vara.
258 1127 111 22 Granskar
384 1134 49 14 man
448 1130 15 18 t.
480 1134 31 15 ex.
527 1128 107 27 uttrycket
644 1128 67 26 ,dem,
723 1134 46 14 som
779 1128 39 20 äro
828 1127 98 21 anstälde

168 1162 8 20 i
198 1169 83 14 annans
296 1162 65 27 tjenst
376 1161 52 21 eller
443 1162 100 28 ständiga
558 1162 91 26 arbete",
666 1161 25 22 så
706 1168 63 21 synes
785 1162 36 21 det
835 1161 91 22 visserli-

169 1203 41 21 gen
225 1203 52 15 vara
292 1196 83 28 tydligt,
392 1198 32 19 att
438 1196 68 22 under
521 1196 63 22 ordet
599 1198 93 24 ,annan*
709 1196 19 27 ej
740 1196 43 21 kan
794 1195 78 22 förstås
883 1197 43 19 sta-

168 1232 37 20 ten
228 1230 52 22 eller
302 1231 128 21 kommunen
451 1232 52 20 utan
527 1230 74 22 endast
623 1230 83 22 enskild
722 1236 86 22 person,
824 1232 55 19 samt
895 1232 32 19 att

169 1264 83 22 således
267 1265 47 21 icke
329 1266 81 20 statens
426 1265 40 21 och
480 1265 139 21 kommunens
635 1265 130 27 tjenstemän
781 1271 48 15 men
844 1264 34 21 väl
894 1264 32 25 de,

169 1305 45 15 som
230 1299 114 21 innehafva
360 1298 70 28 stadig
445 1299 130 27 anställning
592 1299 39 21 hos
647 1298 104 26 enskilde,
766 1300 39 20 äro
820 1297 48 22 från
882 1298 44 21 val-

168 1334 45 20 rätt
227 1333 113 21 uteslutne.
362 1333 50 21 Men
427 1333 36 21 det
477 1333 42 21 kan
535 1333 54 22 dock
603 1332 148 28 ifrågasättas,
761 1332 106 21 huruvida
876 1338 50 15 man

170 1373 76 21 genom
269 1366 129 28 stadgandet
419 1366 7 21 i
441 1366 62 28 fråga
518 1367 108 27 verkligen
640 1367 48 21 haft
703 1366 36 22 för
754 1366 64 28 afsigt
833 1367 32 20 att
879 1367 46 20 ute-

169 1400 57 22 sluta
241 1400 62 22 äfven
311 1400 88 26 sådana,
404 1401 154 27 jemförelsevis
565 1401 127 25 oberoende,
701 1407 104 21 personer
813 1407 45 14 som
867 1402 15 19 t.
892 1406 32 15 ex.

238 1441 124 21 Lagutskottets
373 1441 103 17 betänkande
488 1442 35 16 N:o
535 1441 28 17 12.
