1011 1678
194 119 13 20 2
367 117 251 23 Petitionsbetänkande
632 118 39 22 N:o
685 117 31 23 14.

165 186 115 24 ifrågasättas
296 192 29 12 om
339 187 40 18 icke
394 187 56 17 redan
466 188 61 17 denna
541 187 58 18 fördel
615 188 5 17 i
636 187 33 18 och
684 187 28 17 för
728 187 27 23 sig
766 187 57 17 skulle
833 186 90 22 berättiga

165 216 70 17 banans
250 216 121 22 anläggande.
401 216 42 18 Med
458 216 36 18 den
507 216 133 23 jemförelsevis
655 216 105 23 obetydliga
775 215 146 21 trävarurörelse,

165 250 38 12 som
226 244 86 18 hitintills
335 245 87 17 existerat
441 245 49 17 inom
511 245 198 21 Uleåvattenområdet,
729 245 33 17 har
782 245 31 17 det
832 244 89 22 nemligen

165 274 93 17 allaredan
278 274 48 17 visat
345 274 32 22 sig,
398 275 28 16 att
445 276 50 15 stora
514 274 113 22 svårigheter
645 274 85 23 uppstått
744 274 31 17 vid
790 274 132 22 skogsalstrens

165 302 119 22 nerflottning
303 302 27 18 för
348 302 76 22 Uleäelf,
444 303 33 17 der
496 305 27 15 ett
542 305 57 15 annat
618 303 67 22 vigtigt
704 303 124 17 statsintresse
847 311 24 3 —
891 302 32 17 det

165 331 61 22 regala
243 331 60 21 fisket,
324 337 37 12 som
381 332 58 17 under
457 334 72 15 senaste
545 332 107 17 decennium
667 332 41 17 med
724 332 34 17 allt
772 332 58 16 större
845 331 77 17 intresse

164 359 61 18 blifvit
240 359 98 18 omfattadt
352 360 20 17 af
385 362 37 15 stat
437 360 33 17 och
486 361 112 20 kommuner,
613 360 58 17 delvis
686 360 38 17 helt
740 360 32 17 och
783 360 57 17 hållet
849 359 74 18 hindrar

163 389 110 22 flottningen
293 389 57 17 under
369 390 67 16 största
454 389 53 18 delen
527 389 19 17 af
561 389 50 22 Juni,
630 389 41 17 hela
688 389 38 18 Juli
744 389 33 18 och
793 388 77 23 Augusti
885 388 36 17 mä-

164 417 57 18 nader
236 417 46 18 eller
296 418 57 17 under
368 418 36 17 den
419 418 27 17 för
461 418 120 22 flottningens
595 418 136 17 verkställande
742 419 133 22 gynsammaste
885 417 36 17 ärs-

163 447 56 18 tiden.
248 447 29 17 Då
292 447 60 17 härtill
367 447 87 21 kommer,
470 449 28 16 att
513 447 30 18 vid
559 447 79 18 Uleäelfs
648 447 89 23 mynning
747 447 39 17 icke
796 447 58 16 finnes
864 447 56 21 lämp-

161 475 37 23 liga
214 475 69 23 platser
298 475 27 18 för
340 475 169 23 säganläggningar,
525 481 54 18 synes
594 476 32 17 det
640 481 44 12 vara
699 475 94 23 naturligt,
804 477 32 20 att,
847 475 74 17 säframt

159 504 245 23 jernvägskommunikation
420 505 78 17 emellan
512 505 97 17 Uleäträsk
621 505 33 17 och
664 505 67 17 kusten
741 504 71 18 komme
823 504 27 17 till
861 503 59 21 stånd,

162 533 111 22 sägindustri
292 533 42 18 med
352 533 58 18 fördel
430 534 61 17 kunde
510 533 91 23 förläggas
620 534 27 17 till
663 534 95 17 trakterna
773 533 31 18 vid
818 533 102 20 Uleäträsk,

161 561 118 23 hvarigenom
300 564 56 21 utväg
375 563 28 17 till
423 562 128 23 förmänligare
571 562 171 23 tillgodogöranden
760 562 20 17 af
793 562 78 17 kronans
887 561 33 18 och

161 591 93 17 enskildas
269 591 66 22 skogar
349 591 49 18 inom
414 591 179 24 Uleävattensystem
608 591 95 18 bereddes.

230 625 36 18 För
282 628 27 15 att
324 626 38 17 visa
377 626 75 17 hvilken
468 627 81 22 betydlig
564 626 57 17 fördel
635 626 148 23 innebyggarene
794 626 5 17 i
810 625 65 22 ostliga
886 625 33 17 och

160 654 114 22 nordostliga
296 655 73 18 delarne
389 655 20 17 af
425 655 102 22 Uleäborgs
544 655 30 17 län
593 655 58 17 skulle
672 655 56 17 vinna
747 655 20 17 af
783 654 136 22 ifrägavarande

161 683 196 18 kommnnikationsled
373 684 54 22 bedja
442 684 18 17 vi
476 685 48 16 ännu
539 684 18 16 få
572 684 62 17 anföra
649 684 87 22 följande.

228 712 50 17 Ifrån
293 712 71 23 Kajana
379 712 57 18 härad
451 712 107 18 nedhemtas
573 712 69 23 årligen
658 712 28 18 till
697 712 93 22 Uleåborg
800 712 46 17 sirca
857 709 61 23 2,000

160 740 98 17 bätslaster
278 740 52 23 tjära.
363 741 37 18 Det
422 741 52 18 torde
494 741 39 17 icke
552 747 43 11 vara
614 741 28 17 för
661 741 44 22 högt
723 741 86 22 tilltaget,
828 746 29 11 om
877 745 42 12 man

160 769 90 18 beräknar
266 771 28 16 att
309 769 28 18 till
353 771 118 22 transporten
487 769 52 18 deraf
552 770 93 17 användes
656 770 46 17 sirca
714 768 75 23 65,000
800 769 118 22 dagsverken,

159 803 44 16 som,
218 798 6 17 i
240 797 87 18 händelse
340 798 89 23 jernbana
446 799 77 17 emellan
539 799 96 17 Uleäträsk
651 799 33 17 och
700 799 66 16 kusten
776 798 71 21 funnes,
858 797 60 18 kunde

159 827 96 17 reduceras
275 827 28 18 till
323 827 46 18 sirea
392 826 81 23 15,000.
506 828 28 17 En
553 827 98 23 besparing
672 827 20 17 af
710 825 74 23 50,000
806 826 111 23 dagsverken

159 855 57 18 under
235 856 36 17 den
292 856 85 17 brädaste
392 856 82 17 årstiden
490 857 27 16 till
533 856 76 17 fromma
623 856 30 17 för
665 856 110 23 jordbruket
789 856 52 17 torde
857 855 6 18 i
878 855 40 18 icke

158 884 52 22 ringa
225 884 43 17 män
283 885 76 22 bidraga
373 885 28 17 till
416 885 79 22 höjande
511 885 20 17 af
543 885 60 18 denna
617 885 71 22 näring.

228 913 68 18 Likasä
310 913 58 18 skulle
384 915 117 22 transporten
517 913 20 18 af
550 913 57 23 öfriga
622 913 101 24 produkter
733 913 39 18 frän
783 913 55 22 sagde
849 913 69 17 trakter

158 941 5 18 i
179 942 84 23 betydlig
278 943 44 22 grad
339 943 119 17 underlättas.

226 969 11 19 I
252 972 24 16 än
291 971 55 22 högre
361 971 42 18 män
420 971 57 18 skulle
493 971 71 18 lättnad
579 971 11 17 å
606 973 116 21 transporten
739 971 20 16 af
769 970 149 18 lifsförnödenhe-

157 1001 29 15 ter
203 999 34 17 och
256 999 140 23 befolkningens
414 1000 58 22 öfriga
491 1000 87 18 behofver
595 1000 40 17 frän
654 1000 66 16 kusten
736 1000 29 16 till
780 999 32 17 det
826 999 39 17 inre
880 999 38 17 lan-

157 1027 31 17 det
208 1028 83 22 beredas,
311 1028 33 18 och
360 1028 24 18 dä
398 1028 77 18 sälunda
490 1028 11 18 &
515 1034 35 12 ena
565 1028 51 18 sidan
631 1028 29 18 för
675 1028 125 23 produkterna
814 1034 22 11 en
851 1028 66 16 lättare

157 1056 101 23 afsättning
273 1057 33 17 och
322 1057 55 23 högre
393 1058 59 22 priser
467 1058 60 16 kunde
542 1057 90 23 betingas,
648 1057 66 17 medan
729 1057 11 17 &
755 1057 57 17 andra
828 1056 51 18 sidan
895 1061 22 12 en

157 1085 66 17 lättare
238 1086 79 22 tillgäng
332 1086 27 17 till
375 1086 83 22 billigare
474 1086 57 23 priser
547 1086 11 17 &
573 1086 227 18 konsumtionsartiklarne
810 1085 58 17 skulle
879 1085 38 17 vin-

157 1119 37 16 nas,
216 1114 49 18 lärer
284 1114 31 18 det
334 1115 29 17 väl
381 1114 17 23 ej
418 1116 62 16 kunna
498 1115 82 17 betviflas
596 1117 27 15 att
638 1114 105 23 härigenom
760 1120 22 12 en
798 1116 36 20 väg
847 1115 70 21 öppnas

156 1142 28 18 för
206 1143 141 23 befolkningens
369 1144 83 22 drägliga
473 1144 81 17 utkomst
576 1144 33 17 och
629 1143 118 18 landsdelens
766 1142 78 24 höjande
864 1143 6 17 i
889 1144 28 16 ut-

156 1172 90 22 veckling.

224 1200 86 18 Förbises
329 1201 34 17 bör
382 1201 23 23 ej,
426 1203 27 15 att
471 1201 35 17 den
524 1201 42 17 vida
584 1201 55 20 trakt,
659 1206 38 12 som
716 1200 72 18 komme
804 1196 113 26 attTätnjuta

155 1228 61 18 direkt
230 1231 54 21 nyttä
298 1229 20 17 af
330 1229 34 18 den
380 1230 128 22 projektorade
524 1230 65 17 endast
605 1228 26 19 86
643 1231 51 15 verst
704 1229 54 23 länga
766 1228 151 24 jernvägslinien,

155 1262 42 18 eger
213 1258 66 22 mänga
294 1258 91 22 naturliga
400 1264 96 12 ressurser.
525 1259 86 17 Förutom
628 1258 57 17 redan
701 1258 81 23 antydda
797 1257 80 18 rikedom
893 1257 24 23 pä

154 1286 67 22 skogar
240 1287 59 17 finnes
318 1287 33 17 der
369 1293 23 11 en
411 1288 58 16 delvis
488 1288 71 22 mycket
577 1287 72 25 bördig,
671 1287 79 17 särdeles
766 1287 27 17 för
808 1286 109 22 ängsodling

153 1315 60 22 egnad
234 1315 91 23 jordmän,
348 1318 51 15 stora
419 1316 96 22 tillgängar
535 1316 22 23 pä
574 1316 125 22 jernmalmer,
720 1321 21 12 en
762 1315 28 17 för
808 1314 109 18 industriela

153 1343 125 23 inrättningar
292 1345 98 21 outtömlig
404 1344 87 17 drifkraft
509 1345 2 16 i
527 1350 22 12 en
565 1345 66 21 mängd
647 1344 83 22 ständigt
740 1343 94 18 forssande
845 1345 71 15 vatten-

153 1372 39 20 fall;
214 1372 34 18 och
268 1373 40 17 med
324 1373 35 17 den
375 1372 103 18 erfarenhet
494 1379 40 11 man
550 1373 6 17 i
571 1372 102 18 allmänhet
686 1373 7 17 i
708 1372 78 18 Finland
801 1372 33 17 har
849 1372 20 17 af
881 1371 35 18 för-

153 1401 87 17 bättrade
250 1401 188 18 kommunikationers
449 1402 86 17 inverkan
546 1402 24 22 pä
579 1402 98 22 odlingens
688 1401 33 17 och
729 1401 101 18 industrins
838 1400 78 23 höjande

152 1430 58 17 måste
226 1430 31 17 väl
272 1430 108 18 föratsättas
397 1432 28 16 att
440 1430 52 18 äfven
506 1430 33 18 här
553 1431 6 17 i
575 1430 53 18 dessa
643 1430 86 18 hitintills
744 1430 90 18 isolerade
847 1430 68 22 nejder,

224 1467 191 23 Jernvägsutskottets
428 1467 116 17 betänkande
556 1468 37 17 N:o
605 1468 17 18 2.
