1023 1675
250 90 277 22 Petitionsbetänkande.
543 103 28 3 —
586 90 41 23 N:o
642 90 37 22 29.
796 91 14 20 9

287 160 43 20 pas
346 154 58 20 inom
419 153 49 21 kort
478 154 32 27 fä
525 156 84 22 emotse,
620 166 23 2 —
649 154 66 26 fästa
731 152 109 28 afseende,

292 188 19 27 ej
325 188 85 20 mindre
426 188 59 25 derä,
502 190 33 18 att
551 187 124 28 billigheten
689 194 60 21 synes
756 186 84 28 fordra

291 224 33 18 att
347 222 132 21 industriela
497 222 57 26 verk,
573 222 64 28 bolag
655 222 38 21 och
709 221 132 21 landthand-

292 257 65 20 lande
366 257 84 27 jemväl
466 256 53 22 böra
535 257 88 27 deltaga
640 258 32 19 uti
688 256 91 21 berörda
790 256 52 27 ajlö-

291 291 59 27 ning,
366 293 28 18 än
412 291 36 20 vid
464 291 35 20 det
510 291 140 28 synnerligen
661 291 118 27 olämpliga
790 292 50 23 sätt,

291 325 82 27 hvarpå
385 325 188 28 prestaflöningen
590 326 8 20 i
615 321 131 25 Österbotten
759 323 37 22 och
810 325 30 26 på

314 359 52 21 land
380 361 94 25 utgöres.

155 411 65 22 Hvad
242 411 98 28 slutligen
362 411 64 28 angår
441 411 41 22 den
497 411 51 22 sista
563 411 24 22 af
599 411 26 22 de
641 411 7 22 i
663 411 177 29 petitionsmemo-

87 445 101 22 morialen
204 445 108 30 påpekade
327 445 120 29 punkterna
458 446 51 21 eller
521 446 40 21 den
572 453 44 14 som
627 446 80 28 åsyftar
717 445 124 22 industriela

86 480 152 29 inrättningars
253 480 39 21 och
307 480 174 22 landthandlades
496 480 122 29 skyldighet
633 483 31 19 att
675 481 81 27 deltaga
767 480 31 21 uti
808 488 32 20 ge-

86 523 130 14 mensamma
232 515 135 21 kommunala
382 515 110 28 utskylder
508 515 67 28 enligt
589 515 129 26 skattöretal,
730 515 22 21 så
762 515 38 20 har
811 517 30 19 ut-

86 550 80 21 skottet
180 549 72 22 funnit
266 549 104 28 yrkandet
384 549 72 22 derom
472 549 157 29 otvifvelaktigt
644 550 49 21 bero
709 549 26 29 på
747 557 25 14 en
784 549 57 22 miss-

87 584 136 28 uppfattning
238 584 24 21 af
273 584 96 28 gällande
384 584 129 29 stadganden
529 584 7 22 i
551 587 78 19 ämnet.

158 619 30 21 Ur
203 619 13 26 8
232 619 28 21 54
276 618 30 22 uti
323 618 120 29 Kejserliga
465 619 168 28 Förordningen,
657 618 107 29 angående
785 618 56 21 kom-

88 653 202 28 munalförvaltning
304 653 26 29 på
345 654 72 21 landet
432 653 23 21 af
468 654 40 21 den
524 654 13 21 6
552 653 104 22 Februari
675 654 60 24 1865,
752 652 91 28 framgår

87 688 106 28 nemligen
216 688 118 28 otvetydigt
352 690 30 20 att
400 688 58 21 såväl
474 696 61 20 egare
550 688 24 21 af
586 688 125 21 industriela
733 687 109 22 inrättnin-

86 730 44 20 gar,
146 730 45 14 som
207 722 177 22 landthandlande
399 727 36 17 äro
450 722 97 29 skyldiga
560 724 36 23 att,
608 722 6 21 i
626 722 217 22 öfverensstämmelse

87 756 49 22 med
152 757 25 21 de
192 757 7 21 i
216 756 92 22 nämnda
328 756 122 29 förordning
473 756 100 29 stadgade
587 756 98 29 grunder,
701 757 33 22 till
749 756 102 21 kommu--

88 799 54 14 nens
161 799 158 20 gemensamma
340 791 88 28 utgifter
450 791 95 29 bidraga;
568 792 38 21 och
623 791 32 22 får
670 791 103 22 utskottet
788 790 55 29 förty

87 825 109 23 vördsamt
210 825 77 22 föreslå

364 863 32 18 att
408 861 240 26 petitionsmemorialet
656 861 8 19 i
672 860 71 21 denna
755 859 35 21 del
800 858 44 21 icke

295 895 65 20 måtte
383 895 35 20 till
441 895 71 26 någon
536 895 81 26 åtgärd
631 894 57 27 från
710 893 134 22 Ständernas

294 929 50 21 sida
355 928 129 28 föranleda.

160 1027 38 22 Uti
213 1027 155 28 behandlingen
384 1026 23 21 af
419 1026 133 22 förestående
574 1026 77 21 ärende
673 1025 64 22 hafva
759 1024 87 28 deltagit

90 1061 243 25 utskottsledamöterne,
352 1061 100 21 Friherre
468 1061 26 21 de
509 1061 21 21 la
545 1060 108 29 Chapelle,
669 1060 82 21 Herrar
766 1058 80 29 Stjern-

90 1096 49 26 vall,
160 1095 72 26 Cleve,
252 1095 112 26 Järvinen,
380 1095 108 26 Törnudd,
507 1095 143 25 Westerlund,
666 1094 114 24 Fabritius,
797 1093 50 21 Pro-

90 1128 56 36 copé,
162 1122 90 38 Öhman,
269 1130 145 28 Hegerström,
428 1130 103 25 Junnola,
547 1130 112 21 Meurman
672 1129 39 21 och
721 1129 126 24 Paunonen,

90 1167 55 20 samt
164 1165 164 29 suppleanterne
346 1164 81 22 Herrar
446 1164 140 29 Gripenberg,
602 1164 35 26 A.,
655 1163 88 26 Schildt,
759 1162 38 22 W.
814 1161 32 26 O.,

90 1200 39 22 och
144 1199 140 22 Wikeström.

158 1238 141 30 Helsingfors,
316 1238 40 23 den
373 1239 25 21 17
414 1238 43 29 Maj
475 1239 63 21 1882.
