1025 1681
181 109 26 21 12
362 108 241 25 Petitionsbetänkande
620 110 38 22 N:o
674 110 22 22 7.

291 166 63 27 giska
377 166 219 28 undersökningurna
619 174 40 20 ega
679 167 65 21 såväl
753 166 43 28 för
810 166 109 21 vetenska-

289 208 45 20 pen
349 208 45 14 som
404 200 43 28 för
462 202 86 20 landets
563 202 97 21 industri
676 202 40 20 och
728 200 118 29 jordbruk,
862 201 8 20 i
880 200 38 21 nå-

291 235 38 21 der
354 236 80 20 täcktes
447 236 43 26 för
505 236 64 21 deras
578 235 157 28 fortsättande
760 236 80 27 bevilja
854 237 65 19 stats-

292 270 68 20 medel
385 270 36 21 till
446 273 29 18 ett
494 270 82 28 belopp,
591 278 46 14 som
653 270 160 28 möjliggjorde
828 269 92 21 arbetets

293 304 143 26 bedrifvande
460 305 48 21 med
533 307 69 19 större
627 305 64 27 kraft
716 305 40 21 och
781 305 9 20 i
804 306 69 20 större
888 306 33 18 ut-

290 338 128 28 sträckning
432 341 30 19 än
477 339 110 27 härintill;

361 390 22 28 b)
406 394 32 18 att
453 391 69 28 nådig
534 392 140 27 proposition
691 398 35 14 om
750 390 127 22 inrättande
892 390 26 26 af

293 427 30 19 ett
337 425 107 21 särskildt
458 426 119 27 geologiskt
588 425 130 21 embetsverk
724 426 68 27 jemte
803 424 118 27 utredning

294 458 29 28 af
335 460 75 20 dertill
425 460 106 27 åtgående
547 460 117 21 kostnader
679 460 69 21 måtte
764 459 85 21 landets
862 460 59 19 näst-

292 494 209 21 sammanträdande
518 494 95 21 Ständer
622 494 145 28 föreläggas;
794 495 55 20 samt

362 546 21 26 c)
408 548 33 18 att
466 545 65 22 Hans
556 546 128 27 Kejserliga
705 544 160 28 Majestät
829 540 41 37 för
888 546 33 19 att

293 580 113 27 tillgodose
427 579 96 27 behofvet
538 579 29 27 af
578 580 126 28 geologiska
720 579 201 28 specialundersök-

293 614 83 28 ningar
400 615 8 20 i
419 614 143 28 jordbrukets
577 615 91 20 intresse
683 614 69 21 måtte
762 614 31 27 ju
802 613 56 27 förr
873 614 47 20 dess

293 648 67 21 hellre
376 649 8 20 i
399 649 69 21 nåder
483 648 112 28 anbefalla
612 649 150 21 tillsättandet
777 648 29 27 af
816 656 26 13 en
852 651 69 18 veten-

292 682 98 28 skapligt
419 683 82 25 bildad,
527 684 8 20 i
555 683 133 27 jordbruket
708 683 116 27 förfaren,
844 682 76 28 finska

291 717 89 27 språket
404 718 82 28 mäktig
510 718 208 28 agrikulturgeolog,
736 718 48 20 med
798 717 123 28 skyldighet

287 752 42 26 för
343 752 69 21 denne
421 754 32 19 att
464 752 139 28 tillhandagå
615 752 239 28 landtbrukssällskap,
864 752 57 20 kom-

291 793 77 14 muner
392 786 38 21 och
456 786 95 22 enskilde
570 789 57 19 samt
645 789 34 19 att
695 787 8 20 i
719 793 51 14 mon
786 786 29 27 af
827 786 94 28 ledighet

293 820 88 28 deltaga
406 821 8 20 i
437 821 85 21 landets
537 820 166 28 ofvannämnda
720 821 116 21 allmänna
851 821 70 27 geolo-

291 854 64 28 giska
370 855 169 27 undersökning.

237 917 140 27 Helsingfors,
408 918 22 22 af
453 918 114 22 Allmänna
591 918 201 22 Besvärsutskottet
826 918 41 22 den
894 918 26 22 18

153 951 59 22 Mars
229 952 61 21 1882.

222 1014 39 22 Uti
286 1015 100 21 ärendets
404 1015 158 27 handläggning
577 1015 62 22 hafva
655 1016 101 26 deltagit:
773 1015 75 22 herrar
864 1015 57 21 Geit-

151 1048 37 27 lin,
203 1049 20 21 J.
240 1048 32 27 G.,
289 1048 135 28 ordförande,
440 1049 125 27 Grotenfelt,
581 1050 52 26 Nils,
650 1049 182 27 Standertskiöld,
849 1049 22 22 C.
889 1049 31 27 G.,

152 1083 110 27 Schultén,
279 1083 26 27 af,
316 1084 35 26 H.,
368 1084 165 27 Pippingskiöld,
542 1084 29 27 J.,
587 1084 116 27 Stenbäck,
720 1084 26 21 K.
756 1084 33 26 E.,
800 1084 120 26 Lindstedt,

150 1117 64 27 Vilh.,
231 1117 130 27 Calamnius,
372 1118 18 22 J.
399 1118 33 26 V.,
448 1118 124 27 Malmgren,
581 1119 24 21 A.
615 1118 27 26 J.,
653 1118 111 27 Vallgren,
776 1118 32 26 G.,
820 1118 100 26 Neovius,

151 1151 32 27 F.,
200 1147 93 32 Öhberg,
304 1152 32 26 V.,
360 1152 96 25 Avellan,
467 1152 60 27 Edv.,
543 1152 115 27 Hirvonen,
670 1153 34 26 E.,
720 1152 153 27 Laurikainen,
889 1152 31 27 T.,

150 1186 90 26 Luoma,
257 1186 18 22 J.
293 1186 26 22 H.

220 1476 105 18 Allmänna
338 1477 179 18 Besvärsutskottets
529 1478 116 17 betänkande
658 1478 39 17 N:o
712 1478 16 16 7.
