1020 1675
279 110 240 20 Petitionsbetänkande
530 110 37 19 N:o
579 110 32 19 28.
777 110 20 18 17

73 171 60 20 snart
156 168 186 28 öfverläggningen
364 169 7 20 i
394 168 84 26 ärende,
494 175 46 15 som
560 168 115 28 handlagts
689 167 35 22 vid
738 173 83 21 gemen-

74 206 55 19 samt
144 203 163 26 sammanträde,
322 203 114 21 förklarats
452 202 78 26 slutad,
546 202 73 28 hvarje
629 201 62 23 stånd
702 201 53 22 skall
765 207 56 16 ome-

73 238 83 22 delbart
177 238 55 21 fatta
254 237 75 26 beslut,
345 239 61 26 ,utan
421 238 29 20 att
464 237 71 21 vidare
556 236 158 28 öfverläggning
728 236 9 20 i
751 237 71 20 ämnet

71 273 36 20 mä
129 272 169 27 ifrågakomma."
328 271 42 22 Det
392 272 24 21 är
438 271 184 28 nödvändigheten
641 272 32 20 att
691 270 130 21 underkasta

72 307 32 27 sig
119 306 70 22 denna
203 305 89 29 påföljd,
306 305 66 22 innan
386 312 49 15 man
452 306 57 20 ännu
524 306 42 21 kan
581 305 48 21 fullt
640 303 126 24 öfverskåda
777 303 42 22 frå-

73 347 52 22 gans
147 340 43 22 alla
212 340 89 28 detaljer
316 340 40 21 och
371 339 43 22 alla
429 339 26 22 de
474 339 191 28 ötverläggningar,
680 338 85 23 hvartill
781 338 40 21 den

73 375 41 22 kan
137 375 57 28 gifva
215 375 120 27 anledning,
352 381 46 15 som
415 375 39 26 gör
470 374 74 28 hvarje
558 373 63 23 stånd
637 374 82 28 mycket
733 373 88 22 betänk-

73 411 62 25 samt,
151 409 28 22 då
195 409 34 22 det
244 409 67 28 gäller
326 411 32 19 att
372 408 85 22 besluta
472 409 32 28 sig
519 409 34 21 för
571 410 130 27 gemensamt
716 415 105 15 samman-

73 444 67 22 träde.
171 443 75 22 Såsom
267 443 84 22 mindre
373 443 121 28 betydande
516 451 47 14 men
586 443 35 22 det
637 443 87 22 oaktadt
739 443 82 28 mycket

75 479 132 21 verksamma
222 478 46 22 skäl
283 477 54 22 sälla
351 478 33 28 sig
398 478 73 21 härtill
489 478 106 22 vissheten
611 478 79 26 derom,
698 479 32 20 att
745 477 26 22 de
786 484 34 20 ge-

73 520 130 15 mensamma
217 512 187 22 sammanträdena
421 512 99 22 erfordra
541 512 75 28 längre
631 512 30 21 tid
676 513 26 20 än
721 511 100 22 ståndens

76 547 100 27 enskilda,
192 549 55 20 samt
269 547 172 28 obenägenheten
457 547 39 22 hos
511 554 26 14 en
553 547 78 28 mängd
647 545 173 23 ståndsmedlem-

75 589 46 15 mar
136 584 32 20 att
182 582 33 22 för
230 582 26 21 de
267 588 156 22 gemensamma
431 582 188 22 sammanträdena
626 582 48 21 med
683 581 61 22 deras
752 582 69 20 större

75 616 93 28 anspråk
182 615 29 29 på
233 616 75 22 formel
329 616 107 28 färdighet
451 616 7 21 i
473 616 235 28 framställningssättet
722 615 99 28 uppoffra

75 652 35 21 det
123 652 35 21 vid
173 650 100 23 ståndens
296 651 95 21 enskilda
412 651 64 27 plena
492 651 105 27 erbjudna
611 650 93 22 tillfället
718 652 31 20 att
763 652 58 26 yttra

74 686 32 28 sig
122 686 68 22 oftare
205 686 40 22 och
260 685 56 22 inför
332 692 25 15 en
372 685 82 22 mindre
470 686 64 22 krets.

141 732 42 22 Det
198 731 54 22 enda
267 731 133 22 verksamma
417 731 79 22 medlet
511 733 33 20 att
559 731 77 28 bringa
651 731 25 21 de
691 737 129 22 gemensam-

75 774 34 14 ma
123 765 186 23 sammanträdena
330 766 33 21 till
384 767 70 20 tätare
473 766 135 27 användning
623 773 49 14 vore
687 766 83 21 derföre
785 772 35 14 en-

76 801 40 27 ligt
130 800 119 22 Utskottets
272 800 63 22 tanke
350 800 160 28 upphäfvandet
526 800 24 22 af
564 800 99 22 förbudet
677 802 56 20 emot
748 800 72 22 vidare

75 835 158 28 öfverläggning
248 835 56 21 inom
320 835 26 21 de
361 835 69 21 skilda
444 833 91 23 stånden
551 835 6 20 i
574 834 84 27 ärende,
667 841 44 15 som
727 834 93 21 behand-

74 869 41 22 lats
130 869 34 21 vid
185 869 87 27 plenum
293 869 118 27 plenorum.
441 868 51 23 Men
508 869 36 22 det
558 869 41 22 kan
616 869 111 28 högeligen
741 867 79 29 ifråga-

74 905 73 24 sättas,
163 910 34 15 om
212 910 49 15 man
276 903 47 22 icke
338 903 122 28 derigenom
480 903 67 22 skulle
562 903 95 22 inveckla
675 904 31 27 sig
720 903 7 21 i
743 910 25 15 en
783 910 37 14 an-

74 945 42 14 nan
138 939 58 20 ännu
210 939 69 20 större
299 937 113 28 svårighet,
427 938 7 21 i
450 938 37 21 det
504 937 108 29 nämligen
630 937 78 28 frågor,
725 944 44 15 som
785 937 35 22 be-

74 973 90 22 handlas
178 973 36 21 vid
229 972 86 28 plenum
330 973 118 27 plenorum,
456 972 85 22 komme
556 974 32 20 att
599 973 74 21 kräfva
684 979 25 14 en
718 979 102 20 opropor-

74 1007 107 28 tionerligt
197 1006 49 29 lång
265 1007 37 25 tid,
322 1009 52 20 utan
389 1009 32 19 att
436 1007 41 21 den
494 1013 157 22 gemensamma
665 1006 155 28 öfverläggnin-

74 1049 40 21 gen
129 1042 83 21 komme
227 1043 32 20 att
273 1041 74 22 utöfva
361 1041 70 28 någon
446 1047 61 16 mera
521 1041 120 28 betydande
656 1041 77 22 verkan
745 1039 28 29 på
785 1041 35 21 de-

73 1083 36 15 ras
124 1075 122 29 afgörande.

140 1122 49 22 Med
208 1122 98 22 afseende
325 1121 54 23 härå
394 1122 39 22 har
448 1122 110 22 Utskottet
572 1123 53 20 trott
640 1121 35 22 det
690 1128 51 15 vara
755 1120 64 22 rådli-

73 1159 54 25 gast,
150 1159 33 19 att
198 1156 75 29 frågan
287 1157 93 21 rörande
397 1156 119 28 förklaring
531 1156 24 22 af
568 1158 26 20 47
610 1157 12 27 $
637 1156 23 21 L.
676 1156 24 21 O.
716 1156 55 28 finge
786 1156 33 20 för

73 1192 70 21 denna
157 1190 56 29 gång
228 1191 91 23 förfalla.

142 1232 148 28 Lagutskottet
304 1230 34 23 får
353 1230 63 23 alltså
431 1232 110 22 vördsamt
555 1230 84 28 föreslå,

344 1275 34 17 att
394 1271 127 22 Ständerna
538 1272 50 21 ville
604 1272 37 21 hos
656 1270 62 22 Hans
733 1270 86 29 Kejser-

277 1307 46 28 liga
340 1306 102 29 Majestät
458 1307 9 20 i
482 1306 173 28 underdånighet
671 1306 94 26 anhålla,
785 1305 35 22 det

276 1340 82 22 täcktes
374 1340 62 22 Hans
445 1341 106 29 Majestät
567 1345 52 25 taga
633 1342 9 20 i
656 1341 78 29 nådigt
749 1340 70 29 öfver-

277 1375 104 28 vägande,
398 1382 33 14 om
449 1375 48 21 icke
515 1375 27 21 12
560 1376 38 21 och
613 1376 26 20 13
654 1376 25 28 $$
693 1377 10 19 i
717 1375 102 29 gällande

277 1409 224 29 Landtdagsordning
516 1416 50 15 vore
581 1411 9 20 i
605 1410 63 29 behof
681 1410 25 29 af
712 1409 108 30 förtydli-

140 1450 123 21 Lagutskottets
274 1450 105 17 betänkande
391 1450 34 17 N:o
437 1450 29 17 12.

785 1484 12 17 2
