1017 1678
329 145 237 24 Petitionsbetänkande
584 147 36 22 N:o
638 144 34 23 13.
838 146 11 19 5

122 212 90 23 Majestät
229 213 54 22 gifvit
300 211 90 19 Finlands
406 212 58 18 Senat
476 212 104 23 befallning
592 214 29 16 att
632 212 60 18 ordna
705 212 175 23 skolangelägenhe-

123 244 53 15 terna
188 241 58 23 enligt
258 241 57 22 nädig
328 241 97 23 anvisning
438 243 49 16 samt
500 241 42 18 med
554 241 160 18 efterkommande
727 241 20 17 af
758 241 22 18 de
792 241 87 22 förhopp-

122 270 72 23 ningar,
212 270 103 17 ständerna
332 269 30 18 vid
381 271 75 16 senaste
474 269 92 24 landtdag
579 270 27 17 uti
619 270 29 17 sin
661 269 127 23 underdäniga
800 269 79 23 petition

122 299 76 21 uttalat,
211 299 49 17 samt
272 298 24 18 då
308 298 5 17 i
327 298 79 18 nämnde
418 299 81 22 petition
511 298 58 18 bland
582 300 58 16 annat
652 298 92 21 anhälles,
756 299 30 16 att
797 300 29 16 ett
837 298 42 17 full-

123 327 83 23 ständigt
215 327 71 23 lyceum
299 327 41 17 med
353 327 74 17 finskan
440 327 62 17 såsom
514 327 201 22 undervisningsspräk
728 327 59 17 måtte
799 327 81 17 inrättas

123 356 27 17 uti
169 356 52 18 östra
238 355 55 18 delen
312 355 20 18 af
348 355 70 22 landet,
436 355 90 23 antingen
542 355 50 18 inom
605 355 86 23 Wiborgs
704 355 46 17 eller
763 354 27 18 S:t
801 354 79 18 Michels

122 384 37 21 län,
172 384 56 23 vågar
240 384 141 18 undertecknad
392 384 88 18 försäkra
492 385 30 17 att
534 384 61 22 någon
607 384 110 22 lämpligare
730 385 30 16 ort
772 385 23 16 än
803 383 77 23 Nyslott

122 413 17 22 ej
158 413 58 22 gifves
230 412 29 18 för
271 417 23 13 en
307 412 58 18 sådan
378 412 152 23 läroinrättning.
554 412 29 18 En
596 411 66 24 flyktig
674 411 51 18 blick
738 411 24 23 på
774 413 52 16 östra
837 411 43 18 Fin-

122 441 55 18 lands
189 441 56 18 karta
256 437 22 22 är
290 447 36 17 nog
338 443 30 16 att
380 441 98 23 öfvertyga
489 441 71 21 härom,
573 442 21 21 ty
606 441 39 17 alla
657 440 22 18 de
692 440 118 18 vidsträckta
817 440 62 18 lands-

123 471 56 20 orter,
198 470 64 17 hvilka
279 470 51 23 ligga
345 470 85 23 omkring
443 469 23 18 de
479 469 39 18 vidt
530 469 102 23 utgrenade
646 469 62 18 Saima
720 470 82 20 vattnen,
814 469 65 18 nämli-

122 504 36 17 gen
171 499 56 18 södra
240 498 53 19 delen
306 499 21 18 af
338 498 95 22 Savolaks,
446 498 98 18 mellersta
556 497 53 19 delen
622 498 21 17 af
650 503 70 12 samma
728 497 92 23 landskap
829 497 49 18 ända

123 527 30 18 till
172 527 92 18 Warkaus
282 527 57 18 kanal
358 529 49 16 samt
425 527 98 18 mellersta
540 527 55 18 delen
613 527 19 17 at
649 527 82 18 Karelen
748 526 30 18 vid
794 526 85 23 Ladogas

124 555 86 18 stränder
228 555 46 18 höra
292 555 30 18 till
337 555 87 24 Nyslotts
436 555 125 18 skolområde.
584 555 44 18 Men
640 557 29 16 ett
680 557 50 16 ännu
743 555 89 22 vigtigare
845 555 34 18 och

123 587 47 15 nära
187 589 37 18 nog
241 584 104 23 trängande
364 584 41 19 skäl
424 584 30 18 för
472 584 118 18 inrättandet
607 584 20 18 af
644 589 22 13 en
679 584 57 23 högre
749 583 130 18 läroanstalt
871 579 12 32 i

123 613 77 23 Nyslott
217 613 106 18 förefinnes.
348 613 74 18 Största
440 613 54 18 delen
513 613 21 18 af
550 613 22 18 de
588 613 82 18 nämnda
681 613 132 18 landsorterna
825 612 55 18 hafva

123 641 93 23 nämligen
234 647 66 17 genom
318 641 23 18 de
359 641 105 18 historiska
479 641 136 18 händelsernas
630 641 48 24 gäng
691 642 54 22 länge
758 641 48 18 varit
818 641 62 18 skilda

122 670 42 18 frän
176 670 80 18 Finland
268 670 35 18 och
316 670 79 18 sälunda
406 670 64 18 blifvit
481 670 80 18 likasom
573 670 116 18 främmande
697 670 29 18 för
735 670 42 18 dess
786 670 94 18 allmänna

123 698 91 23 bildning.
237 699 58 17 Detta
312 698 164 18 missförhällande
492 698 34 18 bör
544 698 98 23 afhjelpas.
666 698 48 18 Vårt
732 698 102 18 fosterland
847 698 33 18 bör

124 727 17 23 ej
155 723 138 27 styfmoderligt
300 727 94 18 behandla
402 729 53 16 östra
462 727 92 18 Finlands
562 727 108 23 inbyggare;
684 727 22 18 de
715 727 64 18 fordra
786 728 30 17 att
824 726 57 18 blifva

125 756 95 22 delaktige
238 756 20 18 af
275 756 35 18 den
328 761 137 17 gemensamma
477 756 114 22 bildningen.
615 755 39 19 Och
667 761 29 13 om
707 756 33 22 jag
752 756 65 17 härtill
830 757 49 16 ännu

124 785 64 22 lägger
206 784 160 24 omständigheter
384 784 20 18 af
421 784 95 18 sekundär
534 784 102 24 betydelse,
654 784 61 18 säsom
731 786 29 16 att
771 784 76 23 Nyslott
859 786 21 16 är

123 813 78 23 belägen
219 813 50 17 invid
288 813 35 18 den
341 813 88 23 lifligaste
447 813 226 18 kommunikationsleden
692 813 27 18 uti
738 815 52 16 östra
801 812 79 19 Finland

124 842 35 18 och
177 843 31 17 att
224 842 74 18 lefnads
314 842 128 18 kostnaderna
455 842 33 18 der
500 844 33 16 äro
545 842 72 18 mindre
630 844 24 16 än
666 842 27 18 uti
706 842 23 18 de
741 841 55 19 flesta
808 842 20 18 af
838 841 42 18 Fin-

124 870 54 18 lands
198 867 68 25 städer,
285 872 41 16 tror
342 870 32 24 jag
392 871 38 23 mig
442 870 56 18 hafva
510 871 77 21 bevisat,
600 872 30 16 att
640 870 132 24 förläggandet
783 871 20 17 af
814 872 28 16 ett
854 870 26 22 1y-

124 904 52 12 ceum
194 899 31 18 till
243 899 76 23 Nyslott
334 901 21 16 är
368 904 22 13 en
403 900 57 22 högst
471 899 59 24 vigtig
542 900 140 22 angelägenhet.
706 900 36 22 Jag
754 899 85 18 anhäller
852 899 28 17 för

124 928 36 17 den
179 928 50 18 skull
250 928 112 22 ödmjukast,
381 929 29 17 att
428 928 115 23 högvördiga
560 928 142 18 Presteständet
720 928 43 18 ville
781 928 99 22 godkänna

125 956 61 18 denna
198 956 88 18 anhällan
300 958 48 16 samt
360 957 98 18 remittera
470 956 78 19 ärendet
560 957 30 18 till
603 956 138 19 vederbörande
754 957 80 17 utskott.

192 990 124 24 Helsingfors,
328 991 35 18 den
376 992 20 17 31
410 991 79 18 Januari
502 992 50 17 1882.

636 1029 19 22 J.
674 1029 22 23 K.
716 1027 94 29 Lampen.

279 1110 49 18 Till
345 1110 141 23 Vällofliga
502 1111 223 22 Borgareständet!

193 1161 43 18 Med
249 1161 100 23 anledning
361 1161 21 18 af
392 1163 64 16 senast
472 1162 113 19 församlade
598 1163 86 18 ständers
696 1163 35 18 hos
742 1163 53 18 Hans
807 1163 74 22 Kejser-

123 1191 39 22 liga
179 1190 91 22 Majestät
286 1190 68 23 gjorda
371 1191 129 22 underdäniga
518 1191 144 24 framställning,
680 1193 30 16 att
728 1193 28 16 ett
771 1191 111 23 sjuklassigt

124 1219 136 22 finskspräkigt
277 1219 72 23 lyceum
368 1219 28 18 för
415 1215 57 22 Östra
483 1219 81 18 Finland
576 1220 60 18 mätte
647 1221 81 17 inrättas
741 1220 34 18 och
787 1220 94 23 förläggas

125 1247 29 18 till
168 1247 59 23 nägon
241 1249 30 16 ort
283 1247 49 18 inom
346 1247 27 18 S:t
384 1247 80 19 Michels
476 1248 47 18 eller
536 1249 86 23 Wiborgs
634 1249 38 22 län,
680 1249 20 18 fä
708 1249 24 23 pä
740 1249 50 18 mina
798 1249 83 18 valmäns

124 1278 70 21 vägnar
210 1276 33 23 jag
261 1276 95 18 vördsamt
373 1277 107 18 framställa
498 1277 161 23 petitionsförslag
674 1277 63 19 derom
750 1279 29 16 att
791 1277 90 23 ifrägava-

124 1305 58 18 rande
194 1310 36 17 nya
242 1305 87 18 läroverk
341 1305 59 18 mätte
412 1306 86 22 placeras
510 1306 6 17 i
528 1306 86 23 Nyslotts
627 1306 48 18 stad.

193 1339 65 17 Redan
277 1340 45 17 1878
340 1339 66 23 gjorde
417 1340 152 21 Jaakkimvaara,
582 1340 104 21 Heinävesi,
698 1340 139 23 Kangaslampi,
850 1340 31 17 Ki-

124 1368 38 21 des,
182 1367 86 22 Sulkava,
286 1368 125 23 Kronoborgs,
426 1368 109 22 Parikkala,
548 1368 103 23 Sääminge,
664 1368 102 22 Kerimäki,
778 1368 103 23 Uguniemi,

124 1396 95 21 Puumala,
232 1396 117 18 Rantasalmi
362 1397 34 17 och
408 1397 87 23 Nyslotts
507 1398 109 17 kommuner
629 1397 34 18 hos
671 1397 52 18 Hans
732 1397 149 23 Kejserliga
850 1392 36 32 Mä-

123 1424 60 22 jestät
194 1424 117 24 underdänig
322 1425 90 18 anhällan
425 1431 29 12 om
467 1426 109 18 inrättande
588 1426 21 17 af
619 1427 29 16 ett
659 1426 120 22 fullständigt
790 1426 72 22 lyceum
876 1426 5 16 i

125 1453 81 23 Nyslott,
220 1453 40 18 med
273 1453 62 19 finska
347 1459 39 13 som
398 1454 208 24 undervisningsspräk.
630 1454 61 18 Sedan
704 1454 42 18 dess
759 1454 34 18 har
805 1454 6 18 i
822 1454 58 23 jemn-

194 1490 106 20 Allmänna
316 1490 191 21 Besvärsutskottets
523 1490 127 21 betänkande
665 1491 38 20 N:o
719 1491 33 20 13.
