1020 1675
309 109 244 20 Petitionsbetänkande
565 109 37 20 N:o
618 109 32 19 32.
811 111 20 17 41

100 168 72 21 kända
193 167 141 26 betänkande,
358 166 111 28 angående
491 167 26 21 de
535 167 36 21 vid
585 167 131 27 landtdagen
731 166 127 28 ifrågasatta

101 202 75 28 anslag
199 203 55 19 samt
276 202 65 20 sättet
363 201 34 21 för
416 200 140 22 anskaffande
571 201 24 21 af
608 201 70 21 medel
692 201 34 21 för
742 201 114 22 desamma.

101 236 73 21 Under
198 235 158 27 förutsättning,
379 237 32 19 att
434 234 25 22 de
482 242 42 20 nya
544 235 101 21 skolorna
668 235 66 21 redan
753 234 48 23 från
819 235 38 21 hö-

102 272 46 19 sten
166 271 54 19 1878
237 269 75 21 trädde
327 269 7 21 i
349 269 136 21 verksamhet
507 270 40 20 och
571 270 57 21 klass
649 269 53 22 efter
717 269 57 21 klass
792 270 67 20 inrät-

101 304 67 26 tades,
191 310 48 15 men
262 305 31 20 att
314 302 122 28 Uleåborgs
457 304 86 26 privata
559 304 61 21 skola
634 304 7 20 i
657 304 31 21 sin
705 303 71 21 helhet
791 303 68 22 öfver-

103 341 47 25 togs
165 338 23 21 af
204 339 69 20 staten
289 337 39 22 och
347 337 41 21 den
407 338 7 20 i
433 337 135 28 Helsingfors
583 337 69 22 erhöll
667 337 64 28 årligt
746 337 75 27 anslag
837 336 23 22 af

103 373 76 25 40,000
206 372 67 25 mark,
294 371 124 22 beräknade
441 371 163 22 Statsutskottet
626 372 118 21 kostnaden
767 371 33 21 för
823 371 35 21 de-

103 413 81 15 samma
207 406 32 22 för
262 406 61 21 hvart
341 406 24 21 af
380 404 98 23 läseåren
499 407 140 20 1878—1882
658 406 32 21 till
709 412 56 20 resp.
781 406 77 24 96,750

89 453 41 14 —
152 441 89 25 110,850
261 452 26 4 —
309 440 89 26 134,250
414 452 27 3 —
458 440 40 21 och
515 441 90 25 146,600
621 452 28 4 —
664 443 56 18 samt
735 440 34 21 för
784 446 75 15 senare

103 474 81 22 hälften
208 474 23 22 af
252 472 149 24 kalenderäret
420 475 54 19 1882
490 487 28 3 —
533 474 34 21 till
582 476 77 24 77,500
676 474 66 26 mark,
759 474 51 21 eller
826 472 33 22 sä-

103 508 58 22 ledes
184 509 21 21 in
224 515 82 15 summa
321 508 33 21 till
369 509 90 25 565,950
476 509 62 21 mark
553 508 34 22 för
602 508 164 28 ifrägavarande
781 508 78 21 finans-

104 543 80 28 period.
219 542 91 22 Hvartill
332 542 96 22 kommer
451 544 31 20 att
505 543 31 21 uti
559 543 131 22 Ständernas
713 541 147 29 underdäniga

104 584 48 15 svar
166 577 8 21 i
189 577 114 28 anledning
318 577 24 22 af
355 577 59 21 Hans
430 577 121 28 Kejserliga
566 577 112 28 Majestäts
692 577 79 28 nädiga
781 584 79 21 propo-

105 612 69 26 sition,
198 611 110 28 angäende
322 611 284 28 stämpelpappersafgiften,
622 612 36 21 det
673 612 139 21 meddelande
827 612 31 20 in-

105 645 45 28 gär,
173 647 32 20 att
227 646 40 21 den
290 646 23 21 af
334 645 59 22 älder
408 646 108 28 allmogen
531 645 13 22 ä
559 646 80 26 landet,
655 647 156 27 gemenskapen
826 645 35 21 vid

105 680 106 21 militären
234 680 39 21 och
296 687 26 14 en
340 680 34 21 del
390 680 47 21 dess
453 681 121 21 vederlikar
588 681 109 27 medgifna
711 680 95 28 lindring
821 680 40 21 och

105 714 98 23 befrielse
225 715 7 20 i
255 714 98 22 afseende
376 713 12 22 &
406 715 78 21 bruket
499 715 24 21 af
537 715 175 28 stämpelpapper
727 716 80 20 ansetts
823 721 38 14 nu-

106 755 59 14 mera
186 749 68 21 sakna
276 749 155 27 berättigande,
452 749 101 21 hvarföre
575 749 61 21 äfven
655 748 160 23 Bondeständet
830 748 31 21 bi-

107 782 55 21 fallit
184 783 32 21 till
239 783 47 21 dess
308 783 157 27 upphäfvande,
489 783 83 28 ,likväl,
595 783 49 22 med
664 783 34 22 det
714 783 23 22 af
751 783 26 21 de
792 782 70 28 öfriga

107 815 90 23 ständen
216 817 80 27 jemväl
317 819 95 25 antagna
431 817 75 26 vilkor,
529 819 32 19 att
584 817 29 27 pä
628 817 234 28 bevillningsbudgeten

107 849 102 29 uppförts
229 852 30 20 ett
281 850 105 22 eventuelt
409 851 76 27 anslag
507 851 34 21 för
561 851 95 28 följande
671 850 154 28 femårsperiod
841 850 23 22 af

108 886 90 24 570,000
214 885 62 21 mark
290 884 33 22 för
339 885 35 21 det
389 884 140 29 fullständiga
544 886 156 27 betryggandet
715 885 24 21 af
751 885 26 21 de
792 885 71 27 lyceer

107 918 48 22 med
178 918 65 22 finskt
264 918 235 29 undervisningsspräk,
523 927 34 14 om
576 920 82 20 hvilkas
674 919 122 21 inrättande
811 918 52 22 eller

107 952 189 28 upprätthällande
314 953 121 22 Ständerna
457 954 35 20 vid
515 954 70 21 denna
600 954 104 28 landtdag
718 953 144 28 petitionerat,

107 987 8 20 i
137 987 101 22 händelse
254 988 132 27 Regeringen
400 988 47 21 icke
463 988 66 22 funne
545 988 138 22 statsverkets
699 988 107 21 ordinarie
821 987 42 21 till-

108 1020 82 29 gängar
213 1021 65 22 förslä
300 1022 32 21 till
355 1022 75 26 denna,
446 1022 121 28 egentligen
583 1022 32 22 till
631 1023 40 21 den
686 1022 109 22 ordinarie
809 1021 54 22 bud-

108 1057 62 26 geten
196 1056 95 22 hörande
315 1056 82 28 utgift".
435 1056 106 28 Slutligen
567 1056 35 22 mä
624 1057 81 21 erinras
729 1056 79 25 derom,
831 1057 32 20 att

108 1090 122 21 Ständerna
243 1090 8 21 i
266 1090 37 22 sitt
318 1089 147 29 underdåniga
480 1098 50 14 svar
545 1090 29 28 på
590 1091 40 21 den
646 1090 78 29 nådiga
735 1090 128 28 propositio-

108 1131 41 14 nen
164 1131 35 14 om
214 1124 111 22 införande
340 1125 24 21 af
377 1125 80 21 allmän
472 1125 121 28 värnepligt
608 1125 95 22 anhöllo:

177 1160 43 24 »att
235 1159 47 21 med
298 1159 99 21 afseende
412 1158 13 22 å
441 1159 25 21 de
482 1159 299 28 förkortningar
645 1154 11 38 i
662 1159 119 28 tjenstetid,
793 1158 71 22 hvilka

109 1205 26 3 —
150 1205 29 4 —
194 1193 138 22 tillerkännas
349 1193 53 26 dem,
419 1200 45 15 som
480 1194 75 21 vunnit
570 1194 66 27 högre
651 1193 102 28 bildning,
765 1193 99 21 behofvet

109 1226 24 21 af
154 1226 65 22 ökadt
241 1227 59 21 antal
321 1227 67 28 högre
402 1227 215 28 bildningsanstalter
632 1228 48 21 med
695 1227 83 22 finskan
794 1225 70 23 såsom

109 1260 227 28 undervisningsspråk
359 1261 48 22 med
431 1261 35 22 det
482 1264 97 19 snaraste
595 1261 65 22 måtte
675 1261 29 28 på
719 1264 31 19 ett
765 1261 100 22 tillfreds-

109 1295 106 22 ställande
230 1296 44 20 sätt
288 1295 78 28 fyllas".

177 1329 49 22 Men
250 1329 87 22 oaktadt
360 1329 121 22 Ständerna
504 1329 90 22 sålunda
616 1330 94 27 tydligen
732 1328 79 22 uttalat
833 1329 32 20 sin

109 1363 81 22 önskan
214 1370 34 15 om
271 1363 25 22 de
318 1363 157 28 finskspråkiga
498 1364 136 21 läroverkens
656 1371 64 14 snara
736 1363 130 26 inrättande,

86 1401 2 2 *
109 1397 89 21 oaktadt
221 1397 51 22 flere
291 1397 23 22 af
326 1399 162 20 reservanterne
503 1399 8 20 i
526 1398 140 21 skolkomitén
682 1397 103 22 särskildt
801 1397 65 21 fram-

178 1437 95 16 Allmänna
285 1437 159 18 Besvärsutskottets
456 1438 106 17 betänkande
574 1438 34 17 N:o
621 1439 27 16 18.
