1017 1678
172 160 26 20 28
353 160 234 24 Petitionsbetänkande
606 163 35 21 N:o
661 161 33 23 13.

142 229 55 16 terna
209 227 29 18 för
251 227 162 23 skolbyggnadens
427 228 100 18 underhäll
540 228 34 17 och
584 228 141 23 uppvärmning.
747 227 75 18 Största
831 227 73 22 olägen-

142 256 56 17 heten
212 256 57 17 häraf
280 256 33 18 har
326 256 66 18 träffat
404 257 126 17 innevänarne
543 257 5 17 i
561 257 33 17 vär
607 257 57 20 trakt,
677 262 40 12 som
731 256 81 23 nödgats
825 256 79 17 bekosta

143 285 41 16 sina
196 285 57 17 barns
266 285 91 22 skolgäng
370 285 5 17 i
389 285 22 18 de
424 285 24 22 pä
460 287 23 16 20
495 285 35 18 och
543 287 23 16 30
578 285 43 18 mils
633 285 76 18 afständ
719 285 88 22 liggande
816 285 89 17 städerna

143 313 92 22 Uleäborg
247 313 36 18 och
295 313 78 23 Kuopio,
386 314 77 18 hvarest
475 314 73 18 lefnads
561 314 128 18 kostnaderna
701 316 34 15 äro
748 313 76 23 mycket
832 313 72 23 dyrare.

210 342 38 22 Jag
267 342 28 18 fär
313 342 74 18 derföre
405 342 118 18 härmedelst
539 343 28 17 för
580 342 33 18 det
625 342 120 18 hedervärda
757 342 81 18 Ständet
850 342 53 17 fram-

143 370 57 18 ställa
218 370 127 24 underdånigt
363 373 28 16 ett
409 372 163 23 petitionsförslag
591 372 69 21 derom,
679 372 30 17 att
728 370 83 19 nämnda
823 370 81 18 tväklas-

142 399 40 22 siga
200 400 97 18 realskola
315 401 58 17 mätte
391 401 109 18 förvandlas
519 401 29 17 till
561 402 29 16 ett
602 400 113 23 fyrklassigt
728 399 138 23 finskspräkigt
878 399 26 23 ly-

142 433 58 16 ceum,
213 429 74 17 hvilket
299 429 79 18 likasom
391 429 32 18 det
436 435 24 12 nu
473 429 119 18 existerande
605 429 114 21 läroverket,
732 428 122 18 underhölles
863 428 41 17 med

143 457 116 18 statsmedel.
283 457 58 18 Detta
359 458 62 18 skulle
439 458 58 18 lända
514 458 31 18 till
564 460 40 16 stor
623 459 54 22 nyttä
695 458 30 17 för
741 458 33 17 vär
787 457 49 23 glest
848 457 56 18 befol-

142 485 48 18 kade
203 486 60 17 trakt.

211 515 70 17 Härför
293 515 86 18 anhäller
396 515 110 23 ödmjukast
516 516 34 22 jag
562 516 11 17 &
586 515 75 23 Kajana
673 515 71 18 härads
757 515 100 18 invänares
869 514 35 17 och

142 543 11 17 å
165 548 47 17 egna
224 545 71 21 vägnar
307 549 29 12 om
349 544 32 18 det
393 544 118 19 hedervärda
523 544 89 19 Ständets
625 544 118 23 bevägenhet
756 545 50 17 samt
814 543 24 19 de
846 543 59 18 andra

142 572 90 18 ständens
244 572 144 23 godkännande.

677 606 19 22 J.
715 605 121 23 Korhonen.

305 682 50 18 Till
373 682 141 24 Vällofliga
531 682 209 24 Borgaretändet!

211 727 62 18 Sedan
286 728 51 18 Hans
354 728 107 23 Kejserliga
473 728 90 23 Majestät
576 728 5 18 i
595 728 34 18 sitt
641 728 75 23 Nädiga
729 728 27 18 tal
771 728 29 17 till
814 728 90 17 Finlands

142 756 80 18 Ständer
235 756 31 18 vid
279 756 125 19 innevarande
417 757 100 23 landtdags
527 757 98 23 öppnande
634 757 96 18 förklarat
742 756 58 18 bland
809 758 58 16 annat
876 759 28 15 att

141 785 70 23 förslag
229 785 31 17 till
279 785 108 18 inrättande
405 786 20 17 af
439 791 37 17 nya
489 786 64 18 skolor
565 786 42 18 med
620 786 74 18 finskan
708 786 30 17 till
753 785 151 23 undervisnings-

141 814 57 22 spräk
211 814 84 18 kommer
308 816 29 16 att
349 814 20 18 af
380 814 107 23 Kejserliga
499 814 82 18 Senaten
590 816 94 21 uppgöras
694 815 4 17 i
709 814 195 18 öfverensstämmelse

141 842 41 19 med
196 842 22 19 de
231 842 121 24 önskningar,
369 849 38 12 som
421 843 95 18 uttalades
529 843 20 18 af
560 843 75 18 landets
649 845 66 16 senast
727 842 114 19 församlade
855 845 48 15 stän-

141 871 38 22 der,
198 872 37 17 kan
254 871 33 18 det
299 872 94 18 måhända
405 877 57 18 synas
475 872 51 18 såväl
539 872 124 23 öfverflödigt,
677 877 40 12 som
731 872 73 17 mindre
818 871 86 23 lämpligt

140 902 30 16 att
182 902 68 16 nästan
264 900 115 18 omedelbart
392 901 48 17 efter
453 901 32 17 det
497 902 29 16 ett
538 901 41 17 med
592 901 63 22 glädje
668 901 79 18 hälsadt
753 901 55 17 bifall
815 901 29 16 till
852 900 52 18 förut

140 929 120 18 framställda
272 929 140 22 önskningsmä]l
427 929 80 18 sålunda
515 929 92 21 erhållits,
616 929 126 18 framkomma
751 929 42 18 med
803 934 36 18 nya
848 929 4 17 i
862 934 41 13 ena-

140 957 60 18 hande
214 958 55 23 syfte.
293 958 36 17 Det
341 959 22 16 är
375 958 74 17 derföre
463 958 57 18 ocksä
532 959 48 17 först
592 959 48 17 efter
653 959 62 22 nägon
729 958 77 21 tvekan,
820 963 38 12 som
870 957 33 23 jag

141 986 73 18 skrider
227 987 31 16 till
271 987 129 22 fullgörandet
411 987 22 17 af
443 987 33 17 det
488 987 107 18 förtroende
608 987 86 22 uppdrag
707 987 53 18 mina
773 987 73 17 valmän
859 987 43 17 lem-

140 1016 34 16 nat
185 1014 38 23 mig
235 1015 6 17 i
254 1014 33 18 det
297 1015 33 23 jag
342 1015 57 23 vägar
415 1015 78 17 anhälla
505 1020 29 12 om
547 1015 170 23 Borgareständets
731 1015 98 23 välvilliga
840 1014 63 18 förord

140 1044 28 17 för
186 1045 30 16 att
234 1045 30 16 ett
282 1044 111 22 fyrklassigt
411 1044 72 22 lyceum
502 1044 41 17 med
561 1043 74 19 finskan
654 1044 30 17 till
699 1044 203 22 undervisningsspräk

140 1072 60 18 blefve
213 1072 95 18 inrättadt
320 1072 5 17 i
339 1072 92 18 Kexholm
445 1072 5 17 i
465 1072 65 18 stället
542 1073 29 17 för
584 1072 34 18 den
633 1078 23 12 nn
670 1072 102 18 derstädes
785 1072 118 18 existerande

140 1100 117 23 tväklassiga
275 1100 113 18 realskolan.
419 1101 35 17 Att
473 1101 61 17 denna
552 1101 117 18 sistnämnda
689 1101 50 17 varit
758 1101 54 22 ringa
831 1101 71 20 besökt,

140 1129 54 18 torde
206 1129 21 17 sä
240 1130 75 22 mycket
327 1130 73 17 mindre
413 1130 65 17 kunna
493 1130 91 22 åberopas
597 1130 60 18 såsom
672 1130 42 17 skäl
729 1130 30 17 för
772 1129 131 18 förkastandet

139 1159 20 17 af
170 1158 117 18 närvarande
303 1158 86 23 petition,
408 1164 39 12 som
461 1164 70 12 samma
543 1158 119 18 förhällande
676 1158 5 18 i
695 1160 63 16 större
772 1158 47 18 eller
832 1158 71 17 mindre

139 1187 46 22 grad
204 1186 52 23 gjort
275 1187 28 23 sig
321 1187 88 23 gällande
422 1187 5 18 i
441 1189 67 16 nästan
527 1187 38 18 alla
578 1187 73 18 landets
665 1187 121 22 tväklassiga
798 1187 105 17 realskolor

139 1216 34 17 och
186 1216 75 17 derföre
273 1216 68 17 endast
353 1216 37 17 kan
403 1216 117 22 ädagalägga
533 1218 29 16 att
575 1218 63 16 ortens
651 1216 157 22 bildningsbehof
816 1215 40 18 icke
866 1215 37 17 till-

139 1244 109 18 fredställes
261 1245 21 17 af
293 1244 52 18 detta
358 1245 51 22 slags
425 1245 92 21 läroverk,
529 1250 41 12 men
584 1245 103 22 ingalunda
700 1246 30 16 att
743 1244 161 22 bildningsbehot-

138 1275 31 15 vet
187 1273 42 17 icke
247 1273 106 18 förefinnes.
377 1273 122 18 Beträffande
517 1274 40 17 åter
576 1274 137 22 befogenheten
734 1274 21 16 af
772 1273 23 17 de
814 1272 88 23 anspråk,

139 1308 38 12 som
190 1302 104 17 Kexholms
307 1301 42 19 stad
362 1303 34 17 och
409 1303 110 17 landsorten
533 1302 119 23 deromkring
665 1303 66 16 kunna
744 1303 5 16 i
757 1302 54 17 detta
818 1301 86 18 afseende

139 1331 57 17 ställa
214 1331 25 21 pä
258 1331 32 17 det
306 1331 101 21 alimänna,
420 1331 55 18 utber
486 1331 33 23 jag
531 1331 37 23 mig
581 1331 67 18 endast
660 1331 20 17 fä
693 1331 65 17 erinra
772 1332 29 16 att
814 1331 36 17 den
862 1330 41 17 bör-

138 1359 48 23 diga,
200 1359 60 17 ehuru
273 1359 6 17 i
291 1359 86 23 bildning
390 1360 34 17 och
437 1360 65 17 kultur
513 1360 138 22 jemförelsevis
665 1360 56 22 ringa
730 1359 114 17 utvecklade
853 1359 31 17 två
893 1359 11 17 &

138 1391 29 14 tre
186 1388 31 17 mil
237 1388 60 18 breda
315 1388 135 18 kuststräckan
470 1388 55 23 kring
537 1388 76 23 Ladoga
625 1388 34 18 har
672 1393 24 13 en
710 1388 113 22 befolkning
836 1388 20 16 af
867 1392 36 12 om-

138 1416 55 22 kring
211 1417 66 20 80,000
295 1416 88 18 invånare
402 1417 35 17 och
450 1419 29 15 att
491 1417 29 17 för
533 1417 61 18 denna
607 1417 111 22 befolkning
731 1416 103 18 nordöstra
846 1416 57 17 Kare-

138 1446 42 16 lens
199 1445 63 22 gamla
274 1445 77 18 hufvud-
365 1446 34 16 och
412 1446 105 17 centralort
529 1446 92 17 Kexholm
635 1447 20 16 är
669 1447 90 16 närmare
774 1445 42 17 stad
830 1446 22 16 än
865 1444 38 18 Wi-

138 1474 53 22 borg;
210 1475 30 16 att
253 1474 5 17 i
271 1474 45 18 hela
333 1474 88 22 Wiborgs
440 1474 37 22 län,
495 1480 38 12 som
549 1474 29 18 till
592 1474 136 22 folkmängden
743 1476 22 15 är
778 1474 33 18 det
824 1473 60 23 tredje
898 1474 4 16 i

208 1511 108 19 Allmänna
332 1511 191 20 Besvärsutskottets
538 1510 129 22 betänkande
682 1510 41 22 N:o
739 1510 36 22 13.
