1023 1675
301 110 249 24 Petitionsbetänkande
565 110 38 23 N:o
619 110 35 23 30.
814 113 12 19 3

98 180 24 23 på
144 180 100 18 bekostnad
265 180 19 18 af
302 180 57 23 öfriga
382 180 134 24 skattskyldiga
531 180 112 23 lägenheter,
658 180 27 18 för
700 180 62 18 hvilka
778 180 78 18 nämnda

98 215 55 13 onera
168 210 105 22 derigenom
288 209 56 18 blifva
359 210 20 17 så
394 210 72 22 mycket
481 215 50 12 mera
546 210 122 22 betungande.

167 239 26 17 På
208 238 58 23 grund
281 238 19 18 af
313 238 131 18 ofvanstående
458 238 135 23 framställning
608 238 27 18 får
650 238 33 18 hos
704 238 98 23 höglofliga
814 238 42 18 Rid-

98 268 97 22 derskapet
218 267 33 18 och
273 267 60 18 Adeln
350 268 32 22 jag
402 268 92 17 vördsamt
514 268 72 22 föreslå,
603 269 28 15 att
646 267 83 22 samtliga
744 267 91 17 boställen
850 267 6 16 i

98 296 62 17 landet
174 296 65 21 blefve,
255 296 23 23 på
292 296 23 17 de
330 296 28 17 för
373 296 70 18 kronan
459 296 136 23 förmonligaste
610 296 64 21 vilkor,
685 296 29 17 till
724 296 82 17 enskilda
816 301 40 18 per-

98 330 54 12 soner
166 325 83 21 försälda,
265 325 6 17 i
286 325 36 18 den
336 331 44 12 mon
395 325 23 18 de
433 331 24 12 nu
467 325 93 23 ingångna
570 325 110 18 kontrakten
691 325 72 17 komma
774 326 28 16 att
812 331 45 16 upp-

98 353 49 22 höra,
168 354 44 17 eller
230 354 52 17 äfven
302 354 78 23 tidigare
398 354 75 18 såframt
489 354 44 18 aftal
549 355 62 17 derom
626 354 61 17 kunna
701 354 62 17 träffas
778 354 42 17 med
835 353 22 18 de

98 383 105 18 nuvarande
218 383 156 18 arrendatorerne.
390 383 9 18 I
415 383 87 18 händelse
519 384 60 17 denna
593 383 80 24 petition
689 383 64 18 vinner
769 383 33 17 hos
812 382 44 18 Rid-

98 412 98 23 derskapet
214 412 33 18 och
262 411 59 19 Adeln
340 412 84 23 behörigt
442 413 91 22 afseende,
549 412 83 18 anhåller
644 412 32 24 jag
691 418 30 12 om
736 412 42 17 dess
793 411 63 18 remiss

98 441 28 18 till
142 441 122 23 vederbörligt
279 441 76 18 utskott.

166 470 120 23 Helsingfors,
301 471 35 17 den
353 469 12 19 4
381 470 89 18 Februari
488 469 61 20 1882.

522 507 24 23 E.
561 507 26 23 A.
604 506 183 25 Nordenskiöld".

168 602 237 28 Militieexpeditionens
422 602 6 21 i
444 602 61 27 tryck
525 600 83 28 utgifna
623 601 119 22 berättelse
757 600 33 22 för
806 600 51 22 ären

100 638 147 25 1877—1881,
263 636 85 22 hvilken
362 636 79 28 jemväl
458 636 70 22 blifvit
543 636 32 21 till
591 635 92 22 stånden
697 635 96 26 utdelad,
805 635 52 21 lem-

98 678 39 14 nar
152 670 119 23 värdefulla
286 671 154 27 upplysningar
455 677 35 15 om
506 670 209 22 militieboställenas
727 669 130 27 förvaltning

98 706 41 22 och
163 706 122 21 nuvarande
308 706 103 26 tillständ,
436 706 114 21 hvarutom
566 705 114 22 Utskottet
694 704 48 22 frän
757 704 101 22 bemälda

98 740 127 28 Expedition
242 741 114 27 emottagit
370 741 126 27 ytterligare
513 740 157 22 meddelanden
685 739 93 22 rörande
790 739 68 27 sagda

97 775 113 26 boställen,
234 775 76 22 liksom
333 776 114 21 Utskottet
464 775 63 22 äfven
542 774 47 22 frän
604 774 253 27 Kammarexpeditionen

99 810 85 22 erhällit
198 810 106 22 särskilda
320 810 109 27 uppgifter
445 810 94 22 rörande
555 809 157 27 kungsgärdar,
724 808 133 22 civilstatens

97 845 115 26 boställen,
228 845 208 26 prebendehemman
453 845 41 21 och
510 844 68 27 öfriga
594 843 169 22 utarrenderade
779 843 78 22 krono-

98 879 132 28 lägenheter.

167 913 209 22 Militieboställenas
387 913 59 22 anta]
457 915 25 20 är
493 915 41 20 785
547 919 34 16 om
593 915 40 20 428
644 913 87 27 mantal,
743 912 34 22 för
787 912 72 22 hvilka

99 949 24 21 år
146 949 54 21 1880
220 949 7 20 i
243 949 90 21 arrende
354 949 85 21 erlades
456 950 94 25 437,140
565 948 61 21 mark
643 949 25 20 96
685 947 70 28 penni,
773 946 86 22 hvartill

97 983 87 22 komma
207 985 63 25 6,320
293 983 60 22 mark
377 983 122 27 ersättning
519 983 23 21 af
560 983 133 21 statsverket
711 982 34 21 för
760 981 33 22 till
808 981 50 22 dess

98 1019 127 26 disposition
240 1018 104 27 upplätna
362 1018 193 21 militieboställen.
585 1017 123 28 Utgifterna
724 1017 32 22 för
771 1017 87 26 inspek-

98 1053 73 22 tionen
186 1053 57 27 stiga
258 1053 33 21 till
306 1054 78 26 41,000
400 1053 61 21 mark
478 1053 89 27 ärligen.
590 1052 139 22 Boställenas
745 1051 114 22 afkortade

97 1089 74 20 räntor
185 1088 73 27 uppgä
272 1087 32 22 för
320 1088 24 21 är
360 1089 56 20 1880
432 1087 33 22 till
484 1089 92 25 125,900
592 1087 67 22 mark.

166 1123 33 21 De
214 1122 169 22 utarrenderade
400 1122 63 22 civila
478 1122 141 27 boställenas,
630 1121 190 28 kungsgärdarnes
831 1127 27 15 m.

97 1158 21 22 fl.
133 1158 137 27 lägenheters
292 1158 58 21 antal
366 1159 24 19 är
406 1158 27 20 40
450 1156 22 22 af
488 1157 67 21 omkr.
573 1159 26 20 54
615 1156 81 22 mantal
711 1156 50 22 med
778 1157 32 20 ett
826 1155 33 21 är-

97 1192 41 28 ligt
154 1192 90 22 arrende
260 1191 22 22 af
297 1194 61 24 1,598
374 1193 80 20 tunnor
469 1192 99 26 spanmäl
584 1192 41 21 och
642 1193 61 25 1,916
719 1190 69 22 mark.
804 1190 56 21 Här-

98 1227 33 21 till
151 1227 85 21 komma
255 1226 170 22 utarrenderade
444 1226 145 28 utbyskaiter,
607 1228 72 25 ängar,
695 1226 91 26 holmar,
802 1224 57 26 skär,

98 1256 86 33 klippor
199 1261 40 22 och
255 1260 97 22 fiskerier
366 1261 50 21 med
432 1262 33 20 ett
482 1261 65 27 årligt
563 1260 90 22 arrende
669 1260 22 22 af
704 1261 78 25 61,693
799 1258 61 22 mark

100 1298 25 20 61
142 1296 70 28 penni,
229 1298 41 20 255
289 1297 79 20 tunnor
386 1296 53 26 171/,
456 1296 51 27 kap.
525 1295 98 28 spanmäl
639 1296 55 21 samt
709 1296 42 20 269
767 1294 48 27 lisp.
834 1296 25 19 15

100 1331 68 27 skälp.
184 1331 41 21 och
242 1332 39 20 100
297 1332 79 20 tunnor
391 1330 72 22 saltad
478 1330 42 22 lax.
551 1330 104 27 Anslaget
669 1330 32 22 för
711 1330 103 26 tillsynen
829 1328 30 34 öf-

100 1372 37 16 ver
151 1366 150 27 kungsgärdar
316 1366 40 21 och
372 1365 64 21 civila
451 1365 110 22 boställen
576 1366 64 26 utgör
655 1366 63 25 2,500
734 1364 67 22 mark.

168 1400 11 21 1
200 1399 241 28 Militieexpeditionens
466 1399 157 22 ofvannämnda
638 1399 118 22 berättelse
772 1397 88 26 uttalas,

100 1435 29 28 pä
144 1435 69 28 grund
228 1434 24 22 af
265 1434 270 27 boställsinspektörernes
552 1433 200 22 treärsberättelser
768 1432 40 22 och
820 1432 41 21 den

170 1474 150 19 Statsutskotteis
332 1473 116 19 betänkande
461 1474 38 18 N:o
512 1474 16 18 7.
