1017 1678
327 144 234 25 Petitionshetänkande.
580 148 44 22 N:o
634 146 34 23 13.
833 146 11 18 7

279 229 48 17 Till
344 229 157 23 Högvördiga
516 225 199 22 Presteständet!
810 241 6 5 .

186 273 9 18 I
208 273 83 23 enlighet
303 274 42 17 med
358 274 115 19 Ständernas
486 275 62 18 beslut
560 275 30 18 vid
603 277 76 16 senaste
696 275 90 22 landtdag
800 275 73 22 petitio-

117 301 80 18 nerades
215 302 33 18 hos
267 303 52 18 Hans
336 303 105 22 Kejserliga
459 303 90 23 Majestät
561 304 6 17 i
579 304 150 22 underdänighet
746 304 55 17 bland
819 306 56 15 annat

118 330 68 22 derom,
194 320 31 37 att
240 334 27 15 ett
279 331 110 23 fyrklassigt
401 332 72 22 lyceum
486 333 42 17 med
537 332 61 18 finska
607 332 60 18 säsom
677 333 197 22 undervisningsspräk

117 359 57 18 mätte
187 360 24 22 pä
224 362 69 16 statens
307 360 105 18 bekostnad
425 361 79 17 inrättas
513 361 26 17 uti
549 361 121 23 Björnchorg.
693 362 57 17 Detta
759 361 61 17 beslut
829 366 44 17 upp-

117 388 55 18 väkte
189 388 68 18 allmän
275 389 62 23 glädje
355 389 52 17 såväl
425 390 27 17 uti
471 390 79 17 nämnde
569 390 41 18 stad
628 396 38 12 som
679 390 27 18 uti
719 390 43 18 dess
775 390 99 22 omnejder.

118 417 68 17 Vestra
203 418 90 17 Finlands
311 418 112 18 innevånare
441 419 26 17 uti
481 419 31 17 det
525 419 72 23 åldriga
611 419 103 18 Satakunta
727 419 44 22 sägo
784 419 26 17 uti
824 418 50 18 detta

117 446 64 17 beslut
193 448 27 16 ett
233 447 60 17 starkt
306 447 41 17 stöd
360 447 29 17 för
402 447 41 18 sina
455 448 89 22 lifligaste
557 448 156 22 förhoppningars
726 448 118 23 uppfyllelse.

185 475 44 17 Men
242 475 24 17 dä
277 475 160 23 förverkligandet
450 476 21 18 af
481 476 32 18 det
526 476 41 18 utaf
578 476 101 18 ständerna
697 476 109 18 framstälda
818 476 55 18 önsk-

116 504 112 22 ningsmälet
244 504 65 18 endast
327 504 46 23 drog
390 506 21 16 ut
427 505 24 22 pä
463 505 52 18 tiden
528 508 47 15 samt
587 511 42 12 man
642 505 69 18 ernade
725 505 55 18 ställa
793 505 79 18 detsam-

116 538 30 12 ma
158 532 5 18 i
176 532 90 19 samband
278 533 42 18 med
329 534 254 22 omstörtningssträfvanden
591 534 42 18 med
642 534 71 23 hänsyn
723 534 27 18 till
759 534 115 22 läroplanen,

116 563 48 16 samt
182 561 78 18 emedan
280 562 176 23 värnepligtslagen,
479 563 58 22 enligt
557 563 76 18 hvilken
653 562 106 23 betydande
780 562 94 18 lättnader

116 590 103 23 medgifvas
237 590 102 24 ynglingar,
358 591 65 18 hvilka
441 592 108 22 genomgätt
564 592 153 22 lärdomsskolor,
729 591 58 18 redan
800 591 40 18 frän
853 592 20 17 är

116 620 44 16 1881
179 619 62 18 skulle
259 619 55 19 träda
325 620 7 17 i
344 620 87 22 gällande
450 620 56 20 kraft,
524 620 73 18 beslöto
610 620 123 23 medborgare
746 620 6 18 i
764 620 109 22 Satakunta,

116 650 28 16 att
156 649 29 17 ett
196 648 61 22 privat
268 648 72 23 lycenm
353 649 41 17 med
407 648 58 19 finskt
477 649 199 23 undervisningsspräk
688 649 48 18 ifrän
749 649 67 18 hösten
830 650 42 16 1879

116 676 61 18 skulle
189 677 79 18 inrättas
281 677 6 18 i
299 677 122 23 Björneborg,
435 681 48 15 samt
495 678 137 22 upprätthällas
645 677 42 18 med
696 677 96 18 enskildas
800 677 73 23 bidrag,

115 705 29 18 till
157 705 43 18 dess
214 708 60 16 staten
287 706 62 18 skulle
362 706 97 23 öfvertaga
472 707 66 23 lyceet.
555 707 64 18 Säsom
628 707 52 18 bevis
689 707 50 22 uppä
747 706 41 18 med
798 706 74 18 hvilken

114 734 48 17 ifver
178 740 42 12 man
237 735 42 22 gick
297 735 30 18 till
342 735 71 22 verket,
425 735 30 18 mä
467 736 35 17 här
514 737 107 16 omnämnas
633 738 28 15 att
673 736 49 17 inom
735 735 57 23 nägra
804 735 69 18 veckor

115 763 49 18 hade
176 763 24 22 pä
212 764 176 23 anteckningslistor
400 764 75 18 teknats
491 765 62 21 25,462
566 764 53 18 mark
631 765 21 16 25
665 765 37 22 p:ni
714 764 29 18 för
755 764 117 23 upprätthäl-

115 791 65 19 landet
192 792 21 17 af
223 792 62 23 lyceet
296 792 59 19 under
367 793 10 17 3
391 793 26 24 år,
434 793 103 22 hvarjemte
555 793 128 23 Björneborgs
703 793 169 23 stadsfullmäktige

115 820 56 19 hafva
183 821 78 18 beslutit
273 824 27 15 att
312 821 29 18 för
354 821 51 19 detta
418 822 62 17 läseär
487 822 54 18 anslå
546 821 29 18 för
584 827 69 12 samma
661 821 86 19 ändamål
756 823 50 18 3,000
815 821 57 18 mark.

184 849 79 23 Lyceets
282 850 98 23 direktion,
393 851 19 18 ät
424 851 77 17 hvilken
519 851 113 18 tecknarene
648 851 86 18 lemnade
747 850 34 18 full
794 852 38 16 rätt
844 853 28 15 att

115 878 11 17 &
138 878 56 18 deras
206 880 69 21 vägnar
287 879 42 18 fritt
341 879 69 18 handla
423 880 26 17 uti
463 879 38 18 alla
511 879 57 23 lyceet
576 879 79 18 rörande
665 879 165 23 angelägenheter,
840 879 31 18 be-

115 907 37 18 slöt
165 907 83 18 anordna
259 908 110 23 läroplanen
381 909 27 17 uti
421 908 62 18 denna
496 908 102 23 inrättning
610 908 6 17 i
629 908 192 18 öfverensstämmelse
830 907 42 18 med

115 936 36 17 den
163 936 29 18 för
205 937 116 18 närvarande
334 937 26 18 uti
373 939 72 17 statens
453 937 64 23 lyceer
525 937 94 22 gällande.
639 937 108 18 Orsakerna
756 937 62 18 härtill
827 942 44 12 voro

114 967 68 16 tvenne
195 965 36 23 1:0)
244 965 41 22 den,
299 968 27 16 att
338 971 41 13 man
392 966 84 18 önskade
489 966 27 17 uti
529 966 51 18 detta
592 965 71 24 lyceum
673 965 95 18 bibehålla
776 966 35 17 den
821 966 49 17 klas-

115 993 52 18 siska
175 993 65 23 grund,
252 995 71 22 hvarpä
335 992 192 26 skolinrättningarna
539 995 34 17 hos
587 1000 35 14 oss,
635 995 30 17 till
678 995 40 17 vårt
731 995 53 17 lands
797 994 75 22 bätnad,

114 1021 56 19 hafva
188 1022 59 23 byggt
265 1023 34 18 allt
311 1022 41 19 från
365 1023 22 18 de
400 1023 54 22 tider,
468 1023 24 18 då
504 1023 36 18 den
552 1023 154 23 vesteuropeiska
719 1023 107 23 bildningen
839 1023 31 17 be-

114 1052 58 21 gynte
191 1057 33 18 gry
242 1052 27 17 uti
286 1052 91 18 Finlande
395 1052 69 23 skogar
483 1052 34 18 och
534 1052 39 23 2:0)
585 1052 40 19 den,
639 1054 28 16 att
679 1052 17 22 ej
710 1052 91 23 styrelsen
814 1052 57 17 måtte

114 1085 45 12 vara
172 1080 79 18 hindrad
264 1083 27 16 att
303 1083 34 16 när
350 1087 38 12 som
401 1081 50 18 helst
464 1081 97 22 öfvertaga
573 1081 52 20 detta
637 1081 71 22 lyceum
718 1083 47 15 samt
773 1081 6 17 i
788 1080 84 23 enlighet

114 1108 42 18 med
169 1109 111 18 ständernas
293 1109 88 18 anhållan
394 1109 55 18 deraf
459 1110 70 18 inrätta
542 1111 28 16 ett
582 1109 124 23 statslyceum.
732 1109 82 18 Sålunda
826 1111 44 20 öpp-

115 1137 58 18 nades
184 1137 43 18 med
240 1138 64 23 nådigt
316 1138 84 19 tillstånd
413 1139 128 22 Björneborgs
553 1138 61 23 privat
622 1138 71 23 lyceum
703 1138 36 17 den
748 1139 6 16 1
762 1137 110 23 September

116 1167 50 21 1879,
180 1166 23 18 då
216 1166 32 18 det
265 1167 69 22 högsta
351 1167 76 23 möjliga
439 1167 74 18 antalet
525 1167 62 18 elever
600 1167 24 22 på
637 1172 22 12 en
672 1167 58 21 klass,
743 1166 47 18 eller
802 1167 28 21 40,
842 1166 29 18 till

114 1195 67 18 skolan
193 1195 74 23 intogos
279 1195 65 18 ibland
357 1197 22 16 52
391 1195 176 19 inträdessökande.
592 1195 61 18 Sedan
666 1195 43 18 dess
718 1195 35 18 har
761 1195 61 22 lyceet
830 1200 41 13 suc-

114 1223 69 18 cessivt
194 1223 100 24 utvidgats,
309 1224 20 18 så
341 1227 28 16 att
381 1224 33 18 det
426 1224 29 18 för
467 1224 117 19 närvarande
597 1224 76 18 arbetar
685 1224 42 17 med
740 1225 10 16 3
760 1224 78 17 klasser.
863 1224 8 17 I

114 1252 75 18 hvilken
202 1252 47 23 grad
261 1253 52 18 detta
325 1253 87 18 läroverk
424 1253 35 18 har
472 1253 43 23 fyllt
527 1253 27 18 sin
570 1253 77 22 uppgift,
667 1256 48 15 samt
733 1253 93 18 tillvunnit
843 1252 29 23 sig

114 1281 78 18 allmänt
208 1281 113 20 förtroende,
341 1281 80 24 framgår
440 1282 55 18 deraf
512 1284 28 16 att
555 1281 114 18 elevantalet
681 1281 29 18 för
722 1281 116 18 närvarande
851 1283 21 15 är

114 1310 28 20 86,
154 1309 94 19 fördeladt
260 1310 25 23 på
297 1311 76 17 skolans
386 1311 62 18 skilda
457 1311 74 18 klasser
539 1310 83 22 sålunda,
635 1312 28 16 att
675 1310 36 17 den
725 1309 58 18 första
795 1309 77 19 klassen

114 1338 68 18 räknar
195 1339 28 21 38,
236 1338 36 18 den
285 1339 60 18 andra
356 1340 22 16 27
391 1341 48 16 samt
452 1339 36 17 den
501 1339 60 23 tredje
573 1340 22 16 21
608 1339 67 17 clever.

183 1366 65 18 Ehuru
260 1367 59 18 redan
331 1372 39 13 mer
383 1369 22 16 än
419 1368 10 16 4
442 1367 21 18 år
475 1367 79 19 förflutit
567 1367 58 18 sedan
637 1367 70 18 folkets
720 1369 152 20 representanter

114 1394 30 18 vid
156 1398 75 15 senaste
244 1395 90 23 landtdag
347 1396 54 22 gåfvo
414 1396 33 18 sitt
458 1396 54 18 bifall
525 1396 28 18 till
569 1396 60 18 ökade
648 1396 82 17 skatters
748 1395 122 23 påläggande,

114 1423 24 22 på
150 1423 32 19 det
194 1424 17 22 ej
224 1424 97 23 Styrelsen
333 1424 20 18 af
364 1424 47 18 brist
423 1424 24 23 på
459 1425 62 17 medel
533 1424 61 18 skulle
607 1419 44 23 vara
663 1424 80 18 hindrad
756 1426 27 16 att
791 1424 81 18 bekosta

114 1452 119 18 nnderhället
251 1452 20 18 af
286 1458 37 18 nya
341 1452 138 24 finskspråkiga
498 1453 67 20 skolor,
585 1453 34 18 har
637 1453 113 17 Satakuntas
763 1452 109 22 befolkning

184 1489 106 19 Allmänna
305 1489 192 20 Besvärsulskottets
513 1489 126 20 betänkande
655 1490 36 18 N:o
709 1489 34 19 13.
