1011 1678
194 105 12 20 6
373 102 250 23 Petitionsbetänkande
637 103 38 22 N:o
691 101 30 23 14.

166 172 107 18 densamma
288 173 68 17 utfinna
372 178 23 11 en
410 173 112 22 sträckning,
537 178 45 15 som,
595 172 58 23 jemte
668 172 32 17 det
714 171 36 18 den
765 172 107 22 tillgodoser
886 171 39 18 lan-

165 201 40 18 dets
222 201 89 23 vigtigare
326 201 92 18 allmänna
435 201 60 22 behof,
510 201 40 18 icke
565 201 60 18 tillika
639 201 7 17 i
661 202 58 16 större
734 201 45 17 eller
794 201 70 17 mindre
879 200 45 23 grad

165 230 71 17 komme
252 232 28 15 att
299 231 76 22 menligt
394 230 76 18 inverka
490 230 23 23 på
528 230 66 23 många
609 232 58 15 orters
682 230 61 17 lokala
757 229 97 22 intressen,
870 234 54 19 synas

164 259 38 22 mig
216 259 48 18 dock
280 259 49 18 såväl
344 259 78 18 rättvisa
436 259 34 18 och
485 259 90 22 billighet,
590 265 39 12 som
645 259 31 17 det
691 259 92 17 allmänna
794 259 53 17 bästa
857 258 66 20 fordra,

165 289 27 16 att
208 287 54 18 äfven
284 288 52 18 dessa
355 288 122 17 sistnämndas
496 288 41 17 kraf
555 288 24 23 på
597 288 59 22 någon
672 288 54 17 andel
740 287 6 18 i
762 287 22 18 de
800 289 49 16 stora
865 287 57 18 förde-

164 316 52 18 larna
235 317 21 17 af
276 323 54 17 nyare
348 317 58 17 tiders
425 317 112 18 förbättrade
557 316 233 23 kommunikationsmedel,
811 316 112 22 tillbörligen

164 345 83 17 beaktas.

232 380 68 18 Lovisa
315 380 50 17 stads
380 380 85 17 framtida
480 386 44 11 vara
539 380 33 17 och
587 380 93 17 icke-vara
695 380 44 17 bero
755 385 24 11 nu
793 379 65 17 endast
868 379 55 21 deraf,

163 408 91 17 huruvida
269 409 64 17 staden
348 409 36 16 kan
400 409 72 17 komma
486 409 7 16 i
507 409 61 17 direkt
581 408 199 23 jernvägsförbindelse
795 407 42 18 med
851 408 72 17 landets

163 437 129 18 stambanenät
307 437 44 18 eller
365 437 47 19 icke.
435 438 55 17 Klart
504 437 87 18 inseende
607 438 56 21 detta,
678 437 103 18 inlemnade
792 435 65 19 staden
867 437 56 17 redan

164 466 21 17 år
203 464 51 19 1871
274 467 27 16 till
321 466 103 23 Kejserliga
441 467 80 17 Senaten
536 472 23 12 en
575 466 113 22 underdånig
707 466 80 17 ansökan
803 471 30 12 om
847 466 76 17 konces-

163 495 40 17 sion
218 495 29 17 för
262 495 94 23 byggande
372 495 20 17 af
403 501 23 12 en
441 495 107 23 bredspårig
563 495 176 23 lokomotivjernväg
754 495 78 17 emellan
847 495 35 17 den
893 492 30 21 så-

163 523 72 18 kallade
255 524 122 18 varfsholmen
395 524 50 18 invid
462 525 73 17 stadens
550 525 54 17 hamn
619 525 33 17 och
667 524 81 17 Kausala
760 523 161 24 jernvägsstation,

163 553 103 22 utgörande
281 558 23 12 en
322 553 102 23 vägalängd
442 553 21 18 af
478 551 26 20 52
521 555 56 21 verst,
595 555 48 16 samt
658 553 63 21 erhöll,
736 553 46 18 efter
798 553 93 23 förloppet
906 552 20 18 af

163 587 39 12 mer
217 583 23 16 än
256 582 39 23 fyra
309 582 29 17 års
354 582 32 21 tid,
402 583 24 22 på
439 583 61 17 denna
514 583 28 17 sin
558 583 81 17 ansökan
654 582 104 23 Kejserliga
772 582 90 17 Senatens
873 587 50 12 reso-

163 610 58 18 lution
237 610 21 17 af
270 610 35 18 den
324 609 23 19 17
364 611 88 18 Februari
470 610 59 23 1876,
545 611 126 18 innefattande
687 611 57 22 afslag
759 611 24 23 på
798 611 59 22 grund
867 610 56 22 deraf,

163 641 27 15 att
205 639 83 18 ansökan
302 640 39 17 icke
359 640 70 23 åtföljts
444 641 21 16 af
477 641 35 16 alla
527 641 22 17 de
565 641 114 22 handlingar,
695 646 29 11 om
739 640 63 17 hvilka
816 646 23 11 en
854 639 68 24 fjorton

162 668 56 22 dagar
235 668 40 18 före
294 669 123 17 resolutionen
437 669 96 17 emanerad
552 669 92 23 Kejserlig
658 669 106 22 förordning
779 669 94 22 angående
888 669 35 17 vil-

162 696 58 18 koren
236 696 28 18 för
282 698 102 22 beviljande
400 698 20 17 af
436 698 108 18 koncession
560 698 19 17 åt
594 698 83 17 enskilda
692 703 87 17 personer
794 704 24 11 m.
834 704 24 11 m.
874 698 48 17 stad-

161 731 39 17 gar.
231 726 57 17 Detta
309 726 66 18 Lovisa
398 727 50 17 stads
471 727 60 17 försök
554 728 28 16 att
601 727 103 23 sjelf
649 722 6 32 '
659 727 45 23 taga
718 726 96 23 lösningen
830 726 20 18 af
863 726 60 18 denna

162 754 81 23 lifsfråga
262 760 28 12 om
310 755 54 21 hand,
384 756 68 17 råkade
472 756 75 17 sålunda
565 756 60 17 denna
640 756 48 22 gång
703 757 20 16 ut
738 755 28 17 för
780 757 28 16 ett
823 756 37 17 lika
875 756 46 17 oför-

162 783 67 23 skyldt,
245 789 39 12 som
300 784 126 23 oberäkneligt
442 784 85 22 missöde;
543 785 34 17 och
593 785 22 17 de
631 784 59 18 medel
702 784 28 18 för
740 784 70 18 banans
819 784 101 24 byggande,

162 817 39 13 som
226 810 53 20 1871
304 813 53 17 stodo
379 814 65 17 staden
463 814 28 16 till
509 814 52 20 buds,
577 814 62 17 hunno
655 813 57 18 under
726 813 35 17 den
776 813 55 23 långa
846 814 75 17 mellan-

162 841 50 17 tiden
226 841 24 22 gå
265 841 35 17 den
316 848 21 11 ur
351 842 99 18 händerna.
481 842 36 18 Det
536 842 40 21 öde,
593 848 38 12 som
647 842 78 18 derefter
740 842 79 18 drabbat
834 842 35 18 alla
884 842 36 23 pri-

161 871 44 16 vata
221 870 160 23 jernvägsföretag
395 871 7 17 i
417 871 67 21 landet,
503 871 32 17 har
550 871 85 17 förlamat
650 872 60 16 lusten
724 870 33 18 hos
772 871 63 22 hvarje
850 871 70 23 kapita-

161 898 36 22 list,
213 900 28 16 att
257 899 6 17 i
278 899 68 18 sådana
364 900 71 22 företag
455 900 71 22 placera
541 900 40 18 sina
596 900 110 23 penningar;
722 900 34 17 och
771 900 57 22 några
843 900 77 22 utsigtor

161 926 99 18 förefinnas
274 928 76 18 sålunda
365 928 39 18 icke
420 930 28 16 att
463 929 140 17 förnärvarande
619 929 85 17 realisera
720 928 35 18 den
769 928 94 18 tilltänkta
870 928 49 24 jern-

161 957 58 21 vägen
236 956 25 23 på
276 957 61 22 privat
351 959 41 21 väg.

230 985 44 17 Men
296 986 63 22 frågan
381 986 54 17 berör
455 986 15 22 ej
490 986 66 18 endast
578 986 66 18 Lovisa
663 986 47 21 stad,
729 988 44 15 utan
794 986 87 22 derjemte
897 992 22 12 en

161 1013 73 23 mycket
257 1013 101 19 vidsträckt
379 1015 83 17 landsort
481 1015 33 17 och
533 1015 87 17 särskildt
640 1015 35 17 den
691 1015 53 22 kring
758 1014 76 23 Päijäne
849 1016 70 16 vatten-

161 1042 50 22 drag,
232 1042 75 18 hvilken
323 1043 5 17 i
347 1043 66 18 Lovisa
431 1043 33 18 har
483 1044 27 17 sin
530 1045 92 16 närmaste
637 1044 55 17 hamn
708 1043 30 18 vid
753 1043 55 18 södra
822 1043 65 18 kusten
902 1043 21 18 af

160 1071 69 17 landet.
261 1071 52 18 Huru
328 1072 72 23 mycket
415 1077 23 12 en
452 1072 75 23 jernväg
543 1073 77 17 emellan
635 1072 81 18 Kausala
731 1071 34 18 och
780 1072 67 18 Lovisa
861 1073 59 17 skulle

160 1099 28 18 för
203 1100 55 17 dessa
276 1101 62 22 nejder
355 1101 83 17 förkorta
458 1103 57 20 vägen
530 1101 29 18 till
574 1101 61 17 hafvet
649 1102 50 17 inses
714 1101 56 20 deraf,
786 1103 28 15 att
825 1101 95 23 jernvägs-

160 1128 86 17 sträckan
270 1129 39 18 från
329 1130 80 17 Kausala
430 1130 28 17 till
477 1130 113 22 Helsingfors
610 1132 21 15 är
649 1128 45 23 158,
710 1130 28 17 till
753 1130 61 22 Borgå
832 1129 35 18 161
886 1130 34 17 och

160 1157 28 17 till
211 1157 68 18 Lovisa
301 1158 58 17 blefve
379 1157 27 18 52
426 1161 55 19 verst,
501 1161 46 15 samt
565 1159 40 17 från
619 1159 65 17 Lahtis
699 1159 28 17 till
742 1158 114 23 Helsingfors
875 1157 44 23 122,

160 1185 28 18 till
203 1186 63 23 Borgå
285 1185 37 19 125
338 1187 33 18 och
388 1187 27 17 till
431 1187 66 18 Lovisa
510 1188 51 17 öfver
576 1188 81 17 Kausala
672 1188 66 17 endast
754 1186 26 19 88
792 1189 55 16 verst.
863 1188 58 17 Dessa

159 1214 51 17 fakta
229 1215 40 18 visa
288 1216 90 23 tillfyllest
397 1216 85 17 behofvet
501 1217 20 16 af
533 1222 23 12 en
574 1217 68 17 bibana
657 1216 39 17 från
712 1216 81 17 Kansala
808 1217 68 17 station
891 1216 29 17 till

159 1243 72 21 Lovisa,
248 1244 34 17 och
298 1245 22 16 då
339 1245 60 17 denna
415 1245 71 17 komme
505 1247 27 16 att
548 1245 79 23 fortlöpa
641 1250 65 17 genom
723 1251 22 12 en
761 1245 27 17 för
800 1245 120 22 jernvägsan-

159 1272 89 23 läggning
263 1273 116 23 synnerligen
393 1279 94 18 gynnsam,
503 1275 36 16 slät
553 1274 52 17 mark
620 1274 41 17 med
677 1273 36 18 fast
720 1274 85 23 jordmån
817 1273 32 18 och
861 1274 59 23 stadig

159 1301 59 22 grund
242 1303 48 16 samt
307 1302 52 23 ringa
379 1303 107 22 stigningar,
504 1303 33 17 har
557 1303 105 17 densamma
680 1303 100 17 beräknats
796 1303 66 21 kunna,
878 1303 42 17 med

159 1329 119 23 iakttagande
294 1331 20 16 af
326 1332 68 16 största
408 1331 74 23 möjliga
496 1332 118 22 sparsamhet,
630 1331 70 17 utföras
710 1331 28 17 för
748 1331 84 22 omkring
844 1329 75 23 50,000

159 1358 51 17 mark
225 1364 35 17 per
275 1361 54 19 verst,
345 1360 45 16 eller
405 1362 28 15 ett
448 1360 113 23 totalbelopp
576 1360 20 17 af
610 1358 111 24 2,600,000
738 1360 57 17 mark.
821 1360 28 18 Då
863 1360 57 17 likväl

158 1386 42 23 föga
215 1387 59 23 utsigt
289 1388 97 18 förefinnes
401 1390 27 16 att
444 1389 140 17 förnärvarande
599 1389 24 23 på
638 1389 72 17 enskild
725 1390 36 21 väg
776 1388 61 18 kunna
850 1388 29 18 för
889 1390 31 16 än-

159 1415 79 18 damälet
255 1418 147 22 sammanbringa
417 1418 51 17 detta
483 1418 72 22 belopp,
571 1418 34 17 och
621 1419 62 16 staten
698 1417 21 17 af
726 1418 36 17 den
773 1417 57 23 ifråga
840 1418 79 17 varande

232 1453 193 23 Jernvägsutskottets
438 1454 115 17 betänkande
566 1454 37 18 N:o
615 1455 17 17 2.
