1020 1675
193 114 22 18 12
360 139 2 2 N
379 109 242 39 Petitionsbetänkande
633 114 38 19 N:o
685 113 31 19 32.

170 170 119 28 lägsnande
311 170 48 22 frän
376 171 25 22 de
416 172 59 28 lägre
490 172 111 22 klasserna
617 172 41 21 den
673 178 29 14 nu
718 171 99 28 gällande
832 170 97 28 grunden

170 204 34 22 för
219 204 245 29 spräkundervisningen
479 206 8 21 i
502 206 75 22 skolan
592 206 71 21 blefve
678 205 165 28 undanskjuten,
859 204 71 22 denna

171 238 151 29 undervisning
338 240 122 27 derigenom
475 240 86 22 komme
576 242 33 20 att
624 240 68 21 sakna
706 240 29 21 all
750 240 81 21 fastare
847 240 34 20 rot
889 238 40 22 och

170 272 81 25 botten,
267 272 70 28 nägon
353 274 92 27 egentlig
461 274 115 27 betydelse.
606 274 30 27 Ty
652 274 54 21 först
722 274 39 21 och
777 273 76 22 främst
868 272 61 22 torde

171 306 6 20 i
193 305 100 23 afseende
316 306 12 22 å
350 306 97 29 förmåga
470 310 32 19 att
525 308 58 27 tjena
598 307 71 22 såsom
685 307 104 28 grundval
805 307 34 22 för
855 305 74 29 spräk-

171 340 95 21 studium
289 343 30 19 ett
342 340 65 28 språk
428 341 46 22 icke
497 342 73 21 kunna
593 349 62 14 anses
670 341 7 21 i
693 341 39 22 och
748 341 33 22 för
797 341 32 28 sig
845 348 39 21 ega
899 342 31 20 ett

171 374 98 27 afgjordt
290 375 107 22 företräde
420 375 90 22 framför
533 378 30 20 ett
581 378 73 19 annat.
687 375 44 22 Och
747 383 34 14 om
799 375 40 22 ock
854 375 76 21 latinet

171 415 76 20 genom
271 408 110 29 längvarig
404 410 38 21 och
457 410 85 27 ihärdig
558 410 141 27 bearbetning
715 409 24 22 af
751 409 48 22 dess
815 409 115 22 elementer

172 443 40 20 och
228 441 307 30 spräkbyggnad
398 437 11 39 i
419 441 116 30 didaktiskt
551 444 120 21 hänseende
688 444 73 21 vunnit
777 446 30 19 ett
815 444 51 21 visst
874 443 55 21 före-

171 476 62 21 träde
249 477 52 21 eller
316 477 113 28 förspräng
444 479 90 20 framför
550 478 68 21 andra
633 477 72 28 spräk,
714 477 71 22 kunde
793 478 54 21 dock
856 477 74 28 hvarje

171 517 60 15 mera
247 511 120 28 betydande
383 512 113 27 olägenhet
511 512 24 21 af
548 512 40 21 den
605 512 127 27 anordning,
748 513 33 20 att
793 511 83 22 landets
892 518 37 15 an-

172 544 40 22 dra
226 545 111 22 inhemska
359 545 111 29 tungomäl
486 547 67 27 jemte
569 546 76 28 tyskan
660 546 113 22 framdeles
789 545 56 29 finge
859 546 7 21 i
881 545 48 22 huf-

171 579 83 21 vudsak
270 580 57 28 tjena
349 580 33 21 till
397 580 95 22 substrat
507 580 33 22 för
555 580 149 28 utbildningen
720 580 23 22 af
757 580 82 22 elevens
855 579 75 29 spräk-

171 613 104 28 begrepp,
299 614 127 28 förebyggas
442 622 76 20 genom
534 615 112 26 särskilda,
662 615 25 21 af
699 615 93 21 komitön
808 614 122 28 föreslagna

172 646 103 28 ätgärder
297 648 33 21 för
352 648 126 22 utbildande
501 649 24 21 af
545 649 128 28 skickligare
694 648 143 28 spräklärare,
853 656 77 21 genom

172 680 149 24 förbättrande
343 683 23 21 af
380 683 70 21 desses
466 683 138 22 ekonomiska
619 683 102 28 ställning
736 686 55 18 samt
807 690 75 20 genom
898 683 31 21 af-

171 715 117 27 hjelpande
302 716 24 22 af
339 717 81 21 bristen
435 716 29 28 pä
479 718 88 27 dugliga
582 717 134 22 läroböcker.

241 750 42 21 Till
303 750 144 23 betänkandet
468 752 56 20 hade
547 751 51 22 flere
621 752 22 21 af
657 751 106 21 komitöns
783 751 145 26 medlemmar,

172 783 66 21 bland
255 784 47 22 dem
318 782 118 31 pedagogie
451 786 125 26 professorn
590 786 35 21 vid
637 785 133 21 Alexanders
777 785 153 22 Universitetet

172 817 6 20 i
195 816 48 22 värt
259 818 57 27 land,
331 819 83 28 bifogat
436 820 106 21 särskilda
561 820 163 25 reservationer,
739 819 72 21 hvilka
826 820 63 26 gingo
905 820 25 20 ut

174 850 30 28 pä
221 854 32 19 att
276 851 139 30 ädagalägga,
439 854 35 21 det
490 854 26 21 de
530 854 49 21 med
594 854 108 21 reformen
717 852 97 29 åsyftade
829 853 101 26 tördelar,

173 884 60 22 säväl
249 888 30 19 ett
295 887 136 27 grundligare
446 887 112 22 inlärande
574 889 23 20 af
611 887 36 22 det
659 887 68 22 andra
735 887 111 21 inhemska
853 889 77 26 tungo-

172 918 66 23 mälet
258 927 45 14 som
322 927 26 15 en
363 921 78 22 lättare
460 921 116 28 öfvergäng
595 921 48 22 frän
661 922 100 27 lyceerna
775 921 33 21 till
823 921 107 22 realskola

173 953 40 22 och
229 955 99 25 tvärtom,
344 955 71 22 kunde
431 956 73 21 vinnas
519 958 52 19 utan
586 956 87 21 latinets
688 955 149 28 uppflyttande
851 955 33 20 till
891 955 39 21 hö-

173 994 38 21 gre
227 988 58 21 klass
301 989 39 21 och
356 989 6 20 i
378 989 116 22 allmänhet
510 992 52 19 utan
578 992 31 19 att
624 991 82 20 utsätta
722 989 85 22 skolans
830 989 100 27 läroplan

173 1021 33 22 för
221 1022 169 29 omkastningar,
405 1027 45 18 mot
465 1024 71 21 hvilka
551 1027 165 19 reservanterna
729 1023 30 28 pä
773 1023 70 28 grund
859 1023 23 22 af
895 1030 35 15 ve-

173 1056 129 27 tenskapens
318 1057 39 21 och
372 1057 160 22 erfarenhetens
548 1058 161 27 samstämmiga
717 1057 124 22 vitnesbörd
849 1056 81 29 ansägo

173 1090 32 28 sig
220 1090 55 21 böra
289 1091 87 28 inlägga
390 1092 116 28 uttrycklig
521 1095 88 25 protest.

242 1124 71 22 Sedan
336 1121 168 33 Öfverstyrelsen
526 1127 34 21 för
584 1126 149 22 skolväsendet
755 1126 40 22 den
820 1127 25 20 15
868 1126 62 27 April

175 1159 54 19 1880
253 1158 69 22 blifvit
344 1160 102 21 anbefald
468 1163 32 19 att
523 1160 33 22 till
578 1161 121 27 Kejserliga
714 1160 93 22 Senaten
821 1160 109 22 inkomma

173 1192 48 22 med
244 1192 144 29 underdänigt
410 1194 110 22 utlätande
539 1195 58 21 öfver
617 1196 39 20 här
671 1194 122 22 refererade
809 1194 24 21 af
845 1194 85 22 skolko-

172 1226 66 22 mitön
254 1228 82 27 afgifna
344 1228 134 22 betänkande
488 1230 40 20 och
540 1229 86 27 förslag,
637 1228 116 28 fullgjorde
761 1224 169 32 Öfverstyrelsen

173 1260 60 22 detta
248 1262 100 28 uppdrag
364 1262 40 21 den
420 1264 26 20 25
463 1262 66 28 derpä
544 1263 95 27 följande
657 1262 125 22 November.
802 1256 14 39 I
839 1263 32 21 sin
886 1262 43 21 kri-

173 1295 31 21 tik
219 1295 24 21 af
257 1296 103 28 förslaget
375 1296 125 22 framhåller
508 1293 178 32 Öfverstyrelsen,
701 1299 32 19 att
749 1296 28 22 dä
786 1296 100 26 komitön,
895 1296 35 22 för

173 1330 108 22 vinnande
296 1330 24 22 af
332 1332 58 20 ännu
405 1338 59 14 mera
479 1334 106 25 utrymme
599 1332 34 21 för
648 1332 27 20 de
686 1330 56 22 bäda
749 1331 112 21 inhemska
868 1329 61 29 sprä-

172 1363 42 21 ken
229 1365 28 19 än
273 1364 55 22 hvad
344 1372 76 20 genom
436 1366 89 27 ryskans
540 1366 146 21 bortfallande
700 1364 71 23 såsom
779 1364 151 28 obligatoriskt

172 1397 112 22 läroämne
298 1397 30 28 pä
343 1398 26 22 de
384 1399 49 28 fyra
447 1399 59 28 lägre
525 1399 110 22 klasserna
655 1399 25 22 af
692 1399 69 28 lyceet
776 1398 68 22 skulle
860 1397 69 23 erhäl-

242 1438 95 17 Allmänna
349 1439 161 18 Besvärsutskottets
521 1440 104 17 betänkande
637 1440 36 17 N:o
687 1440 27 17 18.
