1017 1678
154 143 27 19 20
335 142 234 25 Petitionshetänkande
587 145 36 22 N:o
642 143 33 24 13.

124 212 85 15 tanterne
222 211 6 16 i
241 210 141 18 Bondeständet
394 211 40 17 frän
448 211 27 18 S:t
487 211 80 18 Michels
576 211 37 22 län,
621 210 104 19 förvissade
735 215 29 12 om
774 209 108 23 önsknings-

124 239 66 17 målets
209 239 116 22 befogenhet
343 241 48 16 samt
409 239 142 18 hörsammande
570 239 143 23 uppmaningar,
730 244 39 13 som
788 238 54 18 stälts
855 238 29 17 till

126 267 41 18 dem
180 267 20 18 af
211 267 62 18 länets
286 268 87 23 samtliga
386 268 203 23 kommunalstyrelser,
603 268 30 18 vid
646 270 76 16 senaste
732 267 89 22 landtdag
830 267 53 18 fram-

124 297 53 21 buro,
196 298 27 16 att
242 296 219 23 undervisningsspräket
477 297 30 18 vid
527 297 26 18 S:t
571 297 79 18 Michels
663 297 72 22 lyceum
748 295 60 19 skulle
822 295 62 22 förby-

125 328 29 14 tas
173 325 28 17 till
219 325 62 17 finska
299 335 23 3 —
341 325 60 18 denna
419 326 131 23 förhoppning,
569 327 59 17 ehuru
646 326 42 17 icke
706 327 49 15 ännu
774 325 70 17 blifven
861 329 24 12 en

125 353 110 23 verklighet,
250 355 22 16 är
284 354 20 18 af
315 354 52 18 detta
379 354 47 23 slag.
450 355 77 23 Hoppet
539 357 28 16 att
579 355 21 18 sä
612 354 49 18 skall
674 354 35 18 ske
717 354 60 18 lefver
785 353 7 18 i
800 353 23 18 de
832 352 53 19 fleste

126 382 141 23 Savolaksares,
285 382 20 24 ja
323 383 6 18 i
348 383 23 18 de
389 383 54 19 fleste
459 383 194 19 fosterlandsvänners
667 383 85 24 hjertan;
772 382 32 19 det
817 387 69 14 samma

126 411 72 23 tvingar
217 417 31 12 oss
267 414 28 16 att
308 412 47 18 söka
366 412 50 19 fästa
429 413 84 18 ständets
526 413 87 22 benägna
625 412 167 23 uppmärksamhet
804 411 25 23 pä
841 417 45 16 upp-

126 440 102 18 häfvandet
247 440 21 18 af
285 441 52 18 detta
352 441 169 23 missförhällande,
535 447 38 13 som
586 441 148 18 förnärvarande
747 440 81 22 hindrar,
840 439 47 19 eller

126 469 110 18 Ätminstone
250 469 6 18 i
269 469 37 23 hög
319 470 45 22 grad
376 470 94 18 försvårar
479 470 50 18 den
523 465 12 33 i
541 471 89 18 Savolaks
639 469 126 24 uppväxande
774 469 113 23 ungdomens

127 497 107 19 sträfvande
253 500 28 16 att
297 499 55 17 vinna
365 503 23 13 en
401 499 58 23 högre
472 499 90 24 bildning.
586 499 58 19 Detta
656 498 165 19 missförhällande
834 499 21 17 är
867 497 21 18 sä

126 527 5 17 i
145 529 73 20 ögonen
236 527 91 22 fallande,
345 530 28 15 att
391 528 112 19 ätminstone
516 529 6 17 i
534 528 142 19 Bondeständet
695 528 58 23 nägot
770 527 117 24 vidlyftigare

128 555 52 18 bevis
199 555 64 18 derför
280 556 42 18 icke
340 556 76 19 tarfvas.
440 557 40 18 Här
498 557 30 18 mä
539 557 50 18 blott
601 559 113 17 omnämnas,
729 558 27 17 att
770 556 26 18 S:t
808 555 80 18 Michels

128 585 72 22 lyceum
219 585 28 17 till
266 585 46 22 följd
331 585 19 18 af
367 591 70 13 samma
452 586 163 18 missförhällande
628 586 6 17 i
646 586 49 18 brist
707 585 26 23 pä
745 585 63 18 elever
820 584 29 19 för
862 587 26 15 ett

129 613 79 23 tynande
221 613 26 20 lif,
262 613 24 18 dä
298 614 24 22 pä
335 614 42 18 dess
391 615 28 22 sju
431 615 75 18 klasser
518 615 67 18 endast
597 615 59 18 finnas
669 614 68 19 ättatio
746 614 68 22 elever,
822 613 67 18 medan

127 642 75 18 landets
215 642 140 24 finskspräkiga
366 643 63 23 lyceer
442 643 96 24 samtidigt
549 643 82 19 besökas
643 643 20 19 af
675 643 84 18 innemot
771 642 73 18 hundra
851 642 38 17 lär-

127 671 75 23 jungar,
220 671 65 18 hvilka
303 671 55 19 hafva
377 672 40 18 sina
435 672 43 18 hem
494 672 26 18 uti
533 672 27 18 S:t
572 672 79 19 Michels
664 672 38 19 län,
715 676 49 17 men,
776 671 24 18 dä
812 671 23 17 de
848 671 41 17 icke

130 706 32 12 äro
182 700 83 22 mäktige
278 700 80 18 svenska
371 701 84 23 spräket,
468 703 33 16 äro
513 704 82 20 tvungne
607 703 34 20 att,
653 700 42 18 med
708 700 62 18 ökade
782 699 108 22 kostnader,

130 728 47 18 söka
196 728 27 18 sin
242 728 85 24 bildning
344 729 70 23 fjerran
432 730 41 18 från
486 730 103 18 hemorten.
613 730 24 17 Vi
649 729 78 19 anhålla
740 728 63 18 derför
815 729 28 17 att
856 728 33 18 det

130 757 118 18 hedervärda
261 758 74 18 ständet
347 764 66 17 genom
423 764 22 12 en
455 758 115 24 underdänig
578 758 84 23 petition,
672 764 30 12 om
711 758 76 18 hvilken
795 757 93 18 medstän-

130 786 36 18 den
180 786 60 18 skulle
253 786 86 23 inbjudas
353 790 27 15 att
392 787 66 19 förena
471 788 33 23 sig,
517 788 43 18 ville
573 788 34 18 hos
619 788 52 18 Hans
685 786 107 24 Kejserliga
800 786 90 23 Majestät

130 815 104 18 framställa
247 815 89 19 anhällan
348 816 69 22 derom,

374 849 30 18 alt
418 845 236 27 undervisningsspräket
665 847 34 19 vid
710 847 49 19 deti
769 845 30 20 S:t
809 845 83 20 Michels

337 882 47 19 stad
406 880 135 21 underhållna
563 883 116 24 statsiyceet
697 879 126 26 småningom
838 880 54 19 klass

335 916 36 24 för
386 916 55 19 klass
456 914 56 26 ifrån
528 916 72 25 början
612 917 28 24 af
645 915 185 21 nästinstundande
839 915 52 19 höst-

339 951 70 19 termin
425 949 60 22 måtte
497 951 94 25 förbytas
605 951 30 20 till
647 951 75 23 finska.

198 982 125 23 Helsingfors,
337 983 36 18 den
386 985 10 16 2
409 984 92 18 Februari
515 985 49 17 1882.

200 1038 21 21 A.
241 1038 104 26 Kyander,
591 1038 66 22 Jacob
675 1037 114 23 Hartonen.

201 1078 21 21 D.
241 1076 106 29 Nykänen.
591 1079 24 22 K.
635 1078 20 22 6.
676 1076 138 28 Hegerström.

200 1118 57 22 Juho
276 1118 100 23 Kaksola.
594 1119 21 22 G.
634 1119 121 22 Paunonen,

291 1206 50 18 Till
353 1206 142 24 Vällofliga
511 1206 227 24 Borgareständet!

200 1252 30 18 Då
248 1252 75 19 landets
342 1253 77 18 sednast
437 1253 113 19 församlade
568 1252 79 19 Ständer
666 1253 6 17 i
685 1252 152 23 underdänighet
849 1252 45 22 peti-

133 1281 97 18 tionerade
243 1281 98 23 angäende
354 1282 105 18 ordnandet
475 1282 20 18 af
505 1282 74 18 landets
592 1281 131 22 skolväsende,
737 1280 65 19 anhöll
814 1280 77 19 Ridder-

132 1311 68 22 skapet
213 1310 35 18 och
261 1310 62 18 Adeln
336 1310 90 23 derjämte
440 1313 33 20 att,
487 1311 62 18 derest
561 1311 52 18 Hans
625 1311 110 22 Kejserliga
746 1310 90 23 Majestät
844 1310 50 18 täck-

132 1342 30 15 tes
182 1339 72 17 skänka
273 1339 32 18 sitt
323 1339 54 18 bifall
396 1339 28 18 till
444 1340 115 18 Ständernas
571 1339 79 23 petition
663 1344 30 12 om
706 1339 108 17 inrättande
828 1339 20 17 af
859 1344 36 17 nya

135 1368 61 17 finska
208 1367 71 23 skolor,
293 1368 67 18 sädant
372 1368 42 18 icke
427 1368 58 18 mätte
497 1368 34 18 ske
543 1368 24 23 pä
579 1367 105 19 bekostnad
698 1367 21 18 af
731 1367 23 18 de
767 1367 6 17 i
786 1367 63 18 landet
858 1367 37 17 exi-

136 1396 88 18 sterande
237 1397 81 17 svenska
331 1397 94 22 skolorna,
439 1397 20 18 sä
472 1397 55 23 länge
541 1397 55 18 dessa
608 1397 21 18 af
639 1399 28 16 ett
675 1396 113 22 tillräckligt
797 1396 51 18 antal
857 1396 38 18 ele-

132 1430 32 13 ver
182 1425 103 23 uppbäras,
303 1425 35 18 och
356 1426 161 23 Borgareständet
533 1426 83 18 uttalade
629 1426 62 18 säsom
704 1425 35 18 sitt
751 1424 143 23 önskningsmäl.

133 1456 27 16 att
179 1454 76 18 tillfälle
274 1454 29 18 till
321 1454 59 23 högre
399 1454 133 24 undervisning
547 1455 24 23 pä
583 1454 139 22 modersmålet,
735 1454 83 18 hvarken
831 1453 29 19 för
872 1453 23 19 de

204 1491 108 19 Allmänna
328 1491 191 20 Besvärsutskottels
534 1491 127 20 betänkande
677 1491 40 19 N:o
734 1490 34 20 13.
