1017 1675
232 117 79 23 Ständ.
326 118 52 22 Pet.
395 130 26 4 —
436 110 169 30 Petitionsbet.
622 118 39 21 N:o
677 117 35 21 24.

371 352 130 25 Finlands
541 353 137 24 Ständers
714 351 134 26 underdå-

303 393 63 31 niga
394 393 125 31 petition
543 400 32 17 om
603 393 77 24 förbud
703 395 42 22 mot
764 392 83 32 hingst-

304 433 42 24 föls
365 433 144 32 utsläppande
529 432 28 33 på
575 433 78 25 allmän
672 432 134 26 betesmark.

184 490 219 27 Stormäktigste,
424 489 209 28 Allernådigste
649 490 113 27 Kejsare

357 530 47 21 och
422 529 167 22 Storfurste!

167 582 41 22 Vid
233 583 146 21 innevarande
409 582 106 27 landtdag
539 582 40 21 har
603 582 59 21 inom
686 582 162 22 Bondeständet

100 617 74 21 väckts
196 616 79 28 förslag
294 618 111 26 angående
421 623 26 15 en
463 617 135 27 underdänig
614 617 91 27 petition
721 618 79 24 derom,
816 618 32 20 att

99 651 78 22 förbud
192 652 66 20 mätte
273 651 97 21 utfärdas
385 651 33 21 för
433 658 64 20 egare
513 651 32 21 till
559 651 93 27 ettäriga
667 651 40 21 och
722 652 82 20 sädana
818 651 30 20 äl-

101 686 37 21 dre
153 686 109 27 hingstföl,
278 693 45 14 som
339 686 18 27 ej
374 685 69 21 blifvit
458 685 117 27 godkända
590 685 32 21 till
638 685 123 27 afvelsdjur,
772 687 32 19 att
815 687 32 19 ut-

100 720 77 28 släppa
192 721 62 20 dessa
269 721 28 26 pä
311 720 80 21 allmän
406 720 129 21 betesmark.

169 754 36 22 Uti
224 754 205 28 petitionsförslaget
443 755 26 20 är
484 754 129 26 framhället,
629 754 101 21 hurusom
746 754 101 21 ändamä-

99 789 29 21 let
143 790 50 21 med
208 790 26 21 de
250 790 100 27 åtgärder
365 789 33 21 till
413 789 150 21 förbättrande
579 789 24 21 af
615 789 121 21 hästafveln
749 789 7 20 i
767 789 80 25 landet,

100 830 46 15 som
167 824 7 20 i
196 831 75 14 senare
290 824 31 21 tid
336 823 101 28 vidtagits
453 824 60 21 såväl
529 823 24 22 af
566 823 132 27 regeringen,
715 831 44 13 som
775 823 24 21 af
812 830 35 14 en-

100 857 70 22 skilda
191 857 123 28 föreningar
337 858 39 21 och
399 864 109 21 personer,
527 858 7 20 i
549 857 94 28 betydlig
659 859 49 20 män
723 857 86 21 förfelas
825 857 24 21 sä

99 892 63 27 länge
178 894 31 19 ett
223 892 77 22 förbud
315 892 24 22 af
351 892 77 21 anförd
443 894 34 19 art
493 892 85 26 saknas,
595 893 51 20 enär
661 892 32 21 till
709 892 55 22 afvel
780 892 68 27 otjen-

100 927 44 27 liga
157 926 104 28 hingstar,
277 928 70 20 derest
363 927 26 20 de
404 926 47 21 fritt
467 927 80 21 ströfva
563 927 62 26 kring
640 927 29 27 pä
683 927 80 21 allmän
778 926 70 21 betes-

99 961 67 26 mark,
182 961 72 22 kunde
269 961 89 27 bidraga
373 963 32 19 att
421 961 101 27 försvaga
537 961 121 26 hästrasen;
675 961 40 22 och
731 968 44 14 som
786 961 62 21 Stän-

100 996 66 21 derna
188 996 71 21 funnit
282 998 30 19 ett
334 996 157 27 lagstadgande
507 996 6 20 i
529 995 136 22 omförmäldt
680 996 101 21 afseende
796 1003 52 14 vara

99 1029 24 22 af
143 1030 99 22 behofvet
257 1030 118 27 päkalladt,
391 1029 65 22 hafva
471 1029 123 22 Ständerna
608 1033 71 18 ansett
695 1031 32 26 sig
741 1030 53 21 böra
810 1030 38 21 hos

98 1064 81 22 Eders
195 1065 152 28 Kejserliga
362 1065 135 27 Majestät
512 1065 7 20 i
534 1065 171 27 underdänighet
721 1064 93 26 anhälla,

372 1106 31 20 det
424 1106 72 20 täcktes
511 1106 81 20 Eders
607 1106 151 25 Kejserliga
772 1105 76 25 Maje-

303 1142 53 18 stät
370 1141 41 19 låta
425 1141 80 25 vidtaga
521 1141 96 24 åtgärder,
632 1141 71 25 egnade
713 1142 29 18 att
747 1141 29 24 pä
786 1141 60 24 lämp-

303 1176 34 24 ligt
358 1176 40 18 sätt
419 1175 105 24 förhindra
546 1175 30 19 det
598 1175 33 24 för
645 1175 108 24 hästafveln
767 1174 81 25 menliga

303 1209 135 25 utsläppandet
453 1210 26 24 af
492 1210 69 24 alltför
575 1216 50 17 unga
640 1210 45 19 eller
694 1209 92 25 felaktiga
796 1209 51 24 hing-

303 1246 43 18 star
361 1244 12 19 å
388 1244 72 19 allmän
476 1244 111 19 betesmark.

166 1283 78 21 Tillika
258 1283 22 22 få
295 1281 122 24 Ständerna
433 1279 155 46 underdånigst
603 1283 92 25 anmäla,
712 1285 32 19 att
759 1282 87 21 Ridder-

98 1318 78 27 skapet
191 1318 40 21 och
246 1317 68 22 Adeln
329 1317 48 22 icke
393 1317 111 28 deltagit
501 1313 12 37 i
521 1318 72 21 denna
607 1317 97 27 petition.

167 1358 104 21 Finlands
287 1357 92 22 Ständer
393 1357 126 22 framhärda
533 1360 40 19 etc.

167 1397 140 28 Helsingfors,
323 1399 41 20 den
380 1398 27 20 30
422 1397 43 28 Maj
485 1398 60 21 1882.

224 1461 117 22 Helsingfors,
354 1461 16 17 J.
383 1461 67 17 Simelii
463 1461 98 22 arfvingars
573 1460 81 22 tryckeri,
669 1461 48 16 1888.
