1020 1675
203 124 22 18 66
392 123 241 20 Petitionsbetänkande
644 124 38 19 N:o
694 124 32 19 32.

180 181 59 28 ligen
256 180 56 21 skall
328 180 41 22 den
386 188 50 14 vara
451 182 80 28 anlagd
546 182 154 28 förnämligast
714 181 28 29 på
757 181 144 29 bibringande
912 180 26 22 af

179 215 103 27 kunskap
298 215 41 21 och
355 214 110 30 färdighet
475 216 7 20 i
492 216 27 21 de
529 216 70 29 begge
610 216 114 21 inhemska
735 216 101 28 språken.
855 216 79 21 Denna

180 248 63 23 skola
259 248 39 22 har
314 248 84 23 således
414 250 7 21 i
437 250 78 28 sjelfva
531 250 78 22 verket
623 250 49 21 icke
688 250 83 21 mindre
789 251 27 20 än
831 250 49 29 fyra
892 248 41 23 mål

179 286 33 19 att
227 283 101 28 fullfölja.
359 283 43 22 Om
417 284 37 22 det
469 292 28 13 nu
512 285 68 21 redan
595 286 24 20 är
635 284 102 22 förenadt
752 285 49 20 med
812 285 48 21 icke
871 284 63 29 ringa

180 318 137 29 svårigheter
339 318 35 21 för
396 325 26 14 en
444 319 63 21 skola
529 321 33 18 att
583 321 111 19 motsvara
714 319 39 21 sitt
772 319 106 26 ändamål,
906 318 28 21 då

179 353 61 20 detta
255 353 25 20 är
294 352 57 21 blott
366 355 38 24 ett,
419 360 33 14 om
469 352 37 22 det
520 354 25 20 är
560 353 102 28 omöjligt
680 355 32 19 att
731 353 59 28 tjena
808 353 37 20 två
860 353 74 20 herrar

178 387 80 27 tillika,
277 387 55 21 huru
350 387 57 20 skall
426 387 37 21 det
481 387 27 21 då
527 387 70 21 blifva
616 387 90 28 möjligt
721 389 32 19 att
768 387 38 21 vid
821 387 113 21 undervis-

178 422 83 28 ningen
277 421 47 21 afse
339 421 43 21 alla
397 421 64 22 dessa
476 423 13 19 4
505 421 60 22 olika
580 421 107 28 ändamål,
703 421 84 22 hvilket
798 421 57 22 dock
865 421 68 21 borde

179 456 45 21 ske.
256 455 45 22 För
317 458 31 19 att
362 455 74 22 kunna
451 456 67 27 detta,
533 456 68 21 borde
617 456 65 21 dessa
697 456 13 21 3
721 455 116 30 kolleger
825 451 15 38 i
848 455 85 22 botten-

179 490 79 21 skolan
274 497 52 14 vara
340 490 89 21 alldeles
448 490 186 29 utomordentliga
653 490 132 29 pedagoger,
804 490 77 26 lärare,
900 489 32 21 så-

178 524 63 27 dana,
259 531 47 14 som
321 524 88 21 verlden
429 524 79 21 hittills
532 525 50 21 icke
603 525 84 20 kunnat
710 524 141 29 frambringa.
888 523 44 22 En-

177 559 51 21 dast
245 559 71 21 under
337 559 70 21 denna
430 559 167 29 förutsättning,
621 559 85 21 således
729 559 68 21 under
820 558 112 22 förutsätt-

177 594 54 28 ning
246 595 33 19 att
294 593 66 28 något
376 593 55 21 skall
447 593 85 29 lyckas,
549 600 47 14 som
611 594 57 20 ännu
684 593 71 29 aldrig
769 592 95 29 lyckats,
875 592 56 22 skall

176 627 157 22 bottenskolan
356 627 73 22 kunna
451 628 162 21 tillfredsställa
635 628 26 20 de
685 627 104 29 ofantligt
813 630 59 18 stora
894 634 38 14 an-

177 661 74 29 språk,
269 669 46 14 som
330 661 29 29 på
374 662 41 21 den
431 669 81 14 samma
528 662 83 21 ställes.

246 696 251 28 Bottenskolesystemet
512 697 31 26 är,
559 696 67 21 ehuru
641 698 51 27 nytt
708 696 8 20 i
732 696 47 21 vårt
796 696 59 26 land,
873 695 57 21 dock

175 730 50 22 icke
244 730 68 29 något
330 733 49 26 nytt
394 730 7 20 i
417 730 94 22 verlden.
543 728 111 31 Systemet
670 731 24 20 är
711 729 140 30 accepteradt
866 732 14 18 t.
896 736 34 14 ex.

176 765 7 21 i
203 763 93 30 Sverige
314 764 39 22 der
372 764 36 21 det
422 765 68 21 under
506 772 26 14 en
548 765 32 20 tid
595 765 74 21 blifvit
684 765 128 28 proberadt.
843 764 12 21 I
870 763 60 22 detta

175 799 53 21 land
251 799 40 21 har
308 806 49 14 man
376 799 84 21 således
478 799 67 21 redan
565 799 76 21 vunnit
659 799 73 28 någon
751 798 123 22 erfarenhet
893 805 36 14 an-

175 833 85 30 gående
282 833 113 22 frukterna
414 833 24 21 af
454 833 125 22 detsamma.
611 833 45 22 Det
675 833 69 22 borde
763 841 52 13 vara
833 833 24 20 af
873 835 57 18 stort

174 868 96 21 intresse
289 870 32 18 att
338 867 72 22 erfara
430 868 54 21 huru
500 867 85 22 belåten
600 875 50 14 man
665 867 75 22 blifvit
755 867 49 21 med
819 866 59 22 detta
894 873 35 21 sy-

174 905 62 18 stem.
261 901 12 22 I
289 901 109 22 Tidskrift
408 901 98 29 utgifven
517 901 24 22 af
550 902 108 29 pedagog.
667 902 131 28 föreningen
809 901 7 20 i
827 900 102 25 Finland,

173 936 79 22 Andra
268 935 52 22 häft.
340 935 34 21 för
396 935 60 28 1882,
475 936 144 21 förekommer
638 943 26 14 en
684 935 178 29 korrespondens
881 934 47 21 från

175 969 93 30 Sverige
290 970 7 21 i
320 969 198 29 läroverksfrägan.
556 969 73 22 Sedan
655 969 205 29 korrespondenten
882 976 45 14 om-

174 1004 91 21 nämndt
285 1004 27 21 de
326 1003 84 30 förslag
426 1004 35 21 till
475 1004 142 22 läroverkens
633 1004 184 29 reorganisation,
833 1011 47 14 som
895 1003 32 20 in-

173 1046 36 13 om
225 1038 69 21 andra
309 1038 124 21 kammaren
448 1039 77 20 vunnit
540 1039 75 28 gehör,
630 1046 49 14 men
697 1045 46 14 som
755 1038 24 21 af
787 1038 70 21 första
867 1038 60 21 kam-

173 1079 75 14 maren
271 1072 89 28 afböjts,
382 1073 42 21 och
447 1073 67 21 sedan
533 1073 42 20 han
595 1073 114 28 redogjort
733 1072 34 21 för
785 1072 140 29 regeringens

173 1106 107 29 ställning
297 1106 35 21 till
347 1105 85 30 frågan,
447 1107 113 21 fortsätter
575 1107 42 21 han
633 1108 59 27 (pag.
704 1107 57 27 111).
784 1106 80 27 ,Hvad
880 1113 46 14 som

173 1141 28 21 än
224 1141 97 21 kommer
344 1142 33 20 att
400 1141 181 28 omorganiseras,
596 1142 25 20 sä
639 1141 55 29 godt
714 1148 46 14 som
776 1140 73 22 säkert
865 1140 62 21 torde

172 1182 51 14 man
246 1175 29 28 pä
297 1175 94 21 förhand
406 1175 72 21 kunna
496 1178 87 26 antaga,
603 1178 31 18 att
652 1175 54 21 vära
720 1175 135 29 pedagogier
871 1177 56 19 samt

173 1210 64 20 äfven
249 1209 70 21 delvis
331 1209 13 21 3
356 1209 99 29 klassiga
470 1209 110 21 allmänna
590 1209 102 21 läroverk
708 1209 87 21 komma
811 1212 32 18 att
853 1209 74 21 indra-

172 1251 47 22 gas.
249 1244 54 21 Med
322 1243 101 22 nutidens
442 1243 82 22 lättade
542 1244 215 21 kommunikationer
776 1244 42 21 och
836 1243 49 22 med
900 1243 26 21 de

171 1278 66 21 korta
261 1277 86 22 afständ
371 1284 47 15 som
440 1278 70 21 finnas
529 1278 79 21 mellan
627 1286 26 13 en
673 1278 36 21 del
729 1278 73 21 städer
821 1278 41 21 och
877 1277 49 22 med

171 1312 43 22 den
230 1312 84 21 snabba
328 1312 128 29 utveckling
470 1312 126 21 folkskolan
611 1312 57 29 tagit
678 1312 28 29 pä
717 1319 76 14 senare
803 1312 50 21 ären
864 1312 62 21 torde

171 1346 37 21 det
226 1345 116 29 verkligen
356 1353 54 14 vara
425 1346 140 29 öfverflödigt
581 1349 32 18 att
627 1346 44 21 alla
687 1346 52 21 våra
753 1346 84 21 mindre
853 1346 73 21 städer

171 1381 38 21 äro
225 1379 105 22 försedda
344 1380 49 21 med
410 1380 133 29 pedagogier
558 1380 53 21 eller
626 1381 63 28 lägre
700 1380 225 21 elementarläroverk.

171 1414 80 22 Dessas
267 1414 137 28 indragning
420 1415 27 20 är
463 1421 25 14 en
502 1416 26 27 af
542 1415 44 21 alla
595 1415 138 28 förutspädd
749 1415 60 20 sak*.

240 1455 96 16 Allmänna
348 1454 159 19 Besvärsutskottets
518 1455 104 18 betänkande
634 1455 36 17 N:o
684 1455 28 17 18.
