1023 1678
283 128 244 19 Petitionsbetänkande
539 128 38 19 N:o
590 129 19 18 6.
792 129 10 17 5

66 187 33 21 för
120 185 122 28 jernvägen,
265 192 48 15 men
337 187 26 20 de
386 187 61 21 torde
467 187 7 20 i
492 187 44 20 alla
554 187 38 20 fall
609 187 18 26 ej
645 186 66 21 blifva
727 186 24 21 så
766 186 58 27 bety-

66 220 76 27 dande,
158 222 31 19 att
205 221 39 20 den
260 220 114 21 förordade
390 221 152 26 förändringen
557 220 34 21 för
607 221 62 21 deras
686 220 57 21 skull
760 220 66 21 borde

67 255 83 26 skjutas
165 255 13 20 å
193 255 52 20 sido.

135 289 11 20 I
164 289 48 21 stöd
231 289 24 21 af
268 289 55 21 hvad
339 289 62 21 ofvan
417 289 129 22 framhållits
562 289 33 21 får
611 290 85 21 således
712 289 114 21 Allmänna

67 323 198 21 Besvärsutskottet
283 324 110 20 vördsamt
411 323 87 25 föreslå,
518 325 32 19 att
569 324 84 20 landets
670 323 92 21 Ständer
777 323 49 21 ville

68 357 6 20 i
91 356 170 27 underdånighet
277 357 96 21 anhålla:

273 390 33 21 det
320 390 62 21 Hans
397 390 119 27 Kejserliga
531 390 104 27 Majestät
648 391 9 21 i
671 391 68 20 nåder
751 390 77 21 täcktes

241 424 103 26 förordna
359 426 30 19 att
402 425 35 20 vid
451 426 80 20 statens
541 425 116 26 jernvägar
669 424 96 22 anstälde
776 424 51 27 tjen-

239 459 82 20 stemän
336 459 36 20 och
387 459 85 26 betjente
487 459 50 27 egde
552 461 30 19 att
596 459 71 21 såsom
683 459 34 21 sin
732 459 44 20 rätt
791 458 37 21 och

240 495 52 19 utan
306 493 115 28 skyldighet
436 495 30 19 att
480 493 73 27 sjelfve
567 495 79 20 ersätta
660 494 49 20 sina
721 493 107 26 ställföre-

241 528 85 21 trädare
341 527 25 26 få
381 527 52 21 hvar
448 528 65 27 tredje
525 527 50 22 eller
589 528 67 27 fjerde
671 527 80 27 söndag
766 527 61 26 ledig,

239 563 51 19 utan
305 563 30 20 att
349 561 90 27 trafiken
454 561 51 22 dock
521 562 118 26 derigenom
653 562 65 20 måtte
733 561 43 21 lida
791 561 36 20 vä-

241 595 84 28 sentligt
339 596 92 27 intrång.

139 631 141 26 Helsingfors,
299 631 24 20 af
337 631 112 21 Allmänna
468 631 199 21 Besvärsutskottet
682 631 41 20 den
739 631 13 20 9
766 630 59 21 Mars

72 665 62 21 1882.

141 738 34 21 Uti
191 738 99 21 ärendets
309 738 129 27 behandling
454 738 65 22 hafva
537 738 100 27 deltagit:
653 738 36 21 hrr
705 738 87 26 Geitlin,
808 738 20 20 J-

71 772 33 26 G.,
126 772 136 26 ordförande,
285 772 127 27 Grotenfelt,
436 772 33 27 N.,
490 772 177 26 Standertskiöld,
688 772 22 21 C.
731 771 32 27 G.,
779 771 49 27 Pip-

70 806 120 28 pingsköld,
212 807 27 25 J.,
263 806 23 22 af
303 806 109 27 Schultén,
428 807 34 25 H.,
478 807 114 26 Stenbäck,
608 806 25 22 K.
654 806 32 26 E.,
708 806 119 25 Lindstedt,

70 841 64 27 Vilh.,
158 841 128 27 Calamnius,
308 842 20 20 J.
344 842 40 26 W.,
407 841 118 27 Wallgren,
549 841 33 27 G.,
602 841 127 27 Chydenius,
749 840 24 21 A.
794 840 34 26 H.,

71 876 126 26 Malmgren,
218 876 24 20 A.
257 876 28 26 J.,
301 871 92 31 Öhberg,
414 876 32 26 V.,
467 876 98 26 Avellan,
584 876 31 25 E.,
631 875 151 25 Laurikainen,
798 874 31 26 T.,

72 910 89 26 Ekman,
178 910 24 20 E.
224 910 31 25 A.,
271 910 87 26 Luoma,
374 910 19 20 J.
410 910 26 21 H.

249 1456 113 19 Helsingfors,
374 1456 15 14 J.
403 1455 18 15 C.
433 1455 90 15 Frenckell
535 1456 14 14 &
563 1455 39 19 Son,
616 1456 47 14 1882.
