1023 1678
194 112 22 17 16
376 111 241 20 Petitionsbetänkande
629 111 37 20 N:o
677 111 32 19 28.

168 171 32 19 tet
214 169 95 21 uttalats.
339 168 73 29 Några
426 169 119 22 ledamöter
559 169 64 22 hafva
638 172 70 19 ansett
723 169 119 28 stadgande
857 169 65 22 erfor-

169 203 50 21 dras
242 203 76 21 endast
338 203 80 27 derom,
440 207 32 18 att
494 205 99 21 rösterna
614 204 55 21 böra
691 203 91 28 afgifvas
804 204 7 21 i
826 203 97 28 samtlige

169 237 117 22 elektorers
304 239 98 21 närvaro.
432 239 74 21 Andra
525 239 118 22 ledamöter
658 239 102 26 deremot,
776 239 72 21 hvilka
862 239 61 20 äfven

169 272 84 27 utgjort
268 272 119 22 Utskottets
401 273 118 27 pluralitet,
534 273 63 22 hafva
613 276 70 19 ansett
698 272 123 23 ändamålet
836 273 87 21 säkrare

168 307 74 21 kunna
265 307 75 22 vinnas
363 315 76 20 genom
460 307 136 22 föreskriften
619 310 32 19 att
666 307 57 22 valet
738 307 68 22 skulle
821 307 102 22 förrättas

168 340 57 22 inför
239 341 131 26 häradsrätt,
385 342 7 20 i
407 342 79 21 hvilket
500 342 39 21 fall
554 342 36 21 det
599 342 72 22 kunde
681 342 141 21 öfverlemnas
833 340 22 23 åt
866 342 57 21 dom-

168 375 122 22 hafvanden
312 378 32 19 att
364 376 125 26 bestämma,
512 376 35 21 vid
569 376 84 22 hvilken
676 376 24 22 af
720 376 26 22 de
760 376 34 21 till
808 376 116 28 domsagan

169 409 97 22 hörande
281 409 176 22 häradsrätterna
472 410 157 28 förrättningen
643 410 68 22 borde
725 409 101 28 försiggå.

238 477 63 22 Hvad
323 478 97 27 slutligen
444 477 68 29 angår
527 485 26 15 en
568 478 34 22 del
617 479 152 26 petitionärers
791 478 81 27 förslag
890 479 34 20 rö-

170 512 67 21 rande
260 512 91 28 ändring
366 512 51 22 eller
436 513 119 28 förklaring
569 513 24 21 af
606 513 11 28 $
633 515 28 19 47
676 513 24 21 L.
717 513 32 26 O.,
764 513 85 21 hvilken
866 512 58 21 med-

170 546 60 22 delar
252 547 134 22 föreskrifter
401 554 34 15 om
451 547 132 22 Ständernas
605 554 159 21 gemensamma
783 547 140 22 sammanträ-

170 581 48 25 den,
234 580 25 22 så
274 581 40 22 har
328 581 110 22 Utskottet
452 582 55 27 tagit
517 582 62 21 äfven
590 582 69 21 denna
670 581 63 28 fråga
743 581 7 22 i
760 581 163 28 öfvervägande.

169 615 54 21 Lika
238 615 49 22 med
301 616 167 27 petitionärerne
483 623 64 15 anser
555 616 110 22 Utskottet
677 616 123 26 önskvärdt,
812 619 33 18 att
853 616 25 21 de
887 623 36 20 ge-

170 657 132 14 mensamma
324 651 187 21 sammanträdena
533 651 70 21 kunde
618 651 70 21 oftare
703 651 28 20 än
746 650 76 21 hittills
838 650 85 21 komma

170 683 33 21 till
218 684 143 28 användning,
376 684 56 22 helst
446 684 110 22 desamma
574 686 38 20 äro
628 684 103 22 förenade
746 684 49 21 med
810 684 56 21 vissa
881 684 43 21 för-

169 718 67 26 delar,
251 718 72 22 hvilka
338 718 66 28 enligt
419 719 41 21 den
474 719 124 21 nuvarande
613 719 175 28 organisationen
803 718 23 22 af
840 718 84 22 landets

170 753 171 27 representation
362 753 46 22 icke
430 754 72 21 kunna
517 753 28 28 på
561 761 71 14 annan
650 755 41 26 väg
707 752 69 22 ernås.
806 753 40 21 Till
862 753 62 21 dessa

170 786 96 22 fördelar
288 787 80 21 räknar
390 787 109 22 Utskottet
513 788 7 20 i
535 788 124 28 synnerhet:
683 790 32 19 att
735 787 103 22 Senatens
853 788 71 21 ordfö-

170 820 67 22 rande
260 821 40 21 och
323 821 117 22 ledamöter
459 823 72 20 kunna
553 822 73 21 dervid
647 823 94 20 närvara
761 822 40 21 och
817 821 108 28 deltaga
915 816 15 37 i

169 855 222 28 öfverläggningarna,
406 856 138 28 hvarigenom
559 856 7 21 i
581 855 91 29 mången
688 855 63 29 fråga
765 856 71 21 kunde
850 856 74 22 vinnas

169 890 162 28 upplysningar,
340 897 46 15 som
401 890 35 22 vid
450 890 103 22 beslutets
567 890 98 22 fattande
680 897 51 15 vore
746 890 24 22 af
783 890 50 28 vigt,
842 893 32 19 att
884 890 40 22 den

169 924 116 28 utredning
307 924 40 22 och
368 924 112 28 belysning
494 925 25 21 af
531 925 114 25 ärendena,
660 932 47 14 som
722 925 7 20 i
745 926 31 20 ett
791 924 63 22 stånd
870 925 54 21 före-

170 958 94 28 bringas,
280 958 70 22 kunde
374 959 131 21 omedelbart
527 959 85 22 komma
634 959 63 21 äfven
716 958 27 22 de
757 959 71 27 öfriga
843 959 33 21 till
892 959 33 21 del

170 995 56 18 samt
241 995 33 18 att
289 992 27 22 de
330 1000 29 13 nu
374 992 29 28 på
418 993 47 28 fyra
479 994 86 21 kamrar
580 993 113 27 splittrade
709 993 40 20 och
765 993 55 21 dock
836 992 89 28 fåtaliga

169 1027 195 27 parlamentariska
378 1026 137 29 förmågorna
530 1027 57 28 finge
601 1027 113 22 samverka
729 1027 49 21 med
796 1027 52 21 eller
863 1027 62 28 bryta

170 1061 32 28 sig
217 1064 45 18 mot
284 1061 122 22 hvarandra
428 1062 40 21 och
482 1062 7 20 i
504 1061 105 22 hvardera
624 1061 61 22 fallet
704 1060 29 28 på
748 1063 31 19 ett
794 1068 59 15 mera
868 1061 56 22 allsi-

170 1095 46 28 digt
232 1096 40 21 och
289 1095 117 28 afgörande
421 1097 43 20 sätt
478 1096 87 21 inverka
579 1095 29 28 på
625 1095 116 28 frågornas
755 1095 91 28 lösning.
876 1095 48 22 Men

170 1129 112 22 Utskottet
296 1130 40 21 har
352 1130 54 21 dock
420 1130 47 21 icke
482 1130 81 21 kunnat
579 1130 57 27 dölja
646 1130 35 21 för
696 1130 39 27 sig,
752 1132 32 19 att
800 1129 25 22 de
841 1137 84 20 gemen-

170 1171 84 14 samma
276 1165 188 21 sammanträdena
486 1165 61 20 äfven
565 1164 104 22 innebära
684 1164 113 27 praktiska
812 1163 113 28 olägenhe-

169 1201 39 23 ter,
224 1199 72 20 hvilka
311 1199 107 27 knappast
432 1199 62 21 torde
508 1199 72 21 kunna
594 1198 45 22 helt
654 1198 41 22 och
711 1197 67 22 hållet
792 1197 133 22 öfvervinnas

170 1233 40 21 och
236 1233 72 21 hvilka
330 1233 85 22 derföre
437 1232 128 23 åtminstone
583 1233 118 21 tillsvidare
717 1233 53 27 göra
786 1232 69 21 denna
870 1232 56 21 form

170 1267 33 21 för
219 1267 133 22 Ständernas
367 1267 74 22 arbete
456 1268 83 21 mindre
553 1267 101 22 brukbar.
686 1266 74 22 Skälet
775 1266 100 22 hvarföre
890 1273 35 21 ge-

170 1307 132 16 mensamma
324 1302 186 28 öfverläggningar
525 1301 75 22 hittills
619 1301 24 22 så
657 1301 71 22 sällan
743 1301 142 25 förekommit,
901 1302 25 20 är

169 1335 68 27 enligt
254 1335 121 22 Utskottets
390 1337 64 21 tanke
469 1339 32 18 att
516 1337 51 21 söka
582 1336 46 21 icke
647 1335 24 22 så
687 1335 84 28 mycket
786 1336 8 20 i
810 1335 26 21 de
852 1335 24 21 af
888 1342 37 20 pe-

169 1369 142 21 titionärerne
322 1369 130 23 framhållna
459 1370 82 22 mindre
549 1370 81 28 tydliga
637 1369 227 29 lagbestämningarna
873 1372 52 18 utan

168 1403 8 21 i
192 1403 36 22 det
243 1403 32 21 uti
290 1404 12 28 $
318 1406 26 19 47
360 1404 22 21 L.
400 1404 24 22 O.
439 1407 110 25 upptagna
564 1405 79 27 vigtiga
658 1404 174 28 slutstadgandet
847 1406 38 23 att,
901 1403 24 22 sä

238 1444 124 21 Lagutskottets
376 1445 103 17 betänkande
491 1445 34 17 N:o
537 1445 28 17 12.
