1014 1678
296 115 253 23 Petitionsbetänkande
564 115 38 23 N:o
618 115 29 23 13.
794 117 27 20 49

90 184 91 25 procent
203 182 66 27 högre
285 182 58 21 antal
359 182 72 22 elever
447 184 26 19 än
490 182 77 21 skolan
582 182 72 22 kunde
671 183 109 25 emottaga
795 183 57 20 samt

91 219 33 20 att
139 217 61 22 detta
215 217 91 21 oaktadt
320 217 27 21 de
362 217 33 21 till
410 217 86 21 inträde
511 217 7 21 i
534 217 154 27 normallyceet
703 217 7 20 i
718 215 132 23 Tavastehus

92 252 110 27 samtidigt
221 251 98 22 anmälde
335 251 111 22 elevernas
462 251 59 22 antal
537 251 51 22 vida
602 251 109 27 öfversteg
727 251 26 21 de
768 251 83 21 derstä-

92 287 37 21 des
152 286 72 27 lediga
245 286 118 27 platserna.
394 286 116 22 Utskottet
532 286 41 21 har
595 286 85 22 derföre
703 288 53 19 utan
772 285 79 22 tvekan

93 323 71 19 ansett
179 321 33 27 sig
227 321 53 21 böra
294 321 88 21 förorda
396 321 134 22 inrättandet
546 322 7 20 i
569 321 143 21 Tammerfors
728 320 23 22 af
764 322 33 19 ett
804 319 48 22 full-

93 356 101 26 ständigt,
219 355 31 22 till
265 356 152 21 universitetet
432 356 94 21 ledande
541 356 99 21 läroverk
655 356 50 21 med
720 354 83 22 finskan
819 353 32 22 till

92 390 237 27 undervisningsspråk.

161 426 38 19 Att
222 425 31 20 ett
273 425 77 20 sådant
365 424 35 21 må
415 424 92 22 inrättas
522 424 81 28 jemväl
618 424 6 21 i
640 424 134 27 Björneborg
789 423 64 26 utgör

92 459 113 22 föremålet
226 459 33 21 för
281 459 75 22 herrar
379 459 129 26 Stenbäcks,
530 459 130 26 Molanders,
678 458 118 28 Lojanders
812 457 40 22 och

93 494 100 22 Avellans
216 493 61 22 ofvan
301 494 128 22 meddelade
451 493 193 28 petitionsförslag.
682 493 171 22 Petitionärerne

93 529 118 25 framhälla,
228 531 32 19 att
275 532 87 18 senaste
379 529 106 21 Ständers
500 529 95 27 begäran
611 535 34 15 om
660 527 124 23 inrättande
795 526 23 22 af
827 532 25 15 en

93 563 145 27 finskspräkig
253 563 159 22 lärdomsskola
426 563 7 21 i
448 563 135 28 Björneborg
598 563 127 27 visserligen
736 563 76 21 endast
823 560 30 22 af-

95 597 38 27 säg
155 600 32 19 ett
201 597 127 28 fyrklassigt
342 597 107 26 läroverk,
466 604 49 15 men
531 600 39 24 att,
588 597 27 22 dä
630 604 49 15 man
693 597 112 25 betänker,
822 597 32 20 att

94 632 144 27 Björneborgs
261 633 51 20 stad
330 632 40 21 har
386 639 26 14 en
427 632 127 27 folkmängd
570 632 22 21 af
607 633 121 25 9—10,000
744 636 108 22 personer,

95 668 32 19 att
151 666 40 22 den
211 666 164 27 kringliggande
390 667 128 21 landsorten
534 669 24 19 är
573 667 64 21 bland
652 667 85 21 landets
752 666 50 20 bäst
816 665 38 21 be-

93 700 87 22 folkade
196 700 41 22 och
259 703 57 19 mest
331 701 135 27 välmäende,
483 703 33 20 att
532 701 73 21 vidare
621 700 132 22 elevantalet
768 699 34 22 vid
818 698 37 22 det

95 735 24 21 är
135 737 54 20 1879
205 736 7 20 i
232 735 134 27 Björneborg
382 736 101 27 öppnade
498 736 85 27 privata
598 735 70 22 finska
682 734 124 22 läroverket
820 736 34 18 ut-

95 771 38 25 gör
149 772 27 19 86
192 770 28 27 pä
234 771 34 21 tre
283 770 85 22 klasser
384 772 57 20 samt
458 772 33 20 att
507 770 112 22 dessutom
634 770 112 22 afständet
762 768 32 22 till
806 770 48 19 när-

94 806 70 19 maste
180 804 107 22 skolorter
306 804 68 27 stiger
388 804 33 22 till
440 806 26 20 16
484 805 13 21 a
513 806 27 20 20
556 805 42 24 mil,
615 805 37 21 det
667 804 105 27 klarligen
792 802 62 23 torde

94 838 95 27 framstå,
213 841 33 19 att
269 841 32 19 ett
324 839 139 27 fullständigt
486 839 67 22 finskt
575 840 105 25 läroverk,
704 838 95 27 förlagdt
821 837 33 21 til!

95 873 133 27 Björneborg
251 875 25 20 är
298 874 28 27 pä
342 874 37 22 det
394 874 81 27 högsta
490 874 23 21 af
528 874 100 22 behofvet
642 873 112 28 päkalladt
770 872 40 22 och
823 872 31 21 in-

95 908 94 26 galunda
203 908 96 22 kommer
315 910 33 19 att
363 908 69 22 sakna
447 908 79 22 elever.
556 908 115 22 Utskottet
685 908 40 21 har
739 908 47 20 icke
801 907 53 21 kun-

94 945 38 19 nat
154 942 141 22 underkänna
317 944 73 26 vigten
414 943 23 21 af
456 944 65 21 dessa
536 944 48 21 skäl
600 944 39 21 och
655 943 36 21 vill
706 944 8 20 i
728 942 53 27 följd
796 940 62 22 deraf

95 977 107 27 tillstyrka
217 984 26 15 en
258 978 92 27 petition
366 978 7 21 i
388 978 38 21 det
442 978 23 21 af
479 978 92 22 nämnde
579 978 74 22 herrar
661 978 123 26 föreslagna
792 975 62 29 syfte.

163 1012 62 21 Hvad
249 1013 98 21 deremot
362 1012 211 27 landtdagsmännen
590 1012 152 22 Hannukselas
759 1011 40 22 och
814 1011 41 20 La-

95 1047 110 26 gerstedts
227 1047 97 27 yrkande
347 1047 29 27 pä
399 1047 180 22 statsunderstöd
594 1047 22 21 ät
632 1047 38 22 det
684 1047 7 21 i
707 1047 67 21 Wasa
788 1045 67 22 inrät-

95 1081 50 22 tade
167 1081 70 22 finska
258 1081 142 28 privatlyceet
417 1082 139 26 vidkommer,
573 1082 39 21 har
628 1081 112 22 Utskottet
755 1082 54 20 trott
824 1080 32 26 sig

96 1116 77 21 endast
188 1116 67 21 delvis
271 1116 53 21 böra
340 1115 91 22 omfatta
448 1117 127 21 detsamma.
600 1116 113 22 Utskottet
721 1115 69 22 finner
797 1120 59 16 nem-

95 1150 55 27 ligen
171 1152 33 19 att
220 1150 27 21 dä
263 1150 151 22 erfarenheten
431 1153 58 19 ännu
504 1151 49 21 icke
570 1151 120 26 ådagalagt,
708 1150 37 21 det
761 1151 32 20 ett
807 1149 49 21 full-

96 1184 96 27 ständigt
215 1185 83 27 lyceum
322 1185 49 21 med
388 1185 69 21 finskt
472 1185 232 27 undervisningsspräk
719 1185 7 20 i
742 1184 66 21 Wasa
823 1189 33 16 re-

96 1219 41 21 dan
159 1219 69 22 under
250 1221 110 20 närmaste
383 1219 89 22 framtid
487 1220 42 21 kan
545 1220 97 27 päräkna
656 1219 127 27 tillräckligt
798 1217 59 22 antal

96 1253 77 26 elever,
195 1253 84 22 hvilket
298 1254 99 21 deremot
412 1260 66 21 synes
494 1261 52 14 vara
561 1254 61 22 fallet
636 1254 49 21 med
701 1260 26 15 en
743 1253 114 28 fyrklassig

96 1287 67 27 skola,
187 1288 37 21 det
246 1288 62 21 torde
331 1295 53 14 vara
406 1289 104 26 riktigast
533 1291 33 19 att
586 1289 121 22 Ständerna
722 1287 85 22 anhålla
823 1293 34 16 om

95 1321 49 22 fullt
159 1321 115 28 tillräcklig
289 1323 197 27 subventionering
500 1323 32 21 till
548 1329 27 15 en
591 1323 75 27 början
682 1323 23 21 af
718 1322 78 22 endast
810 1321 47 28 fyra

95 1356 91 22 klasser.

164 1390 41 21 Vid
228 1389 158 28 öfvervägande
410 1390 23 22 af
456 1392 27 21 de
506 1392 71 21 skilda
594 1391 213 28 petitionsförslagen
824 1396 34 16 om

96 1424 71 21 finska
181 1424 171 22 lärdomsskolor
367 1425 33 21 för
416 1421 69 26 Östra
499 1426 97 27 Finland,
612 1426 39 22 har
660 1426 114 22 Utskottet
782 1424 76 22 främst

165 1463 105 17 Allmänna
283 1464 181 18 Besvärsutskottets
477 1465 117 18 betänkande
606 1466 36 17 N:o
654 1466 29 18 13.
