1023 1675
172 120 10 16 6
358 118 244 19 Petitionsbetänkande
614 118 37 18 N:o
663 118 32 19 32.

148 176 81 22 ovigtiga
241 175 82 18 afseende
336 176 82 22 erbjuder
430 176 77 17 sålunda
519 175 34 18 den
565 181 24 12 nu
602 176 76 18 berörda
691 175 145 23 organisationen
846 179 22 13 en
876 173 30 18 be-

148 204 78 22 tydande
239 203 62 21 fördel,
314 204 29 17 väl
355 204 75 22 förtjent
442 205 28 17 att
482 204 81 18 beaktas.

217 231 40 17 Mot
270 231 36 18 alla
324 232 52 18 dessa
393 232 79 18 fördelar
490 234 19 16 är
528 232 65 18 endast
605 234 28 16 att
645 232 64 18 ställas
723 232 33 18 den
769 232 88 18 förmenta
869 231 37 17 olä-

148 260 88 23 genheten
256 260 19 17 af
291 260 124 18 latinstudiets
433 261 125 22 uppflyttande
577 261 28 17 uti
623 261 126 17 skolkurserna
764 263 28 15 tre
805 260 19 17 år
836 259 70 18 framåt.

149 288 41 17 Men
203 288 52 17 äfven
268 294 27 12 om
310 289 30 18 det
355 295 41 12 vore
411 289 40 17 skäl
464 290 27 16 att
507 289 62 18 dervid
581 289 48 18 fästa
641 289 52 23 långt
706 291 57 16 större
775 289 97 22 betydelse,
884 289 23 16 än

148 317 125 22 förnuftigtvis
285 317 36 18 kan
333 317 88 18 tillmätas
434 323 21 12 en
468 318 34 17 slik
516 317 138 23 omständighet,
667 317 20 18 så
700 319 90 22 uppväges
801 317 45 18 dock
856 316 51 18 otvif-

148 345 90 23 velaktigt
256 345 34 18 der
309 346 39 17 lilla
366 346 74 23 möjliga
457 346 123 23 pedagogiska
594 346 82 17 fördelen
689 346 19 17 af
719 347 28 16 att
759 347 28 16 tre
800 345 19 18 är
830 345 78 23 tidigare

148 373 19 18 få
179 373 51 23 börja
242 374 86 17 bearbeta
340 375 82 16 eleverna
433 375 41 17 med
485 375 81 17 latinska
577 375 131 22 grammatiken
717 375 6 17 i
733 374 120 23 mångfaldigt
862 373 46 18 mått

150 402 19 17 af
183 402 21 17 de
223 402 128 18 ofvananförda
363 403 102 18 fördelarna
477 403 27 17 för
517 403 30 17 det
560 403 96 21 allmänna,
671 403 19 17 af
702 403 62 17 hvilka
776 402 62 23 några,
850 401 58 18 såsom

148 430 31 23 jag
196 431 41 17 haft
256 433 42 15 äran
316 431 100 21 framhålla,
436 433 31 16 äro
486 431 19 18 af
520 431 97 23 afgörande
629 431 39 23 vigt
681 431 32 18 och
726 431 91 22 betydelse
829 431 27 17 för
868 430 40 17 vårt

149 459 136 18 fäderneslands
297 460 53 17 enhet
362 460 33 17 och
408 460 41 17 hela
461 460 79 17 framtid.

218 487 36 23 Jag
273 488 81 17 anhåller
372 488 91 18 vördsamt
480 489 28 17 att
526 488 152 23 Borgareståndet
695 493 63 17 genom
774 489 28 16 att
818 487 90 18 remittera

150 516 50 17 detta
218 517 92 17 memorial
328 517 29 17 till
376 517 76 17 allmänt
470 517 71 18 utskott
556 517 43 17 ville
611 517 38 17 låta
661 517 98 18 detsamma
771 515 98 19 framträda
881 515 27 18 för

150 545 85 23 samtliga
248 545 76 18 stånden
336 545 58 18 såsom
406 545 68 24 förslag
486 546 29 17 till
531 551 21 12 en
564 551 101 17 gemensam
683 545 110 23 underdånig
804 544 104 23 landtdags-

150 574 77 22 petition
240 574 31 17 till
283 574 109 23 regeringen.

220 620 112 23 Helsingfors
346 620 32 18 den
392 622 10 17 6
414 620 86 18 Februari
514 622 50 17 1882.

625 666 23 18 A.
662 666 24 18 H.
699 666 141 23 Chydenius".

221 790 69 22 Ofvan
306 790 87 23 stäende
408 792 183 27 petitionsförslag
607 790 100 29 ätföljdes
724 791 66 27 enligt
804 791 105 27 Borgare-

151 824 97 21 ständets
264 825 70 21 beslut
348 826 24 21 af
385 826 199 27 protokollsutdrag
599 826 59 20 öfver
674 825 41 20 den
728 825 126 25 diskussion,
864 832 45 13 som

151 859 35 20 vid
202 859 101 21 ärendets
319 860 74 21 remiss
409 860 32 21 till
457 860 114 21 Allmänna
581 859 197 21 Besvärsutskottet
785 859 58 21 inom
852 857 57 23 stän-

152 893 36 22 det
210 893 121 28 försiggätt.
369 894 68 21 Deraf
457 894 140 26 inhemtades,
616 897 32 18 att
663 895 27 20 hr
705 893 99 26 Neovius,
820 900 45 14 som
881 891 29 29 pä

152 927 35 22 det
209 931 107 18 varmaste
339 928 144 21 understödde
501 928 26 21 hr
546 928 127 28 Chydenius'
689 927 221 28 petitionsmemorial,

151 963 175 20 reservationsvis
350 963 53 21 dock
422 963 49 20 ville
489 961 122 28 framhälla,
627 965 32 18 att
674 961 83 28 tyskan,
774 960 70 22 säsom
856 961 55 27 jem-

152 996 35 21 väl
203 997 23 20 af
240 999 73 19 senast
328 996 90 21 tillsatte
433 997 127 21 skolkomit6
575 996 129 27 föreslagits,
717 995 67 21 borde
792 994 118 29 ingå
846 990 11 39 i
866 994 44 29 bot-

152 1031 150 21 tenskolornas
325 1031 104 27 läroplan,
453 1030 23 22 sä
498 1031 85 27 mycket
601 1037 60 14 mera
677 1037 45 14 som
738 1029 79 28 mänga
832 1029 79 25 städer,

152 1065 67 21 sedan
243 1065 27 21 de
292 1064 86 22 erhällit
400 1072 26 14 en
446 1065 57 28 dylik
519 1065 60 21 skola
594 1065 48 20 med
658 1067 34 18 tre
707 1064 88 25 klasser,
811 1063 101 28 möjligen

152 1099 48 21 med
220 1106 56 20 egna
294 1099 69 21 medel
386 1098 28 28 pä
434 1099 123 21 densamma
572 1099 112 27 grundade
706 1100 117 26 yttermera
840 1096 72 29 nägon

152 1133 65 27 klass,
236 1133 34 21 för
286 1136 32 19 att
333 1134 48 20 fullt
403 1134 113 27 tillgodose
533 1134 25 20 de
574 1133 80 21 elevers
677 1132 70 26 behof,
770 1132 72 21 hvilka
864 1130 48 22 från

152 1167 153 22 bottenskolan
327 1166 52 28 utgå
404 1168 7 20 i
435 1168 63 21 lifvet.
537 1168 32 20 Hr
592 1167 78 21 Florin
693 1166 46 22 åter
762 1166 96 21 uttalade
877 1165 35 21 det

153 1201 168 28 önskningsmål,
333 1204 31 19 att
372 1202 114 21 Allmänna
498 1202 203 24 Besvärsutskottet,
725 1199 26 22 då
767 1200 36 21 det
818 1199 96 22 behand-

152 1235 50 21 lade
217 1235 78 28 frågan
310 1243 35 14 om
360 1236 112 21 skolornas
490 1232 149 31 organisation
660 1235 41 21 och
723 1234 106 27 läroplan,
851 1234 62 20 äfven

153 1269 67 22 måtte
235 1272 53 25 taga
302 1270 7 20 i
325 1270 161 28 öfvervägande,
502 1270 73 22 hvilka
590 1268 53 22 mått
659 1269 41 22 och
715 1271 46 25 steg
777 1274 50 15 vore
840 1268 24 21 af
876 1268 38 20 nö-

154 1304 47 25 den,
218 1303 29 28 pä
263 1304 36 21 det
310 1304 46 21 icke
372 1304 132 28 ungdomens
527 1304 90 27 kropps-
632 1304 41 20 och
689 1302 135 28 själskrafter
846 1301 68 21 under

154 1337 107 22 skoltiden
276 1338 68 21 skulle
359 1338 44 22 lida
418 1345 77 21 genom
510 1337 223 28 öfveransträngning,
763 1336 42 21 Vid
814 1335 101 22 debatten

153 1372 86 27 yttrade
260 1373 32 26 sig
314 1372 73 22 vidare
408 1373 38 20 hrr
466 1372 120 27 Chydenius
601 1372 40 21 och
664 1370 129 25 Nummelin,
816 1376 48 15 men
887 1368 28 22 då

154 1405 63 22 deras
236 1406 156 27 andraganden
408 1405 90 22 berörde
513 1405 133 22 inrättandet
661 1405 26 21 af
699 1412 26 14 en
741 1403 91 22 särskild
848 1403 66 26 skola,

224 1446 96 17 Allmänna
333 1446 160 17 Besvärsutskottets
505 1445 104 18 betänkande
621 1445 35 17 N:o
669 1445 29 16 18.
