<?xml version="1.0" encoding="UTF-8"?>
<alto xmlns="http://www.loc.gov/standards/alto/ns-v3#" xmlns:xlink="http://www.w3.org/1999/xlink" xmlns:xsi="http://www.w3.org/2001/XMLSchema-instance" xsi:schemaLocation="http://www.loc.gov/standards/alto/ns-v3# http://www.loc.gov/alto/v3/alto-3-0.xsd">
	<Description>
		<MeasurementUnit>pixel</MeasurementUnit>
		<sourceImageInformation>
			<fileName>/tmp/tess_pmphqsyn_input.PNG</fileName>
		</sourceImageInformation>
		<OCRProcessing ID="OCR_0">
			<ocrProcessingStep>
				<processingSoftware>
					<softwareName>tesseract 5.3.4</softwareName>
				</processingSoftware>
			</ocrProcessingStep>
		</OCRProcessing>
	</Description>
	<Layout>
		<Page WIDTH="1023" HEIGHT="1675" PHYSICAL_IMG_NR="0" ID="page_0">
			<PrintSpace HPOS="0" VPOS="0" WIDTH="1023" HEIGHT="1675">
				<ComposedBlock ID="cblock_0" HPOS="512" VPOS="200" WIDTH="61" HEIGHT="26">
					<TextBlock ID="block_0" HPOS="512" VPOS="200" WIDTH="61" HEIGHT="26">
						<TextLine ID="line_0" HPOS="512" VPOS="200" WIDTH="61" HEIGHT="26">
							<String ID="string_0" HPOS="512" VPOS="200" WIDTH="11" HEIGHT="26" WC="0.82" CONTENT="s"/><SP WIDTH="16" VPOS="200" HPOS="523"/>
							<String ID="string_1" HPOS="539" VPOS="200" WIDTH="34" HEIGHT="20" WC="0.93" CONTENT="29."/>
						</TextLine>
					</TextBlock>
				</ComposedBlock>
				<ComposedBlock ID="cblock_1" HPOS="163" VPOS="244" WIDTH="759" HEIGHT="988">
					<TextBlock ID="block_1" HPOS="164" VPOS="244" WIDTH="757" HEIGHT="233">
						<TextLine ID="line_1" HPOS="233" VPOS="244" WIDTH="685" HEIGHT="28">
							<String ID="string_2" HPOS="233" VPOS="244" WIDTH="73" HEIGHT="22" WC="0.95" CONTENT="Sedan"/><SP WIDTH="16" VPOS="244" HPOS="306"/>
							<String ID="string_3" HPOS="322" VPOS="244" WIDTH="60" HEIGHT="22" WC="0.96" CONTENT="Hans"/><SP WIDTH="15" VPOS="244" HPOS="382"/>
							<String ID="string_4" HPOS="397" VPOS="244" WIDTH="120" HEIGHT="28" WC="0.96" CONTENT="Kejserliga"/><SP WIDTH="14" VPOS="244" HPOS="517"/>
							<String ID="string_5" HPOS="531" VPOS="244" WIDTH="102" HEIGHT="28" WC="0.96" CONTENT="Majestät"/><SP WIDTH="16" VPOS="244" HPOS="633"/>
							<String ID="string_6" HPOS="649" VPOS="244" WIDTH="32" HEIGHT="22" WC="0.96" CONTENT="uti"/><SP WIDTH="15" VPOS="244" HPOS="681"/>
							<String ID="string_7" HPOS="696" VPOS="244" WIDTH="66" HEIGHT="27" WC="0.96" CONTENT="nådig"/><SP WIDTH="15" VPOS="244" HPOS="762"/>
							<String ID="string_8" HPOS="777" VPOS="244" WIDTH="141" HEIGHT="27" WC="0.95" CONTENT="proposition,"/>
						</TextLine>
						<TextLine ID="line_2" HPOS="164" VPOS="274" WIDTH="755" HEIGHT="34">
							<String ID="string_9" HPOS="164" VPOS="279" WIDTH="114" HEIGHT="27" WC="0.96" CONTENT="angående"/><SP WIDTH="15" VPOS="279" HPOS="278"/>
							<String ID="string_10" HPOS="293" VPOS="274" WIDTH="92" HEIGHT="32" WC="0.96" CONTENT="ändring"/><SP WIDTH="15" VPOS="274" HPOS="385"/>
							<String ID="string_11" HPOS="400" VPOS="279" WIDTH="8" HEIGHT="20" WC="0.96" CONTENT="i"/><SP WIDTH="14" VPOS="279" HPOS="408"/>
							<String ID="string_12" HPOS="422" VPOS="278" WIDTH="102" HEIGHT="27" WC="0.96" CONTENT="gällande"/><SP WIDTH="15" VPOS="278" HPOS="524"/>
							<String ID="string_13" HPOS="539" VPOS="279" WIDTH="135" HEIGHT="26" WC="0.96" CONTENT="stadganden"/><SP WIDTH="16" VPOS="279" HPOS="674"/>
							<String ID="string_14" HPOS="690" VPOS="279" WIDTH="93" HEIGHT="29" WC="0.93" CONTENT="rörande"/><SP WIDTH="11" VPOS="279" HPOS="783"/>
							<String ID="string_15" HPOS="794" VPOS="277" WIDTH="125" HEIGHT="22" WC="0.91" CONTENT="förvaltnin-"/>
						</TextLine>
						<TextLine ID="line_3" HPOS="164" VPOS="309" WIDTH="757" HEIGHT="31">
							<String ID="string_16" HPOS="164" VPOS="319" WIDTH="42" HEIGHT="20" WC="0.96" CONTENT="gen"/><SP WIDTH="15" VPOS="319" HPOS="206"/>
							<String ID="string_17" HPOS="221" VPOS="312" WIDTH="25" HEIGHT="21" WC="0.96" CONTENT="af"/><SP WIDTH="13" VPOS="312" HPOS="246"/>
							<String ID="string_18" HPOS="259" VPOS="312" WIDTH="176" HEIGHT="28" WC="0.96" CONTENT="kronohemman,"/><SP WIDTH="15" VPOS="312" HPOS="435"/>
							<String ID="string_19" HPOS="450" VPOS="313" WIDTH="8" HEIGHT="20" WC="0.96" CONTENT="i"/><SP WIDTH="15" VPOS="313" HPOS="458"/>
							<String ID="string_20" HPOS="473" VPOS="313" WIDTH="68" HEIGHT="21" WC="0.93" CONTENT="nåder"/><SP WIDTH="12" VPOS="313" HPOS="541"/>
							<String ID="string_21" HPOS="553" VPOS="312" WIDTH="63" HEIGHT="22" WC="0.92" CONTENT="äskat"/><SP WIDTH="14" VPOS="312" HPOS="616"/>
							<String ID="string_22" HPOS="630" VPOS="312" WIDTH="53" HEIGHT="21" WC="0.95" CONTENT="Vårt"/><SP WIDTH="14" VPOS="312" HPOS="683"/>
							<String ID="string_23" HPOS="697" VPOS="309" WIDTH="103" HEIGHT="30" WC="0.96" CONTENT="yttrande"/><SP WIDTH="15" VPOS="309" HPOS="800"/>
							<String ID="string_24" HPOS="815" VPOS="312" WIDTH="59" HEIGHT="22" WC="0.96" CONTENT="öfver"/><SP WIDTH="16" VPOS="312" HPOS="874"/>
							<String ID="string_25" HPOS="890" VPOS="313" WIDTH="31" HEIGHT="20" WC="0.96" CONTENT="ett"/>
						</TextLine>
						<TextLine ID="line_4" HPOS="164" VPOS="346" WIDTH="756" HEIGHT="28">
							<String ID="string_26" HPOS="164" VPOS="342" WIDTH="22" HEIGHT="37" WC="0.93" CONTENT="i."/><SP WIDTH="1" VPOS="342" HPOS="186"/>
							<String ID="string_27" HPOS="187" VPOS="347" WIDTH="96" HEIGHT="21" WC="0.93" CONTENT="nämnda"/><SP WIDTH="22" VPOS="347" HPOS="283"/>
							<String ID="string_28" HPOS="305" VPOS="346" WIDTH="134" HEIGHT="28" WC="0.94" CONTENT="proposition"/><SP WIDTH="23" VPOS="346" HPOS="439"/>
							<String ID="string_29" HPOS="462" VPOS="346" WIDTH="107" HEIGHT="28" WC="0.96" CONTENT="ingående"/><SP WIDTH="22" VPOS="346" HPOS="569"/>
							<String ID="string_30" HPOS="591" VPOS="346" WIDTH="81" HEIGHT="28" WC="0.94" CONTENT="förslag"/><SP WIDTH="23" VPOS="346" HPOS="672"/>
							<String ID="string_31" HPOS="695" VPOS="346" WIDTH="33" HEIGHT="21" WC="0.94" CONTENT="till"/><SP WIDTH="15" VPOS="346" HPOS="728"/>
							<String ID="string_32" HPOS="743" VPOS="346" WIDTH="127" HEIGHT="27" WC="0.95" CONTENT="förordning"/><SP WIDTH="16" VPOS="346" HPOS="870"/>
							<String ID="string_33" HPOS="886" VPOS="353" WIDTH="34" HEIGHT="14" WC="0.96" CONTENT="om"/>
						</TextLine>
						<TextLine ID="line_5" HPOS="164" VPOS="379" WIDTH="754" HEIGHT="29">
							<String ID="string_34" HPOS="164" VPOS="381" WIDTH="88" HEIGHT="22" WC="0.92" CONTENT="åborätt"/><SP WIDTH="16" VPOS="381" HPOS="252"/>
							<String ID="string_35" HPOS="268" VPOS="381" WIDTH="13" HEIGHT="21" WC="0.92" CONTENT="å"/><SP WIDTH="15" VPOS="381" HPOS="281"/>
							<String ID="string_36" HPOS="296" VPOS="381" WIDTH="72" HEIGHT="27" WC="0.93" CONTENT="dylika"/><SP WIDTH="22" VPOS="381" HPOS="368"/>
							<String ID="string_37" HPOS="390" VPOS="379" WIDTH="133" HEIGHT="29" WC="0.92" CONTENT="lägenbeter,"/><SP WIDTH="16" VPOS="379" HPOS="523"/>
							<String ID="string_38" HPOS="539" VPOS="381" WIDTH="64" HEIGHT="22" WC="0.92" CONTENT="hafve"/><SP WIDTH="15" VPOS="381" HPOS="603"/>
							<String ID="string_39" HPOS="618" VPOS="381" WIDTH="27" HEIGHT="21" WC="0.96" CONTENT="Vi"/><SP WIDTH="14" VPOS="381" HPOS="645"/>
							<String ID="string_40" HPOS="659" VPOS="381" WIDTH="32" HEIGHT="21" WC="0.91" CONTENT="uti"/><SP WIDTH="15" VPOS="381" HPOS="691"/>
							<String ID="string_41" HPOS="706" VPOS="381" WIDTH="136" HEIGHT="26" WC="0.91" CONTENT="underdånig"/><SP WIDTH="15" VPOS="381" HPOS="842"/>
							<String ID="string_42" HPOS="857" VPOS="380" WIDTH="61" HEIGHT="21" WC="0.91" CONTENT="skrif-"/>
						</TextLine>
						<TextLine ID="line_6" HPOS="164" VPOS="414" WIDTH="756" HEIGHT="29">
							<String ID="string_43" HPOS="164" VPOS="415" WIDTH="58" HEIGHT="22" WC="0.92" CONTENT="velse"/><SP WIDTH="22" VPOS="415" HPOS="222"/>
							<String ID="string_44" HPOS="244" VPOS="415" WIDTH="26" HEIGHT="21" WC="0.95" CONTENT="af"/><SP WIDTH="20" VPOS="415" HPOS="270"/>
							<String ID="string_45" HPOS="290" VPOS="416" WIDTH="40" HEIGHT="20" WC="0.96" CONTENT="den"/><SP WIDTH="19" VPOS="416" HPOS="330"/>
							<String ID="string_46" HPOS="349" VPOS="416" WIDTH="28" HEIGHT="21" WC="0.93" CONTENT="30"/><SP WIDTH="15" VPOS="416" HPOS="377"/>
							<String ID="string_47" HPOS="392" VPOS="415" WIDTH="98" HEIGHT="21" WC="0.91" CONTENT="sistlidne"/><SP WIDTH="15" VPOS="415" HPOS="490"/>
							<String ID="string_48" HPOS="505" VPOS="415" WIDTH="42" HEIGHT="28" WC="0.96" CONTENT="Maj"/><SP WIDTH="18" VPOS="415" HPOS="547"/>
							<String ID="string_49" HPOS="565" VPOS="415" WIDTH="33" HEIGHT="21" WC="0.96" CONTENT="till"/><SP WIDTH="15" VPOS="415" HPOS="598"/>
							<String ID="string_50" HPOS="613" VPOS="415" WIDTH="60" HEIGHT="21" WC="0.95" CONTENT="Hans"/><SP WIDTH="15" VPOS="415" HPOS="673"/>
							<String ID="string_51" HPOS="688" VPOS="415" WIDTH="104" HEIGHT="27" WC="0.93" CONTENT="Majestät"/><SP WIDTH="15" VPOS="415" HPOS="792"/>
							<String ID="string_52" HPOS="807" VPOS="414" WIDTH="113" HEIGHT="21" WC="0.90" CONTENT="framburit"/>
						</TextLine>
						<TextLine ID="line_7" HPOS="164" VPOS="449" WIDTH="680" HEIGHT="28">
							<String ID="string_53" HPOS="164" VPOS="450" WIDTH="110" HEIGHT="21" WC="0.92" CONTENT="Ståndens"/><SP WIDTH="14" VPOS="450" HPOS="274"/>
							<String ID="string_54" HPOS="288" VPOS="450" WIDTH="8" HEIGHT="21" WC="0.96" CONTENT="i"/><SP WIDTH="15" VPOS="450" HPOS="296"/>
							<String ID="string_55" HPOS="311" VPOS="451" WIDTH="59" HEIGHT="20" WC="0.96" CONTENT="detta"/><SP WIDTH="16" VPOS="451" HPOS="370"/>
							<String ID="string_56" HPOS="386" VPOS="451" WIDTH="80" HEIGHT="20" WC="0.96" CONTENT="ärende"/><SP WIDTH="14" VPOS="451" HPOS="466"/>
							<String ID="string_57" HPOS="480" VPOS="449" WIDTH="98" HEIGHT="22" WC="0.93" CONTENT="uttalade"/><SP WIDTH="15" VPOS="449" HPOS="578"/>
							<String ID="string_58" HPOS="593" VPOS="449" WIDTH="150" HEIGHT="28" WC="0.91" CONTENT="underdåniga"/><SP WIDTH="15" VPOS="449" HPOS="743"/>
							<String ID="string_59" HPOS="758" VPOS="449" WIDTH="86" HEIGHT="27" WC="0.92" CONTENT="åsigter."/>
						</TextLine>
					</TextBlock>
					<TextBlock ID="block_2" HPOS="513" VPOS="507" WIDTH="61" HEIGHT="27">
						<TextLine ID="line_8" HPOS="513" VPOS="507" WIDTH="61" HEIGHT="27">
							<String ID="string_60" HPOS="513" VPOS="508" WIDTH="10" HEIGHT="26" WC="0.69" CONTENT="s"/><SP WIDTH="18" VPOS="508" HPOS="523"/>
							<String ID="string_61" HPOS="541" VPOS="507" WIDTH="33" HEIGHT="21" WC="0.96" CONTENT="30."/>
						</TextLine>
					</TextBlock>
					<TextBlock ID="block_3" HPOS="164" VPOS="551" WIDTH="756" HEIGHT="298">
						<TextLine ID="line_9" HPOS="233" VPOS="551" WIDTH="687" HEIGHT="29">
							<String ID="string_62" HPOS="233" VPOS="553" WIDTH="62" HEIGHT="21" WC="0.96" CONTENT="Efter"/><SP WIDTH="15" VPOS="553" HPOS="295"/>
							<String ID="string_63" HPOS="310" VPOS="553" WIDTH="36" HEIGHT="21" WC="0.96" CONTENT="det"/><SP WIDTH="14" VPOS="553" HPOS="346"/>
							<String ID="string_64" HPOS="360" VPOS="552" WIDTH="27" HEIGHT="22" WC="0.96" CONTENT="Vi"/><SP WIDTH="15" VPOS="552" HPOS="387"/>
							<String ID="string_65" HPOS="402" VPOS="552" WIDTH="24" HEIGHT="22" WC="0.96" CONTENT="af"/><SP WIDTH="12" VPOS="552" HPOS="426"/>
							<String ID="string_66" HPOS="438" VPOS="553" WIDTH="60" HEIGHT="21" WC="0.96" CONTENT="Hans"/><SP WIDTH="17" VPOS="553" HPOS="498"/>
							<String ID="string_67" HPOS="515" VPOS="552" WIDTH="119" HEIGHT="28" WC="0.95" CONTENT="Kejserliga"/><SP WIDTH="9" VPOS="552" HPOS="634"/>
							<String ID="string_68" HPOS="643" VPOS="552" WIDTH="103" HEIGHT="28" WC="0.96" CONTENT="Majestät"/><SP WIDTH="10" VPOS="552" HPOS="746"/>
							<String ID="string_69" HPOS="756" VPOS="551" WIDTH="42" HEIGHT="23" WC="0.93" CONTENT="fått"/><SP WIDTH="12" VPOS="551" HPOS="798"/>
							<String ID="string_70" HPOS="810" VPOS="554" WIDTH="110" HEIGHT="26" WC="0.91" CONTENT="emottaga"/>
						</TextLine>
						<TextLine ID="line_10" HPOS="165" VPOS="586" WIDTH="755" HEIGHT="29">
							<String ID="string_71" HPOS="165" VPOS="588" WIDTH="66" HEIGHT="26" WC="0.96" CONTENT="nådig"/><SP WIDTH="23" VPOS="588" HPOS="231"/>
							<String ID="string_72" HPOS="254" VPOS="587" WIDTH="141" HEIGHT="28" WC="0.96" CONTENT="proposition,"/><SP WIDTH="15" VPOS="587" HPOS="395"/>
							<String ID="string_73" HPOS="410" VPOS="588" WIDTH="113" HEIGHT="26" WC="0.91" CONTENT="angående"/><SP WIDTH="15" VPOS="588" HPOS="523"/>
							<String ID="string_74" HPOS="538" VPOS="587" WIDTH="195" HEIGHT="28" WC="0.89" CONTENT="skjutshållningen"/><SP WIDTH="16" VPOS="587" HPOS="733"/>
							<String ID="string_75" HPOS="749" VPOS="586" WIDTH="41" HEIGHT="22" WC="0.93" CONTENT="och"/><SP WIDTH="14" VPOS="586" HPOS="790"/>
							<String ID="string_76" HPOS="804" VPOS="586" WIDTH="116" HEIGHT="28" WC="0.91" CONTENT="gästgifve-"/>
						</TextLine>
						<TextLine ID="line_11" HPOS="164" VPOS="621" WIDTH="756" HEIGHT="28">
							<String ID="string_77" HPOS="164" VPOS="623" WIDTH="78" HEIGHT="25" WC="0.90" CONTENT="rierne,"/><SP WIDTH="17" VPOS="623" HPOS="242"/>
							<String ID="string_78" HPOS="259" VPOS="622" WIDTH="62" HEIGHT="21" WC="0.93" CONTENT="hafve"/><SP WIDTH="17" VPOS="622" HPOS="321"/>
							<String ID="string_79" HPOS="338" VPOS="622" WIDTH="24" HEIGHT="21" WC="0.96" CONTENT="Vi"/><SP WIDTH="15" VPOS="622" HPOS="362"/>
							<String ID="string_80" HPOS="377" VPOS="622" WIDTH="34" HEIGHT="21" WC="0.96" CONTENT="för"/><SP WIDTH="13" VPOS="622" HPOS="411"/>
							<String ID="string_81" HPOS="424" VPOS="622" WIDTH="44" HEIGHT="21" WC="0.96" CONTENT="Vår"/><SP WIDTH="15" VPOS="622" HPOS="468"/>
							<String ID="string_82" HPOS="483" VPOS="622" WIDTH="36" HEIGHT="21" WC="0.96" CONTENT="del"/><SP WIDTH="14" VPOS="622" HPOS="519"/>
							<String ID="string_83" HPOS="533" VPOS="622" WIDTH="84" HEIGHT="27" WC="0.96" CONTENT="antagit"/><SP WIDTH="16" VPOS="622" HPOS="617"/>
							<String ID="string_84" HPOS="633" VPOS="622" WIDTH="68" HEIGHT="21" WC="0.96" CONTENT="sådan"/><SP WIDTH="15" VPOS="622" HPOS="701"/>
							<String ID="string_85" HPOS="716" VPOS="621" WIDTH="126" HEIGHT="28" WC="0.96" CONTENT="förordning"/><SP WIDTH="18" VPOS="621" HPOS="842"/>
							<String ID="string_86" HPOS="860" VPOS="622" WIDTH="8" HEIGHT="20" WC="0.82" CONTENT="i"/><SP WIDTH="10" VPOS="622" HPOS="868"/>
							<String ID="string_87" HPOS="878" VPOS="623" WIDTH="42" HEIGHT="20" WC="0.82" CONTENT="äm-"/>
						</TextLine>
						<TextLine ID="line_12" HPOS="165" VPOS="656" WIDTH="755" HEIGHT="28">
							<String ID="string_88" HPOS="165" VPOS="659" WIDTH="43" HEIGHT="23" WC="0.95" CONTENT="net,"/><SP WIDTH="23" VPOS="659" HPOS="208"/>
							<String ID="string_89" HPOS="231" VPOS="664" WIDTH="47" HEIGHT="14" WC="0.95" CONTENT="som"/><SP WIDTH="21" VPOS="664" HPOS="278"/>
							<String ID="string_90" HPOS="299" VPOS="656" WIDTH="69" HEIGHT="22" WC="0.96" CONTENT="finnes"/><SP WIDTH="22" VPOS="656" HPOS="368"/>
							<String ID="string_91" HPOS="390" VPOS="656" WIDTH="88" HEIGHT="28" WC="0.95" CONTENT="intagen"/><SP WIDTH="16" VPOS="656" HPOS="478"/>
							<String ID="string_92" HPOS="494" VPOS="656" WIDTH="7" HEIGHT="21" WC="0.95" CONTENT="i"/><SP WIDTH="15" VPOS="656" HPOS="501"/>
							<String ID="string_93" HPOS="516" VPOS="656" WIDTH="43" HEIGHT="21" WC="0.96" CONTENT="Vår"/><SP WIDTH="14" VPOS="656" HPOS="559"/>
							<String ID="string_94" HPOS="573" VPOS="656" WIDTH="33" HEIGHT="21" WC="0.96" CONTENT="till"/><SP WIDTH="15" VPOS="656" HPOS="606"/>
							<String ID="string_95" HPOS="621" VPOS="662" WIDTH="48" HEIGHT="16" WC="0.93" CONTENT="svar"/><SP WIDTH="16" VPOS="662" HPOS="669"/>
							<String ID="string_96" HPOS="685" VPOS="657" WIDTH="14" HEIGHT="20" WC="0.92" CONTENT="å"/><SP WIDTH="14" VPOS="657" HPOS="699"/>
							<String ID="string_97" HPOS="713" VPOS="656" WIDTH="96" HEIGHT="21" WC="0.90" CONTENT="nämnda"/><SP WIDTH="14" VPOS="656" HPOS="809"/>
							<String ID="string_98" HPOS="823" VPOS="656" WIDTH="97" HEIGHT="28" WC="0.90" CONTENT="proposi-"/>
						</TextLine>
						<TextLine ID="line_13" HPOS="164" VPOS="690" WIDTH="756" HEIGHT="27">
							<String ID="string_99" HPOS="164" VPOS="692" WIDTH="46" HEIGHT="21" WC="0.96" CONTENT="tion"/><SP WIDTH="16" VPOS="692" HPOS="210"/>
							<String ID="string_100" HPOS="226" VPOS="692" WIDTH="44" HEIGHT="20" WC="0.96" CONTENT="den"/><SP WIDTH="14" VPOS="692" HPOS="270"/>
							<String ID="string_101" HPOS="284" VPOS="691" WIDTH="12" HEIGHT="21" WC="0.96" CONTENT="1"/><SP WIDTH="16" VPOS="691" HPOS="296"/>
							<String ID="string_102" HPOS="312" VPOS="691" WIDTH="147" HEIGHT="21" WC="0.96" CONTENT="innevarande"/><SP WIDTH="15" VPOS="691" HPOS="459"/>
							<String ID="string_103" HPOS="474" VPOS="690" WIDTH="52" HEIGHT="22" WC="0.92" CONTENT="Juni"/><SP WIDTH="15" VPOS="690" HPOS="526"/>
							<String ID="string_104" HPOS="541" VPOS="690" WIDTH="82" HEIGHT="22" WC="0.92" CONTENT="aflåtna"/><SP WIDTH="14" VPOS="690" HPOS="623"/>
							<String ID="string_105" HPOS="637" VPOS="690" WIDTH="151" HEIGHT="27" WC="0.91" CONTENT="underdåniga"/><SP WIDTH="14" VPOS="690" HPOS="788"/>
							<String ID="string_106" HPOS="802" VPOS="690" WIDTH="118" HEIGHT="26" WC="0.96" CONTENT="skrifvelse,"/>
						</TextLine>
						<TextLine ID="line_14" HPOS="164" VPOS="724" WIDTH="756" HEIGHT="28">
							<String ID="string_107" HPOS="164" VPOS="725" WIDTH="62" HEIGHT="21" WC="0.90" CONTENT="hvari"/><SP WIDTH="21" VPOS="725" HPOS="226"/>
							<String ID="string_108" HPOS="247" VPOS="725" WIDTH="27" HEIGHT="21" WC="0.96" CONTENT="Vi"/><SP WIDTH="22" VPOS="725" HPOS="274"/>
							<String ID="string_109" HPOS="296" VPOS="724" WIDTH="70" HEIGHT="22" WC="0.92" CONTENT="tillika"/><SP WIDTH="21" VPOS="724" HPOS="366"/>
							<String ID="string_110" HPOS="387" VPOS="725" WIDTH="83" HEIGHT="27" WC="0.92" CONTENT="afgifvit"/><SP WIDTH="15" VPOS="725" HPOS="470"/>
							<String ID="string_111" HPOS="485" VPOS="725" WIDTH="78" HEIGHT="21" WC="0.91" CONTENT="äskadt"/><SP WIDTH="14" VPOS="725" HPOS="563"/>
							<String ID="string_112" HPOS="577" VPOS="726" WIDTH="102" HEIGHT="26" WC="0.96" CONTENT="yttrande"/><SP WIDTH="16" VPOS="726" HPOS="679"/>
							<String ID="string_113" HPOS="695" VPOS="724" WIDTH="60" HEIGHT="22" WC="0.96" CONTENT="öfver"/><SP WIDTH="15" VPOS="724" HPOS="755"/>
							<String ID="string_114" HPOS="770" VPOS="727" WIDTH="32" HEIGHT="19" WC="0.96" CONTENT="ett"/><SP WIDTH="19" VPOS="727" HPOS="802"/>
							<String ID="string_115" HPOS="821" VPOS="725" WIDTH="3" HEIGHT="21" WC="0.96" CONTENT="i"/><SP WIDTH="14" VPOS="725" HPOS="824"/>
							<String ID="string_116" HPOS="838" VPOS="732" WIDTH="82" HEIGHT="14" WC="0.95" CONTENT="samma"/>
						</TextLine>
						<TextLine ID="line_15" HPOS="164" VPOS="759" WIDTH="756" HEIGHT="28">
							<String ID="string_117" HPOS="164" VPOS="759" WIDTH="136" HEIGHT="28" WC="0.96" CONTENT="proposition"/><SP WIDTH="22" VPOS="759" HPOS="300"/>
							<String ID="string_118" HPOS="322" VPOS="759" WIDTH="40" HEIGHT="22" WC="0.93" CONTENT="Oss"/><SP WIDTH="22" VPOS="759" HPOS="362"/>
							<String ID="string_119" HPOS="384" VPOS="759" WIDTH="123" HEIGHT="22" WC="0.92" CONTENT="meddeladt"/><SP WIDTH="22" VPOS="759" HPOS="507"/>
							<String ID="string_120" HPOS="529" VPOS="759" WIDTH="80" HEIGHT="28" WC="0.96" CONTENT="förslag"/><SP WIDTH="20" VPOS="759" HPOS="609"/>
							<String ID="string_121" HPOS="629" VPOS="760" WIDTH="32" HEIGHT="20" WC="0.96" CONTENT="till"/><SP WIDTH="15" VPOS="760" HPOS="661"/>
							<String ID="string_122" HPOS="676" VPOS="759" WIDTH="136" HEIGHT="27" WC="0.93" CONTENT="kungörelse,"/><SP WIDTH="15" VPOS="759" HPOS="812"/>
							<String ID="string_123" HPOS="827" VPOS="759" WIDTH="93" HEIGHT="21" WC="0.90" CONTENT="innefat-"/>
						</TextLine>
						<TextLine ID="line_16" HPOS="164" VPOS="793" WIDTH="756" HEIGHT="28">
							<String ID="string_124" HPOS="164" VPOS="794" WIDTH="66" HEIGHT="21" WC="0.96" CONTENT="tande"/><SP WIDTH="24" VPOS="794" HPOS="230"/>
							<String ID="string_125" HPOS="254" VPOS="794" WIDTH="106" HEIGHT="21" WC="0.96" CONTENT="särskilda"/><SP WIDTH="22" VPOS="794" HPOS="360"/>
							<String ID="string_126" HPOS="382" VPOS="793" WIDTH="135" HEIGHT="22" WC="0.96" CONTENT="föreskrifter"/><SP WIDTH="22" VPOS="793" HPOS="517"/>
							<String ID="string_127" HPOS="539" VPOS="794" WIDTH="7" HEIGHT="20" WC="0.96" CONTENT="i"/><SP WIDTH="23" VPOS="794" HPOS="546"/>
							<String ID="string_128" HPOS="569" VPOS="794" WIDTH="101" HEIGHT="21" WC="0.93" CONTENT="afseende"/><SP WIDTH="24" VPOS="794" HPOS="670"/>
							<String ID="string_129" HPOS="694" VPOS="794" WIDTH="13" HEIGHT="21" WC="0.92" CONTENT="å"/><SP WIDTH="16" VPOS="794" HPOS="707"/>
							<String ID="string_130" HPOS="723" VPOS="793" WIDTH="174" HEIGHT="28" WC="0.92" CONTENT="skjutsväsendet"/><SP WIDTH="16" VPOS="793" HPOS="897"/>
							<String ID="string_131" HPOS="913" VPOS="794" WIDTH="7" HEIGHT="21" WC="0.96" CONTENT="i"/>
						</TextLine>
						<TextLine ID="line_17" HPOS="164" VPOS="828" WIDTH="81" HEIGHT="21">
							<String ID="string_132" HPOS="164" VPOS="828" WIDTH="81" HEIGHT="21" WC="0.96" CONTENT="landet."/>
						</TextLine>
					</TextBlock>
					<TextBlock ID="block_4" HPOS="513" VPOS="885" WIDTH="60" HEIGHT="26">
						<TextLine ID="line_18" HPOS="513" VPOS="885" WIDTH="60" HEIGHT="26">
							<String ID="string_133" HPOS="513" VPOS="886" WIDTH="11" HEIGHT="25" WC="0.85" CONTENT="8"/><SP WIDTH="16" VPOS="886" HPOS="524"/>
							<String ID="string_134" HPOS="540" VPOS="885" WIDTH="33" HEIGHT="21" WC="0.89" CONTENT="31."/>
						</TextLine>
					</TextBlock>
					<TextBlock ID="block_5" HPOS="163" VPOS="929" WIDTH="759" HEIGHT="303">
						<TextLine ID="line_19" HPOS="232" VPOS="929" WIDTH="689" HEIGHT="28">
							<String ID="string_135" HPOS="232" VPOS="930" WIDTH="43" HEIGHT="21" WC="0.95" CONTENT="Vid"/><SP WIDTH="22" VPOS="930" HPOS="275"/>
							<String ID="string_136" HPOS="297" VPOS="930" WIDTH="133" HEIGHT="27" WC="0.96" CONTENT="behandling"/><SP WIDTH="22" VPOS="930" HPOS="430"/>
							<String ID="string_137" HPOS="452" VPOS="930" WIDTH="24" HEIGHT="21" WC="0.96" CONTENT="af"/><SP WIDTH="20" VPOS="930" HPOS="476"/>
							<String ID="string_138" HPOS="496" VPOS="930" WIDTH="61" HEIGHT="21" WC="0.96" CONTENT="Hans"/><SP WIDTH="20" VPOS="930" HPOS="557"/>
							<String ID="string_139" HPOS="577" VPOS="929" WIDTH="121" HEIGHT="28" WC="0.96" CONTENT="Kejserliga"/><SP WIDTH="15" VPOS="929" HPOS="698"/>
							<String ID="string_140" HPOS="713" VPOS="929" WIDTH="113" HEIGHT="28" WC="0.96" CONTENT="Majestäts"/><SP WIDTH="15" VPOS="929" HPOS="826"/>
							<String ID="string_141" HPOS="841" VPOS="930" WIDTH="80" HEIGHT="27" WC="0.96" CONTENT="nådiga"/>
						</TextLine>
						<TextLine ID="line_20" HPOS="164" VPOS="964" WIDTH="756" HEIGHT="28">
							<String ID="string_142" HPOS="164" VPOS="964" WIDTH="144" HEIGHT="27" WC="0.95" CONTENT="proposition,"/><SP WIDTH="23" VPOS="964" HPOS="308"/>
							<String ID="string_143" HPOS="331" VPOS="971" WIDTH="35" HEIGHT="14" WC="0.96" CONTENT="om"/><SP WIDTH="15" VPOS="971" HPOS="366"/>
							<String ID="string_144" HPOS="381" VPOS="965" WIDTH="143" HEIGHT="27" WC="0.95" CONTENT="upphörande"/><SP WIDTH="15" VPOS="965" HPOS="524"/>
							<String ID="string_145" HPOS="539" VPOS="964" WIDTH="25" HEIGHT="21" WC="0.96" CONTENT="af"/><SP WIDTH="13" VPOS="964" HPOS="564"/>
							<String ID="string_146" HPOS="577" VPOS="965" WIDTH="26" HEIGHT="20" WC="0.96" CONTENT="de"/><SP WIDTH="15" VPOS="965" HPOS="603"/>
							<String ID="string_147" HPOS="618" VPOS="964" WIDTH="48" HEIGHT="22" WC="0.92" CONTENT="från"/><SP WIDTH="15" VPOS="964" HPOS="666"/>
							<String ID="string_148" HPOS="681" VPOS="964" WIDTH="120" HEIGHT="21" WC="0.91" CONTENT="rusthållen"/><SP WIDTH="16" VPOS="964" HPOS="801"/>
							<String ID="string_149" HPOS="817" VPOS="967" WIDTH="56" HEIGHT="18" WC="0.93" CONTENT="samt"/><SP WIDTH="15" VPOS="967" HPOS="873"/>
							<String ID="string_150" HPOS="888" VPOS="971" WIDTH="32" HEIGHT="15" WC="0.92" CONTENT="ro-"/>
						</TextLine>
						<TextLine ID="line_21" HPOS="163" VPOS="998" WIDTH="758" HEIGHT="28">
							<String ID="string_151" HPOS="163" VPOS="999" WIDTH="77" HEIGHT="20" WC="0.96" CONTENT="terade"/><SP WIDTH="16" VPOS="999" HPOS="240"/>
							<String ID="string_152" HPOS="256" VPOS="998" WIDTH="100" HEIGHT="21" WC="0.96" CONTENT="hemman"/><SP WIDTH="16" VPOS="998" HPOS="356"/>
							<String ID="string_153" HPOS="372" VPOS="999" WIDTH="41" HEIGHT="21" WC="0.93" CONTENT="och"/><SP WIDTH="14" VPOS="999" HPOS="413"/>
							<String ID="string_154" HPOS="427" VPOS="998" WIDTH="145" HEIGHT="22" WC="0.91" CONTENT="båtmanshåll"/><SP WIDTH="15" VPOS="998" HPOS="572"/>
							<String ID="string_155" HPOS="587" VPOS="999" WIDTH="109" HEIGHT="27" WC="0.93" CONTENT="utgående"/><SP WIDTH="11" VPOS="999" HPOS="696"/>
							<String ID="string_156" HPOS="707" VPOS="998" WIDTH="171" HEIGHT="27" WC="0.91" CONTENT="vakansafgifter"/><SP WIDTH="12" VPOS="998" HPOS="878"/>
							<String ID="string_157" HPOS="890" VPOS="998" WIDTH="31" HEIGHT="23" WC="0.93" CONTENT="äf-"/>
						</TextLine>
						<TextLine ID="line_22" HPOS="164" VPOS="1033" WIDTH="757" HEIGHT="28">
							<String ID="string_158" HPOS="164" VPOS="1039" WIDTH="90" HEIGHT="15" WC="0.91" CONTENT="vensom"/><SP WIDTH="15" VPOS="1039" HPOS="254"/>
							<String ID="string_159" HPOS="269" VPOS="1033" WIDTH="131" HEIGHT="28" WC="0.96" CONTENT="indragning"/><SP WIDTH="15" VPOS="1033" HPOS="400"/>
							<String ID="string_160" HPOS="415" VPOS="1033" WIDTH="25" HEIGHT="22" WC="0.95" CONTENT="af"/><SP WIDTH="12" VPOS="1033" HPOS="440"/>
							<String ID="string_161" HPOS="452" VPOS="1034" WIDTH="26" HEIGHT="21" WC="0.93" CONTENT="de"/><SP WIDTH="15" VPOS="1034" HPOS="478"/>
							<String ID="string_162" HPOS="493" VPOS="1033" WIDTH="119" HEIGHT="21" WC="0.91" CONTENT="rusthållen"/><SP WIDTH="16" VPOS="1033" HPOS="612"/>
							<String ID="string_163" HPOS="628" VPOS="1034" WIDTH="104" HEIGHT="21" WC="0.93" CONTENT="anvisade"/><SP WIDTH="15" VPOS="1034" HPOS="732"/>
							<String ID="string_164" HPOS="747" VPOS="1035" WIDTH="123" HEIGHT="25" WC="0.92" CONTENT="augments-"/><SP WIDTH="11" VPOS="1035" HPOS="870"/>
							<String ID="string_165" HPOS="881" VPOS="1033" WIDTH="40" HEIGHT="22" WC="0.96" CONTENT="och"/>
						</TextLine>
						<TextLine ID="line_23" HPOS="164" VPOS="1067" WIDTH="757" HEIGHT="27">
							<String ID="string_166" HPOS="164" VPOS="1067" WIDTH="70" HEIGHT="27" WC="0.95" CONTENT="öfriga"/><SP WIDTH="23" VPOS="1067" HPOS="234"/>
							<String ID="string_167" HPOS="257" VPOS="1068" WIDTH="81" HEIGHT="25" WC="0.96" CONTENT="räntor,"/><SP WIDTH="24" VPOS="1068" HPOS="338"/>
							<String ID="string_168" HPOS="362" VPOS="1067" WIDTH="40" HEIGHT="22" WC="0.95" CONTENT="har"/><SP WIDTH="22" VPOS="1067" HPOS="402"/>
							<String ID="string_169" HPOS="424" VPOS="1067" WIDTH="93" HEIGHT="22" WC="0.95" CONTENT="emellan"/><SP WIDTH="22" VPOS="1067" HPOS="517"/>
							<String ID="string_170" HPOS="539" VPOS="1069" WIDTH="27" HEIGHT="20" WC="0.96" CONTENT="de"/><SP WIDTH="18" VPOS="1069" HPOS="566"/>
							<String ID="string_171" HPOS="584" VPOS="1067" WIDTH="70" HEIGHT="22" WC="0.92" CONTENT="skilda"/><SP WIDTH="15" VPOS="1067" HPOS="654"/>
							<String ID="string_172" HPOS="669" VPOS="1068" WIDTH="98" HEIGHT="21" WC="0.92" CONTENT="Stånden"/><SP WIDTH="16" VPOS="1068" HPOS="767"/>
							<String ID="string_173" HPOS="783" VPOS="1068" WIDTH="68" HEIGHT="21" WC="0.93" CONTENT="sådan"/><SP WIDTH="15" VPOS="1068" HPOS="851"/>
							<String ID="string_174" HPOS="866" VPOS="1074" WIDTH="55" HEIGHT="15" WC="0.93" CONTENT="sam-"/>
						</TextLine>
						<TextLine ID="line_24" HPOS="163" VPOS="1100" WIDTH="757" HEIGHT="29">
							<String ID="string_175" HPOS="163" VPOS="1101" WIDTH="140" HEIGHT="28" WC="0.92" CONTENT="stämmighet"/><SP WIDTH="15" VPOS="1101" HPOS="303"/>
							<String ID="string_176" HPOS="318" VPOS="1102" WIDTH="8" HEIGHT="21" WC="0.96" CONTENT="i"/><SP WIDTH="14" VPOS="1102" HPOS="326"/>
							<String ID="string_177" HPOS="340" VPOS="1103" WIDTH="73" HEIGHT="20" WC="0.96" CONTENT="ämnet"/><SP WIDTH="14" VPOS="1103" HPOS="413"/>
							<String ID="string_178" HPOS="427" VPOS="1102" WIDTH="48" HEIGHT="22" WC="0.96" CONTENT="icke"/><SP WIDTH="15" VPOS="1102" HPOS="475"/>
							<String ID="string_179" HPOS="490" VPOS="1102" WIDTH="93" HEIGHT="26" WC="0.96" CONTENT="vunnits,"/><SP WIDTH="16" VPOS="1102" HPOS="583"/>
							<String ID="string_180" HPOS="599" VPOS="1109" WIDTH="45" HEIGHT="15" WC="0.96" CONTENT="som"/><SP WIDTH="15" VPOS="1109" HPOS="644"/>
							<String ID="string_181" HPOS="659" VPOS="1103" WIDTH="36" HEIGHT="21" WC="0.93" CONTENT="för"/><SP WIDTH="15" VPOS="1103" HPOS="695"/>
							<String ID="string_182" HPOS="710" VPOS="1100" WIDTH="161" HEIGHT="23" WC="0.92" CONTENT="ständerbeslut"/><SP WIDTH="14" VPOS="1100" HPOS="871"/>
							<String ID="string_183" HPOS="885" VPOS="1109" WIDTH="35" HEIGHT="15" WC="0.92" CONTENT="va-"/>
						</TextLine>
						<TextLine ID="line_25" HPOS="164" VPOS="1135" WIDTH="758" HEIGHT="29">
							<String ID="string_184" HPOS="164" VPOS="1136" WIDTH="28" HEIGHT="21" WC="0.95" CONTENT="rit"/><SP WIDTH="15" VPOS="1136" HPOS="192"/>
							<String ID="string_185" HPOS="207" VPOS="1135" WIDTH="136" HEIGHT="29" WC="0.95" CONTENT="erforderlig,"/><SP WIDTH="15" VPOS="1135" HPOS="343"/>
							<String ID="string_186" HPOS="358" VPOS="1137" WIDTH="7" HEIGHT="20" WC="0.96" CONTENT="i"/><SP WIDTH="15" VPOS="1137" HPOS="365"/>
							<String ID="string_187" HPOS="380" VPOS="1136" WIDTH="55" HEIGHT="28" WC="0.96" CONTENT="följd"/><SP WIDTH="22" VPOS="1136" HPOS="435"/>
							<String ID="string_188" HPOS="457" VPOS="1136" WIDTH="78" HEIGHT="22" WC="0.96" CONTENT="hvaraf"/><SP WIDTH="12" VPOS="1136" HPOS="535"/>
							<String ID="string_189" HPOS="547" VPOS="1136" WIDTH="76" HEIGHT="28" WC="0.96" CONTENT="frågan"/><SP WIDTH="15" VPOS="1136" HPOS="623"/>
							<String ID="string_190" HPOS="638" VPOS="1136" WIDTH="34" HEIGHT="22" WC="0.96" CONTENT="för"/><SP WIDTH="17" VPOS="1136" HPOS="672"/>
							<String ID="string_191" HPOS="689" VPOS="1137" WIDTH="72" HEIGHT="21" WC="0.96" CONTENT="denna"/><SP WIDTH="14" VPOS="1137" HPOS="761"/>
							<String ID="string_192" HPOS="775" VPOS="1137" WIDTH="57" HEIGHT="27" WC="0.92" CONTENT="gång"/><SP WIDTH="16" VPOS="1137" HPOS="832"/>
							<String ID="string_193" HPOS="848" VPOS="1136" WIDTH="74" HEIGHT="22" WC="0.92" CONTENT="förfal-"/>
						</TextLine>
						<TextLine ID="line_26" HPOS="163" VPOS="1170" WIDTH="759" HEIGHT="26">
							<String ID="string_194" HPOS="163" VPOS="1170" WIDTH="32" HEIGHT="26" WC="0.92" CONTENT="lit,"/><SP WIDTH="23" VPOS="1170" HPOS="195"/>
							<String ID="string_195" HPOS="218" VPOS="1170" WIDTH="90" HEIGHT="21" WC="0.91" CONTENT="hvarom"/><SP WIDTH="22" VPOS="1170" HPOS="308"/>
							<String ID="string_196" HPOS="330" VPOS="1170" WIDTH="26" HEIGHT="21" WC="0.95" CONTENT="Vi"/><SP WIDTH="23" VPOS="1170" HPOS="356"/>
							<String ID="string_197" HPOS="379" VPOS="1171" WIDTH="32" HEIGHT="21" WC="0.95" CONTENT="uti"/><SP WIDTH="23" VPOS="1171" HPOS="411"/>
							<String ID="string_198" HPOS="434" VPOS="1170" WIDTH="111" HEIGHT="22" WC="0.96" CONTENT="skrifvelse"/><SP WIDTH="16" VPOS="1170" HPOS="545"/>
							<String ID="string_199" HPOS="561" VPOS="1170" WIDTH="24" HEIGHT="22" WC="0.96" CONTENT="af"/><SP WIDTH="13" VPOS="1170" HPOS="585"/>
							<String ID="string_200" HPOS="598" VPOS="1172" WIDTH="41" HEIGHT="20" WC="0.96" CONTENT="den"/><SP WIDTH="15" VPOS="1172" HPOS="639"/>
							<String ID="string_201" HPOS="654" VPOS="1172" WIDTH="13" HEIGHT="20" WC="0.96" CONTENT="1"/><SP WIDTH="17" VPOS="1172" HPOS="667"/>
							<String ID="string_202" HPOS="684" VPOS="1171" WIDTH="148" HEIGHT="21" WC="0.96" CONTENT="innevarande"/><SP WIDTH="16" VPOS="1171" HPOS="832"/>
							<String ID="string_203" HPOS="848" VPOS="1170" WIDTH="52" HEIGHT="22" WC="0.96" CONTENT="Juni"/><SP WIDTH="14" VPOS="1170" HPOS="900"/>
							<String ID="string_204" HPOS="914" VPOS="1172" WIDTH="8" HEIGHT="20" WC="0.96" CONTENT="i"/>
						</TextLine>
						<TextLine ID="line_27" HPOS="164" VPOS="1204" WIDTH="279" HEIGHT="28">
							<String ID="string_205" HPOS="164" VPOS="1204" WIDTH="175" HEIGHT="28" WC="0.91" CONTENT="underdånighet"/><SP WIDTH="15" VPOS="1204" HPOS="339"/>
							<String ID="string_206" HPOS="354" VPOS="1204" WIDTH="89" HEIGHT="22" WC="0.96" CONTENT="anmält."/>
						</TextLine>
					</TextBlock>
				</ComposedBlock>
				<ComposedBlock ID="cblock_2" HPOS="513" VPOS="1262" WIDTH="60" HEIGHT="26">
					<TextBlock ID="block_6" HPOS="513" VPOS="1262" WIDTH="60" HEIGHT="26">
						<TextLine ID="line_28" HPOS="513" VPOS="1262" WIDTH="60" HEIGHT="26">
							<String ID="string_207" HPOS="513" VPOS="1262" WIDTH="11" HEIGHT="26" WC="0.72" CONTENT="8"/><SP WIDTH="16" VPOS="1262" HPOS="524"/>
							<String ID="string_208" HPOS="540" VPOS="1262" WIDTH="33" HEIGHT="20" WC="0.88" CONTENT="32."/>
						</TextLine>
					</TextBlock>
				</ComposedBlock>
				<ComposedBlock ID="cblock_3" HPOS="162" VPOS="1306" WIDTH="761" HEIGHT="166">
					<TextBlock ID="block_7" HPOS="162" VPOS="1306" WIDTH="761" HEIGHT="166">
						<TextLine ID="line_29" HPOS="232" VPOS="1306" WIDTH="691" HEIGHT="29">
							<String ID="string_209" HPOS="232" VPOS="1306" WIDTH="11" HEIGHT="21" WC="0.93" CONTENT="I"/><SP WIDTH="15" VPOS="1306" HPOS="243"/>
							<String ID="string_210" HPOS="258" VPOS="1306" WIDTH="118" HEIGHT="28" WC="0.91" CONTENT="anledning"/><SP WIDTH="14" VPOS="1306" HPOS="376"/>
							<String ID="string_211" HPOS="390" VPOS="1306" WIDTH="25" HEIGHT="22" WC="0.96" CONTENT="af"/><SP WIDTH="13" VPOS="1306" HPOS="415"/>
							<String ID="string_212" HPOS="428" VPOS="1306" WIDTH="40" HEIGHT="22" WC="0.93" CONTENT="Oss"/><SP WIDTH="15" VPOS="1306" HPOS="468"/>
							<String ID="string_213" HPOS="483" VPOS="1307" WIDTH="32" HEIGHT="21" WC="0.92" CONTENT="uti"/><SP WIDTH="15" VPOS="1307" HPOS="515"/>
							<String ID="string_214" HPOS="530" VPOS="1307" WIDTH="65" HEIGHT="28" WC="0.91" CONTENT="nädig"/><SP WIDTH="15" VPOS="1307" HPOS="595"/>
							<String ID="string_215" HPOS="610" VPOS="1307" WIDTH="136" HEIGHT="27" WC="0.93" CONTENT="proposition"/><SP WIDTH="16" VPOS="1307" HPOS="746"/>
							<String ID="string_216" HPOS="762" VPOS="1306" WIDTH="107" HEIGHT="28" WC="0.92" CONTENT="förelagdt"/><SP WIDTH="11" VPOS="1306" HPOS="869"/>
							<String ID="string_217" HPOS="880" VPOS="1306" WIDTH="43" HEIGHT="22" WC="0.93" CONTENT="för-"/>
						</TextLine>
						<TextLine ID="line_30" HPOS="164" VPOS="1340" WIDTH="758" HEIGHT="28">
							<String ID="string_218" HPOS="164" VPOS="1340" WIDTH="46" HEIGHT="27" WC="0.96" CONTENT="slag"/><SP WIDTH="16" VPOS="1340" HPOS="210"/>
							<String ID="string_219" HPOS="226" VPOS="1340" WIDTH="35" HEIGHT="21" WC="0.96" CONTENT="till"/><SP WIDTH="14" VPOS="1340" HPOS="261"/>
							<String ID="string_220" HPOS="275" VPOS="1340" WIDTH="74" HEIGHT="22" WC="0.93" CONTENT="vidare"/><SP WIDTH="13" VPOS="1340" HPOS="349"/>
							<String ID="string_221" HPOS="362" VPOS="1340" WIDTH="205" HEIGHT="28" WC="0.92" CONTENT="jernvägsbyggnad"/><SP WIDTH="14" VPOS="1340" HPOS="567"/>
							<String ID="string_222" HPOS="581" VPOS="1342" WIDTH="7" HEIGHT="20" WC="0.97" CONTENT="i"/><SP WIDTH="14" VPOS="1342" HPOS="588"/>
							<String ID="string_223" HPOS="602" VPOS="1341" WIDTH="76" HEIGHT="21" WC="0.93" CONTENT="landet"/><SP WIDTH="15" VPOS="1341" HPOS="678"/>
							<String ID="string_224" HPOS="693" VPOS="1340" WIDTH="66" HEIGHT="22" WC="0.93" CONTENT="hafva"/><SP WIDTH="16" VPOS="1340" HPOS="759"/>
							<String ID="string_225" HPOS="775" VPOS="1340" WIDTH="31" HEIGHT="26" WC="0.96" CONTENT="Vi,"/><SP WIDTH="12" VPOS="1340" HPOS="806"/>
							<String ID="string_226" HPOS="818" VPOS="1348" WIDTH="46" HEIGHT="14" WC="0.93" CONTENT="som"/><SP WIDTH="10" VPOS="1348" HPOS="864"/>
							<String ID="string_227" HPOS="874" VPOS="1341" WIDTH="48" HEIGHT="21" WC="0.93" CONTENT="icke"/>
						</TextLine>
						<TextLine ID="line_31" HPOS="162" VPOS="1374" WIDTH="760" HEIGHT="29">
							<String ID="string_228" HPOS="162" VPOS="1374" WIDTH="87" HEIGHT="21" WC="0.93" CONTENT="kunnat"/><SP WIDTH="22" VPOS="1374" HPOS="249"/>
							<String ID="string_229" HPOS="271" VPOS="1374" WIDTH="118" HEIGHT="27" WC="0.91" CONTENT="godkänna"/><SP WIDTH="15" VPOS="1374" HPOS="389"/>
							<String ID="string_230" HPOS="404" VPOS="1376" WIDTH="67" HEIGHT="25" WC="0.89" CONTENT="sagda"/><SP WIDTH="15" VPOS="1376" HPOS="471"/>
							<String ID="string_231" HPOS="486" VPOS="1376" WIDTH="80" HEIGHT="26" WC="0.92" CONTENT="nädiga"/><SP WIDTH="15" VPOS="1376" HPOS="566"/>
							<String ID="string_232" HPOS="581" VPOS="1376" WIDTH="142" HEIGHT="27" WC="0.93" CONTENT="proposition,"/><SP WIDTH="15" VPOS="1376" HPOS="723"/>
							<String ID="string_233" HPOS="738" VPOS="1375" WIDTH="33" HEIGHT="21" WC="0.92" CONTENT="uti"/><SP WIDTH="15" VPOS="1375" HPOS="771"/>
							<String ID="string_234" HPOS="786" VPOS="1376" WIDTH="136" HEIGHT="27" WC="0.92" CONTENT="underdänig"/>
						</TextLine>
						<TextLine ID="line_32" HPOS="163" VPOS="1408" WIDTH="760" HEIGHT="27">
							<String ID="string_235" HPOS="163" VPOS="1408" WIDTH="115" HEIGHT="22" WC="0.91" CONTENT="skrifvelse"/><SP WIDTH="15" VPOS="1408" HPOS="278"/>
							<String ID="string_236" HPOS="293" VPOS="1409" WIDTH="25" HEIGHT="21" WC="0.97" CONTENT="af"/><SP WIDTH="12" VPOS="1409" HPOS="318"/>
							<String ID="string_237" HPOS="330" VPOS="1409" WIDTH="42" HEIGHT="21" WC="0.96" CONTENT="den"/><SP WIDTH="18" VPOS="1409" HPOS="372"/>
							<String ID="string_238" HPOS="390" VPOS="1410" WIDTH="6" HEIGHT="20" WC="0.93" CONTENT="1"/><SP WIDTH="20" VPOS="1410" HPOS="396"/>
							<String ID="string_239" HPOS="416" VPOS="1409" WIDTH="147" HEIGHT="22" WC="0.91" CONTENT="innevarande"/><SP WIDTH="15" VPOS="1409" HPOS="563"/>
							<String ID="string_240" HPOS="578" VPOS="1409" WIDTH="52" HEIGHT="22" WC="0.93" CONTENT="Juni"/><SP WIDTH="14" VPOS="1409" HPOS="630"/>
							<String ID="string_241" HPOS="644" VPOS="1409" WIDTH="91" HEIGHT="26" WC="0.91" CONTENT="anmält,"/><SP WIDTH="16" VPOS="1409" HPOS="735"/>
							<String ID="string_242" HPOS="751" VPOS="1411" WIDTH="34" HEIGHT="20" WC="0.96" CONTENT="att"/><SP WIDTH="15" VPOS="1411" HPOS="785"/>
							<String ID="string_243" HPOS="800" VPOS="1409" WIDTH="26" HEIGHT="22" WC="0.89" CONTENT="Vi"/><SP WIDTH="10" VPOS="1409" HPOS="826"/>
							<String ID="string_244" HPOS="836" VPOS="1409" WIDTH="34" HEIGHT="22" WC="0.89" CONTENT="för"/><SP WIDTH="10" VPOS="1409" HPOS="870"/>
							<String ID="string_245" HPOS="880" VPOS="1409" WIDTH="43" HEIGHT="22" WC="0.92" CONTENT="Vär"/>
						</TextLine>
						<TextLine ID="line_33" HPOS="163" VPOS="1442" WIDTH="759" HEIGHT="30">
							<String ID="string_246" HPOS="163" VPOS="1443" WIDTH="35" HEIGHT="21" WC="0.93" CONTENT="del"/><SP WIDTH="16" VPOS="1443" HPOS="198"/>
							<String ID="string_247" HPOS="214" VPOS="1442" WIDTH="90" HEIGHT="22" WC="0.87" CONTENT="beslutit"/><SP WIDTH="23" VPOS="1442" HPOS="304"/>
							<String ID="string_248" HPOS="327" VPOS="1443" WIDTH="34" HEIGHT="21" WC="0.93" CONTENT="till"/><SP WIDTH="20" VPOS="1443" HPOS="361"/>
							<String ID="string_249" HPOS="381" VPOS="1443" WIDTH="136" HEIGHT="28" WC="0.96" CONTENT="anläggande"/><SP WIDTH="16" VPOS="1443" HPOS="517"/>
							<String ID="string_250" HPOS="533" VPOS="1444" WIDTH="24" HEIGHT="21" WC="0.97" CONTENT="af"/><SP WIDTH="13" VPOS="1444" HPOS="557"/>
							<String ID="string_251" HPOS="570" VPOS="1451" WIDTH="26" HEIGHT="14" WC="0.93" CONTENT="en"/><SP WIDTH="14" VPOS="1451" HPOS="596"/>
							<String ID="string_252" HPOS="610" VPOS="1444" WIDTH="92" HEIGHT="28" WC="0.90" CONTENT="jernväg"/><SP WIDTH="15" VPOS="1444" HPOS="702"/>
							<String ID="string_253" HPOS="717" VPOS="1450" WIDTH="79" HEIGHT="21" WC="0.93" CONTENT="genom"/><SP WIDTH="16" VPOS="1450" HPOS="796"/>
							<String ID="string_254" HPOS="812" VPOS="1439" WIDTH="110" HEIGHT="27" WC="0.91" CONTENT="Österbot-"/>
						</TextLine>
					</TextBlock>
				</ComposedBlock>
			</PrintSpace>
		</Page>
	</Layout>
</alto>
