1020 1675
185 114 28 21 10

502 202 13 24 s
531 201 34 20 22.

225 246 8 19 I
249 244 117 28 anledning
389 245 25 21 af
434 246 60 20 Hans
517 246 119 27 Kejserliga
658 246 112 27 Majestäts
793 245 32 21 uti
844 244 66 27 nådig

156 278 135 27 proposition
306 279 40 21 Oss
361 279 112 27 förelagda
488 279 80 28 förslag
583 286 35 15 om
633 279 98 28 uppskof
741 280 49 20 med
800 285 109 15 reservens

156 312 126 22 inkallande
297 313 33 21 till
345 313 165 27 öfningsmöten,
526 313 63 22 hafve
608 314 25 21 Vi
647 314 33 21 uti
695 313 136 27 underdånig
846 312 62 21 skrif-

156 347 58 21 velse
237 347 25 21 af
281 347 41 21 den
341 347 26 21 19
383 347 115 28 nyssvikne
513 347 43 28 Maj
572 347 81 22 lemnat
668 348 54 21 Vårt
737 347 110 28 samtycke
862 348 48 20 der-

156 381 40 26 till,
219 383 33 19 att
275 388 98 15 reserven
397 383 68 20 under
479 382 148 21 innevarande
641 383 24 20 år
681 381 47 22 icke
743 381 167 22 sammankallas

156 415 34 22 till
205 415 82 28 öfning,
300 416 66 27 jemte
383 417 36 20 det
433 416 27 21 Vi
474 417 8 20 i
496 417 173 27 underdånighet
683 416 118 22 framhållit
812 418 32 19 att
854 416 55 21 1881

157 451 35 20 års
214 449 130 22 reservklass
359 450 8 21 i
382 450 53 28 följd
458 450 64 21 häraf
534 451 40 21 bör
589 451 82 21 erhålla
686 451 73 21 trettio
776 451 78 26 dagars
869 449 41 22 för-

157 485 104 26 kortning
275 484 25 21 af
313 485 41 21 den
370 485 34 21 för
419 492 97 15 reserven
532 485 142 28 lagstadgade
690 485 118 27 öfningstid
823 485 40 20 och
878 485 24 20 så

157 519 59 21 ledes
231 519 69 21 under
314 520 52 20 åren
381 520 55 20 1883
453 519 40 22 och
508 520 57 21 1884
580 520 59 21 öivas
658 519 159 27 sammanlagdt
833 519 76 21 endast

157 553 70 21 sextio
243 554 74 25 dagar,
332 553 111 22 äfvensom
458 553 26 22 Vi
500 553 70 22 tillika
584 554 79 22 uttalat
683 553 149 27 underdäniga
847 553 62 21 önsk-

158 588 77 26 ningar
250 588 7 20 i
273 588 67 27 nägra
354 588 89 21 härmed
458 588 213 28 sammanhängande
687 588 78 27 frägor.

504 647 10 25 $
529 646 34 21 23.

227 690 71 22 Sedan
313 690 53 22 Vårt
380 691 148 21 Bankutskott
540 691 86 27 jemlikt
641 693 11 25 $
668 691 28 21 38
711 691 7 21 i
733 691 175 26 Landtdagsord-

157 724 81 27 ningen
261 725 117 22 undersökt
401 725 103 21 Finlands
526 725 73 21 Banks
621 725 90 28 styrelse
734 724 39 22 och
789 724 120 22 tillständet

158 760 49 20 med
230 760 49 20 dess
300 759 76 22 fonder
398 762 55 19 samt
473 760 98 22 deröfver
585 760 33 21 till
634 760 39 21 Oss
689 759 83 27 afgifvit
788 759 122 25 berättelse,

158 793 63 21 hafve
239 794 31 26 Vi,
285 794 7 20 i
308 794 95 28 enlighet
418 796 48 20 med
482 794 57 22 hvad
555 794 109 22 Utskottet
676 794 118 26 föreslagit,
805 794 32 20 uti
848 793 61 21 skrif-

157 828 58 21 velse
238 828 25 21 af
284 830 40 19 den
347 830 27 19 23
397 829 97 21 sistlidne
515 829 41 27 Maj
574 829 138 27 bemyndigat
727 828 55 21 Väre
798 828 112 21 Banktull-

157 861 97 28 mäktige
269 864 33 19 att
316 863 33 20 till
364 863 60 21 Hans
447 863 119 28 Kejserliga
584 863 103 27 Majestät
702 863 51 26 ingä
769 863 49 20 med
834 863 76 20 under-

158 896 65 27 dänig
246 896 128 22 hemställan
398 898 79 25 derom,
493 900 33 18 att
542 897 100 27 beloppet
656 897 25 21 af
694 897 36 20 det
745 896 33 21 till
795 896 115 21 nedsmält-

157 930 52 27 ning
233 930 111 22 bestämda
367 931 70 22 finska
460 931 155 28 silfvermyntet
630 931 57 28 finge
703 931 112 21 nedsättas
831 930 32 21 till
878 932 33 19 tre

157 965 101 27 miljoner
273 965 67 22 mark.

504 1024 10 25 s
530 1023 33 20 24.

226 1067 37 21 Uti
279 1068 64 27 nädig
358 1067 133 28 proposition
507 1067 39 22 har
561 1068 40 21 Oss
616 1067 103 28 förelagts
735 1067 80 27 förslag
825 1067 34 21 till
869 1067 41 21 för-

156 1101 99 27 ordning,
277 1103 111 26 angäende
410 1102 96 22 vilkoren
528 1102 34 22 för
581 1103 18 27 ej
617 1103 83 21 mindre
716 1101 138 27 tillverkning
870 1102 39 21 och

157 1135 134 28 destillering
312 1138 28 19 än
363 1136 133 28 försäljning,
519 1137 88 27 forsling
628 1137 40 21 och
685 1136 81 28 upplag
781 1136 25 21 af
819 1136 92 21 bränvin

157 1172 55 19 samt
235 1172 70 20 andra
321 1171 83 21 brända
418 1171 40 21 och
474 1171 137 21 destillerade
626 1170 147 28 spritdrycker
785 1170 68 28 jemte
868 1170 39 21 för-

156 1204 46 27 slag
217 1204 35 21 till
267 1204 200 22 bränvinsskattens
482 1206 143 21 användande
641 1205 41 21 och
697 1204 123 28 fördelning
838 1204 71 22 äfven-

155 1246 46 14 som
216 1240 23 20 ät
255 1239 47 27 Oss,
317 1240 7 20 i
340 1240 100 21 afseende
456 1241 13 20 å
482 1240 122 27 afgifvande
619 1240 24 21 af
655 1240 103 27 yttrande
774 1239 40 21 och
829 1238 34 22 för
877 1241 32 19 att

155 1274 60 27 tjena
238 1274 35 20 till
294 1274 130 28 upplysning
446 1274 35 22 vid
495 1275 173 27 propositionens
689 1273 138 28 behandling,
843 1274 66 21 öfver-

154 1307 94 22 lemnats
265 1308 79 28 förslag
359 1308 34 22 till
408 1309 180 27 ordningsstadga
603 1308 33 22 för
651 1308 259 22 bränvinsbrännerierna

155 1341 39 21 och
210 1342 226 28 destilleringsverken
451 1345 55 19 samt
521 1343 33 21 till
565 1343 128 27 kungörelse
704 1349 35 15 om
749 1342 160 21 verkställande

154 1375 25 22 af
191 1376 163 28 undersökning
365 1378 91 20 rörande
467 1378 101 21 bränvins
577 1378 74 20 renhet
663 1377 49 20 från
723 1376 111 27 finkelolja
842 1376 66 27 jemte

154 1409 136 29 beskrifning
313 1418 34 14 om
368 1413 65 20 sättet
448 1411 33 22 för
496 1413 67 26 sagda
578 1411 173 27 undersöknings
766 1411 141 21 anställande.

153 1444 50 22 Men
226 1445 30 21 dä
275 1445 35 22 vid
325 1447 101 21 ärendets
441 1447 140 27 företagande
596 1448 78 21 endast
690 1446 49 21 kort
754 1445 32 22 tid
801 1445 24 22 af
839 1445 68 22 landt-
