1017 1678
190 121 20 18 16
381 121 245 20 Petitionsbetänkande
638 121 38 20 N:o
688 121 28 19 11.

165 178 185 27 fiskeriarrenden,
370 179 60 22 skola
449 180 53 27 fylla
524 181 38 20 sitt
584 180 49 21 värf
653 180 96 26 sålunda,
772 181 32 20 att
826 179 19 28 ej
868 179 56 22 blott

164 213 95 22 kronans
274 215 50 20 utan
340 213 63 22 äfven
418 214 164 27 befolkningens
598 214 95 22 fördelar
708 214 132 27 tillgodoses,
856 214 67 27 vågar

162 248 38 27 jag
219 248 66 21 likväl
304 248 109 21 vördsamt
433 248 81 21 föreslå
532 250 32 19 att
578 249 85 21 landets
678 248 116 27 högloflige
812 248 86 21 ständer
914 249 7 20 i

164 282 171 27 underdånighet
351 283 66 20 måtte
432 283 40 21 hos
486 283 28 21 H.
530 283 26 21 K.
573 283 46 21 M:t.
636 283 96 21 anhålla:

405 346 30 20 att
450 344 28 22 H.
495 345 29 21 K.
540 344 33 22 M.
589 345 37 21 vid
639 344 172 22 nästkommande
822 344 99 27 landtdag

370 379 77 21 täcktes
467 380 65 25 aflåta
551 380 66 26 nådig
628 379 135 27 proposition
778 386 32 14 om
825 379 98 21 arrendet

370 413 23 26 af
412 413 117 26 lazfiskena
544 415 32 19 uti
590 413 71 26 Kemi,
680 413 72 21 Ounas
766 413 36 21 och
817 413 35 26 Ijo
866 415 55 19 samt

370 447 67 27 öfrige
452 447 73 26 elfvar,
541 447 35 26 för
586 447 70 22 hvilka
668 447 146 24 arrendetiden
825 447 26 21 år
862 448 59 20 1888

368 483 42 26 går
432 482 32 21 till
488 482 63 27 ända,
567 481 37 22 och
626 482 62 21 borde
706 482 32 21 uti
756 482 67 21 denna
840 481 80 28 nådiga

366 516 135 27 proposition
517 517 26 20 så
558 516 78 27 mycket
650 523 45 14 som
710 516 80 27 möjligt
804 516 19 27 ej
834 515 50 22 blott
895 516 25 21 de

368 551 71 26 gamla
464 550 157 27 lägenheternas
643 553 51 19 utan
712 550 80 27 jemväl
814 551 24 20 de
856 557 64 20 nyare

370 585 36 21 och
426 585 62 27 högre
508 592 44 19 upp
569 585 37 21 vid
620 585 126 27 källflödena
762 585 86 27 belägna
862 585 56 21 hem-

372 627 86 14 manens
477 619 37 22 och
532 619 62 22 deras
613 619 123 28 bebyggares
750 620 102 21 intressen
866 626 54 21 noga

369 654 125 27 tillgodoses.

673 732 7 6 ,
692 711 20 19 J.
726 710 24 20 H.
763 710 87 19 Luoma.

331 1444 112 20 Helsingfors,
455 1444 16 16 J.
485 1444 17 16 C.
515 1444 87 16 Frenckell
614 1444 13 15 &
640 1444 41 19 Son,
695 1443 49 15 1882.
