1020 1678
198 111 230 40 Petitlonsbeti
503 117 72 24 mde
596 115 58 25 N:o
677 117 51 23 24.

361 423 254 22 Ekonomiutskottets
637 422 149 22 betänkande
804 422 39 21 N:o

291 458 38 27 10,
352 459 5 20 i
378 458 97 28 anledning
498 457 21 22 af
536 459 26 20 ett
579 458 46 21 inom
641 457 133 22 Bondeständet
791 456 53 23 väckt

293 492 159 29 petitionskörslag
475 499 26 15 om
525 492 143 28 lagstadganden
691 493 36 20 mot
745 491 99 28 hingstföls

293 527 120 29 utsläppande
428 526 10 22 &
453 527 68 22 allmän
537 527 109 22 betesmark.

157 591 91 22 Medelst
270 591 76 28 utdrag
368 591 22 22 af
405 591 171 22 Bondeständets
591 591 109 28 protokoll
715 590 32 22 för
762 591 41 21 den
817 591 28 21 24

88 626 112 22 nästvikne
222 626 103 22 Februari
346 626 40 22 har
406 626 212 22 Ekonomiutskottet
639 625 41 22 fätt
702 625 32 22 till
754 625 92 22 förbere-

89 661 68 22 dande
179 661 157 27 handläggning
358 663 107 25 emottaga
488 662 31 20 ett
540 662 24 21 sä
579 661 90 27 lydande
685 660 99 28 petitions
804 666 42 15 me-

89 696 83 22 morial:

227 742 55 18 Till
301 742 177 19 Hedervärda
499 742 212 18 Bondeständet.

158 776 68 18 Säsom
239 783 57 17 synes
308 777 22 18 af
336 778 36 17 den
382 777 28 18 till
419 778 108 17 Ständerna
536 777 88 18 utdelade
633 777 114 17 berättelsen
756 782 31 12 om
797 775 51 19 hvad

90 806 94 23 styrelsen
203 806 60 18 under
283 807 45 17 ären
343 806 110 19 1877—1881
467 807 54 23 gjort
532 806 28 18 till
573 806 133 18 landtbrukets
718 806 36 17 och
767 805 44 18 dess
824 805 24 17 bi-

90 835 102 23 näringars
205 835 131 23 befordrande,
349 836 35 18 har
396 836 75 17 kronan
483 836 62 17 under
551 836 83 17 nämnde
645 835 29 17 tid
686 835 47 23 köpt
744 835 24 17 60
779 834 69 18 afvels-

91 864 93 23 hingstar,
204 864 66 19 hvilka
292 864 63 19 blifvit
374 864 101 24 placerade
488 865 36 17 hos
537 864 86 18 enskilda
634 870 93 18 personer
738 863 32 19 för
781 863 67 24 upplä-

90 893 58 17 tande
166 893 30 17 till
214 893 136 24 allmänheten,
366 894 36 17 och
414 893 59 24 gifvit
485 894 62 23 15,000
558 894 55 17 mark
625 894 74 22 årligen
711 893 29 17 till
752 893 97 17 allmänna

90 922 145 23 kappköringar
246 923 6 17 i
265 922 61 18 skilda
345 923 113 17 landsdelar.
483 922 82 24 Följden
585 922 22 18 af
616 922 57 18 dessa
685 922 90 23 åtgärder
787 924 22 15 är
821 921 27 18 äf-

90 957 38 11 ven
141 951 59 17 redan
213 952 128 22 ögonskenlig
354 952 36 17 och
398 952 63 23 tydlig
469 952 7 17 i
485 952 139 17 allmänhetens
632 952 35 17 allt
675 957 53 12 mera
736 950 113 24 tilltagande

91 980 39 23 häg
148 982 28 15 att
194 986 71 17 genom
279 980 113 24 grundande
406 980 21 18 af
437 980 207 24 hästvänstöreningar
656 980 66 18 arbeta
734 980 30 17 för
775 980 74 17 hästra-

91 1014 44 12 sens
147 1008 122 24 förbättring,
282 1009 61 18 ehuru
355 1009 62 18 denna
427 1009 125 23 jordbrukets
564 1009 90 23 binäring
666 1009 61 18 under
738 1009 24 17 de
774 1007 75 24 föregä-

91 1038 48 17 ende
151 1037 76 18 tiderna
238 1038 51 18 varit
300 1040 68 15 nästan
381 1038 102 23 förglömd.
501 1038 45 18 Men
559 1039 71 16 största
642 1038 56 18 delen
711 1037 21 18 af
742 1037 57 18 dessa
806 1038 43 22 nyt-

90 1067 42 22 tiga
144 1067 91 23 åtgärder
249 1067 36 23 går
296 1069 68 16 nästan
376 1067 85 18 förlorad
473 1067 6 17 i
492 1067 49 18 brist
551 1067 26 23 pä
588 1073 24 12 en
624 1067 61 18 sådan
692 1067 36 23 lag,
738 1072 41 13 som
788 1066 63 17 skulle

92 1095 89 24 förbjuda
199 1095 143 18 vederbörande
360 1097 29 16 att
400 1096 25 23 på
437 1101 112 18 gemensam
561 1095 108 18 betesmark
681 1095 89 24 utsläppa
782 1095 68 18 ettårs-

92 1125 46 17 eller
156 1125 60 23 något
234 1125 53 18 äldre
304 1125 99 23 hingstföl,
422 1125 68 18 hvilka
507 1125 112 23 derigenom
637 1125 99 18 förderfva
753 1124 55 18 såväl
819 1124 31 23 sig

91 1153 70 23 sjelfva
174 1159 42 12 som
229 1155 54 16 stoen
296 1153 20 18 af
328 1160 72 11 samma
413 1154 57 22 ålder,
483 1156 47 16 utan
543 1155 28 16 att
582 1154 39 18 tala
633 1154 71 23 derom,
713 1155 28 16 att
750 1153 100 18 hästrasen

91 1183 80 17 sålunda
183 1183 31 17 led
227 1182 30 18 för
269 1183 29 18 led
311 1183 106 23 försvagas.

160 1211 97 18 Behotvet
269 1211 22 18 af
300 1217 24 12 en
336 1211 60 19 sådan
408 1211 33 24 lag
454 1213 36 16 har
503 1211 57 19 äfven
572 1212 59 17 redan
643 1211 22 18 af
676 1211 52 18 ålder
740 1211 50 18 varit
799 1210 51 19 känd

91 1241 6 16 i
115 1241 43 17 vårt
176 1241 50 22 land,
246 1241 72 18 hvilket
337 1241 72 23 tydligt
426 1241 88 23 framgår
526 1241 55 18 deraf
592 1242 28 17 att
631 1241 72 23 Kongl.
715 1240 45 19 Res.
773 1239 22 19 af
806 1240 43 18 1741

91 1269 36 18 och
147 1270 43 17 1774
209 1269 33 18 wvid
260 1270 56 18 fölets
335 1269 69 18 förlust
419 1269 78 24 förbjöd
509 1270 135 23 utsläppandet
657 1269 21 18 af
688 1270 38 17 alla
738 1269 24 18 de
773 1269 34 18 två
819 1269 31 17 års

91 1299 64 22 gamla
166 1299 100 23 hingstföl,
280 1305 41 11 som
333 1299 42 18 icke
388 1299 32 18 vid
432 1299 6 17 i
451 1299 70 18 sådant
533 1298 90 19 afseende
636 1299 82 17 anställd
730 1298 121 23 granskning

91 1327 97 17 befunnits
208 1327 79 23 dugliga
305 1327 29 17 till
352 1327 112 23 afvelsdjur.
489 1323 121 28 Öfvertygad
628 1333 42 12 som
681 1327 35 23 jag
733 1329 26 21 är,
772 1328 29 16 att
813 1326 39 18 alla

91 1356 125 18 sträfvanden
230 1356 29 17 till
272 1356 111 18 hästrasens
396 1356 133 18 förbättrande
540 1356 7 17 i
559 1356 43 18 vårt
613 1356 46 18 land
671 1356 5 17 i
689 1356 48 17 brist
749 1356 25 23 på
786 1361 23 12 en
822 1355 29 17 så-

91 1384 38 18 dan
143 1386 31 21 lag
186 1384 72 18 förlora
270 1385 29 17 sin
312 1385 54 17 bästa
379 1385 130 23 verksamhet,
516 1385 60 23 vågar
582 1385 35 23 jag
625 1385 141 18 vördsammast
775 1384 75 22 föreslå,

297 1439 29 17 att
338 1438 115 18 hedervärda
466 1438 134 18 bondeståndet
611 1438 43 18 ville
663 1438 70 23 förena
745 1437 29 23 sig
786 1442 28 12 om
823 1437 29 17 att

230 1467 7 17 i
249 1467 238 23 petitionsframställning
497 1467 30 17 till
536 1469 54 15 Hans
599 1467 89 22 Majestät
696 1466 95 18 Finlands
801 1465 53 18 Stor-

160 1500 192 20 Ekonomiutskottets
365 1501 117 18 betänkande
495 1506 33 14 n:o
541 1502 30 16 10.
