<?xml version="1.0" encoding="UTF-8"?>
<alto xmlns="http://www.loc.gov/standards/alto/ns-v3#" xmlns:xlink="http://www.w3.org/1999/xlink" xmlns:xsi="http://www.w3.org/2001/XMLSchema-instance" xsi:schemaLocation="http://www.loc.gov/standards/alto/ns-v3# http://www.loc.gov/alto/v3/alto-3-0.xsd">
	<Description>
		<MeasurementUnit>pixel</MeasurementUnit>
		<sourceImageInformation>
			<fileName>/tmp/tess_wl2nbft8_input.PNG</fileName>
		</sourceImageInformation>
		<OCRProcessing ID="OCR_0">
			<ocrProcessingStep>
				<processingSoftware>
					<softwareName>tesseract 5.3.4</softwareName>
				</processingSoftware>
			</ocrProcessingStep>
		</OCRProcessing>
	</Description>
	<Layout>
		<Page WIDTH="1020" HEIGHT="1678" PHYSICAL_IMG_NR="0" ID="page_0">
			<PrintSpace HPOS="0" VPOS="0" WIDTH="1020" HEIGHT="1678">
				<ComposedBlock ID="cblock_0" HPOS="294" VPOS="109" WIDTH="519" HEIGHT="24">
					<TextBlock ID="block_0" HPOS="294" VPOS="109" WIDTH="519" HEIGHT="24">
						<TextLine ID="line_0" HPOS="294" VPOS="109" WIDTH="519" HEIGHT="24">
							<String ID="string_0" HPOS="294" VPOS="109" WIDTH="240" HEIGHT="24" WC="0.91" CONTENT="Petitionsbetänkande"/><SP WIDTH="17" VPOS="109" HPOS="534"/>
							<String ID="string_1" HPOS="551" VPOS="109" WIDTH="36" HEIGHT="24" WC="0.96" CONTENT="N:o"/><SP WIDTH="17" VPOS="109" HPOS="587"/>
							<String ID="string_2" HPOS="604" VPOS="109" WIDTH="30" HEIGHT="23" WC="0.95" CONTENT="10."/><SP WIDTH="168" VPOS="109" HPOS="634"/>
							<String ID="string_3" HPOS="802" VPOS="110" WIDTH="11" HEIGHT="20" WC="0.96" CONTENT="7"/>
						</TextLine>
					</TextBlock>
				</ComposedBlock>
				<ComposedBlock ID="cblock_1" HPOS="86" VPOS="165" WIDTH="763" HEIGHT="411">
					<TextBlock ID="block_1" HPOS="86" VPOS="165" WIDTH="763" HEIGHT="411">
						<TextLine ID="line_1" HPOS="86" VPOS="165" WIDTH="757" HEIGHT="30">
							<String ID="string_4" HPOS="86" VPOS="169" WIDTH="68" HEIGHT="20" WC="0.92" CONTENT="satser"/><SP WIDTH="14" VPOS="169" HPOS="154"/>
							<String ID="string_5" HPOS="168" VPOS="167" WIDTH="92" HEIGHT="22" WC="0.93" CONTENT="kränkas"/><SP WIDTH="22" VPOS="167" HPOS="260"/>
							<String ID="string_6" HPOS="282" VPOS="167" WIDTH="116" HEIGHT="22" WC="0.92" CONTENT="emellertid"/><SP WIDTH="15" VPOS="167" HPOS="398"/>
							<String ID="string_7" HPOS="413" VPOS="168" WIDTH="27" HEIGHT="27" WC="0.96" CONTENT="pä"/><SP WIDTH="16" VPOS="168" HPOS="440"/>
							<String ID="string_8" HPOS="456" VPOS="169" WIDTH="31" HEIGHT="20" WC="0.93" CONTENT="ett"/><SP WIDTH="16" VPOS="169" HPOS="487"/>
							<String ID="string_9" HPOS="503" VPOS="167" WIDTH="118" HEIGHT="27" WC="0.92" CONTENT="betänkligt"/><SP WIDTH="15" VPOS="167" HPOS="621"/>
							<String ID="string_10" HPOS="636" VPOS="169" WIDTH="44" HEIGHT="20" WC="0.96" CONTENT="sätt"/><SP WIDTH="14" VPOS="169" HPOS="680"/>
							<String ID="string_11" HPOS="694" VPOS="173" WIDTH="75" HEIGHT="21" WC="0.93" CONTENT="genom"/><SP WIDTH="16" VPOS="173" HPOS="769"/>
							<String ID="string_12" HPOS="785" VPOS="165" WIDTH="58" HEIGHT="22" WC="0.92" CONTENT="stad-"/>
						</TextLine>
						<TextLine ID="line_2" HPOS="87" VPOS="201" WIDTH="756" HEIGHT="28">
							<String ID="string_13" HPOS="87" VPOS="202" WIDTH="83" HEIGHT="27" WC="0.91" CONTENT="gandet,"/><SP WIDTH="17" VPOS="202" HPOS="170"/>
							<String ID="string_14" HPOS="187" VPOS="203" WIDTH="31" HEIGHT="20" WC="0.95" CONTENT="att"/><SP WIDTH="16" VPOS="203" HPOS="218"/>
							<String ID="string_15" HPOS="234" VPOS="202" WIDTH="40" HEIGHT="21" WC="0.93" CONTENT="den"/><SP WIDTH="16" VPOS="202" HPOS="274"/>
							<String ID="string_16" HPOS="290" VPOS="201" WIDTH="136" HEIGHT="22" WC="0.92" CONTENT="rättskaffens"/><SP WIDTH="15" VPOS="201" HPOS="426"/>
							<String ID="string_17" HPOS="441" VPOS="201" WIDTH="165" HEIGHT="22" WC="0.91" CONTENT="stockforslaren"/><SP WIDTH="15" VPOS="201" HPOS="606"/>
							<String ID="string_18" HPOS="621" VPOS="201" WIDTH="55" HEIGHT="22" WC="0.93" CONTENT="skall"/><SP WIDTH="16" VPOS="201" HPOS="676"/>
							<String ID="string_19" HPOS="692" VPOS="201" WIDTH="105" HEIGHT="27" WC="0.92" CONTENT="fräntagas"/><SP WIDTH="16" VPOS="201" HPOS="797"/>
							<String ID="string_20" HPOS="813" VPOS="201" WIDTH="30" HEIGHT="21" WC="0.97" CONTENT="sin"/>
						</TextLine>
						<TextLine ID="line_3" HPOS="87" VPOS="235" WIDTH="757" HEIGHT="29">
							<String ID="string_21" HPOS="87" VPOS="238" WIDTH="43" HEIGHT="19" WC="0.96" CONTENT="rätt"/><SP WIDTH="15" VPOS="238" HPOS="130"/>
							<String ID="string_22" HPOS="145" VPOS="236" WIDTH="32" HEIGHT="21" WC="0.93" CONTENT="till"/><SP WIDTH="15" VPOS="236" HPOS="177"/>
							<String ID="string_23" HPOS="192" VPOS="236" WIDTH="26" HEIGHT="21" WC="0.93" CONTENT="fri"/><SP WIDTH="18" VPOS="236" HPOS="218"/>
							<String ID="string_24" HPOS="236" VPOS="238" WIDTH="114" HEIGHT="26" WC="0.93" CONTENT="transport,"/><SP WIDTH="21" VPOS="238" HPOS="350"/>
							<String ID="string_25" HPOS="371" VPOS="236" WIDTH="83" HEIGHT="22" WC="0.92" CONTENT="derföre"/><SP WIDTH="16" VPOS="236" HPOS="454"/>
							<String ID="string_26" HPOS="470" VPOS="238" WIDTH="33" HEIGHT="20" WC="0.96" CONTENT="att"/><SP WIDTH="15" VPOS="238" HPOS="503"/>
							<String ID="string_27" HPOS="518" VPOS="237" WIDTH="36" HEIGHT="21" WC="0.96" CONTENT="det"/><SP WIDTH="14" VPOS="237" HPOS="554"/>
							<String ID="string_28" HPOS="568" VPOS="237" WIDTH="7" HEIGHT="20" WC="0.93" CONTENT="i"/><SP WIDTH="15" VPOS="237" HPOS="575"/>
							<String ID="string_29" HPOS="590" VPOS="237" WIDTH="85" HEIGHT="21" WC="0.93" CONTENT="trakten"/><SP WIDTH="16" VPOS="237" HPOS="675"/>
							<String ID="string_30" HPOS="691" VPOS="236" WIDTH="66" HEIGHT="21" WC="0.93" CONTENT="finnes"/><SP WIDTH="15" VPOS="236" HPOS="757"/>
							<String ID="string_31" HPOS="772" VPOS="235" WIDTH="72" HEIGHT="26" WC="0.96" CONTENT="andra,"/>
						</TextLine>
						<TextLine ID="line_4" HPOS="87" VPOS="270" WIDTH="758" HEIGHT="29">
							<String ID="string_32" HPOS="87" VPOS="271" WIDTH="71" HEIGHT="21" WC="0.92" CONTENT="hvilka"/><SP WIDTH="14" VPOS="271" HPOS="158"/>
							<String ID="string_33" HPOS="172" VPOS="271" WIDTH="56" HEIGHT="27" WC="0.97" CONTENT="gjort"/><SP WIDTH="15" VPOS="271" HPOS="228"/>
							<String ID="string_34" HPOS="243" VPOS="271" WIDTH="31" HEIGHT="27" WC="0.93" CONTENT="sig"/><SP WIDTH="15" VPOS="271" HPOS="274"/>
							<String ID="string_35" HPOS="289" VPOS="271" WIDTH="94" HEIGHT="28" WC="0.93" CONTENT="skyldige"/><SP WIDTH="15" VPOS="271" HPOS="383"/>
							<String ID="string_36" HPOS="398" VPOS="271" WIDTH="32" HEIGHT="22" WC="0.93" CONTENT="till"/><SP WIDTH="15" VPOS="271" HPOS="430"/>
							<String ID="string_37" HPOS="445" VPOS="271" WIDTH="165" HEIGHT="27" WC="0.93" CONTENT="skogsäverkan,"/><SP WIDTH="16" VPOS="271" HPOS="610"/>
							<String ID="string_38" HPOS="626" VPOS="273" WIDTH="56" HEIGHT="20" WC="0.95" CONTENT="samt"/><SP WIDTH="14" VPOS="273" HPOS="682"/>
							<String ID="string_39" HPOS="696" VPOS="271" WIDTH="32" HEIGHT="21" WC="0.96" CONTENT="för"/><SP WIDTH="11" VPOS="271" HPOS="728"/>
							<String ID="string_40" HPOS="739" VPOS="272" WIDTH="31" HEIGHT="20" WC="0.93" CONTENT="att"/><SP WIDTH="10" VPOS="272" HPOS="770"/>
							<String ID="string_41" HPOS="780" VPOS="270" WIDTH="21" HEIGHT="21" WC="0.92" CONTENT="fä"/><SP WIDTH="9" VPOS="270" HPOS="801"/>
							<String ID="string_42" HPOS="810" VPOS="270" WIDTH="35" HEIGHT="21" WC="0.92" CONTENT="be-"/>
						</TextLine>
						<TextLine ID="line_5" HPOS="89" VPOS="305" WIDTH="756" HEIGHT="28">
							<String ID="string_43" HPOS="89" VPOS="311" WIDTH="68" HEIGHT="21" WC="0.91" CONTENT="gagna"/><SP WIDTH="15" VPOS="311" HPOS="157"/>
							<String ID="string_44" HPOS="172" VPOS="305" WIDTH="32" HEIGHT="28" WC="0.96" CONTENT="sig"/><SP WIDTH="14" VPOS="305" HPOS="204"/>
							<String ID="string_45" HPOS="218" VPOS="306" WIDTH="23" HEIGHT="21" WC="0.96" CONTENT="af"/><SP WIDTH="13" VPOS="306" HPOS="241"/>
							<String ID="string_46" HPOS="254" VPOS="312" WIDTH="26" HEIGHT="15" WC="0.97" CONTENT="en"/><SP WIDTH="16" VPOS="312" HPOS="280"/>
							<String ID="string_47" HPOS="296" VPOS="306" WIDTH="77" HEIGHT="22" WC="0.93" CONTENT="allmän"/><SP WIDTH="15" VPOS="306" HPOS="373"/>
							<String ID="string_48" HPOS="388" VPOS="305" WIDTH="135" HEIGHT="28" WC="0.93" CONTENT="forslingsled"/><SP WIDTH="15" VPOS="305" HPOS="523"/>
							<String ID="string_49" HPOS="538" VPOS="306" WIDTH="86" HEIGHT="27" WC="0.92" CONTENT="älägges"/><SP WIDTH="11" VPOS="306" HPOS="624"/>
							<String ID="string_50" HPOS="635" VPOS="307" WIDTH="31" HEIGHT="21" WC="0.93" CONTENT="att"/><SP WIDTH="10" VPOS="307" HPOS="666"/>
							<String ID="string_51" HPOS="676" VPOS="305" WIDTH="72" HEIGHT="22" WC="0.93" CONTENT="bevisa"/><SP WIDTH="10" VPOS="305" HPOS="748"/>
							<String ID="string_52" HPOS="758" VPOS="305" WIDTH="31" HEIGHT="27" WC="0.92" CONTENT="sig"/><SP WIDTH="10" VPOS="305" HPOS="789"/>
							<String ID="string_53" HPOS="799" VPOS="305" WIDTH="46" HEIGHT="21" WC="0.90" CONTENT="icke"/>
						</TextLine>
						<TextLine ID="line_6" HPOS="90" VPOS="339" WIDTH="756" HEIGHT="29">
							<String ID="string_54" HPOS="90" VPOS="340" WIDTH="28" HEIGHT="21" WC="0.84" CONTENT="ha"/><SP WIDTH="23" VPOS="340" HPOS="118"/>
							<String ID="string_55" HPOS="141" VPOS="340" WIDTH="97" HEIGHT="28" WC="0.68" CONTENT="oloflisen"/><SP WIDTH="19" VPOS="340" HPOS="238"/>
							<String ID="string_56" HPOS="257" VPOS="340" WIDTH="111" HEIGHT="22" WC="0.92" CONTENT="ätkommit"/><SP WIDTH="20" VPOS="340" HPOS="368"/>
							<String ID="string_57" HPOS="388" VPOS="340" WIDTH="37" HEIGHT="22" WC="0.96" CONTENT="sitt"/><SP WIDTH="15" VPOS="340" HPOS="425"/>
							<String ID="string_58" HPOS="440" VPOS="340" WIDTH="65" HEIGHT="22" WC="0.93" CONTENT="virke."/><SP WIDTH="31" VPOS="340" HPOS="505"/>
							<String ID="string_59" HPOS="536" VPOS="341" WIDTH="33" HEIGHT="21" WC="0.94" CONTENT="Då"/><SP WIDTH="16" VPOS="341" HPOS="569"/>
							<String ID="string_60" HPOS="585" VPOS="340" WIDTH="36" HEIGHT="22" WC="0.96" CONTENT="det"/><SP WIDTH="15" VPOS="340" HPOS="621"/>
							<String ID="string_61" HPOS="636" VPOS="340" WIDTH="107" HEIGHT="22" WC="0.93" CONTENT="dessutom"/><SP WIDTH="15" VPOS="340" HPOS="743"/>
							<String ID="string_62" HPOS="758" VPOS="340" WIDTH="46" HEIGHT="21" WC="0.96" CONTENT="icke"/><SP WIDTH="15" VPOS="340" HPOS="804"/>
							<String ID="string_63" HPOS="819" VPOS="339" WIDTH="27" HEIGHT="27" WC="0.97" CONTENT="pä"/>
						</TextLine>
						<TextLine ID="line_7" HPOS="88" VPOS="372" WIDTH="761" HEIGHT="30">
							<String ID="string_64" HPOS="88" VPOS="374" WIDTH="65" HEIGHT="27" WC="0.90" CONTENT="nägot"/><SP WIDTH="23" VPOS="374" HPOS="153"/>
							<String ID="string_65" HPOS="176" VPOS="376" WIDTH="44" HEIGHT="20" WC="0.91" CONTENT="sätt"/><SP WIDTH="21" VPOS="376" HPOS="220"/>
							<String ID="string_66" HPOS="241" VPOS="375" WIDTH="70" HEIGHT="27" WC="0.91" CONTENT="visats,"/><SP WIDTH="20" VPOS="375" HPOS="311"/>
							<String ID="string_67" HPOS="331" VPOS="376" WIDTH="31" HEIGHT="20" WC="0.93" CONTENT="att"/><SP WIDTH="16" VPOS="376" HPOS="362"/>
							<String ID="string_68" HPOS="378" VPOS="375" WIDTH="17" HEIGHT="27" WC="0.93" CONTENT="ej"/><SP WIDTH="17" VPOS="375" HPOS="395"/>
							<String ID="string_69" HPOS="412" VPOS="375" WIDTH="125" HEIGHT="27" WC="0.96" CONTENT="regeringen"/><SP WIDTH="16" VPOS="375" HPOS="537"/>
							<String ID="string_70" HPOS="553" VPOS="381" WIDTH="76" HEIGHT="21" WC="0.93" CONTENT="genom"/><SP WIDTH="16" VPOS="381" HPOS="629"/>
							<String ID="string_71" HPOS="645" VPOS="374" WIDTH="166" HEIGHT="22" WC="0.92" CONTENT="föranstaltande"/><SP WIDTH="16" VPOS="374" HPOS="811"/>
							<String ID="string_72" HPOS="827" VPOS="372" WIDTH="22" HEIGHT="23" WC="0.97" CONTENT="af"/>
						</TextLine>
						<TextLine ID="line_8" HPOS="89" VPOS="408" WIDTH="758" HEIGHT="29">
							<String ID="string_73" HPOS="89" VPOS="408" WIDTH="113" HEIGHT="28" WC="0.84" CONTENT="tillräcklig"/><SP WIDTH="18" VPOS="408" HPOS="202"/>
							<String ID="string_74" HPOS="220" VPOS="409" WIDTH="118" HEIGHT="28" WC="0.90" CONTENT="bevakning"/><SP WIDTH="18" VPOS="409" HPOS="338"/>
							<String ID="string_75" HPOS="356" VPOS="409" WIDTH="58" HEIGHT="23" WC="0.96" CONTENT="öfver"/><SP WIDTH="18" VPOS="409" HPOS="414"/>
							<String ID="string_76" HPOS="432" VPOS="411" WIDTH="82" HEIGHT="21" WC="0.96" CONTENT="statens"/><SP WIDTH="15" VPOS="411" HPOS="514"/>
							<String ID="string_77" HPOS="529" VPOS="410" WIDTH="53" HEIGHT="26" WC="0.96" CONTENT="skog"/><SP WIDTH="15" VPOS="410" HPOS="582"/>
							<String ID="string_78" HPOS="597" VPOS="410" WIDTH="68" HEIGHT="21" WC="0.96" CONTENT="skulle"/><SP WIDTH="15" VPOS="410" HPOS="665"/>
							<String ID="string_79" HPOS="680" VPOS="410" WIDTH="72" HEIGHT="21" WC="0.96" CONTENT="kunna"/><SP WIDTH="15" VPOS="410" HPOS="752"/>
							<String ID="string_80" HPOS="767" VPOS="408" WIDTH="80" HEIGHT="28" WC="0.96" CONTENT="skydda"/>
						</TextLine>
						<TextLine ID="line_9" HPOS="89" VPOS="443" WIDTH="757" HEIGHT="29">
							<String ID="string_81" HPOS="89" VPOS="443" WIDTH="39" HEIGHT="21" WC="0.95" CONTENT="och"/><SP WIDTH="15" VPOS="443" HPOS="128"/>
							<String ID="string_82" HPOS="143" VPOS="443" WIDTH="78" HEIGHT="23" WC="0.93" CONTENT="bevara"/><SP WIDTH="16" VPOS="443" HPOS="221"/>
							<String ID="string_83" HPOS="237" VPOS="444" WIDTH="120" HEIGHT="22" WC="0.96" CONTENT="densamma"/><SP WIDTH="15" VPOS="444" HPOS="357"/>
							<String ID="string_84" HPOS="372" VPOS="446" WIDTH="45" HEIGHT="20" WC="0.93" CONTENT="mot"/><SP WIDTH="16" VPOS="446" HPOS="417"/>
							<String ID="string_85" HPOS="433" VPOS="444" WIDTH="84" HEIGHT="28" WC="0.91" CONTENT="olofliga"/><SP WIDTH="13" VPOS="444" HPOS="517"/>
							<String ID="string_86" HPOS="530" VPOS="444" WIDTH="106" HEIGHT="28" WC="0.96" CONTENT="tillgrepp,"/><SP WIDTH="12" VPOS="444" HPOS="636"/>
							<String ID="string_87" HPOS="648" VPOS="446" WIDTH="51" HEIGHT="20" WC="0.96" CONTENT="utan"/><SP WIDTH="11" VPOS="446" HPOS="699"/>
							<String ID="string_88" HPOS="710" VPOS="444" WIDTH="35" HEIGHT="21" WC="0.93" CONTENT="det"/><SP WIDTH="10" VPOS="444" HPOS="745"/>
							<String ID="string_89" HPOS="755" VPOS="445" WIDTH="91" HEIGHT="20" WC="0.96" CONTENT="tvärtom"/>
						</TextLine>
						<TextLine ID="line_10" HPOS="89" VPOS="478" WIDTH="758" HEIGHT="28">
							<String ID="string_90" HPOS="89" VPOS="478" WIDTH="72" HEIGHT="28" WC="0.96" CONTENT="tyckes"/><SP WIDTH="20" VPOS="478" HPOS="161"/>
							<String ID="string_91" HPOS="181" VPOS="478" WIDTH="86" HEIGHT="28" WC="0.95" CONTENT="framgå,"/><SP WIDTH="22" VPOS="478" HPOS="267"/>
							<String ID="string_92" HPOS="289" VPOS="480" WIDTH="31" HEIGHT="20" WC="0.96" CONTENT="att"/><SP WIDTH="14" VPOS="480" HPOS="320"/>
							<String ID="string_93" HPOS="334" VPOS="479" WIDTH="75" HEIGHT="21" WC="0.96" CONTENT="endast"/><SP WIDTH="16" VPOS="479" HPOS="409"/>
							<String ID="string_94" HPOS="425" VPOS="479" WIDTH="26" HEIGHT="21" WC="0.96" CONTENT="de"/><SP WIDTH="16" VPOS="479" HPOS="451"/>
							<String ID="string_95" HPOS="467" VPOS="481" WIDTH="69" HEIGHT="20" WC="0.96" CONTENT="större"/><SP WIDTH="15" VPOS="481" HPOS="536"/>
							<String ID="string_96" HPOS="551" VPOS="479" WIDTH="121" HEIGHT="25" WC="0.93" CONTENT="kostnader,"/><SP WIDTH="16" VPOS="479" HPOS="672"/>
							<String ID="string_97" HPOS="688" VPOS="478" WIDTH="84" HEIGHT="22" WC="0.92" CONTENT="hvartill"/><SP WIDTH="17" VPOS="478" HPOS="772"/>
							<String ID="string_98" HPOS="789" VPOS="478" WIDTH="58" HEIGHT="21" WC="0.96" CONTENT="detta"/>
						</TextLine>
						<TextLine ID="line_11" HPOS="89" VPOS="513" WIDTH="759" HEIGHT="28">
							<String ID="string_99" HPOS="89" VPOS="513" WIDTH="67" HEIGHT="21" WC="0.93" CONTENT="skulle"/><SP WIDTH="20" VPOS="513" HPOS="156"/>
							<String ID="string_100" HPOS="176" VPOS="513" WIDTH="54" HEIGHT="27" WC="0.92" CONTENT="leda,"/><SP WIDTH="20" VPOS="513" HPOS="230"/>
							<String ID="string_101" HPOS="250" VPOS="514" WIDTH="80" HEIGHT="21" WC="0.89" CONTENT="afhällit"/><SP WIDTH="18" VPOS="514" HPOS="330"/>
							<String ID="string_102" HPOS="348" VPOS="514" WIDTH="46" HEIGHT="21" WC="0.92" CONTENT="frän"/><SP WIDTH="17" VPOS="514" HPOS="394"/>
							<String ID="string_103" HPOS="411" VPOS="514" WIDTH="70" HEIGHT="22" WC="0.93" CONTENT="denna"/><SP WIDTH="16" VPOS="514" HPOS="481"/>
							<String ID="string_104" HPOS="497" VPOS="516" WIDTH="49" HEIGHT="25" WC="0.92" CONTENT="vägs"/><SP WIDTH="16" VPOS="516" HPOS="546"/>
							<String ID="string_105" HPOS="562" VPOS="514" WIDTH="115" HEIGHT="26" WC="0.92" CONTENT="insläende,"/><SP WIDTH="17" VPOS="514" HPOS="677"/>
							<String ID="string_106" HPOS="694" VPOS="514" WIDTH="23" HEIGHT="21" WC="0.93" CONTENT="sä"/><SP WIDTH="16" VPOS="514" HPOS="717"/>
							<String ID="string_107" HPOS="733" VPOS="514" WIDTH="63" HEIGHT="26" WC="0.92" CONTENT="vägar"/><SP WIDTH="15" VPOS="514" HPOS="796"/>
							<String ID="string_108" HPOS="811" VPOS="519" WIDTH="37" HEIGHT="14" WC="0.92" CONTENT="un-"/>
						</TextLine>
						<TextLine ID="line_12" HPOS="91" VPOS="547" WIDTH="541" HEIGHT="29">
							<String ID="string_109" HPOS="91" VPOS="548" WIDTH="127" HEIGHT="21" WC="0.91" CONTENT="dertecknad"/><SP WIDTH="16" VPOS="548" HPOS="218"/>
							<String ID="string_110" HPOS="234" VPOS="547" WIDTH="31" HEIGHT="22" WC="0.96" CONTENT="för"/><SP WIDTH="15" VPOS="547" HPOS="265"/>
							<String ID="string_111" HPOS="280" VPOS="548" WIDTH="31" HEIGHT="21" WC="0.96" CONTENT="sin"/><SP WIDTH="17" VPOS="548" HPOS="311"/>
							<String ID="string_112" HPOS="328" VPOS="548" WIDTH="33" HEIGHT="22" WC="0.96" CONTENT="del"/><SP WIDTH="16" VPOS="548" HPOS="361"/>
							<String ID="string_113" HPOS="377" VPOS="548" WIDTH="109" HEIGHT="22" WC="0.93" CONTENT="vördsamt"/><SP WIDTH="15" VPOS="548" HPOS="486"/>
							<String ID="string_114" HPOS="501" VPOS="548" WIDTH="83" HEIGHT="28" WC="0.92" CONTENT="föreslä,"/><SP WIDTH="17" VPOS="548" HPOS="584"/>
							<String ID="string_115" HPOS="601" VPOS="550" WIDTH="31" HEIGHT="20" WC="0.96" CONTENT="att"/>
						</TextLine>
					</TextBlock>
				</ComposedBlock>
				<ComposedBlock ID="cblock_2" HPOS="225" VPOS="611" WIDTH="624" HEIGHT="168">
					<TextBlock ID="block_2" HPOS="225" VPOS="611" WIDTH="624" HEIGHT="168">
						<TextLine ID="line_13" HPOS="297" VPOS="611" WIDTH="552" HEIGHT="28">
							<String ID="string_116" HPOS="297" VPOS="612" WIDTH="122" HEIGHT="20" WC="0.91" CONTENT="Ständerna"/><SP WIDTH="17" VPOS="612" HPOS="419"/>
							<String ID="string_117" HPOS="436" VPOS="612" WIDTH="38" HEIGHT="20" WC="0.96" CONTENT="hos"/><SP WIDTH="19" VPOS="612" HPOS="474"/>
							<String ID="string_118" HPOS="493" VPOS="612" WIDTH="26" HEIGHT="20" WC="0.93" CONTENT="H."/><SP WIDTH="17" VPOS="612" HPOS="519"/>
							<String ID="string_119" HPOS="536" VPOS="612" WIDTH="41" HEIGHT="20" WC="0.91" CONTENT="M:t"/><SP WIDTH="13" VPOS="612" HPOS="577"/>
							<String ID="string_120" HPOS="590" VPOS="612" WIDTH="50" HEIGHT="21" WC="0.96" CONTENT="ville"/><SP WIDTH="15" VPOS="612" HPOS="640"/>
							<String ID="string_121" HPOS="655" VPOS="612" WIDTH="9" HEIGHT="20" WC="0.92" CONTENT="i"/><SP WIDTH="12" VPOS="612" HPOS="664"/>
							<String ID="string_122" HPOS="676" VPOS="611" WIDTH="173" HEIGHT="28" WC="0.92" CONTENT="underdänighet"/>
						</TextLine>
						<TextLine ID="line_14" HPOS="228" VPOS="646" WIDTH="621" HEIGHT="27">
							<String ID="string_123" HPOS="228" VPOS="646" WIDTH="96" HEIGHT="26" WC="0.92" CONTENT="anhälla,"/><SP WIDTH="18" VPOS="646" HPOS="324"/>
							<String ID="string_124" HPOS="342" VPOS="646" WIDTH="34" HEIGHT="21" WC="0.93" CONTENT="det"/><SP WIDTH="15" VPOS="646" HPOS="376"/>
							<String ID="string_125" HPOS="391" VPOS="647" WIDTH="66" HEIGHT="21" WC="0.91" CONTENT="mätte"/><SP WIDTH="16" VPOS="647" HPOS="457"/>
							<String ID="string_126" HPOS="473" VPOS="646" WIDTH="29" HEIGHT="22" WC="0.93" CONTENT="K."/><SP WIDTH="17" VPOS="646" HPOS="502"/>
							<String ID="string_127" HPOS="519" VPOS="646" WIDTH="80" HEIGHT="27" WC="0.92" CONTENT="brefvet"/><SP WIDTH="15" VPOS="646" HPOS="599"/>
							<String ID="string_128" HPOS="614" VPOS="646" WIDTH="29" HEIGHT="27" WC="0.96" CONTENT="af"/><SP WIDTH="11" VPOS="646" HPOS="643"/>
							<String ID="string_129" HPOS="654" VPOS="647" WIDTH="41" HEIGHT="20" WC="0.96" CONTENT="den"/><SP WIDTH="11" VPOS="647" HPOS="695"/>
							<String ID="string_130" HPOS="706" VPOS="647" WIDTH="14" HEIGHT="20" WC="0.96" CONTENT="5"/><SP WIDTH="11" VPOS="647" HPOS="720"/>
							<String ID="string_131" HPOS="731" VPOS="646" WIDTH="48" HEIGHT="27" WC="0.96" CONTENT="Maj"/><SP WIDTH="12" VPOS="646" HPOS="779"/>
							<String ID="string_132" HPOS="791" VPOS="647" WIDTH="58" HEIGHT="20" WC="0.96" CONTENT="1881"/>
						</TextLine>
						<TextLine ID="line_15" HPOS="228" VPOS="680" WIDTH="621" HEIGHT="29">
							<String ID="string_133" HPOS="228" VPOS="681" WIDTH="68" HEIGHT="20" WC="0.92" CONTENT="varda"/><SP WIDTH="16" VPOS="681" HPOS="296"/>
							<String ID="string_134" HPOS="312" VPOS="681" WIDTH="47" HEIGHT="20" WC="0.96" CONTENT="med"/><SP WIDTH="15" VPOS="681" HPOS="359"/>
							<String ID="string_135" HPOS="374" VPOS="681" WIDTH="35" HEIGHT="21" WC="0.96" CONTENT="det"/><SP WIDTH="9" VPOS="681" HPOS="409"/>
							<String ID="string_136" HPOS="418" VPOS="680" WIDTH="78" HEIGHT="27" WC="0.93" CONTENT="första"/><SP WIDTH="12" VPOS="680" HPOS="496"/>
							<String ID="string_137" HPOS="508" VPOS="681" WIDTH="109" HEIGHT="28" WC="0.90" CONTENT="upphäfdt"/><SP WIDTH="11" VPOS="681" HPOS="617"/>
							<String ID="string_138" HPOS="628" VPOS="681" WIDTH="36" HEIGHT="20" WC="0.96" CONTENT="och"/><SP WIDTH="13" VPOS="681" HPOS="664"/>
							<String ID="string_139" HPOS="677" VPOS="681" WIDTH="8" HEIGHT="20" WC="0.91" CONTENT="i"/><SP WIDTH="10" VPOS="681" HPOS="685"/>
							<String ID="string_140" HPOS="695" VPOS="681" WIDTH="72" HEIGHT="21" WC="0.91" CONTENT="stället"/><SP WIDTH="10" VPOS="681" HPOS="767"/>
							<String ID="string_141" HPOS="777" VPOS="680" WIDTH="72" HEIGHT="21" WC="0.96" CONTENT="andra"/>
						</TextLine>
						<TextLine ID="line_16" HPOS="225" VPOS="715" WIDTH="624" HEIGHT="29">
							<String ID="string_142" HPOS="225" VPOS="715" WIDTH="103" HEIGHT="28" WC="0.90" CONTENT="ätgärder"/><SP WIDTH="19" VPOS="715" HPOS="328"/>
							<String ID="string_143" HPOS="347" VPOS="716" WIDTH="99" HEIGHT="28" WC="0.90" CONTENT="vidtagas"/><SP WIDTH="13" VPOS="716" HPOS="446"/>
							<String ID="string_144" HPOS="459" VPOS="715" WIDTH="42" HEIGHT="28" WC="0.95" CONTENT="för"/><SP WIDTH="16" VPOS="715" HPOS="501"/>
							<String ID="string_145" HPOS="517" VPOS="719" WIDTH="32" HEIGHT="18" WC="0.96" CONTENT="att"/><SP WIDTH="19" VPOS="719" HPOS="549"/>
							<String ID="string_146" HPOS="568" VPOS="719" WIDTH="42" HEIGHT="18" WC="0.93" CONTENT="mot"/><SP WIDTH="16" VPOS="719" HPOS="610"/>
							<String ID="string_147" HPOS="626" VPOS="715" WIDTH="78" HEIGHT="29" WC="0.91" CONTENT="oloflig"/><SP WIDTH="16" VPOS="715" HPOS="704"/>
							<String ID="string_148" HPOS="720" VPOS="715" WIDTH="129" HEIGHT="28" WC="0.91" CONTENT="afverkning"/>
						</TextLine>
						<TextLine ID="line_17" HPOS="229" VPOS="750" WIDTH="429" HEIGHT="29">
							<String ID="string_149" HPOS="229" VPOS="750" WIDTH="83" HEIGHT="28" WC="0.82" CONTENT="skydda"/><SP WIDTH="16" VPOS="750" HPOS="312"/>
							<String ID="string_150" HPOS="328" VPOS="750" WIDTH="95" HEIGHT="21" WC="0.96" CONTENT="kronans"/><SP WIDTH="15" VPOS="750" HPOS="423"/>
							<String ID="string_151" HPOS="438" VPOS="750" WIDTH="53" HEIGHT="29" WC="0.96" CONTENT="skog"/><SP WIDTH="16" VPOS="750" HPOS="491"/>
							<String ID="string_152" HPOS="507" VPOS="751" WIDTH="8" HEIGHT="21" WC="0.93" CONTENT="i"/><SP WIDTH="15" VPOS="751" HPOS="515"/>
							<String ID="string_153" HPOS="530" VPOS="751" WIDTH="36" HEIGHT="28" WC="0.83" CONTENT="Ijo"/><SP WIDTH="16" VPOS="751" HPOS="566"/>
							<String ID="string_154" HPOS="582" VPOS="750" WIDTH="76" HEIGHT="28" WC="0.91" CONTENT="elfdal."/>
						</TextLine>
					</TextBlock>
				</ComposedBlock>
				<ComposedBlock ID="cblock_3" HPOS="577" VPOS="813" WIDTH="203" HEIGHT="30">
					<TextBlock ID="block_3" HPOS="577" VPOS="813" WIDTH="203" HEIGHT="30">
						<TextLine ID="line_18" HPOS="577" VPOS="813" WIDTH="203" HEIGHT="30">
							<String ID="string_155" HPOS="577" VPOS="814" WIDTH="22" HEIGHT="23" WC="0.92" CONTENT="A."/><SP WIDTH="17" VPOS="814" HPOS="599"/>
							<String ID="string_156" HPOS="616" VPOS="813" WIDTH="22" HEIGHT="24" WC="0.87" CONTENT="H."/><SP WIDTH="17" VPOS="813" HPOS="638"/>
							<String ID="string_157" HPOS="655" VPOS="813" WIDTH="125" HEIGHT="30" WC="0.96" CONTENT="Chydenius."/>
						</TextLine>
					</TextBlock>
				</ComposedBlock>
				<ComposedBlock ID="cblock_4" HPOS="168" VPOS="1485" WIDTH="520" HEIGHT="22">
					<TextBlock ID="block_4" HPOS="168" VPOS="1485" WIDTH="520" HEIGHT="22">
						<TextLine ID="line_19" HPOS="168" VPOS="1485" WIDTH="520" HEIGHT="22">
							<String ID="string_158" HPOS="168" VPOS="1485" WIDTH="103" HEIGHT="21" WC="0.93" CONTENT="Allmänna"/><SP WIDTH="14" VPOS="1485" HPOS="271"/>
							<String ID="string_159" HPOS="285" VPOS="1489" WIDTH="176" HEIGHT="18" WC="0.90" CONTENT="Besvärsutskottets"/><SP WIDTH="14" VPOS="1489" HPOS="461"/>
							<String ID="string_160" HPOS="475" VPOS="1488" WIDTH="122" HEIGHT="19" WC="0.91" CONTENT="Betänkande"/><SP WIDTH="12" VPOS="1488" HPOS="597"/>
							<String ID="string_161" HPOS="609" VPOS="1489" WIDTH="37" HEIGHT="18" WC="0.96" CONTENT="N:o"/><SP WIDTH="13" VPOS="1489" HPOS="646"/>
							<String ID="string_162" HPOS="659" VPOS="1490" WIDTH="29" HEIGHT="17" WC="0.96" CONTENT="10."/>
						</TextLine>
					</TextBlock>
				</ComposedBlock>
			</PrintSpace>
		</Page>
	</Layout>
</alto>
