1020 1678
354 116 65 23 Petit.
434 116 43 23 bet.
492 116 38 23 N:o
546 116 20 23 3.
796 116 12 20 7

84 182 45 22 ofta
146 183 93 21 nämnda
254 183 95 26 ordlista,
365 182 70 22 blefve
450 182 95 22 anlitade
560 182 32 22 för
607 181 154 22 utarbetandet
776 180 22 22 af
811 180 26 21 de

84 217 162 27 ifrågavarande
264 217 217 22 mönsterskrifterna.
512 217 40 21 Om
572 216 65 22 likväl
654 216 40 22 den
711 215 21 22 af
746 216 91 21 Littera-

85 252 153 27 tursällskapet
257 252 92 21 tillsatta
367 251 106 22 komitöns.
492 252 139 21 medlemmar
650 250 22 22 af
686 252 33 20 ett
734 250 52 22 eller
800 256 37 15 an-

85 288 38 20 nat
141 287 47 21 skäl
208 286 18 28 ej
247 286 72 22 kunde
339 286 64 27 ätaga
422 286 33 27 sig
474 286 70 22 denna
562 285 89 28 uppgift,
668 285 67 22 borde
752 292 25 14 en
793 286 45 20 sär-

75 320 67 22 "skild
156 321 81 21 komite
252 320 34 22 för
301 320 122 22 ändamålet
438 322 67 20 utses.

154 355 77 22 Såsom
252 361 26 15 en
297 355 70 27 tredje
386 355 75 27 åtgärd
479 355 33 21 till
528 355 36 21 det
578 354 69 22 finska
659 354 106 28 juridiska
780 353 58 27 språ-

86 390 49 21 kets
154 390 128 27 utbildning,
300 390 40 21 har
355 390 143 27 petitionären
514 390 97 27 uppstält
626 389 159 28 granskningen
800 387 39 22 och

86 424 155 28 förbättringen
265 425 6 20 i
294 425 105 27 språkligt
423 425 124 21 hänseende
571 424 21 22 af
613 423 149 28 förordningar
784 424 56 21 samt

87 459 32 22 till
141 459 121 22 Ständerna
284 459 119 27 afgifvande
426 459 162 27 propositioner.
625 459 48 22 Han
695 459 39 21 har
754 458 86 22 dermed

88 494 64 27 rigtat
174 494 217 27 uppmärksamheten
413 495 28 26 på
461 494 37 22 det
518 494 178 26 sakförhållande,
713 495 33 20 att
761 493 79 28 Styrel-

88 535 49 15 sens
157 535 55 21 egna
228 529 160 27 publikationer
405 529 47 22 icke
468 529 60 22 alltid
544 531 36 20 äro
596 529 24 21 så
635 529 89 21 korrekt
738 527 103 22 affattade

88 563 27 27 på
137 563 69 22 finska
228 563 94 28 språket,
345 570 46 15 som
411 563 101 22 behofvet
530 565 34 20 att
582 563 69 22 förstå
670 563 62 22 deras
748 562 93 22 innehåll

89 598 69 22 skulle
180 598 72 22 fordra
274 599 40 21 och
337 605 46 15 som
405 605 51 15 vore
478 598 117 22 önskvärdt
615 598 80 27 jemväl
717 597 71 22 derför
810 598 32 20 att

89 632 109 28 offentliga
215 633 151 27 författningar
387 633 61 22 äfven
463 633 7 21 i
486 633 105 27 språkligt
611 633 39 22 och
666 632 110 22 stilistiskt
790 632 52 21 hän-

90 668 79 21 seende
188 668 25 21 så
228 668 46 21 vidt
288 668 83 27 möjligt
386 668 52 21 böra
452 674 52 15 vara
519 668 153 26 mönstergilla.
703 667 40 21 Vid
758 667 84 21 utskot-

90 704 43 20 tets
149 702 184 27 öfverläggningar
349 702 62 22 hafva
425 702 51 22 flere
493 702 95 28 exempel
602 702 118 27 uppvisats,
736 700 23 23 af
772 700 72 22 hvilka

90 735 98 27 framgår,
210 738 32 19 att
260 738 57 19 ännu
337 736 31 21 uti
388 735 150 28 författningar
556 736 53 21 ifrån
629 738 88 19 senaste
732 735 56 22 tider
802 735 40 22 och

88 770 79 27 jemväl
182 771 7 21 i
204 771 33 21 till
253 771 121 21 Ständerna
394 770 79 22 aflåtna
492 771 79 26 nådiga
589 771 160 27 propositionen
770 769 73 28 språk-

91 805 28 21 fel
139 805 39 22 och
198 805 144 28 otydligheter
357 805 109 22 anträffas.
497 806 97 21 Orsaken
610 806 32 21 till
659 805 93 28 antydda
766 805 78 22 brister

91 839 62 22 torde
168 839 76 22 främst
260 841 52 20 böra
327 841 64 21 sökas
407 841 51 26 deri,
475 843 33 19 att
523 840 182 27 öfversättningen
721 839 45 22 ofta
775 839 69 22 måste

92 875 127 21 verkställas
240 875 48 22 med
309 882 26 15 en
356 875 160 28 skyndsamhet,
536 882 46 15 som
602 875 47 22 icke
666 875 41 22 kan
723 874 73 27 undgå
810 875 34 20 att

92 909 89 28 menligt
200 910 88 21 inverka
307 911 28 26 på
353 911 94 25 arbetet;
467 910 117 27 hvarjemte
600 911 37 20 det
652 910 40 21 ock
707 910 39 21 bör
762 912 60 25 tagas
838 909 7 20 i

92 944 148 27 betraktande,
261 945 55 21 huru
336 945 59 21 svårt
415 945 36 21 det
466 945 7 21 i
489 945 116 22 allmänbet
623 947 24 20 är
663 946 32 20 att
709 945 7 21 i
732 944 112 22 öfversätt-

92 979 51 27 ning
158 979 148 22 åstadkomma
321 979 44 22 lika
380 979 52 28 godt
447 980 66 27 språk
529 986 46 15 som
585 980 6 21 i
603 980 118 27 originalet.
751 979 49 21 Men
812 985 33 14 om

93 1014 84 21 arbetet
197 1014 48 21 med
264 1014 26 21 de
310 1013 162 28 ifrågavarande
491 1014 196 28 publikationernas
706 1012 139 27 förfinskning

93 1048 77 22 ordnas
188 1049 29 26 på
232 1048 77 22 sådant
325 1050 50 25 sätt,
393 1050 32 20 att
439 1049 27 21 all
483 1048 125 28 erforderlig
623 1055 86 21 omsorg
725 1048 43 22 kan
784 1048 61 21 deråt

93 1089 65 21 egnas
175 1083 40 21 och
231 1085 33 19 att
279 1083 34 21 vid
328 1083 66 21 behof
408 1090 26 14 en
450 1084 92 21 särskild
558 1083 130 27 granskning
704 1082 22 22 af
740 1082 26 22 de
777 1082 70 22 finska

94 1120 98 20 texterna
212 1124 51 21 eger
282 1124 53 20 rum,
355 1118 55 21 skall
429 1118 158 27 otvifvelaktigt
602 1120 32 20 ett
649 1117 197 22 tillfredsställande

93 1152 93 22 resultat
205 1153 71 21 kunna
295 1153 69 21 ernås.
395 1153 40 21 Vid
451 1153 119 21 utskottets
586 1152 184 28 öfverläggningar
784 1151 63 23 hafva

94 1187 64 22 likväl
176 1188 58 21 olika
251 1188 110 27 meningar
376 1188 118 21 framstälts
510 1188 111 27 angående
637 1188 26 21 de
679 1188 105 26 åtgärder,
801 1192 46 16 som

94 1222 66 22 borde
176 1222 90 22 föreslås
282 1222 33 22 för
329 1222 116 22 vinnandet
460 1223 32 21 uti
507 1222 162 28 ifrågavarande
685 1222 34 22 del
730 1222 23 21 af
760 1222 87 27 petitio-

94 1264 42 14 nen
158 1257 116 27 uppstälda
295 1257 105 27 syftemål.
433 1257 73 27 Några
528 1257 22 21 af
570 1257 118 21 utskottets
711 1256 137 22 medlemmar

95 1291 113 22 förordade
223 1292 106 27 nämligen
345 1292 6 21 i
366 1292 69 21 likhet
450 1292 48 21 med
514 1292 142 27 petitionären
672 1291 143 21 tillsättandet
828 1290 22 22 af

95 1332 26 15 en
141 1326 93 21 särskild
251 1326 88 27 komité,
358 1326 48 21 med
425 1326 85 27 uppgift
529 1329 32 18 att
579 1326 92 27 granska
686 1326 162 26 ifrågavarande

95 1360 165 27 publikationer,
283 1360 76 22 medan
381 1360 67 22 andra
468 1360 50 22 ville
538 1360 79 22 föreslå
636 1360 132 21 inrättandet
787 1359 22 22 af
823 1365 26 16 en

96 1395 254 28 öfvertranslatorstjenst
364 1395 33 22 för
412 1394 68 22 finska
496 1396 89 26 språket
599 1395 32 22 uti
646 1395 120 27 Kejserliga
782 1394 67 22 Sena-

96 1432 36 19 ten
150 1430 8 21 i
177 1430 69 22 likhet
267 1430 49 22 med
334 1430 56 22 hvad
408 1430 38 21 der
462 1430 68 22 redan
548 1430 59 22 skett
625 1429 32 22 för
675 1430 64 27 ryska
754 1429 95 28 språket.

165 1470 103 17 Allmänna
282 1469 175 18 Besvärsutskottets
470 1469 117 17 betänkande
599 1470 36 16 N:o
647 1470 16 17 3.
