<?xml version="1.0" encoding="UTF-8"?>
<alto xmlns="http://www.loc.gov/standards/alto/ns-v3#" xmlns:xlink="http://www.w3.org/1999/xlink" xmlns:xsi="http://www.w3.org/2001/XMLSchema-instance" xsi:schemaLocation="http://www.loc.gov/standards/alto/ns-v3# http://www.loc.gov/alto/v3/alto-3-0.xsd">
	<Description>
		<MeasurementUnit>pixel</MeasurementUnit>
		<sourceImageInformation>
			<fileName>/tmp/tess_e5xj2kne_input.PNG</fileName>
		</sourceImageInformation>
		<OCRProcessing ID="OCR_0">
			<ocrProcessingStep>
				<processingSoftware>
					<softwareName>tesseract 5.3.4</softwareName>
				</processingSoftware>
			</ocrProcessingStep>
		</OCRProcessing>
	</Description>
	<Layout>
		<Page WIDTH="1017" HEIGHT="1678" PHYSICAL_IMG_NR="0" ID="page_0">
			<PrintSpace HPOS="0" VPOS="0" WIDTH="1017" HEIGHT="1678">
				<ComposedBlock ID="cblock_0" HPOS="214" VPOS="114" WIDTH="515" HEIGHT="22">
					<TextBlock ID="block_0" HPOS="214" VPOS="114" WIDTH="515" HEIGHT="22">
						<TextLine ID="line_0" HPOS="214" VPOS="114" WIDTH="515" HEIGHT="22">
							<String ID="string_0" HPOS="214" VPOS="115" WIDTH="12" HEIGHT="20" WC="0.96" CONTENT="6"/><SP WIDTH="171" VPOS="115" HPOS="226"/>
							<String ID="string_1" HPOS="397" VPOS="114" WIDTH="228" HEIGHT="22" WC="0.91" CONTENT="Petitionsbetänkande"/><SP WIDTH="17" VPOS="114" HPOS="625"/>
							<String ID="string_2" HPOS="642" VPOS="115" WIDTH="34" HEIGHT="20" WC="0.96" CONTENT="N:o"/><SP WIDTH="17" VPOS="115" HPOS="676"/>
							<String ID="string_3" HPOS="693" VPOS="114" WIDTH="36" HEIGHT="22" WC="0.95" CONTENT="20."/>
						</TextLine>
					</TextBlock>
				</ComposedBlock>
				<ComposedBlock ID="cblock_1" HPOS="158" VPOS="181" WIDTH="784" HEIGHT="894">
					<TextBlock ID="block_1" HPOS="182" VPOS="181" WIDTH="760" HEIGHT="236">
						<TextLine ID="line_1" HPOS="185" VPOS="181" WIDTH="757" HEIGHT="29">
							<String ID="string_4" HPOS="185" VPOS="182" WIDTH="39" HEIGHT="21" WC="0.92" CONTENT="och"/><SP WIDTH="24" VPOS="182" HPOS="224"/>
							<String ID="string_5" HPOS="248" VPOS="182" WIDTH="98" HEIGHT="23" WC="0.92" CONTENT="vilkoren"/><SP WIDTH="23" VPOS="182" HPOS="346"/>
							<String ID="string_6" HPOS="369" VPOS="183" WIDTH="33" HEIGHT="21" WC="0.96" CONTENT="för"/><SP WIDTH="23" VPOS="183" HPOS="402"/>
							<String ID="string_7" HPOS="425" VPOS="183" WIDTH="158" HEIGHT="27" WC="0.96" CONTENT="anläggningen"/><SP WIDTH="19" VPOS="183" HPOS="583"/>
							<String ID="string_8" HPOS="602" VPOS="184" WIDTH="39" HEIGHT="21" WC="0.93" CONTENT="och"/><SP WIDTH="16" VPOS="184" HPOS="641"/>
							<String ID="string_9" HPOS="657" VPOS="183" WIDTH="153" HEIGHT="26" WC="0.91" CONTENT="kungsådrans"/><SP WIDTH="16" VPOS="183" HPOS="810"/>
							<String ID="string_10" HPOS="826" VPOS="181" WIDTH="116" HEIGHT="28" WC="0.91" CONTENT="öppenhål-"/>
						</TextLine>
						<TextLine ID="line_2" HPOS="184" VPOS="217" WIDTH="758" HEIGHT="28">
							<String ID="string_11" HPOS="184" VPOS="217" WIDTH="64" HEIGHT="21" WC="0.95" CONTENT="lande"/><SP WIDTH="25" VPOS="217" HPOS="248"/>
							<String ID="string_12" HPOS="273" VPOS="217" WIDTH="31" HEIGHT="21" WC="0.95" CONTENT="uti"/><SP WIDTH="15" VPOS="217" HPOS="304"/>
							<String ID="string_13" HPOS="319" VPOS="217" WIDTH="95" HEIGHT="28" WC="0.96" CONTENT="utslaget"/><SP WIDTH="18" VPOS="217" HPOS="414"/>
							<String ID="string_14" HPOS="432" VPOS="224" WIDTH="57" HEIGHT="21" WC="0.96" CONTENT="noga"/><SP WIDTH="15" VPOS="224" HPOS="489"/>
							<String ID="string_15" HPOS="504" VPOS="217" WIDTH="138" HEIGHT="22" WC="0.93" CONTENT="bestämmas."/><SP WIDTH="31" VPOS="217" HPOS="642"/>
							<String ID="string_16" HPOS="673" VPOS="217" WIDTH="82" HEIGHT="22" WC="0.61" CONTENT="Finnes"/><SP WIDTH="15" VPOS="217" HPOS="755"/>
							<String ID="string_17" HPOS="770" VPOS="217" WIDTH="76" HEIGHT="28" WC="0.92" CONTENT="nödigt"/><SP WIDTH="15" VPOS="217" HPOS="846"/>
							<String ID="string_18" HPOS="861" VPOS="219" WIDTH="33" HEIGHT="18" WC="0.93" CONTENT="att"/><SP WIDTH="15" VPOS="219" HPOS="894"/>
							<String ID="string_19" HPOS="909" VPOS="218" WIDTH="33" HEIGHT="19" WC="0.92" CONTENT="ut-"/>
						</TextLine>
						<TextLine ID="line_3" HPOS="184" VPOS="251" WIDTH="758" HEIGHT="29">
							<String ID="string_20" HPOS="184" VPOS="251" WIDTH="89" HEIGHT="21" WC="0.96" CONTENT="sträcka"/><SP WIDTH="16" VPOS="251" HPOS="273"/>
							<String ID="string_21" HPOS="289" VPOS="252" WIDTH="70" HEIGHT="21" WC="0.95" CONTENT="verket"/><SP WIDTH="15" VPOS="252" HPOS="359"/>
							<String ID="string_22" HPOS="374" VPOS="252" WIDTH="61" HEIGHT="27" WC="0.92" CONTENT="öfver"/><SP WIDTH="16" VPOS="252" HPOS="435"/>
							<String ID="string_23" HPOS="451" VPOS="253" WIDTH="133" HEIGHT="27" WC="0.92" CONTENT="kungsådra,"/><SP WIDTH="16" VPOS="253" HPOS="584"/>
							<String ID="string_24" HPOS="600" VPOS="253" WIDTH="35" HEIGHT="20" WC="0.96" CONTENT="må"/><SP WIDTH="16" VPOS="253" HPOS="635"/>
							<String ID="string_25" HPOS="651" VPOS="253" WIDTH="81" HEIGHT="20" WC="0.96" CONTENT="sådant"/><SP WIDTH="16" VPOS="253" HPOS="732"/>
							<String ID="string_26" HPOS="748" VPOS="252" WIDTH="92" HEIGHT="25" WC="0.96" CONTENT="tillåtas,"/><SP WIDTH="16" VPOS="252" HPOS="840"/>
							<String ID="string_27" HPOS="856" VPOS="258" WIDTH="33" HEIGHT="14" WC="0.93" CONTENT="om"/><SP WIDTH="14" VPOS="258" HPOS="889"/>
							<String ID="string_28" HPOS="903" VPOS="252" WIDTH="39" HEIGHT="19" WC="0.89" CONTENT="nö-"/>
						</TextLine>
						<TextLine ID="line_4" HPOS="184" VPOS="286" WIDTH="758" HEIGHT="28">
							<String ID="string_29" HPOS="184" VPOS="286" WIDTH="37" HEIGHT="27" WC="0.93" CONTENT="dig"/><SP WIDTH="19" VPOS="286" HPOS="221"/>
							<String ID="string_30" HPOS="240" VPOS="286" WIDTH="57" HEIGHT="26" WC="0.90" CONTENT="far-"/><SP WIDTH="18" VPOS="286" HPOS="297"/>
							<String ID="string_31" HPOS="315" VPOS="287" WIDTH="37" HEIGHT="20" WC="0.93" CONTENT="och"/><SP WIDTH="11" VPOS="287" HPOS="352"/>
							<String ID="string_32" HPOS="363" VPOS="287" WIDTH="88" HEIGHT="27" WC="0.89" CONTENT="flottled"/><SP WIDTH="16" VPOS="287" HPOS="451"/>
							<String ID="string_33" HPOS="467" VPOS="287" WIDTH="121" HEIGHT="27" WC="0.91" CONTENT="derigenom"/><SP WIDTH="16" VPOS="287" HPOS="588"/>
							<String ID="string_34" HPOS="604" VPOS="287" WIDTH="20" HEIGHT="27" WC="0.96" CONTENT="ej"/><SP WIDTH="15" VPOS="287" HPOS="624"/>
							<String ID="string_35" HPOS="639" VPOS="287" WIDTH="82" HEIGHT="21" WC="0.96" CONTENT="skadas"/><SP WIDTH="15" VPOS="287" HPOS="721"/>
							<String ID="string_36" HPOS="736" VPOS="289" WIDTH="57" HEIGHT="18" WC="0.93" CONTENT="samt"/><SP WIDTH="17" VPOS="289" HPOS="793"/>
							<String ID="string_37" HPOS="810" VPOS="287" WIDTH="76" HEIGHT="26" WC="0.91" CONTENT="tjenlig"/><SP WIDTH="16" VPOS="287" HPOS="886"/>
							<String ID="string_38" HPOS="902" VPOS="292" WIDTH="40" HEIGHT="14" WC="0.87" CONTENT="an-"/>
						</TextLine>
						<TextLine ID="line_5" HPOS="183" VPOS="320" WIDTH="759" HEIGHT="28">
							<String ID="string_39" HPOS="183" VPOS="321" WIDTH="53" HEIGHT="19" WC="0.91" CONTENT="stalt"/><SP WIDTH="23" VPOS="321" HPOS="236"/>
							<String ID="string_40" HPOS="259" VPOS="323" WIDTH="62" HEIGHT="25" WC="0.95" CONTENT="göres"/><SP WIDTH="14" VPOS="323" HPOS="321"/>
							<String ID="string_41" HPOS="335" VPOS="321" WIDTH="42" HEIGHT="27" WC="0.93" CONTENT="för"/><SP WIDTH="18" VPOS="321" HPOS="377"/>
							<String ID="string_42" HPOS="395" VPOS="321" WIDTH="200" HEIGHT="21" WC="0.91" CONTENT="vidmakthållande"/><SP WIDTH="15" VPOS="321" HPOS="595"/>
							<String ID="string_43" HPOS="610" VPOS="321" WIDTH="30" HEIGHT="27" WC="0.93" CONTENT="af"/><SP WIDTH="12" VPOS="321" HPOS="640"/>
							<String ID="string_44" HPOS="652" VPOS="321" WIDTH="155" HEIGHT="27" WC="0.92" CONTENT="kungsådrans"/><SP WIDTH="15" VPOS="321" HPOS="807"/>
							<String ID="string_45" HPOS="822" VPOS="320" WIDTH="72" HEIGHT="28" WC="0.92" CONTENT="öfrige"/><SP WIDTH="17" VPOS="320" HPOS="894"/>
							<String ID="string_46" HPOS="911" VPOS="320" WIDTH="31" HEIGHT="20" WC="0.96" CONTENT="uti"/>
						</TextLine>
						<TextLine ID="line_6" HPOS="182" VPOS="354" WIDTH="760" HEIGHT="28">
							<String ID="string_47" HPOS="182" VPOS="355" WIDTH="16" HEIGHT="27" WC="0.86" CONTENT="$"/><SP WIDTH="15" VPOS="355" HPOS="198"/>
							<String ID="string_48" HPOS="213" VPOS="356" WIDTH="29" HEIGHT="19" WC="0.95" CONTENT="11"/><SP WIDTH="18" VPOS="356" HPOS="242"/>
							<String ID="string_49" HPOS="260" VPOS="354" WIDTH="108" HEIGHT="22" WC="0.96" CONTENT="bestämda"/><SP WIDTH="17" VPOS="354" HPOS="368"/>
							<String ID="string_50" HPOS="385" VPOS="355" WIDTH="110" HEIGHT="21" WC="0.96" CONTENT="ändamål."/><SP WIDTH="30" VPOS="355" HPOS="495"/>
							<String ID="string_51" HPOS="525" VPOS="355" WIDTH="82" HEIGHT="21" WC="0.96" CONTENT="Besvär"/><SP WIDTH="16" VPOS="355" HPOS="607"/>
							<String ID="string_52" HPOS="623" VPOS="355" WIDTH="69" HEIGHT="26" WC="0.92" CONTENT="öfver,"/><SP WIDTH="11" VPOS="355" HPOS="692"/>
							<String ID="string_53" HPOS="703" VPOS="354" WIDTH="150" HEIGHT="22" WC="0.90" CONTENT="Guvernörens"/><SP WIDTH="17" VPOS="354" HPOS="853"/>
							<String ID="string_54" HPOS="870" VPOS="354" WIDTH="72" HEIGHT="26" WC="0.96" CONTENT="utslag"/>
						</TextLine>
						<TextLine ID="line_7" HPOS="183" VPOS="389" WIDTH="593" HEIGHT="28">
							<String ID="string_55" HPOS="183" VPOS="389" WIDTH="22" HEIGHT="21" WC="0.96" CONTENT="få"/><SP WIDTH="16" VPOS="389" HPOS="205"/>
							<String ID="string_56" HPOS="221" VPOS="389" WIDTH="88" HEIGHT="22" WC="0.96" CONTENT="anföras"/><SP WIDTH="16" VPOS="389" HPOS="309"/>
							<String ID="string_57" HPOS="325" VPOS="390" WIDTH="7" HEIGHT="21" WC="0.93" CONTENT="i"/><SP WIDTH="16" VPOS="390" HPOS="332"/>
							<String ID="string_58" HPOS="348" VPOS="390" WIDTH="105" HEIGHT="21" WC="0.92" CONTENT="Senatens"/><SP WIDTH="17" VPOS="390" HPOS="453"/>
							<String ID="string_59" HPOS="470" VPOS="390" WIDTH="306" HEIGHT="27" WC="0.77" CONTENT="Ekonomie-Departement&#39;&#39;."/>
						</TextLine>
					</TextBlock>
					<TextBlock ID="block_2" HPOS="182" VPOS="424" WIDTH="760" HEIGHT="340">
						<TextLine ID="line_8" HPOS="256" VPOS="424" WIDTH="685" HEIGHT="27">
							<String ID="string_60" HPOS="256" VPOS="424" WIDTH="71" HEIGHT="21" WC="0.91" CONTENT="Häraf"/><SP WIDTH="20" VPOS="424" HPOS="327"/>
							<String ID="string_61" HPOS="347" VPOS="425" WIDTH="96" HEIGHT="26" WC="0.95" CONTENT="framgår"/><SP WIDTH="23" VPOS="425" HPOS="443"/>
							<String ID="string_62" HPOS="466" VPOS="425" WIDTH="97" HEIGHT="26" WC="0.96" CONTENT="tydligen"/><SP WIDTH="23" VPOS="425" HPOS="563"/>
							<String ID="string_63" HPOS="586" VPOS="427" WIDTH="33" HEIGHT="19" WC="0.96" CONTENT="att"/><SP WIDTH="15" VPOS="427" HPOS="619"/>
							<String ID="string_64" HPOS="634" VPOS="424" WIDTH="32" HEIGHT="22" WC="0.96" CONTENT="uti"/><SP WIDTH="16" VPOS="424" HPOS="666"/>
							<String ID="string_65" HPOS="682" VPOS="425" WIDTH="102" HEIGHT="26" WC="0.96" CONTENT="gällande"/><SP WIDTH="15" VPOS="425" HPOS="784"/>
							<String ID="string_66" HPOS="799" VPOS="425" WIDTH="36" HEIGHT="26" WC="0.96" CONTENT="lag"/><SP WIDTH="15" VPOS="425" HPOS="835"/>
							<String ID="string_67" HPOS="850" VPOS="424" WIDTH="33" HEIGHT="21" WC="0.93" CONTENT="till"/><SP WIDTH="16" VPOS="424" HPOS="883"/>
							<String ID="string_68" HPOS="899" VPOS="424" WIDTH="42" HEIGHT="21" WC="0.93" CONTENT="för-"/>
						</TextLine>
						<TextLine ID="line_9" HPOS="183" VPOS="459" WIDTH="759" HEIGHT="26">
							<String ID="string_69" HPOS="183" VPOS="465" WIDTH="49" HEIGHT="14" WC="0.95" CONTENT="mon"/><SP WIDTH="25" VPOS="465" HPOS="232"/>
							<String ID="string_70" HPOS="257" VPOS="459" WIDTH="34" HEIGHT="21" WC="0.96" CONTENT="för"/><SP WIDTH="22" VPOS="459" HPOS="291"/>
							<String ID="string_71" HPOS="313" VPOS="459" WIDTH="108" HEIGHT="21" WC="0.93" CONTENT="industrin"/><SP WIDTH="23" VPOS="459" HPOS="421"/>
							<String ID="string_72" HPOS="444" VPOS="459" WIDTH="111" HEIGHT="22" WC="0.92" CONTENT="allaredan"/><SP WIDTH="22" VPOS="459" HPOS="555"/>
							<String ID="string_73" HPOS="577" VPOS="459" WIDTH="68" HEIGHT="22" WC="0.95" CONTENT="finnes"/><SP WIDTH="17" VPOS="459" HPOS="645"/>
							<String ID="string_74" HPOS="662" VPOS="461" WIDTH="23" HEIGHT="19" WC="0.96" CONTENT="åt"/><SP WIDTH="16" VPOS="461" HPOS="685"/>
							<String ID="string_75" HPOS="701" VPOS="459" WIDTH="141" HEIGHT="21" WC="0.96" CONTENT="Guvernören"/><SP WIDTH="15" VPOS="459" HPOS="842"/>
							<String ID="string_76" HPOS="857" VPOS="459" WIDTH="85" HEIGHT="26" WC="0.96" CONTENT="inrymd"/>
						</TextLine>
						<TextLine ID="line_10" HPOS="183" VPOS="493" WIDTH="758" HEIGHT="28">
							<String ID="string_77" HPOS="183" VPOS="493" WIDTH="131" HEIGHT="28" WC="0.96" CONTENT="befogenhet"/><SP WIDTH="15" VPOS="493" HPOS="314"/>
							<String ID="string_78" HPOS="329" VPOS="496" WIDTH="32" HEIGHT="19" WC="0.96" CONTENT="att"/><SP WIDTH="15" VPOS="496" HPOS="361"/>
							<String ID="string_79" HPOS="376" VPOS="494" WIDTH="36" HEIGHT="21" WC="0.96" CONTENT="vid"/><SP WIDTH="16" VPOS="494" HPOS="412"/>
							<String ID="string_80" HPOS="428" VPOS="494" WIDTH="88" HEIGHT="27" WC="0.93" CONTENT="slutliga"/><SP WIDTH="15" VPOS="494" HPOS="516"/>
							<String ID="string_81" HPOS="531" VPOS="494" WIDTH="128" HEIGHT="27" WC="0.92" CONTENT="afgörandet"/><SP WIDTH="16" VPOS="494" HPOS="659"/>
							<String ID="string_82" HPOS="675" VPOS="494" WIDTH="23" HEIGHT="21" WC="0.93" CONTENT="af"/><SP WIDTH="15" VPOS="494" HPOS="698"/>
							<String ID="string_83" HPOS="713" VPOS="494" WIDTH="151" HEIGHT="27" WC="0.92" CONTENT="ifrågakomna"/><SP WIDTH="16" VPOS="494" HPOS="864"/>
							<String ID="string_84" HPOS="880" VPOS="495" WIDTH="61" HEIGHT="19" WC="0.92" CONTENT="ären-"/>
						</TextLine>
						<TextLine ID="line_11" HPOS="184" VPOS="528" WIDTH="758" HEIGHT="27">
							<String ID="string_85" HPOS="184" VPOS="528" WIDTH="41" HEIGHT="21" WC="0.96" CONTENT="den"/><SP WIDTH="16" VPOS="528" HPOS="225"/>
							<String ID="string_86" HPOS="241" VPOS="529" WIDTH="100" HEIGHT="21" WC="0.95" CONTENT="meddela"/><SP WIDTH="15" VPOS="529" HPOS="341"/>
							<String ID="string_87" HPOS="356" VPOS="529" WIDTH="99" HEIGHT="21" WC="0.96" CONTENT="tillstånd"/><SP WIDTH="16" VPOS="529" HPOS="455"/>
							<String ID="string_88" HPOS="471" VPOS="531" WIDTH="32" HEIGHT="19" WC="0.96" CONTENT="att"/><SP WIDTH="15" VPOS="531" HPOS="503"/>
							<String ID="string_89" HPOS="518" VPOS="529" WIDTH="63" HEIGHT="21" WC="0.96" CONTENT="äfven"/><SP WIDTH="19" VPOS="529" HPOS="581"/>
							<String ID="string_90" HPOS="600" VPOS="529" WIDTH="7" HEIGHT="21" WC="0.96" CONTENT="i"/><SP WIDTH="16" VPOS="529" HPOS="607"/>
							<String ID="string_91" HPOS="623" VPOS="531" WIDTH="70" HEIGHT="19" WC="0.96" CONTENT="större"/><SP WIDTH="17" VPOS="531" HPOS="693"/>
							<String ID="string_92" HPOS="710" VPOS="529" WIDTH="137" HEIGHT="26" WC="0.95" CONTENT="vattendrag,"/><SP WIDTH="17" VPOS="529" HPOS="847"/>
							<String ID="string_93" HPOS="864" VPOS="528" WIDTH="38" HEIGHT="21" WC="0.96" CONTENT="der"/><SP WIDTH="15" VPOS="528" HPOS="902"/>
							<String ID="string_94" HPOS="917" VPOS="529" WIDTH="25" HEIGHT="20" WC="0.96" CONTENT="så"/>
						</TextLine>
						<TextLine ID="line_12" HPOS="183" VPOS="563" WIDTH="759" HEIGHT="28">
							<String ID="string_95" HPOS="183" VPOS="563" WIDTH="77" HEIGHT="28" WC="0.89" CONTENT="nödigt"/><SP WIDTH="15" VPOS="563" HPOS="260"/>
							<String ID="string_96" HPOS="275" VPOS="563" WIDTH="75" HEIGHT="28" WC="0.96" CONTENT="finnes,"/><SP WIDTH="16" VPOS="563" HPOS="350"/>
							<String ID="string_97" HPOS="366" VPOS="564" WIDTH="113" HEIGHT="21" WC="0.96" CONTENT="utsträcka"/><SP WIDTH="16" VPOS="564" HPOS="479"/>
							<String ID="string_98" HPOS="495" VPOS="564" WIDTH="149" HEIGHT="21" WC="0.96" CONTENT="vattenverket"/><SP WIDTH="20" VPOS="564" HPOS="644"/>
							<String ID="string_99" HPOS="664" VPOS="563" WIDTH="59" HEIGHT="22" WC="0.93" CONTENT="öfver"/><SP WIDTH="19" VPOS="563" HPOS="723"/>
							<String ID="string_100" HPOS="742" VPOS="563" WIDTH="132" HEIGHT="27" WC="0.91" CONTENT="kungsådra,"/><SP WIDTH="12" VPOS="563" HPOS="874"/>
							<String ID="string_101" HPOS="886" VPOS="563" WIDTH="56" HEIGHT="21" WC="0.96" CONTENT="blott"/>
						</TextLine>
						<TextLine ID="line_13" HPOS="183" VPOS="598" WIDTH="758" HEIGHT="28">
							<String ID="string_102" HPOS="183" VPOS="598" WIDTH="42" HEIGHT="21" WC="0.91" CONTENT="far-"/><SP WIDTH="17" VPOS="598" HPOS="225"/>
							<String ID="string_103" HPOS="242" VPOS="599" WIDTH="39" HEIGHT="21" WC="0.92" CONTENT="och"/><SP WIDTH="16" VPOS="599" HPOS="281"/>
							<String ID="string_104" HPOS="297" VPOS="599" WIDTH="83" HEIGHT="20" WC="0.91" CONTENT="flottled"/><SP WIDTH="17" VPOS="599" HPOS="380"/>
							<String ID="string_105" HPOS="397" VPOS="599" WIDTH="123" HEIGHT="26" WC="0.91" CONTENT="derigenom"/><SP WIDTH="17" VPOS="599" HPOS="520"/>
							<String ID="string_106" HPOS="537" VPOS="599" WIDTH="18" HEIGHT="27" WC="0.96" CONTENT="ej"/><SP WIDTH="17" VPOS="599" HPOS="555"/>
							<String ID="string_107" HPOS="572" VPOS="599" WIDTH="79" HEIGHT="21" WC="0.96" CONTENT="skadas"/><SP WIDTH="16" VPOS="599" HPOS="651"/>
							<String ID="string_108" HPOS="667" VPOS="600" WIDTH="57" HEIGHT="19" WC="0.96" CONTENT="samt"/><SP WIDTH="16" VPOS="600" HPOS="724"/>
							<String ID="string_109" HPOS="740" VPOS="598" WIDTH="79" HEIGHT="27" WC="0.96" CONTENT="nödiga"/><SP WIDTH="16" VPOS="598" HPOS="819"/>
							<String ID="string_110" HPOS="835" VPOS="598" WIDTH="106" HEIGHT="21" WC="0.96" CONTENT="anstalter"/>
						</TextLine>
						<TextLine ID="line_14" HPOS="183" VPOS="632" WIDTH="757" HEIGHT="28">
							<String ID="string_111" HPOS="183" VPOS="633" WIDTH="100" HEIGHT="27" WC="0.96" CONTENT="vidtagas"/><SP WIDTH="16" VPOS="633" HPOS="283"/>
							<String ID="string_112" HPOS="299" VPOS="633" WIDTH="32" HEIGHT="21" WC="0.96" CONTENT="för"/><SP WIDTH="16" VPOS="633" HPOS="331"/>
							<String ID="string_113" HPOS="347" VPOS="633" WIDTH="79" HEIGHT="22" WC="0.93" CONTENT="fiskens"/><SP WIDTH="19" VPOS="633" HPOS="426"/>
							<String ID="string_114" HPOS="445" VPOS="640" WIDTH="52" HEIGHT="20" WC="0.93" CONTENT="upp-"/><SP WIDTH="16" VPOS="640" HPOS="497"/>
							<String ID="string_115" HPOS="513" VPOS="634" WIDTH="40" HEIGHT="21" WC="0.96" CONTENT="och"/><SP WIDTH="16" VPOS="634" HPOS="553"/>
							<String ID="string_116" HPOS="569" VPOS="633" WIDTH="144" HEIGHT="27" WC="0.96" CONTENT="nedstigande"/><SP WIDTH="12" VPOS="633" HPOS="713"/>
							<String ID="string_117" HPOS="725" VPOS="635" WIDTH="56" HEIGHT="19" WC="0.96" CONTENT="samt"/><SP WIDTH="11" VPOS="635" HPOS="781"/>
							<String ID="string_118" HPOS="792" VPOS="635" WIDTH="94" HEIGHT="19" WC="0.93" CONTENT="vattnets"/><SP WIDTH="11" VPOS="635" HPOS="886"/>
							<String ID="string_119" HPOS="897" VPOS="632" WIDTH="43" HEIGHT="21" WC="0.92" CONTENT="till-"/>
						</TextLine>
						<TextLine ID="line_15" HPOS="183" VPOS="667" WIDTH="757" HEIGHT="27">
							<String ID="string_120" HPOS="183" VPOS="668" WIDTH="98" HEIGHT="26" WC="0.90" CONTENT="räckliga"/><SP WIDTH="23" VPOS="668" HPOS="281"/>
							<String ID="string_121" HPOS="304" VPOS="667" WIDTH="76" HEIGHT="27" WC="0.91" CONTENT="aflopp,"/><SP WIDTH="17" VPOS="667" HPOS="380"/>
							<String ID="string_122" HPOS="397" VPOS="668" WIDTH="68" HEIGHT="21" WC="0.96" CONTENT="ehuru"/><SP WIDTH="16" VPOS="668" HPOS="465"/>
							<String ID="string_123" HPOS="481" VPOS="668" WIDTH="18" HEIGHT="26" WC="0.96" CONTENT="ej"/><SP WIDTH="17" VPOS="668" HPOS="499"/>
							<String ID="string_124" HPOS="516" VPOS="670" WIDTH="45" HEIGHT="18" WC="0.93" CONTENT="rätt"/><SP WIDTH="14" VPOS="670" HPOS="561"/>
							<String ID="string_125" HPOS="575" VPOS="668" WIDTH="124" HEIGHT="26" WC="0.92" CONTENT="medgifvits"/><SP WIDTH="17" VPOS="668" HPOS="699"/>
							<String ID="string_126" HPOS="716" VPOS="670" WIDTH="33" HEIGHT="18" WC="0.96" CONTENT="att"/><SP WIDTH="16" VPOS="670" HPOS="749"/>
							<String ID="string_127" HPOS="765" VPOS="670" WIDTH="57" HEIGHT="18" WC="0.93" CONTENT="emot"/><SP WIDTH="15" VPOS="670" HPOS="822"/>
							<String ID="string_128" HPOS="837" VPOS="667" WIDTH="103" HEIGHT="21" WC="0.91" CONTENT="vederbö-"/>
						</TextLine>
						<TextLine ID="line_16" HPOS="182" VPOS="701" WIDTH="760" HEIGHT="28">
							<String ID="string_129" HPOS="182" VPOS="702" WIDTH="69" HEIGHT="21" WC="0.93" CONTENT="rande"/><SP WIDTH="18" VPOS="702" HPOS="251"/>
							<String ID="string_130" HPOS="269" VPOS="702" WIDTH="115" HEIGHT="27" WC="0.92" CONTENT="sakegares"/><SP WIDTH="16" VPOS="702" HPOS="384"/>
							<String ID="string_131" HPOS="400" VPOS="702" WIDTH="40" HEIGHT="21" WC="0.96" CONTENT="och"/><SP WIDTH="16" VPOS="702" HPOS="440"/>
							<String ID="string_132" HPOS="456" VPOS="702" WIDTH="94" HEIGHT="21" WC="0.93" CONTENT="kronans"/><SP WIDTH="15" VPOS="702" HPOS="550"/>
							<String ID="string_133" HPOS="565" VPOS="702" WIDTH="129" HEIGHT="27" WC="0.92" CONTENT="begifvande"/><SP WIDTH="11" VPOS="702" HPOS="694"/>
							<String ID="string_134" HPOS="705" VPOS="702" WIDTH="72" HEIGHT="21" WC="0.93" CONTENT="tillåta"/><SP WIDTH="11" VPOS="702" HPOS="777"/>
							<String ID="string_135" HPOS="788" VPOS="702" WIDTH="120" HEIGHT="26" WC="0.92" CONTENT="stängande"/><SP WIDTH="11" VPOS="702" HPOS="908"/>
							<String ID="string_136" HPOS="919" VPOS="701" WIDTH="23" HEIGHT="21" WC="0.95" CONTENT="af"/>
						</TextLine>
						<TextLine ID="line_17" HPOS="183" VPOS="736" WIDTH="757" HEIGHT="28">
							<String ID="string_137" HPOS="183" VPOS="737" WIDTH="127" HEIGHT="27" WC="0.91" CONTENT="kungsådra"/><SP WIDTH="23" VPOS="737" HPOS="310"/>
							<String ID="string_138" HPOS="333" VPOS="737" WIDTH="31" HEIGHT="21" WC="0.93" CONTENT="uti"/><SP WIDTH="23" VPOS="737" HPOS="364"/>
							<String ID="string_139" HPOS="387" VPOS="737" WIDTH="56" HEIGHT="21" WC="0.92" CONTENT="slika"/><SP WIDTH="16" VPOS="737" HPOS="443"/>
							<String ID="string_140" HPOS="459" VPOS="738" WIDTH="129" HEIGHT="26" WC="0.96" CONTENT="vattendrag"/><SP WIDTH="15" VPOS="738" HPOS="588"/>
							<String ID="string_141" HPOS="603" VPOS="744" WIDTH="38" HEIGHT="14" WC="0.95" CONTENT="ens"/><SP WIDTH="16" VPOS="744" HPOS="641"/>
							<String ID="string_142" HPOS="657" VPOS="737" WIDTH="69" HEIGHT="21" WC="0.96" CONTENT="under"/><SP WIDTH="17" VPOS="737" HPOS="726"/>
							<String ID="string_143" HPOS="743" VPOS="737" WIDTH="43" HEIGHT="21" WC="0.96" CONTENT="viss"/><SP WIDTH="16" VPOS="737" HPOS="786"/>
							<String ID="string_144" HPOS="802" VPOS="736" WIDTH="32" HEIGHT="22" WC="0.96" CONTENT="tid"/><SP WIDTH="16" VPOS="736" HPOS="834"/>
							<String ID="string_145" HPOS="850" VPOS="736" WIDTH="23" HEIGHT="21" WC="0.96" CONTENT="af"/><SP WIDTH="13" VPOS="736" HPOS="873"/>
							<String ID="string_146" HPOS="886" VPOS="737" WIDTH="54" HEIGHT="20" WC="0.95" CONTENT="året."/>
						</TextLine>
					</TextBlock>
					<TextBlock ID="block_3" HPOS="182" VPOS="770" WIDTH="758" HEIGHT="64">
						<TextLine ID="line_18" HPOS="254" VPOS="770" WIDTH="686" HEIGHT="28">
							<String ID="string_147" HPOS="254" VPOS="771" WIDTH="35" HEIGHT="21" WC="0.96" CONTENT="Då"/><SP WIDTH="22" VPOS="771" HPOS="289"/>
							<String ID="string_148" HPOS="311" VPOS="772" WIDTH="106" HEIGHT="20" WC="0.96" CONTENT="utskottet"/><SP WIDTH="23" VPOS="772" HPOS="417"/>
							<String ID="string_149" HPOS="440" VPOS="772" WIDTH="121" HEIGHT="21" WC="0.96" CONTENT="emellertid"/><SP WIDTH="23" VPOS="772" HPOS="561"/>
							<String ID="string_150" HPOS="584" VPOS="778" WIDTH="64" HEIGHT="15" WC="0.96" CONTENT="anser"/><SP WIDTH="23" VPOS="778" HPOS="648"/>
							<String ID="string_151" HPOS="671" VPOS="773" WIDTH="33" HEIGHT="19" WC="0.96" CONTENT="att"/><SP WIDTH="15" VPOS="773" HPOS="704"/>
							<String ID="string_152" HPOS="719" VPOS="771" WIDTH="32" HEIGHT="21" WC="0.96" CONTENT="uti"/><SP WIDTH="17" VPOS="771" HPOS="751"/>
							<String ID="string_153" HPOS="768" VPOS="778" WIDTH="26" HEIGHT="14" WC="0.96" CONTENT="en"/><SP WIDTH="16" VPOS="778" HPOS="794"/>
							<String ID="string_154" HPOS="810" VPOS="771" WIDTH="35" HEIGHT="27" WC="0.96" CONTENT="lag"/><SP WIDTH="17" VPOS="771" HPOS="845"/>
							<String ID="string_155" HPOS="862" VPOS="771" WIDTH="18" HEIGHT="27" WC="0.96" CONTENT="ej"/><SP WIDTH="17" VPOS="771" HPOS="880"/>
							<String ID="string_156" HPOS="897" VPOS="770" WIDTH="43" HEIGHT="21" WC="0.96" CONTENT="kan"/>
						</TextLine>
						<TextLine ID="line_19" HPOS="182" VPOS="806" WIDTH="758" HEIGHT="28">
							<String ID="string_157" HPOS="182" VPOS="806" WIDTH="120" HEIGHT="27" WC="0.92" CONTENT="medgifvas"/><SP WIDTH="16" VPOS="806" HPOS="302"/>
							<String ID="string_158" HPOS="318" VPOS="812" WIDTH="26" HEIGHT="15" WC="0.93" CONTENT="en"/><SP WIDTH="17" VPOS="812" HPOS="344"/>
							<String ID="string_159" HPOS="361" VPOS="806" WIDTH="158" HEIGHT="21" WC="0.92" CONTENT="vidsträcktare"/><SP WIDTH="9" VPOS="806" HPOS="519"/>
							<String ID="string_160" HPOS="528" VPOS="808" WIDTH="51" HEIGHT="26" WC="0.96" CONTENT="rätt,"/><SP WIDTH="11" VPOS="808" HPOS="579"/>
							<String ID="string_161" HPOS="590" VPOS="806" WIDTH="135" HEIGHT="22" WC="0.92" CONTENT="beträffande"/><SP WIDTH="10" VPOS="806" HPOS="725"/>
							<String ID="string_162" HPOS="735" VPOS="806" WIDTH="137" HEIGHT="26" WC="0.91" CONTENT="kungsådras"/><SP WIDTH="9" VPOS="806" HPOS="872"/>
							<String ID="string_163" HPOS="881" VPOS="807" WIDTH="59" HEIGHT="19" WC="0.92" CONTENT="stän-"/>
						</TextLine>
					</TextBlock>
					<TextBlock ID="block_4" HPOS="163" VPOS="840" WIDTH="777" HEIGHT="201">
						<TextLine ID="line_20" HPOS="163" VPOS="840" WIDTH="776" HEIGHT="29">
							<String ID="string_164" HPOS="163" VPOS="856" WIDTH="3" HEIGHT="3" WC="0.83" CONTENT="-"/><SP WIDTH="16" VPOS="856" HPOS="166"/>
							<String ID="string_165" HPOS="182" VPOS="841" WIDTH="71" HEIGHT="26" WC="0.95" CONTENT="gande"/><SP WIDTH="16" VPOS="841" HPOS="253"/>
							<String ID="string_166" HPOS="269" VPOS="843" WIDTH="28" HEIGHT="19" WC="0.93" CONTENT="än"/><SP WIDTH="16" VPOS="843" HPOS="297"/>
							<String ID="string_167" HPOS="313" VPOS="841" WIDTH="165" HEIGHT="28" WC="0.92" CONTENT="ofvanantydda,"/><SP WIDTH="16" VPOS="841" HPOS="478"/>
							<String ID="string_168" HPOS="494" VPOS="841" WIDTH="57" HEIGHT="21" WC="0.93" CONTENT="helst"/><SP WIDTH="16" VPOS="841" HPOS="551"/>
							<String ID="string_169" HPOS="567" VPOS="841" WIDTH="68" HEIGHT="22" WC="0.92" CONTENT="öfver-"/><SP WIDTH="16" VPOS="841" HPOS="635"/>
							<String ID="string_170" HPOS="651" VPOS="841" WIDTH="40" HEIGHT="21" WC="0.93" CONTENT="och"/><SP WIDTH="16" VPOS="841" HPOS="691"/>
							<String ID="string_171" HPOS="707" VPOS="840" WIDTH="177" HEIGHT="27" WC="0.92" CONTENT="underbyggares"/><SP WIDTH="12" VPOS="840" HPOS="884"/>
							<String ID="string_172" HPOS="896" VPOS="842" WIDTH="43" HEIGHT="19" WC="0.93" CONTENT="rät-"/>
						</TextLine>
						<TextLine ID="line_21" HPOS="181" VPOS="875" WIDTH="758" HEIGHT="28">
							<String ID="string_173" HPOS="181" VPOS="876" WIDTH="96" HEIGHT="26" WC="0.92" CONTENT="tigheter"/><SP WIDTH="22" VPOS="876" HPOS="277"/>
							<String ID="string_174" HPOS="299" VPOS="876" WIDTH="125" HEIGHT="26" WC="0.91" CONTENT="derigenom"/><SP WIDTH="22" VPOS="876" HPOS="424"/>
							<String ID="string_175" HPOS="446" VPOS="876" WIDTH="71" HEIGHT="21" WC="0.93" CONTENT="kunde"/><SP WIDTH="19" VPOS="876" HPOS="517"/>
							<String ID="string_176" HPOS="536" VPOS="876" WIDTH="139" HEIGHT="27" WC="0.92" CONTENT="vedervägas,"/><SP WIDTH="16" VPOS="876" HPOS="675"/>
							<String ID="string_177" HPOS="691" VPOS="875" WIDTH="41" HEIGHT="21" WC="0.96" CONTENT="och"/><SP WIDTH="16" VPOS="875" HPOS="732"/>
							<String ID="string_178" HPOS="748" VPOS="877" WIDTH="27" HEIGHT="19" WC="0.96" CONTENT="än"/><SP WIDTH="16" VPOS="877" HPOS="775"/>
							<String ID="string_179" HPOS="791" VPOS="875" WIDTH="83" HEIGHT="21" WC="0.96" CONTENT="mindre"/><SP WIDTH="16" VPOS="875" HPOS="874"/>
							<String ID="string_180" HPOS="890" VPOS="875" WIDTH="49" HEIGHT="20" WC="0.96" CONTENT="med"/>
						</TextLine>
						<TextLine ID="line_22" HPOS="182" VPOS="909" WIDTH="757" HEIGHT="28">
							<String ID="string_181" HPOS="182" VPOS="910" WIDTH="209" HEIGHT="21" WC="0.88" CONTENT="rättsmedvetandet"/><SP WIDTH="23" VPOS="910" HPOS="391"/>
							<String ID="string_182" HPOS="414" VPOS="910" WIDTH="235" HEIGHT="21" WC="0.85" CONTENT="öfverensstämmande"/><SP WIDTH="16" VPOS="910" HPOS="649"/>
							<String ID="string_183" HPOS="665" VPOS="912" WIDTH="34" HEIGHT="19" WC="0.96" CONTENT="att"/><SP WIDTH="15" VPOS="912" HPOS="699"/>
							<String ID="string_184" HPOS="714" VPOS="910" WIDTH="35" HEIGHT="21" WC="0.96" CONTENT="till"/><SP WIDTH="15" VPOS="910" HPOS="749"/>
							<String ID="string_185" HPOS="764" VPOS="909" WIDTH="128" HEIGHT="28" WC="0.93" CONTENT="regeringen"/><SP WIDTH="16" VPOS="909" HPOS="892"/>
							<String ID="string_186" HPOS="908" VPOS="909" WIDTH="31" HEIGHT="21" WC="0.92" CONTENT="öf-"/>
						</TextLine>
						<TextLine ID="line_23" HPOS="181" VPOS="944" WIDTH="759" HEIGHT="28">
							<String ID="string_187" HPOS="181" VPOS="945" WIDTH="111" HEIGHT="21" WC="0.92" CONTENT="verlemna"/><SP WIDTH="22" VPOS="945" HPOS="292"/>
							<String ID="string_188" HPOS="314" VPOS="945" WIDTH="157" HEIGHT="26" WC="0.90" CONTENT="befogenheten"/><SP WIDTH="23" VPOS="945" HPOS="471"/>
							<String ID="string_189" HPOS="494" VPOS="947" WIDTH="38" HEIGHT="25" WC="0.96" CONTENT="att,"/><SP WIDTH="24" VPOS="947" HPOS="532"/>
							<String ID="string_190" HPOS="556" VPOS="947" WIDTH="51" HEIGHT="18" WC="0.93" CONTENT="utan"/><SP WIDTH="24" VPOS="947" HPOS="607"/>
							<String ID="string_191" HPOS="631" VPOS="945" WIDTH="142" HEIGHT="26" WC="0.95" CONTENT="iakttagande"/><SP WIDTH="23" VPOS="945" HPOS="773"/>
							<String ID="string_192" HPOS="796" VPOS="944" WIDTH="24" HEIGHT="21" WC="0.97" CONTENT="af"/><SP WIDTH="20" VPOS="944" HPOS="820"/>
							<String ID="string_193" HPOS="840" VPOS="944" WIDTH="48" HEIGHT="21" WC="0.47" CONTENT="dei"/><SP WIDTH="16" VPOS="944" HPOS="888"/>
							<String ID="string_194" HPOS="904" VPOS="944" WIDTH="36" HEIGHT="26" WC="0.47" CONTENT="lag"/>
						</TextLine>
						<TextLine ID="line_24" HPOS="180" VPOS="979" WIDTH="760" HEIGHT="28">
							<String ID="string_195" HPOS="180" VPOS="979" WIDTH="133" HEIGHT="22" WC="0.91" CONTENT="föreskrifna"/><SP WIDTH="15" VPOS="979" HPOS="313"/>
							<String ID="string_196" HPOS="328" VPOS="979" WIDTH="87" HEIGHT="28" WC="0.93" CONTENT="former,"/><SP WIDTH="16" VPOS="979" HPOS="415"/>
							<String ID="string_197" HPOS="431" VPOS="979" WIDTH="87" HEIGHT="27" WC="0.92" CONTENT="vidtaga"/><SP WIDTH="11" VPOS="979" HPOS="518"/>
							<String ID="string_198" HPOS="529" VPOS="979" WIDTH="169" HEIGHT="28" WC="0.91" CONTENT="bestämningar,"/><SP WIDTH="11" VPOS="979" HPOS="698"/>
							<String ID="string_199" HPOS="709" VPOS="979" WIDTH="75" HEIGHT="21" WC="0.92" CONTENT="hvilka"/><SP WIDTH="10" VPOS="979" HPOS="784"/>
							<String ID="string_200" HPOS="794" VPOS="979" WIDTH="73" HEIGHT="20" WC="0.93" CONTENT="kunna"/><SP WIDTH="11" VPOS="979" HPOS="867"/>
							<String ID="string_201" HPOS="878" VPOS="979" WIDTH="62" HEIGHT="26" WC="0.92" CONTENT="djupt"/>
						</TextLine>
						<TextLine ID="line_25" HPOS="181" VPOS="1012" WIDTH="757" HEIGHT="29">
							<String ID="string_202" HPOS="181" VPOS="1014" WIDTH="87" HEIGHT="26" WC="0.96" CONTENT="ingripa"/><SP WIDTH="19" VPOS="1014" HPOS="268"/>
							<String ID="string_203" HPOS="287" VPOS="1014" WIDTH="31" HEIGHT="21" WC="0.96" CONTENT="uti"/><SP WIDTH="19" VPOS="1014" HPOS="318"/>
							<String ID="string_204" HPOS="337" VPOS="1013" WIDTH="108" HEIGHT="22" WC="0.96" CONTENT="enskildes"/><SP WIDTH="16" VPOS="1013" HPOS="445"/>
							<String ID="string_205" HPOS="461" VPOS="1015" WIDTH="52" HEIGHT="26" WC="0.93" CONTENT="rätt,"/><SP WIDTH="15" VPOS="1015" HPOS="513"/>
							<String ID="string_206" HPOS="528" VPOS="1014" WIDTH="33" HEIGHT="21" WC="0.96" CONTENT="får"/><SP WIDTH="16" VPOS="1014" HPOS="561"/>
							<String ID="string_207" HPOS="577" VPOS="1014" WIDTH="108" HEIGHT="21" WC="0.96" CONTENT="utskottet"/><SP WIDTH="15" VPOS="1014" HPOS="685"/>
							<String ID="string_208" HPOS="700" VPOS="1014" WIDTH="39" HEIGHT="20" WC="0.93" CONTENT="hos"/><SP WIDTH="16" VPOS="1014" HPOS="739"/>
							<String ID="string_209" HPOS="755" VPOS="1014" WIDTH="85" HEIGHT="20" WC="0.93" CONTENT="landets"/><SP WIDTH="17" VPOS="1014" HPOS="840"/>
							<String ID="string_210" HPOS="857" VPOS="1012" WIDTH="81" HEIGHT="28" WC="0.92" CONTENT="höglof-"/>
						</TextLine>
					</TextBlock>
					<TextBlock ID="block_5" HPOS="158" VPOS="1047" WIDTH="397" HEIGHT="28">
						<TextLine ID="line_26" HPOS="158" VPOS="1047" WIDTH="397" HEIGHT="28">
							<String ID="string_211" HPOS="158" VPOS="1047" WIDTH="3" HEIGHT="4" WC="0.78" CONTENT="*"/><SP WIDTH="20" VPOS="1047" HPOS="161"/>
							<String ID="string_212" HPOS="181" VPOS="1048" WIDTH="44" HEIGHT="27" WC="0.93" CONTENT="liga"/><SP WIDTH="16" VPOS="1048" HPOS="225"/>
							<String ID="string_213" HPOS="241" VPOS="1048" WIDTH="94" HEIGHT="22" WC="0.92" CONTENT="Ständer"/><SP WIDTH="15" VPOS="1048" HPOS="335"/>
							<String ID="string_214" HPOS="350" VPOS="1048" WIDTH="111" HEIGHT="21" WC="0.93" CONTENT="vördsamt"/><SP WIDTH="15" VPOS="1048" HPOS="461"/>
							<String ID="string_215" HPOS="476" VPOS="1048" WIDTH="79" HEIGHT="22" WC="0.95" CONTENT="föreslå"/>
						</TextLine>
					</TextBlock>
				</ComposedBlock>
				<ComposedBlock ID="cblock_2" HPOS="387" VPOS="1100" WIDTH="553" HEIGHT="90">
					<TextBlock ID="block_6" HPOS="387" VPOS="1100" WIDTH="553" HEIGHT="90">
						<TextLine ID="line_27" HPOS="388" VPOS="1100" WIDTH="552" HEIGHT="28">
							<String ID="string_216" HPOS="388" VPOS="1103" WIDTH="33" HEIGHT="18" WC="0.96" CONTENT="att"/><SP WIDTH="10" VPOS="1103" HPOS="421"/>
							<String ID="string_217" HPOS="431" VPOS="1100" WIDTH="150" HEIGHT="27" WC="0.92" CONTENT="förevarande"/><SP WIDTH="11" VPOS="1100" HPOS="581"/>
							<String ID="string_218" HPOS="592" VPOS="1100" WIDTH="196" HEIGHT="28" WC="0.89" CONTENT="petitionsförslag"/><SP WIDTH="14" VPOS="1100" HPOS="788"/>
							<String ID="string_219" HPOS="802" VPOS="1100" WIDTH="46" HEIGHT="21" WC="0.96" CONTENT="icke"/><SP WIDTH="10" VPOS="1100" HPOS="848"/>
							<String ID="string_220" HPOS="858" VPOS="1101" WIDTH="35" HEIGHT="20" WC="0.96" CONTENT="må"/><SP WIDTH="11" VPOS="1101" HPOS="893"/>
							<String ID="string_221" HPOS="904" VPOS="1100" WIDTH="36" HEIGHT="21" WC="0.96" CONTENT="till"/>
						</TextLine>
						<TextLine ID="line_28" HPOS="387" VPOS="1135" WIDTH="552" HEIGHT="28">
							<String ID="string_222" HPOS="387" VPOS="1136" WIDTH="73" HEIGHT="27" WC="0.96" CONTENT="någon"/><SP WIDTH="23" VPOS="1136" HPOS="460"/>
							<String ID="string_223" HPOS="483" VPOS="1136" WIDTH="79" HEIGHT="27" WC="0.94" CONTENT="åtgärd"/><SP WIDTH="18" VPOS="1136" HPOS="562"/>
							<String ID="string_224" HPOS="580" VPOS="1136" WIDTH="59" HEIGHT="26" WC="0.90" CONTENT="från"/><SP WIDTH="27" VPOS="1136" HPOS="639"/>
							<String ID="string_225" HPOS="666" VPOS="1135" WIDTH="136" HEIGHT="21" WC="0.92" CONTENT="Ständernas"/><SP WIDTH="23" VPOS="1135" HPOS="802"/>
							<String ID="string_226" HPOS="825" VPOS="1135" WIDTH="49" HEIGHT="21" WC="0.93" CONTENT="sida"/><SP WIDTH="12" VPOS="1135" HPOS="874"/>
							<String ID="string_227" HPOS="886" VPOS="1135" WIDTH="53" HEIGHT="27" WC="0.92" CONTENT="för-"/>
						</TextLine>
						<TextLine ID="line_29" HPOS="387" VPOS="1170" WIDTH="85" HEIGHT="20">
							<String ID="string_228" HPOS="387" VPOS="1170" WIDTH="85" HEIGHT="20" WC="0.91" CONTENT="anleda."/>
						</TextLine>
					</TextBlock>
				</ComposedBlock>
				<ComposedBlock ID="cblock_3" HPOS="179" VPOS="1244" WIDTH="759" HEIGHT="166">
					<TextBlock ID="block_7" HPOS="179" VPOS="1244" WIDTH="759" HEIGHT="125">
						<TextLine ID="line_30" HPOS="252" VPOS="1244" WIDTH="686" HEIGHT="28">
							<String ID="string_229" HPOS="252" VPOS="1244" WIDTH="38" HEIGHT="22" WC="0.96" CONTENT="Uti"/><SP WIDTH="19" VPOS="1244" HPOS="290"/>
							<String ID="string_230" HPOS="309" VPOS="1244" WIDTH="101" HEIGHT="22" WC="0.96" CONTENT="ärendets"/><SP WIDTH="17" VPOS="1244" HPOS="410"/>
							<String ID="string_231" HPOS="427" VPOS="1245" WIDTH="88" HEIGHT="27" WC="0.96" CONTENT="slutliga"/><SP WIDTH="18" VPOS="1245" HPOS="515"/>
							<String ID="string_232" HPOS="533" VPOS="1245" WIDTH="131" HEIGHT="27" WC="0.96" CONTENT="behandling"/><SP WIDTH="16" VPOS="1245" HPOS="664"/>
							<String ID="string_233" HPOS="680" VPOS="1244" WIDTH="65" HEIGHT="22" WC="0.96" CONTENT="hafva"/><SP WIDTH="15" VPOS="1244" HPOS="745"/>
							<String ID="string_234" HPOS="760" VPOS="1244" WIDTH="92" HEIGHT="28" WC="0.93" CONTENT="deltagit"/><SP WIDTH="15" VPOS="1244" HPOS="852"/>
							<String ID="string_235" HPOS="867" VPOS="1244" WIDTH="71" HEIGHT="22" WC="0.91" CONTENT="ordfö-"/>
						</TextLine>
						<TextLine ID="line_31" HPOS="179" VPOS="1279" WIDTH="759" HEIGHT="22">
							<String ID="string_236" HPOS="179" VPOS="1279" WIDTH="84" HEIGHT="21" WC="0.92" CONTENT="randen"/><SP WIDTH="24" VPOS="1279" HPOS="263"/>
							<String ID="string_237" HPOS="287" VPOS="1279" WIDTH="79" HEIGHT="21" WC="0.92" CONTENT="Grefve"/><SP WIDTH="23" VPOS="1279" HPOS="366"/>
							<String ID="string_238" HPOS="389" VPOS="1280" WIDTH="93" HEIGHT="21" WC="0.96" CONTENT="Armfelt"/><SP WIDTH="23" VPOS="1280" HPOS="482"/>
							<String ID="string_239" HPOS="505" VPOS="1282" WIDTH="55" HEIGHT="19" WC="0.93" CONTENT="samt"/><SP WIDTH="23" VPOS="1282" HPOS="560"/>
							<String ID="string_240" HPOS="583" VPOS="1280" WIDTH="148" HEIGHT="21" WC="0.92" CONTENT="ledamöterne"/><SP WIDTH="24" VPOS="1280" HPOS="731"/>
							<String ID="string_241" HPOS="755" VPOS="1280" WIDTH="101" HEIGHT="20" WC="0.96" CONTENT="Friherre"/><SP WIDTH="19" VPOS="1280" HPOS="856"/>
							<String ID="string_242" HPOS="875" VPOS="1280" WIDTH="26" HEIGHT="20" WC="0.96" CONTENT="de"/><SP WIDTH="15" VPOS="1280" HPOS="901"/>
							<String ID="string_243" HPOS="916" VPOS="1280" WIDTH="22" HEIGHT="20" WC="0.92" CONTENT="la"/>
						</TextLine>
						<TextLine ID="line_32" HPOS="180" VPOS="1310" WIDTH="757" HEIGHT="32">
							<String ID="string_244" HPOS="180" VPOS="1313" WIDTH="111" HEIGHT="28" WC="0.93" CONTENT="Chapelle,"/><SP WIDTH="22" VPOS="1313" HPOS="291"/>
							<String ID="string_245" HPOS="313" VPOS="1314" WIDTH="109" HEIGHT="27" WC="0.92" CONTENT="Törnudd,"/><SP WIDTH="17" VPOS="1314" HPOS="422"/>
							<String ID="string_246" HPOS="439" VPOS="1315" WIDTH="144" HEIGHT="27" WC="0.93" CONTENT="Westerlund,"/><SP WIDTH="16" VPOS="1315" HPOS="583"/>
							<String ID="string_247" HPOS="599" VPOS="1315" WIDTH="103" HEIGHT="26" WC="0.91" CONTENT="Procopé,"/><SP WIDTH="17" VPOS="1315" HPOS="702"/>
							<String ID="string_248" HPOS="719" VPOS="1310" WIDTH="91" HEIGHT="32" WC="0.93" CONTENT="Öhman,"/><SP WIDTH="16" VPOS="1310" HPOS="810"/>
							<String ID="string_249" HPOS="826" VPOS="1315" WIDTH="111" HEIGHT="20" WC="0.91" CONTENT="Meurman"/>
						</TextLine>
						<TextLine ID="line_33" HPOS="180" VPOS="1348" WIDTH="180" HEIGHT="21">
							<String ID="string_250" HPOS="180" VPOS="1348" WIDTH="39" HEIGHT="20" WC="0.92" CONTENT="och"/><SP WIDTH="16" VPOS="1348" HPOS="219"/>
							<String ID="string_251" HPOS="235" VPOS="1348" WIDTH="125" HEIGHT="21" WC="0.90" CONTENT="Paunonen."/>
						</TextLine>
					</TextBlock>
					<TextBlock ID="block_8" HPOS="249" VPOS="1382" WIDTH="376" HEIGHT="28">
						<TextLine ID="line_34" HPOS="249" VPOS="1382" WIDTH="376" HEIGHT="28">
							<String ID="string_252" HPOS="249" VPOS="1382" WIDTH="138" HEIGHT="28" WC="0.96" CONTENT="Helsingfors"/><SP WIDTH="16" VPOS="1382" HPOS="387"/>
							<String ID="string_253" HPOS="403" VPOS="1383" WIDTH="42" HEIGHT="21" WC="0.96" CONTENT="den"/><SP WIDTH="18" VPOS="1383" HPOS="445"/>
							<String ID="string_254" HPOS="463" VPOS="1384" WIDTH="25" HEIGHT="20" WC="0.96" CONTENT="12"/><SP WIDTH="15" VPOS="1384" HPOS="488"/>
							<String ID="string_255" HPOS="503" VPOS="1383" WIDTH="43" HEIGHT="27" WC="0.96" CONTENT="Maj"/><SP WIDTH="19" VPOS="1383" HPOS="546"/>
							<String ID="string_256" HPOS="565" VPOS="1384" WIDTH="60" HEIGHT="20" WC="0.96" CONTENT="1882."/>
						</TextLine>
					</TextBlock>
				</ComposedBlock>
				<ComposedBlock ID="cblock_4" HPOS="293" VPOS="1468" WIDTH="535" HEIGHT="24">
					<TextBlock ID="block_9" HPOS="293" VPOS="1468" WIDTH="535" HEIGHT="24">
						<TextLine ID="line_35" HPOS="293" VPOS="1468" WIDTH="535" HEIGHT="24">
							<String ID="string_257" HPOS="293" VPOS="1468" WIDTH="124" HEIGHT="24" WC="0.93" CONTENT="Helsingfors,"/><SP WIDTH="14" VPOS="1468" HPOS="417"/>
							<String ID="string_258" HPOS="431" VPOS="1469" WIDTH="11" HEIGHT="18" WC="0.93" CONTENT="&amp;"/><SP WIDTH="12" VPOS="1469" HPOS="442"/>
							<String ID="string_259" HPOS="454" VPOS="1469" WIDTH="105" HEIGHT="23" WC="0.93" CONTENT="Kejserliga"/><SP WIDTH="12" VPOS="1469" HPOS="559"/>
							<String ID="string_260" HPOS="571" VPOS="1469" WIDTH="90" HEIGHT="18" WC="0.93" CONTENT="Senatens"/><SP WIDTH="14" VPOS="1469" HPOS="661"/>
							<String ID="string_261" HPOS="675" VPOS="1468" WIDTH="88" HEIGHT="23" WC="0.96" CONTENT="tryckeri,"/><SP WIDTH="15" VPOS="1468" HPOS="763"/>
							<String ID="string_262" HPOS="778" VPOS="1469" WIDTH="50" HEIGHT="17" WC="0.96" CONTENT="1882."/>
						</TextLine>
					</TextBlock>
				</ComposedBlock>
			</PrintSpace>
		</Page>
	</Layout>
</alto>
