1023 1675
304 106 240 20 Petitionsbetänkande
556 107 38 19 N:o
606 107 32 19 28.
813 108 11 17 9

95 164 137 22 medlemmar
254 164 8 21 i
283 164 89 28 styrelse
393 165 34 21 för
449 166 70 20 större
542 165 128 28 aktiebolag.
704 164 78 23 Likaså
806 165 42 21 kan

96 199 35 21 det
147 199 44 21 ofta
206 205 42 21 nog
262 206 53 14 vara
330 199 99 21 förenadt
444 199 47 21 med
506 199 48 21 icke
569 199 62 27 ringa
646 198 108 29 svårighet
768 201 32 20 att
812 199 37 21 be-

96 234 99 25 stämma,
210 233 105 22 huruvida
330 240 26 15 en
370 240 78 21 person
464 234 55 21 skall
534 240 62 15 anses
606 234 55 21 höra
670 234 34 21 till
714 234 54 26 dem,
779 234 72 21 hvilka

96 268 150 27 »försörjagjsig
261 268 47 21 med
323 267 104 29 tillfälligt
441 268 85 22 arbete"
542 268 52 22 eller
609 269 87 26 ,endast
710 268 34 21 för
759 269 90 27 sjelfför-

97 302 95 28 sörjning
207 302 73 22 utöfva
294 301 66 29 något
374 303 69 28 yrke".
473 303 139 21 Sistnämnda
627 303 135 28 bestämning
778 303 72 21 hänvi-

98 343 35 14 sar
154 337 124 27 visserligen
298 337 46 21 icke
367 337 90 28 otydligt
480 337 32 21 till
536 338 12 27 8
564 338 12 20 5
591 337 7 21 i
614 337 99 28 gällande
728 337 124 28 näringslag

98 371 40 21 och
160 371 40 21 bör
222 370 82 23 således
322 371 89 22 omfatta
427 371 43 22 alla
486 371 55 26 dem,
557 371 71 22 hvilka
644 371 66 28 enligt
724 371 67 28 sagda
807 371 45 28 lag-

98 412 48 14 rum
161 405 73 22 utöfva
248 405 139 28 näringsyrke
401 408 52 19 utan
464 408 32 19 att
507 406 64 24 hafva
580 407 40 20 hos
630 406 141 27 Magistraten
780 406 72 21 derom

99 439 87 22 anmält.
216 439 50 22 Men
278 440 45 27 just
338 440 40 21 den
393 440 166 28 omständighet,
576 442 32 19 att
623 448 34 14 om
672 441 102 20 idkandet
784 440 24 21 af
816 440 37 27 dy-

98 473 30 22 lik
143 474 76 28 näring
234 481 88 14 numera
336 475 46 21 icke
398 475 61 27 göres
475 475 101 21 anmälan
590 475 41 21 hos
647 475 95 27 offentlig
758 474 95 28 myndig-

99 508 37 21 het
150 510 55 19 samt
221 511 32 19 att
268 509 58 21 öfver
340 509 73 28 sjelfve
428 509 192 28 näringsidkarene
635 509 82 22 således
732 509 46 22 icke
788 509 67 21 heller

100 543 58 21 föras
174 543 91 22 officiela
280 543 159 29 förteckningar
455 543 52 22 eller
522 544 97 28 register,
634 544 72 21 hvilka
716 544 34 20 vid
760 543 94 28 valläng-

101 578 77 21 dernas
185 578 139 28 uppgörande
332 578 70 22 kunde
409 578 121 28 rädfrägas,
536 580 38 26 gör
579 578 160 28 tillämpningen
748 578 21 22 af
776 577 79 29 ifråga-

101 612 93 22 varande
216 613 118 27 stadgande
356 613 81 27 ganska
459 613 97 27 vansklig
575 615 55 19 samt
650 613 68 27 gifver
733 613 124 21 densamma

102 647 107 21 dessutom
232 646 127 23 ätminstone
381 648 74 21 skenet
478 647 24 21 af
523 647 166 28 godtycklighet.
720 647 45 21 Och
784 646 73 22 härtill

102 682 94 21 kommer
218 682 79 25 vidare,
320 684 32 18 att
366 682 175 27 bestämningens
559 682 125 27 lämplighet
700 681 61 21 äfven
776 687 80 15 annars

103 716 41 21 kan
166 716 104 26 betviflas,
285 715 27 22 dä
327 716 261 28 sjelfförsörjningsrätten
604 716 94 21 hvarken
712 714 70 23 säsom
798 715 59 21 förut

103 751 24 20 är
148 750 112 22 inskränkt
281 750 32 22 till
328 751 55 21 vissa
398 750 208 29 yrkesspecialiteter
621 750 51 22 eller
687 750 119 28 egentligen
820 749 36 22 be-

103 785 88 21 tecknar
205 784 71 29 nägon
291 785 42 21 viss
347 785 58 21 klass
419 785 25 21 af
457 785 142 28 medborgare
614 787 51 19 utan
680 785 42 21 kan
737 784 83 21 utöfvas
836 783 21 22 at

104 826 26 15 en
148 820 59 25 hvar,
226 826 46 15 som
288 819 23 22 af
324 826 26 15 en
366 819 50 22 eller
432 826 72 15 annan
520 819 63 22 orsak
597 819 47 21 icke
659 819 78 21 önskar
752 818 51 22 eller
818 818 40 21 har

104 853 66 22 behof
184 854 23 21 af
220 856 32 19 att
268 853 67 22 drifva
351 853 65 29 nägot
430 854 53 27 yrke
497 854 8 21 i
520 854 40 21 den
571 853 134 28 omfattning,
716 855 32 20 att
758 852 99 22 anmälan

106 888 72 21 derom
192 888 102 21 behöfver
308 888 43 21 ske.
374 888 68 21 .Hvad
458 887 47 22 åter
521 887 67 28 angår
603 888 161 27 bestämningen
780 887 79 26 ,andra

106 923 76 27 dylika,
205 929 46 15 som
272 923 92 26 försörja
385 923 33 27 sig
440 923 50 21 med
512 922 104 28 tillfälligt
631 922 91 25 arbete",
738 921 24 22 så
777 921 83 22 lemnar

106 957 123 22 densamma
243 965 47 13 rum
304 957 34 22 för
354 957 40 22 den
409 959 55 19 mest
480 957 58 21 olika
552 957 97 27 tolkning
664 957 40 21 och
715 955 143 28 tillämpning.

106 991 9 21 I
137 992 41 21 viss
193 992 85 27 mening
293 992 42 21 kan
350 999 49 14 man
415 992 59 27 säga,
491 993 33 20 att
540 991 86 25 enhvar,
642 997 45 15 som
703 991 88 21 arbetar
806 990 54 21 efter

104 1025 136 29 beställning,
255 1026 103 27 försörjer
372 1026 32 27 sig
418 1025 50 22 med
484 1025 105 28 tillfälligt
604 1025 80 25 arbete,
700 1025 40 21 och
756 1024 54 21 dock
820 1023 40 22 fin-

106 1067 38 14 nes
164 1061 67 21 bland
253 1061 60 21 desse
334 1067 27 15 en
375 1060 80 27 mängd
470 1059 126 22 välmående
612 1059 40 22 och
667 1059 7 21 i
689 1059 43 21 alla
747 1058 113 22 afseenden

106 1095 148 28 sjelfständiga
275 1102 108 21 personer.
414 1094 57 22 Ville
494 1101 51 14 man
568 1093 46 22 åter
629 1093 97 28 tillämpa
741 1093 70 22 denna
825 1092 36 21 be-

108 1130 105 28 stämning
228 1130 75 22 endast
317 1128 29 29 på
362 1130 53 25 dem,
431 1129 74 21 hvilka
520 1129 46 21 helt
581 1129 40 21 och
636 1128 66 22 hållet
712 1128 68 21 sakna
792 1129 71 26 egent-

107 1164 40 28 ligt
161 1164 51 28 yrke
226 1166 56 19 samt
297 1164 41 22 den
354 1171 40 14 ena
409 1164 71 27 dagen
495 1163 88 21 försöka
599 1163 33 27 sig
646 1163 7 20 i
668 1164 38 24 ett,
722 1162 40 21 den
777 1161 87 21 andra
851 1157 18 39 i

108 1200 31 20 ett
154 1200 66 20 annat
234 1198 56 28 slags
306 1198 81 26 arbete,
402 1198 97 21 alltefter
514 1204 46 15 som
575 1196 84 22 tillfälle
674 1196 100 28 erbjuder
789 1196 39 27 sig,
839 1194 25 22 så

109 1232 67 22 skulle
191 1240 49 14 man
256 1232 34 22 väl
304 1233 108 27 knappast
427 1232 67 21 träffa
508 1232 75 28 lagens
598 1231 94 27 verkliga
707 1230 93 27 mening.

176 1267 42 22 Det
232 1274 62 21 synes
309 1267 85 22 derföre
409 1273 52 15 vara
478 1267 40 21 allt
533 1266 53 25 skäl,
604 1267 32 20 att
651 1265 99 28 samtliga
765 1263 99 23 ofvanbe-

109 1301 65 22 rörda
189 1301 132 28 stadganden
336 1301 147 22 underkastas
499 1301 91 21 revision
606 1300 7 21 i
628 1299 98 22 afseende
742 1298 13 22 å
769 1298 97 28 förtydli-

111 1336 67 27 gande
201 1338 55 19 samt
278 1336 7 21 i
307 1335 69 28 några
397 1335 39 22 fall
460 1335 64 22 äfven
539 1334 141 27 borttagande
696 1333 24 22 af
732 1333 88 27 obilliga
834 1332 32 21 in-

110 1370 163 28 skränkningar.

179 1405 45 21 Och
247 1405 43 21 lika
312 1405 80 27 vigtiga
414 1411 35 14 om
469 1404 19 27 ej
513 1403 103 28 vigtigare
638 1403 44 21 skäl
705 1401 104 28 föreligga
831 1400 34 21 för

180 1445 122 21 Lagutskottets
314 1444 103 18 betänkande
429 1444 35 17 N:o
478 1444 29 17 12.
