1025 1678
200 120 14 20 4
385 119 228 22 Petitionsbetänkande
629 120 35 20 N:o
680 120 33 21 31.

172 186 65 23 hvarje
255 186 67 18 750:tal
340 187 117 18 innevånare.
481 188 30 17 Då
529 187 103 18 emellertid
650 187 36 18 den
705 187 85 18 faktiska
802 186 92 18 skoltiden
907 186 24 22 på

171 215 64 18 landet
247 215 30 17 för
289 216 115 18 närvarande
416 216 6 18 i
435 216 88 18 medeltal
537 216 41 18 icke
591 216 28 18 lär
631 216 104 23 öfverstiga
743 216 32 18 två
783 216 26 21 år,
818 215 53 18 torde
879 220 52 17 nyss-

172 244 78 18 anförda
268 244 140 19 innevånaretal
426 245 58 18 redan
502 245 25 23 på
545 245 61 17 denna
619 246 60 22 grund
693 246 47 17 böra
752 245 114 17 fördubblas.
891 244 39 17 Och

172 272 24 18 då
207 272 65 18 härtill
285 273 88 22 kommer,
386 276 27 16 att
425 280 23 12 en
463 274 30 18 del
505 274 47 18 barn
565 274 70 18 besöka
643 274 60 18 andra
711 274 65 18 skolor
785 274 46 17 eller
839 273 24 23 på
871 272 59 24 grund

172 301 20 18 af
208 301 124 18 naturhinder
350 302 46 18 eller
413 302 60 18 andra
490 302 78 18 orsaker
583 302 41 18 icke
637 303 66 17 kunna
715 303 85 22 begagna
811 302 29 22 sig
853 302 20 18 af
883 301 48 18 folk-

172 330 72 21 skolan,
263 330 53 18 torde
334 331 103 18 tillsvidare
455 332 17 21 ej
491 332 58 21 högre
568 332 81 21 anspråk
668 332 48 17 böra
734 332 66 17 ställas
812 331 25 22 på
849 331 82 17 kommu-

171 363 64 17 nerna,
254 361 24 15 än
290 361 28 16 att
330 365 22 12 en
365 360 54 18 skola
432 360 60 17 finnes
504 360 30 17 för
547 360 63 23 hvarje
624 361 50 20 2,000
688 360 27 18 tal
729 361 20 16 af
760 359 137 23 befolkningen.
922 359 8 17 I

172 387 192 19 öfverensstämmelse
382 389 76 18 härmed
477 389 57 18 borde
547 389 80 22 stadgas,
640 389 32 18 det
684 389 6 17 i
704 389 66 22 hvarje
782 389 88 17 kommun
883 387 47 18 skall

172 417 138 22 upprätthållas
323 417 56 18 minst
392 423 22 12 en
427 418 57 23 högre
500 418 100 22 folkskola,
612 423 42 12 men
666 418 35 18 der
713 418 134 22 befolkningen
859 417 72 22 uppgår

172 445 29 17 till
214 446 52 20 3,000
277 451 90 16 personer
379 447 56 17 minst
447 448 16 20 2,
476 447 33 18 der
522 448 50 20 5,000
584 452 90 17 personer
687 447 62 18 finnas
761 447 56 16 minst
829 447 16 20 3,
858 451 15 12 o.
887 451 14 12 s.
914 451 17 12 v.

172 475 34 16 Att
224 476 27 16 ett
269 475 61 22 dylikt
347 476 102 22 stadgande
468 476 41 17 icke
528 481 43 12 vore
583 476 29 17 för
625 478 74 21 strängt
711 475 83 23 framgär
805 475 56 18 bland
874 476 56 16 annat

172 503 57 22 deraf,
248 505 28 16 att
297 504 3 17 i
319 503 84 23 Nylands
421 505 36 20 län,
477 504 33 18 der
524 504 185 17 folkskoleväsendet
721 504 30 17 för
763 503 116 18 närvarande
891 503 40 17 stär

171 531 61 23 högst,
251 532 21 18 af
288 532 60 18 länets
366 533 65 18 inalles
450 534 23 17 39
487 533 163 18 landskommuner
663 533 42 18 icke
718 533 73 17 mindre
803 534 23 16 än
839 533 21 16 27
873 531 56 18 redan

171 561 82 22 uppfyllt
272 561 54 18 dessa
344 561 61 18 vilkor
423 562 34 17 och
479 561 59 18 delvis
553 562 49 22 gjort
615 561 92 23 betydligt
720 561 112 18 derutöfver.
857 561 73 22 Uppen-

171 589 43 18 bart
232 591 21 16 är
270 590 53 21 dock,
342 592 28 16 att
385 591 41 17 icke
439 591 47 17 blott
498 591 140 22 Lappmarkens
652 592 46 16 utan
712 590 95 18 sannolikt
817 590 70 22 jemväl
899 589 31 18 nä-

171 623 34 18 gra
223 618 59 18 andra
299 619 114 22 kommuner,
430 619 90 18 särskildt
533 619 5 17 i
550 624 56 12 norra
619 619 86 21 Finland,
718 619 25 22 pä
756 619 60 22 grund
829 619 19 17 af
859 618 71 18 befolk-

171 647 77 22 ningens
268 647 72 22 gleshet
358 648 58 17 mäste
435 648 41 17 frän
495 648 136 17 ofvannämnda
645 648 105 22 stadgande
763 647 58 18 delvis
834 647 45 18 eller
892 647 38 17 helt

171 675 122 23 undantagas,
311 681 41 13 men
366 676 57 18 borde
435 676 52 18 detta
499 676 6 18 i
518 676 64 22 hvarje
594 676 34 18 fall
640 682 46 12 vara
699 676 137 18 underkastadt
849 675 80 18 särskild

170 704 88 23 pröfning
276 705 20 17 af
313 705 139 18 vederbörande
470 706 108 22 myndighet
590 706 34 17 och
637 706 34 17 ske
684 706 61 17 under
758 704 65 21 vilkor,
836 706 27 16 att
876 704 54 17 dessa

170 733 110 18 kommuner
298 739 65 17 genom
382 734 100 22 lämpligen
500 734 82 17 ordnade
600 733 150 18 ambulatoriska
768 733 63 18 skolor
849 733 45 17 eller
906 733 23 22 pä

170 763 58 16 annat
240 763 38 16 sätt
290 762 57 23 draga
360 762 72 23 försorg
445 768 29 12 om
487 763 41 17 sina
540 763 55 17 barns
608 763 141 22 undervisning.

240 791 44 17 Ifall
296 791 71 18 antalet
379 791 69 22 skolor,
461 797 40 12 som
513 791 31 18 det
558 791 53 23 äläge
623 791 67 23 hvarje
703 791 89 18 kommun
801 792 27 16 att
837 791 92 21 upprätta,

170 819 61 18 skulle
250 819 112 18 bestämmas
380 820 58 22 enligt
450 820 35 17 här
497 820 104 22 föreslagen
614 819 182 23 beräkningsgrund,
809 819 60 18 skulle
882 818 47 18 utöf-

170 853 32 12 ver
214 847 23 18 de
250 849 34 16 457
296 848 58 23 högre
366 848 109 21 folkskolor,
489 853 39 13 som
540 848 29 17 för
580 848 118 17 närvarande
707 848 61 17 finnas
777 848 6 17 i
791 847 138 18 landskommu-

170 881 62 16 nerna,
246 877 76 17 kräfvas
334 877 32 17 vid
378 882 43 17 pass
434 879 27 16 ett
474 877 38 17 lika
525 879 47 15 stort
584 877 50 17 antal
647 882 38 17 nya
697 877 77 17 sådana.
799 876 39 17 Och
851 876 24 17 dä
887 876 42 17 sko-

169 905 29 17 lor
216 905 16 22 ej
252 905 115 18 omedelbart
385 905 31 18 vid
432 905 63 23 lagens
508 905 154 22 promulgerande
674 905 66 18 kunna
753 907 81 20 stampas
847 905 47 17 fram
907 910 22 11 ur

166 933 74 22 jorden,
258 933 60 18 mäste
336 934 105 22 naturligen
461 939 21 12 en
501 934 37 17 viss
555 934 97 22 tiderymd,
666 934 111 22 förslagsvis
789 933 37 18 fem
839 933 45 18 eller
896 938 32 12 sex

168 962 26 21 är,
214 962 108 23 medgifvas,
337 963 49 17 inom
399 963 76 17 hvilken
488 963 133 17 kommunerna
633 962 47 23 egde
693 962 58 18 ställa
763 963 28 22 sig
803 962 64 22 lagens
879 961 50 18 stad-

168 991 73 22 ganden
254 991 29 17 till
298 991 115 17 efterlefnad.

238 1019 38 17 För
288 1022 28 15 att
328 1020 64 17 skolor
404 1020 30 17 mä
447 1020 63 17 kunna
522 1022 102 20 upprättas,
638 1020 76 18 fordras
723 1020 49 17 dock
780 1020 6 16 i
794 1019 79 17 främsta
880 1024 48 12 rum-

168 1050 42 19 met,
224 1050 28 16 att
264 1048 75 22 duglige
351 1048 134 18 lärarekrafter
497 1048 60 18 finnas
570 1050 27 16 att
609 1048 59 23 tillgå.
694 1048 65 18 Under
771 1048 22 18 de
805 1048 37 18 fem
855 1050 72 15 senaste

168 1076 44 18 åren
231 1077 25 17 ha
274 1077 42 17 från
335 1077 23 18 de
376 1080 29 15 tre
419 1078 113 20 seminarier,
546 1082 38 13 som
597 1078 95 17 härintills
706 1078 103 17 dimitterat
821 1077 65 21 elever,
900 1078 27 16 ut-

167 1105 40 23 gått
219 1106 106 22 respektive
337 1107 28 20 61,
378 1107 27 20 70,
419 1107 27 20 68,
459 1107 22 16 59
493 1106 35 18 och
541 1107 22 16 70
575 1106 66 22 elever,
654 1106 48 18 eller
715 1106 5 17 i
733 1106 88 17 medeltal
833 1106 22 17 66
868 1106 5 16 i
882 1106 45 17 året,

166 1134 69 18 hvaraf
251 1134 42 17 frän
312 1134 103 23 Jyväskylä
433 1137 71 15 ensamt
522 1136 28 16 43.
574 1134 64 18 Under
656 1140 73 12 samma
747 1134 28 18 tid
789 1134 34 18 har
835 1134 23 18 de
871 1134 56 22 högre

166 1162 140 19 folkskolornas
325 1163 27 18 tal
370 1164 25 22 pä
413 1164 63 17 landet
494 1164 52 22 stigit
558 1164 42 17 frän
613 1164 33 17 285
659 1164 30 17 till
702 1164 35 17 457
750 1164 34 16 och
797 1163 71 18 antalet
880 1162 47 18 folk-

167 1191 104 18 skollärare
289 1192 35 17 och
344 1192 105 17 lärarinnor
467 1192 40 17 från
526 1192 34 17 294
578 1192 28 17 till
624 1193 35 17 464
674 1192 47 18 eller
733 1192 7 17 i
752 1192 86 18 medeltal
851 1192 42 17 med
906 1192 21 17 34

166 1220 78 22 ärligen.
268 1220 27 18 Af
306 1220 43 18 hela
362 1220 71 18 antalet
445 1220 133 18 lärarekrafter
591 1221 5 17 i
608 1220 59 23 högre
680 1220 106 18 folkskolor
798 1221 25 21 pä
835 1220 63 18 landet
906 1220 21 18 är

167 1249 49 20 1875,
236 1254 40 12 som
295 1249 23 17 dä
337 1255 33 12 var
388 1250 39 20 272,
446 1249 47 18 hade
507 1250 32 16 132
552 1249 46 18 eller
609 1250 68 22 48,5
659 1245 13 31 %
691 1250 36 17 och
739 1250 22 17 år
773 1250 45 16 1880
830 1249 21 18 af
861 1249 65 18 inalles

166 1277 34 17 432
218 1277 62 18 lärare
298 1279 34 16 273
351 1278 46 18 eller
414 1279 38 20 63,2
459 1278 21 23 %
496 1278 75 18 erhållit
583 1278 28 18 sin
624 1278 109 23 utbildning
746 1278 30 18 vid
789 1278 56 22 något
857 1278 20 17 af
888 1278 39 18 lan-

166 1305 42 18 dets
220 1306 115 18 seminarier.
360 1306 160 23 Förhällningsvis
533 1312 33 12 var
578 1307 79 17 sälunda
670 1312 23 13 en
707 1308 60 16 större
780 1306 29 18 del
822 1306 21 18 af
854 1306 72 18 lärarne

165 1334 13 17 f.
197 1334 17 17 d.
234 1335 157 17 seminariielever
409 1336 115 17 sistnämnda
542 1336 21 17 år
581 1337 23 16 än
622 1336 55 17 fallet
696 1341 34 12 var
748 1336 37 17 fem
803 1336 21 17 är
842 1335 83 22 tidigare.

166 1362 81 18 Absolut
260 1364 50 21 taget
322 1362 49 18 hade
384 1363 48 17 dock
445 1363 70 18 antalet
528 1364 20 17 af
558 1364 23 17 de
594 1363 66 22 lärare,
674 1369 40 12 som
728 1364 17 22 ej
758 1363 107 23 genomgått
873 1364 53 17 semi-

164 1391 79 21 narium,
262 1391 54 17 ökats
335 1391 42 18 från
397 1392 32 17 140
447 1392 21 17 år
487 1392 43 17 1875
548 1392 28 17 till
597 1393 31 17 159
648 1392 20 18 är
693 1393 50 17 1880.
767 1392 44 18 Men
831 1392 94 23 samtidigt

164 1418 49 20 hade
231 1420 28 17 uti
278 1420 89 18 städerna
385 1420 22 18 de
426 1421 165 23 seminariigängne
609 1421 86 18 lärarnes
715 1421 51 17 antal
785 1421 52 17 vuxit
849 1421 42 17 frän
903 1422 22 16 54

233 1455 95 17 Allmänna
340 1456 167 18 Besvärsutskottets
519 1456 106 18 betänkande
638 1456 34 17 N:o
688 1456 29 18 17.
