1020 1678
188 117 13 20 6
362 117 241 24 Petitionsbetänkande
620 118 36 24 N:o
672 119 38 23 39.

228 173 30 22 Af
272 175 35 21 det
321 175 88 22 anförda
424 175 99 28 framgär,
532 178 32 20 att
579 177 113 22 ständerna
708 177 34 21 vid
759 177 110 22 1863—64
881 178 34 20 ärs

159 208 103 28 landtdag
277 209 43 28 lagt
335 211 106 27 synnerlig
456 211 45 27 vigt
515 212 28 27 pä
558 211 142 28 anläggandet
714 211 23 22 af
750 218 41 21 nya
805 211 57 28 fyrar
876 211 39 22 och

162 243 214 23 säkerhetsanstalter
396 247 55 20 samt
468 245 58 22 säväl
547 245 91 28 anslagit
654 246 67 22 medel
736 246 33 22 till
785 245 130 28 uppförande

161 277 23 22 af
200 277 56 23 vissa
271 279 78 22 sädana
364 285 45 16 som
425 280 75 27 antydt
516 280 39 22 den
571 280 95 28 ordning,
682 281 6 21 i
704 280 85 23 hvilken
805 281 61 22 dessa
881 287 34 15 an-

160 312 46 27 slag
228 312 67 23 borde
316 314 118 26 användas;
453 321 48 16 men
517 317 32 20 att
563 315 47 22 icke
625 322 37 15 ens
677 315 42 22 alla
734 315 26 22 de
775 315 36 22 vid
826 315 91 22 nämnda

160 346 103 28 landtdag
277 347 97 23 beslutna
388 349 80 22 sädana
483 349 141 27 inrättningar
638 352 56 20 ännu
710 351 37 20 äro
763 349 90 22 utförda.
875 350 42 21 Det

160 383 36 21 mä
217 382 83 22 likvisst
321 383 120 27 medgifvas,
457 385 32 20 att
504 384 113 22 ständerna
632 384 46 22 icke
693 384 72 22 kunna
779 390 39 22 ega
833 384 40 22 den
889 383 29 22 öf-

161 416 95 22 verblick
271 417 21 22 af
306 418 25 22 de
347 418 104 22 särskilda
466 418 130 28 sjöledernas
610 419 57 22 olika
682 418 49 22 kraf
740 419 27 27 pä
777 418 140 28 inrättningar

161 451 23 22 af
198 451 60 22 detta
266 452 50 27 slag,
327 459 45 15 som
387 452 106 23 erfordras
503 453 33 22 för
546 455 32 20 att
588 454 48 22 med
645 453 37 23 full
693 453 100 23 säkerhet
803 453 70 22 kunna
882 452 35 22 be-

162 486 92 27 dömma,
264 486 71 23 hvilka
345 487 103 22 arbeten
440 482 9 36 i
459 487 87 23 främsta
556 490 90 20 rummet
661 488 53 22 böra
729 487 86 27 utföras,
831 487 39 22 och
886 488 32 21 att

160 521 105 27 åtgärden
280 524 32 20 att
326 522 118 28 öfverflytta
460 522 60 22 dessa
534 522 72 28 anslag
616 522 46 23 från
674 522 202 28 bevillningsfonden
886 521 31 22 till

161 555 108 23 allmänna
284 556 135 23 statsmedlen
434 557 42 22 kan
487 557 21 22 af
518 558 68 21 denna
596 558 81 28 hänsyn
688 556 61 23 hafva
759 556 56 23 varit
824 556 48 22 fullt
882 556 35 22 be-

160 590 101 28 rättigad.
292 591 73 22 Ehuru
388 598 48 16 man
459 592 82 22 således
555 592 7 22 i
578 592 140 22 betraktande
733 591 23 22 af
769 592 26 21 de
810 591 107 27 ansenliga

161 624 101 23 förluster
284 625 22 23 af
326 626 101 27 egendom
447 627 40 21 och
503 626 59 22 äfven
578 626 138 26 menniskolif,
733 632 45 16 som
793 625 81 28 ärligen
888 625 30 22 in-

162 659 62 22 träffa
240 660 34 21 vid
290 662 50 20 våra
354 661 79 27 kuster,
450 661 32 22 till
497 661 51 28 följd
564 661 22 22 af
599 661 81 22 bristen
691 662 27 26 pä
728 660 190 22 säkerhetsansta!-

160 696 34 19 ter
209 694 34 22 för
258 695 108 27 sjöfarten,
382 695 70 23 kunde
470 703 51 14 vara
536 695 49 28 böjd
600 697 32 20 att
647 695 69 22 uttala
731 695 36 21 det
783 695 68 21 denna
865 694 54 22 brist

161 728 107 23 erfordrat
290 731 31 20 ett
340 730 173 28 skyndsammare
536 729 139 28 afhjelpande,
699 729 41 22 kan
765 735 49 16 man
829 729 87 26 likvisst,

162 763 48 22 med
226 763 98 23 afseende
340 765 12 21 &
368 765 36 21 det
418 767 59 20 stora
497 765 57 21 antal
571 765 70 27 dylika
655 764 149 27 inrättningar,
819 769 46 16 som
880 765 37 20 äro

161 798 141 27 nödvändiga,
311 798 46 23 icke
372 801 65 20 annat
451 801 27 20 än
493 799 51 27 gilla
556 799 134 27 regeringens
700 798 77 27 ätgärd
786 799 32 20 att
829 797 90 22 medelst

161 832 142 23 tillsättandet
318 833 23 22 af
354 833 202 22 ofvanomförmälda
571 833 79 22 komité
666 833 53 22 söka
734 832 148 22 åstadkomma
892 838 26 15 en

162 867 78 22 allmän
256 867 49 28 plan
320 867 33 22 för
368 868 61 22 dessa
443 868 89 22 arbeten
547 870 55 20 samt
616 867 90 23 sälunda
722 866 21 23 fä
757 867 27 21 de
799 867 32 21 för
846 865 72 28 sjöfar-

162 905 36 18 ten
220 901 112 28 vigtigaste
352 902 102 22 arbetena
469 902 52 23 först
537 902 89 22 utförda.
658 897 64 27 Öfver
737 901 36 22 det
789 900 22 22 af
824 900 94 22 komitön

162 936 120 27 uppgjorda
303 937 77 27 förslag
396 937 39 22 och
450 937 185 22 Lotsdirektörens
650 936 110 22 utlätande
775 937 38 20 äro
829 934 32 23 för
876 937 42 20 äm-

161 973 37 20 net
220 971 141 22 intresserade
382 978 107 21 personer,
512 971 120 28 föreningar
651 971 39 22 och
706 970 147 28 myndigheter
868 976 51 21 upp-

162 1005 92 22 manade
268 1006 126 21 attinsända
409 1006 46 22 sina
469 1006 164 27 anmärkningar
648 1005 32 22 till
692 1004 226 28 Finansexpeditionen

162 1040 100 27 antingen
286 1040 68 23 direkt
376 1040 52 22 eller
449 1047 76 21 genom
548 1040 158 23 vederbörande
725 1039 134 22 Guvernörer
874 1038 44 22 före

162 1075 41 22 den
221 1076 54 21 1:sta
289 1075 140 22 instundande
445 1075 102 22 Oktober.
571 1075 49 22 Med
635 1075 81 27 hänsyn
732 1073 32 22 till
779 1073 84 28 frägans
876 1079 43 16 om-

162 1109 80 22 ordade
257 1109 47 28 läge
319 1116 61 21 synes
396 1110 36 21 det
447 1110 46 21 icke
508 1117 50 14 vara
571 1109 102 28 lämpligt,
685 1111 33 20 att
727 1108 114 22 ständerna
851 1107 68 22 skulle

161 1143 49 28 ingä
225 1144 7 21 i
248 1145 70 26 nägon
334 1147 96 19 närmare
445 1144 98 28 pröfning
562 1144 22 22 af
596 1142 256 30 petitionsmemorialens,
868 1144 50 20 utan

160 1178 73 23 tvifvel
256 1179 187 28 behjertansvärda
464 1179 99 27 innehåll,
582 1179 33 22 för
630 1181 31 19 att
677 1178 68 21 utläta
760 1177 39 27 sig,
815 1177 104 22 huruvida

161 1213 27 22 de
210 1213 22 22 af
255 1214 165 27 petitionärerne
442 1213 113 22 förordade
571 1213 163 28 fyranstalterne
749 1212 52 21 höra
817 1211 32 22 till
865 1211 54 26 dem,

162 1254 46 15 som
223 1247 76 23 främst
314 1249 84 27 päkalla
413 1248 119 27 utförande,
550 1250 52 20 utan
616 1248 62 21 torde
694 1247 114 21 ständerna
823 1245 53 22 böra
890 1245 30 22 in-

162 1283 95 21 skränka
272 1283 31 27 sig
320 1283 33 22 till
368 1285 38 25 att,
423 1283 47 22 med
486 1283 152 22 framhällande
653 1281 23 23 af
690 1281 41 22 den
746 1281 45 27 vigt
805 1280 115 22 ständerna

162 1317 7 21 i
184 1317 118 22 allmänhet
315 1317 56 22 fästa
386 1318 34 21 vid
435 1318 70 21 denna
519 1317 65 27 fräga,
600 1316 98 23 meddela
711 1315 124 28 regeringen
851 1314 68 28 petiti-

162 1351 188 22 onsmemorialens
372 1352 93 22 innehäll
487 1351 32 21 till
542 1351 124 27 kännedom,
683 1350 33 21 för
731 1352 32 19 att
778 1349 35 21 vid
828 1349 41 21 den
884 1348 35 22 all-

162 1388 78 19 männa
256 1386 88 27 planens
358 1386 137 28 uppgörande
511 1385 34 22 vid
560 1386 47 21 dem
623 1386 33 21 mä
672 1385 73 21 kunna
759 1383 66 23 fästas
841 1383 35 22 det
891 1382 29 22 af-

162 1420 86 27 seende,
265 1421 25 21 de
301 1420 95 28 förtjena.
417 1421 110 22 Utskottet
537 1420 32 22 fär
579 1420 80 22 säledes
671 1419 156 22 vördsammast
836 1417 83 25 föreslä,

231 1494 192 20 Ekonomiutskottets
436 1495 115 18 betänkande
564 1495 37 21 N;o
615 1494 29 23 13,
