1020 1678
358 129 65 23 Petit.
439 129 43 23 bet.
498 130 38 23 N:o
551 130 20 22 3.

293 469 139 23 Allmänna
459 470 267 23 Besvärsutskottets
755 471 89 22 betän-

226 504 85 23 kande
333 505 37 22 N:o
395 504 13 23 3
431 504 114 29 angående
569 505 32 22 ett
623 505 36 22 till
680 505 165 28 Ridderskapet

227 539 40 22 och
290 539 71 22 Adeln
383 539 121 22 inlemnadt
525 539 192 29 petitionsförslag
739 545 33 16 om
794 539 51 22 ned-

228 574 101 22 sättande
353 573 25 23 af
399 580 27 16 en
448 574 82 22 komité
551 574 35 22 för
605 574 141 23 utbildandet
765 574 26 22 af
808 573 37 23 det

227 609 72 22 finska
314 608 177 29 kurialspråket.

160 672 81 22 Genom
262 672 197 27 protokollsutdrag
485 672 22 22 af
529 672 40 22 den
590 674 11 19 7
622 672 99 22 sistlidne
744 672 101 22 Februari

90 707 40 21 har
145 706 115 27 höglofliga
275 706 158 27 Ridderskapet
444 706 41 22 och
495 707 70 21 Adeln
575 707 32 21 till
618 707 115 21 Allmänna
743 706 102 22 Besvärs-

90 741 120 22 utskottets
230 741 130 27 behandling
381 741 122 22 remitterat
518 743 32 20 ett
565 741 117 27 sälydande
697 741 148 27 petitionsme-

90 776 84 21 morial:

342 845 10 10 »
359 827 112 22 Vördsamt
485 829 113 21 memorial.

160 867 27 17 De
202 866 116 23 svårigheter,
334 872 38 12 som
388 867 51 17 skola
454 866 67 18 erfaras
532 867 30 16 vid
573 867 31 17 det
614 873 24 10 nu
648 866 115 17 förestående
774 871 72 18 genom-

92 895 83 18 förandet
194 895 20 17 af
231 896 31 17 det
276 896 58 17 finska
350 895 83 23 språkets
448 895 111 18 allmännare
575 895 117 23 användning
707 895 58 17 såsom
782 895 65 17 kurial-

92 924 60 23 spräk,
171 925 43 16 bero
230 925 39 16 icke
285 925 64 17 endast
364 924 52 17 deraf
429 926 28 15 att
472 924 91 23 ätskilliga
579 924 82 18 domares
676 924 34 17 och
726 924 121 17 embetsmäns

92 953 102 18 kännedom
214 953 20 17 af
250 953 50 18 detta
319 953 54 23 språk
394 955 20 15 är
428 953 107 22 bristfällig;
550 962 28 2 —
593 959 21 11 en
631 959 59 11 annan
707 953 140 22 omständighet,

92 987 37 12 som
149 982 24 23 pä
188 984 27 15 ett
230 984 48 15 ännu
292 987 49 12 mera
358 981 111 18 omfattande
485 983 42 20 sätt,
543 983 22 16 än
581 982 55 22 sagde
652 983 51 19 brist,
720 982 46 17 skall
781 981 67 18 bereda

92 1010 96 22 svärighet,
212 1012 20 16 är
254 1011 40 21 den,
314 1013 27 15 att
360 1010 58 18 finska
437 1010 84 23 spräkets
541 1010 103 23 utbildning
664 1010 28 18 för
711 1010 136 22 ifrägavarando

92 1039 83 17 ändamål
195 1041 48 15 ännu
262 1041 19 15 är
299 1040 69 22 ganska
386 1039 123 23 ofullständig.
539 1040 27 16 En
585 1039 46 17 efter
646 1040 31 16 det
691 1039 59 17 finska
765 1039 82 23 språkets

92 1068 99 23 skaplynne
206 1068 73 23 lämpad
291 1068 78 23 juridisk
385 1068 30 17 stil
430 1068 33 17 har
479 1070 48 16 ännu
543 1068 39 17 icke
592 1068 66 18 hunnit
668 1068 85 17 utveckla
763 1068 36 22 sig;
815 1068 32 17 lik-

93 1097 28 17 väl
140 1098 20 16 är
178 1096 29 18 för
224 1098 90 22 protokoll
329 1097 33 18 och
378 1097 104 23 expedition
499 1099 27 15 ett
540 1097 96 21 bestämdt,
652 1097 100 22 likformigt
767 1096 82 18 skrifsätt

92 1125 20 17 af
127 1126 59 17 nöden
202 1126 28 17 för
244 1128 28 15 att
288 1126 5 17 i
308 1126 101 22 möjligaste
425 1126 58 17 mätto
498 1126 84 17 befordra
597 1126 159 22 öfverskädlighet,
770 1126 77 17 koncen-

92 1155 68 21 trering
178 1154 34 18 och
232 1155 84 17 säkerhet
336 1155 4 17 i
360 1155 109 17 innehällets
487 1154 103 23 fördelning
609 1155 32 17 och
662 1155 113 22 utläggning.
809 1154 39 18 Den

92 1183 58 17 finska
166 1183 90 23 juridiska
271 1184 126 22 terminologin
414 1184 41 20 kan,
472 1184 59 17 under
545 1184 33 17 allt
593 1184 117 17 erkännande
726 1184 19 16 af
758 1184 22 16 de
795 1183 52 17 fram-

92 1214 40 20 steg
151 1218 38 12 som
210 1213 38 17 deri
268 1213 54 22 tagits
341 1218 65 17 genom
426 1214 73 16 senaste
517 1212 133 23 öfversättning
668 1212 19 17 af
706 1211 53 19 1734
775 1212 29 17 års
819 1212 29 22 lag

92 1241 33 17 och
141 1246 64 17 genom
221 1242 22 16 de
259 1242 91 17 allmänna
364 1241 162 22 författningarnes
540 1241 125 23 förfinskning,
680 1242 40 17 icke
733 1242 52 21 sägas
795 1241 54 17 hafva

92 1270 60 17 ernätt
167 1270 34 17 den
218 1270 64 22 stadga
297 1270 31 18 och
345 1270 89 21 säkerket,
451 1272 28 15 att
494 1270 15 23 ej
526 1270 5 17 i
547 1270 84 17 afseende
642 1270 10 17 å
663 1270 104 18 densamma
777 1270 71 22 mycket

92 1299 61 17 arbete
174 1300 48 16 ännu
237 1300 91 17 äterstode
342 1301 28 15 att
384 1300 49 22 göra.
450 1308 27 2 —
493 1298 10 18 I
519 1300 21 16 de
556 1299 87 22 muntliga
658 1298 191 24 rättegängsförhand-

92 1328 80 21 lingarne
187 1328 33 17 hav
234 1328 69 17 finskan
319 1328 55 17 sedan
390 1328 59 17 sekler
465 1328 48 17 varit
526 1328 77 20 använd,
614 1334 41 11 men
666 1328 5 17 i
682 1328 111 22 protokollet
804 1327 45 17 först

91 1356 24 22 pä
134 1359 72 14 senaste
225 1357 52 17 tider.
308 1357 37 17 Och
366 1357 64 16 medan
451 1356 34 17 den
506 1357 57 17 finska
583 1357 105 16 literaturen
708 1356 23 22 pä
746 1356 101 20 historiens,

92 1384 142 18 belletristikens
253 1385 32 17 och
302 1386 34 16 den
352 1385 102 23 periodiska
469 1390 85 17 pressens
569 1384 33 18 fält
616 1385 52 17 raskt
682 1385 33 17 och
731 1384 75 22 kraftigt
821 1386 26 15 ut-

92 1413 72 18 vecklat
178 1414 33 22 sig,
228 1415 72 21 utgöres
316 1414 81 18 deremot
412 1414 34 17 den
460 1413 91 23 juridiska
565 1414 106 17 literaturen
685 1414 24 22 pä
723 1413 56 17 finskt
794 1413 53 23 spräk

91 1442 20 16 af
124 1444 27 14 ett
165 1443 52 22 ringa
232 1443 43 17 fätal
290 1443 78 17 skrifter.

160 1479 104 17 Allmänna
277 1479 175 17 Besviärsutskottets
465 1478 117 18 betänkande
594 1479 36 17 N:o
643 1479 16 17 3.
