1023 1675
310 113 243 19 Petitionsbetänkande
566 114 37 18 N:o
616 114 31 18 32.
812 114 24 18 53

101 171 181 29 sammanhänger
304 178 27 14 en
350 174 47 18 stor
417 171 41 21 och
477 171 189 29 genomgripande
685 171 173 29 omgestaltning

101 205 24 22 af
140 205 108 23 Finlands
267 205 50 21 hela
335 205 153 22 skolväsende.
517 205 46 22 Det
579 206 24 20 är
618 206 62 28 fräga
696 213 35 14 om
747 208 32 18 att
793 206 66 20 kasta

100 240 22 20 ät
138 240 64 21 sidan
217 240 37 21 det
269 239 133 27 häfdvunna,
418 240 37 20 det
470 247 80 21 genom
565 240 116 28 längvarig
692 240 123 21 erfarenhet
822 239 37 22 be-

100 274 115 28 pröfvade,
239 273 34 21 för
295 276 33 18 att
348 273 7 21 i
375 273 74 22 stället
464 276 83 26 antaga
562 277 31 18 ett
609 276 58 26 nytt,
682 281 47 14 som
743 281 50 14 man
808 274 50 21 icke

100 308 91 27 känner,
206 315 49 14 men
271 308 80 21 hvaraf
366 316 50 13 man
435 307 72 22 lofvar
528 308 34 28 sig
578 308 27 22 de
621 309 82 21 största
719 308 41 21 och
775 308 84 21 rikaste

100 342 91 22 frukter.

170 375 77 23 Ocksä
264 376 23 21 vi
307 376 70 21 skulle
395 384 54 13 vara
467 376 77 29 villige
564 379 33 19 att
612 376 118 22 medverka
745 376 63 21 äfven
825 375 34 21 till

102 418 26 13 en
152 410 67 21 sådan
243 410 186 29 genomgripande
455 411 174 29 ompgestaltning
652 411 25 21 af
697 410 162 27 skolväsendet,

102 452 48 14 men
170 444 79 22 endast
266 444 28 28 pä
313 446 80 20 tvänne
411 445 80 27 vilkor,
510 445 110 28 nemligen
640 446 33 20 1:0
690 453 35 13 om
741 444 41 22 den
797 444 62 22 lärda

103 478 85 28 skolan,
212 486 46 14 som
281 480 96 20 starkast
399 478 96 22 drabbas
518 479 24 21 af
563 475 209 33 omgestaltningen,
789 478 70 22 skulle

102 513 15 21 £.
133 521 21 13 n.
170 513 114 29 verkligen
303 521 52 13 vara
375 513 24 21 sä
416 513 122 27 beskaffad,
558 516 32 18 att
609 521 26 14 en
651 513 170 29 omgestaltning
838 512 24 22 af

103 547 126 22 densamma
251 555 52 14 vore
326 547 24 22 af
365 548 105 21 behofvet
490 548 117 29 högeligen
626 548 115 29 påkallad;
763 547 42 22 och
825 548 34 20 2:0

103 589 35 14 om
158 582 22 21 vi
199 582 74 21 kunde
288 582 127 29 öfvertygas
432 582 75 21 derom
524 577 32 26 att
572 582 200 29 omgestaltningen
789 581 70 22 skulle

103 616 59 21 hälla
181 616 58 21 hvad
254 616 42 21 den
311 617 79 26 lofvar,
405 617 20 20 d.
442 625 19 13 v.
479 624 17 14 s.
514 625 35 13 om
564 617 43 21 den
623 617 70 21 skulle
711 616 96 29 afhjelpa
823 616 38 21 det

104 651 82 21 största
205 651 83 21 sociala
307 651 80 21 onda*i
402 651 49 21 vårt
469 651 53 21 land
538 651 42 22 och
595 651 98 22 deremot
708 651 29 29 pä
752 653 31 19 ett
799 650 61 29 afgö-

103 685 67 21 rande
189 686 44 20 sätt
251 685 106 28 befrämja
376 685 189 22 fäderneslandets
585 685 64 22 enhet
669 686 41 21 och
729 685 50 22 dess
798 685 61 28 lyck-

102 719 46 29 liga
164 719 96 22 framtid.

171 753 68 22 Hvad
257 753 37 22 det
312 753 137 22 förstnämda
463 755 97 20 vilkoret
575 755 111 27 beträffar,
704 754 23 21 sä
742 754 39 21 har
797 754 63 21 hvar-

102 787 44 22 ken
160 788 148 28 petitionären
323 788 53 21 eller
391 789 110 21 utskottet
516 789 84 21 kunnat
615 789 63 28 pästä
693 791 32 18 att
741 788 41 21 den
798 788 63 21 lärda

104 822 78 20 skolan
201 822 7 20 i
227 822 48 20 värt
290 822 52 21 land
357 830 52 14 vore
425 830 26 14 en
467 823 60 28 dälig
543 823 70 27 skola,
630 830 47 14 som
691 822 95 22 behöfde
802 829 58 13 reor-

102 856 115 28 ganiseras
240 856 93 27 derföre,
356 859 32 19 att
411 856 42 22 den
475 857 50 21 icke
547 860 123 18 motsvarar
693 858 40 20 sitt
755 856 105 22 ändamäl.

103 890 76 28 Nägot
202 890 77 22 sädant
301 890 44 22 kan
367 891 68 21 ocksä
457 892 50 21 icke
530 891 81 29 pästäs.
641 891 80 22 Denna
740 890 63 22 skola
821 890 41 21 har

103 924 114 29 verkligen
225 925 70 21 under
305 925 26 21 de
343 928 87 19 senaste
441 926 146 21 decennierna
597 926 48 28 gätt
655 926 110 28 betydligt
775 925 86 21 framät.

102 958 35 22 De
155 958 126 30 ynglingar,
297 966 47 14 som
359 967 29 13 nu
403 960 129 28 genomgätt
548 960 132 27 densamma,
696 961 38 20 äro
751 959 111 21 öfverhuf-

103 992 44 22 vud
169 993 122 28 ingalunda
317 994 69 20 sämre
412 994 130 22 förberedde
568 995 35 20 för
626 993 236 27 universitetsstudier,

103 1026 53 22 eller
171 1027 6 21 i
195 1027 79 21 allmän
293 1028 101 28 bildning
413 1028 149 29 underlägsne
577 1028 56 28 dem,
650 1036 46 14 som
712 1029 35 21 för
763 1028 27 21 20
806 1030 12 18 a
834 1028 28 20 30

102 1061 24 21 är
145 1061 93 21 tillbaka
256 1062 37 20 vid
312 1062 125 28 högskolan
457 1063 64 21 sökte
536 1063 93 21 inträde.
660 1062 50 22 Och
726 1062 58 22 dock
800 1062 39 21 har
854 1062 8 20 i

104 1095 91 21 skolans
218 1095 101 29 läroplan
341 1096 94 22 lemnats
455 1100 32 18 ett
506 1098 70 21 större
596 1101 107 25 utrymme
723 1097 22 21 ät
761 1099 101 18 naturve-

103 1130 156 28 tenskaperna,
277 1130 41 21 och
338 1133 31 18 ett
388 1134 57 25 nytt,
467 1131 60 21 svärt
546 1131 111 22 läroämne
673 1132 40 21 har
728 1131 135 26 tillkommit,

103 1164 37 21 det
155 1164 68 21 andra
238 1164 115 21 inhemska
369 1165 96 28 spräket,
481 1165 85 22 hvilket
580 1166 142 29 naturligtvis
733 1168 63 26 tager
806 1165 56 21 bäde

103 1198 33 21 tid
156 1198 42 21 och
217 1199 84 20 krafter
319 1199 7 20 i
346 1199 103 28 anspråk.
480 1200 54 21 Just
549 1200 7 21 i
572 1200 61 21 detta
649 1203 86 19 senaste
751 1200 111 21 läroämne

104 1232 40 21 har
162 1232 43 22 den
220 1233 61 21 lärda
298 1233 78 22 skolan
391 1234 69 21 redan
475 1234 89 29 lyckats
581 1235 152 21 ästadkomma
748 1236 31 19 ett
794 1233 69 22 resul-

103 1269 41 24 tat,
167 1274 47 14 som
237 1268 24 20 är
281 1268 115 28 jemngodt
414 1268 58 21 med-
485 1269 117 21 resultatet
617 1269 24 21 af
653 1268 187 29 undervisningen
854 1268 8 21 i

104 1301 68 21 andra
190 1301 132 22 läroämnen.
353 1302 46 21 För
418 1305 33 18 att
469 1303 75 21 kunna
559 1303 122 22 dimitteras
697 1303 35 21 till
747 1302 116 22 Universi-

103 1337 55 19 tetet
172 1335 69 22 mäste
257 1335 75 22 eleven
347 1336 28 28 pä
390 1336 85 29 lyceets
491 1337 81 28 högsta
587 1337 60 22 klass
663 1345 40 21 ega
715 1337 68 22 sädan
794 1337 69 28 insigt

103 1368 7 21 i
130 1369 37 21 det
189 1369 68 22 andra
280 1370 115 22 inhemska
418 1371 98 28 spräket,
540 1374 32 18 att
594 1371 42 22 han
659 1375 52 18 utan
731 1371 94 28 tillhjelp
841 1371 25 20 af

103 1403 132 28 grammatik
251 1403 42 22 och
308 1407 52 18 utan
376 1407 32 18 att
423 1405 56 28 begä
495 1405 88 22 svärare
599 1406 28 21 fel
643 1406 43 21 kan
702 1405 48 22 frän
766 1405 98 21 moders-

174 1443 95 17 Allmänna
281 1444 162 18 Besvärsutskottets
455 1446 105 17 betänkande
573 1447 34 16 N:o
620 1447 28 16 18.
