1023 1678
211 104 379 26 Petitionsbetänkande
605 106 58 24 N:o
678 106 55 24 23.

366 419 246 26 Lagutskottets
629 419 161 22 betänkande
805 419 45 21 N:o

295 453 24 20 11
329 451 10 22 i
348 453 142 26 anledning
502 453 29 22 af
539 455 38 20 ett
587 454 70 21 inom
668 454 183 25 Borgarestan-

297 487 44 21 det
351 487 82 22 väckt
441 487 99 27 förslag
547 488 43 21 till
597 489 110 26 petition
715 493 42 16 om
764 488 88 26 tryck-

297 521 126 22 frihetens
439 523 133 22 ordnande
587 528 92 21 genom
695 523 96 21 allmän
802 523 49 25 lag.

161 590 70 22 Jemte
246 590 76 27 utdrag
338 590 22 21 af
373 591 195 26 Borgareständets
579 591 108 28 protokoll
696 591 33 22 för
737 591 40 22 den
785 592 13 21 4
807 591 46 22 sist-

92 624 58 22 lidne
161 624 102 22 Februari
273 625 39 21 har
322 625 155 27 Lagutskottet
488 625 41 22 fätt
540 628 107 25 emottaga
663 633 25 14 en
707 626 33 21 till
755 625 97 22 bemälda

92 659 62 21 ständ
167 659 92 27 ingifven
274 659 109 22 skrifvelse
399 659 22 22 af
435 660 95 27 följande
545 661 85 27 lydelse:

257 729 4 9 »
262 716 51 20 Till
327 716 131 23 Vällofliga
472 718 205 21 Borgareständet,

159 750 38 17 Det
209 751 74 20 ärende,
295 750 32 23 jag
340 751 116 18 härmedelst
468 751 59 21 vägar
539 751 114 18 underställa
666 751 31 18 det
709 751 92 22 vällofliga
814 751 40 18 bor-

92 779 127 21 gareständets
236 779 91 22 pröfning,
340 779 35 18 har
387 779 60 18 under
461 780 82 22 tidigare
557 780 111 22 landtdagar
681 780 91 17 särskilda
785 780 69 22 gänger

92 807 21 18 af
123 807 74 18 ständet
209 808 115 17 behandlats.
344 808 35 17 Det
392 809 35 17 har
441 811 45 16 utan
496 809 64 17 tvifvel
570 809 54 17 äfven
633 809 120 17 härförinnan
763 809 19 17 af
789 808 65 23 hvarje

91 836 78 18 medlem
191 837 6 17 i
217 837 74 18 ständet
304 837 61 17 blifvit
379 837 69 22 egnadt
461 837 134 23 begrundande
608 837 34 18 och
655 838 109 17 eftertanke.
789 837 64 22 Nägon

91 865 109 22 utförligare
221 866 108 22 motivering
349 866 35 17 och
405 867 102 22 utredning
529 867 52 17 torde
599 867 63 17 derför
675 867 91 22 knappast
779 872 44 12 vara
836 867 20 16 af

91 894 64 21 nöden,
177 894 24 17 dä
219 894 33 23 jag
273 895 85 17 anhåller
378 897 29 15 att
428 895 96 22 vällofiiga
542 895 155 22 borgareständet
709 895 42 18 ville
762 895 28 17 till
803 895 51 18 Hans

91 923 104 22 Kejserliga
208 923 93 22 Majestät,
314 923 91 18 Finlands
419 923 127 24 Storfurste,
543 919 8 32 i
559 924 147 22 underdänighet
719 924 92 17 frambära
824 929 30 17 pe-

90 951 59 21 tition,
162 952 30 17 det
204 952 69 18 täcktes
282 953 54 17 Hans
345 953 110 22 Kejserliga
462 953 91 22 Majestät
563 953 29 17 till
597 953 160 22 förstkommande
764 953 91 22 landtdag

90 981 8 16 i
109 980 58 18 nåder
179 981 60 22 afläta
249 982 119 21 proposition
381 987 28 12 om
423 982 131 23 tryckfrihets-
567 982 44 17 eller
621 982 86 23 presslag
717 983 34 22 för
763 981 91 22 Finland,

90 1009 104 23 stadgande
217 1010 90 22 rättighet
324 1010 35 22 för
380 1010 72 18 enhvar
472 1012 30 16 att
520 1012 48 16 utan
577 1010 116 23 föregäende
704 1010 117 23 granskning
834 1010 25 22 af

90 1037 63 23 någon
165 1038 63 17 dertill
241 1038 134 23 öfverhetligen
383 1039 114 22 förordnad
508 1039 108 23 myndighet
629 1039 7 16 i
648 1039 51 23 tryck
711 1040 75 22 utgifva
799 1039 57 22 skrift

90 1068 37 15 mot
138 1066 105 24 skyldighet
255 1069 28 15 att
292 1068 35 22 för
339 1068 35 17 den
387 1068 80 22 utgifna
480 1068 82 22 skriften
574 1068 29 17 stä
617 1068 28 17 det
658 1073 75 15 ansvar,
745 1068 77 17 domstol
828 1068 28 21 pä

89 1096 63 22 grund
163 1096 26 22 af
200 1096 31 22 lag
244 1096 37 18 kan
295 1096 72 18 ädöma.

159 1124 36 22 Jag
215 1125 36 17 kan
271 1125 47 17 dock
338 1125 41 17 icke
393 1126 102 17 underläta
508 1128 29 15 att
549 1125 106 21 framhälla,
668 1126 87 16 hurusom
768 1125 35 17 den
816 1130 40 17 pre.

91 1152 72 18 ventiva
183 1158 95 17 censuren,
299 1156 50 15 utom
369 1154 32 17 det
415 1156 28 15 att
462 1154 36 18 den
513 1154 28 17 till
554 1154 28 17 sin
594 1154 71 22 princip
679 1156 20 16 är
713 1154 93 17 stridande
819 1157 37 14 mot

90 1181 45 17 vära
155 1181 54 22 lagar
229 1182 34 17 och
279 1182 128 18 institutioner
421 1183 5 17 i
441 1183 65 22 öfrigt,
520 1188 64 17 genom
598 1183 40 17 sina
651 1183 109 21 verkningar
773 1182 83 18 otvifvel-

91 1210 58 22 aktigt
161 1212 21 15 är
196 1210 38 18 lika
247 1210 73 23 skadlig
333 1212 29 16 för
375 1212 111 17 öfverheten
501 1217 38 13 som
553 1212 28 17 för
595 1212 63 17 folket.
676 1211 71 18 Hinder
757 1214 27 14 att
792 1216 64 17 genom

91 1244 74 17 pressen
187 1239 98 18 framhålla
305 1240 22 17 de
349 1240 148 22 anmärkningar
515 1243 38 15 mot
565 1240 99 22 styrelsens
678 1240 46 18 eller
737 1240 41 17 dess
791 1239 66 18 befall-

91 1267 156 22 ningshafvandes
263 1268 92 22 åtgärder,
372 1268 77 18 hvartill
463 1269 42 17 skäl
519 1270 61 16 kunna
594 1269 120 21 förekomma,
727 1269 82 21 förtager
821 1271 37 20 sty.

91 1296 61 18 relsen
165 1296 96 23 möjlighet
273 1300 28 14 att
313 1300 44 14 utan
371 1298 98 17 miuutiöst
482 1298 138 17 Ofvervakande
633 1298 34 16 och
677 1298 69 17 talrika
755 1298 102 16 kontroller

92 1326 54 16 vinna
165 1325 104 18 kännedom
290 1331 28 12 om
339 1326 128 21 olägenheter,
481 1332 39 11 som
534 1326 55 17 borde
602 1326 97 22 afhjelpas,
713 1326 46 17 eller
771 1326 87 17 rättelser

92 1353 61 17 hvilka
173 1359 42 11 vore
237 1354 21 17 af
273 1354 67 18 nöden.
365 1355 58 16 Detta
437 1355 148 20 öfvervakande,
599 1355 54 16 dessa
666 1354 103 17 kontroller
782 1355 76 21 öfvergä

92 1382 102 17 emellertid
207 1384 52 15 snart
271 1382 28 18 till
312 1384 49 16 toma
375 1383 129 17 formaliteter
518 1383 33 17 och
565 1383 56 17 varda
635 1383 24 17 dä
671 1383 67 22 sjeltva
751 1388 22 12 en
787 1383 71 17 börda
847 1378 15 31 i

92 1410 63 18 stället
168 1410 29 18 för
209 1413 27 15 ett
249 1413 44 15 värn.
323 1412 181 22 Undertryckandet
518 1412 20 17 af
549 1412 98 22 yttranden
661 1412 5 17 i
679 1416 76 18 pressen
769 1411 52 17 föder
834 1412 24 16 vi-

92 1438 45 18 dare
158 1439 127 23 förtydningar
303 1440 35 17 och
351 1440 74 22 rykten,
439 1440 66 18 hvilka
519 1441 118 22 kolporteras
651 1441 4 16 i
669 1440 25 18 tal
709 1440 33 17 och
756 1440 55 17 skrift
824 1440 34 17 och

161 1474 140 22 Lagutskottets
313 1474 119 18 betänkande
445 1475 37 18 N:o
497 1476 30 16 11.
