1020 1678
216 115 13 20 2
401 115 224 23 Petitionsbetänkande
640 116 34 21 N:o
691 116 35 21 37.

186 185 66 18 stalter
267 184 55 18 hafva
336 185 23 18 de
374 185 51 18 förra
439 185 7 18 i
461 185 54 19 bästa
529 186 33 18 fall
577 186 53 25 gjort
644 187 59 24 tjenst
719 193 39 12 som
775 189 27 15 ett
818 186 50 24 slags
879 186 51 17 kom-

186 214 117 24 plementära
323 213 113 26 folkskolor,
459 214 24 19 de
500 221 66 12 senare
584 214 40 19 åter
642 215 56 18 hafva
712 214 24 25 på
751 215 24 18 de
789 213 20 20 få
824 218 57 19 orter,
898 215 33 17 der

186 243 24 18 de
232 242 80 19 kommit
333 242 30 18 till
380 242 61 25 stånd,
461 243 48 18 visat
526 244 29 23 sig
572 243 43 24 föga
633 244 72 24 egnade
720 247 27 14 att
762 244 89 18 befordra
866 243 65 24 yrkes-

187 271 117 24 bildningen,
328 272 44 17 enär
394 272 90 24 teckning
506 272 35 18 och
560 273 71 23 ritning
650 273 67 18 endast
735 273 133 24 ofullständigt
882 272 48 18 före-

186 301 87 18 kowmer
287 300 6 17 i
308 300 47 19 dem.
384 300 65 25 Enligt
464 300 95 19 komiténs
573 301 71 24 förslag
663 301 61 18 borde
739 301 23 18 de
781 301 41 18 dels
839 301 91 18 ombildas

186 329 37 25 till,
246 329 42 18 dels
306 329 78 17 ersättas
402 329 21 18 af
439 329 52 24 lägre
510 330 35 18 och
560 329 58 25 högre
634 330 195 24 Handtverksskolor,
846 331 5 16 i
867 330 63 18 hvilka

186 358 81 18 nämnda
288 357 30 19 för
339 358 138 24 yrkeskonsten
499 358 153 24 grundläggande
675 359 86 24 öfningar
784 358 59 18 borde
865 359 66 23 utgöra

185 386 146 19 hufvudämnen.
360 386 39 18 För
413 389 27 15 att
454 386 144 19 tillhandahålla
607 387 231 25 undervisningsmaterial
849 387 34 18 och
893 387 36 18 för-

186 416 70 18 bereda
270 416 60 17 lärare
344 415 7 18 i
365 415 214 19 Handtverksskolorna
597 416 59 18 borde
671 416 7 18 i
696 416 121 24 Helsingfors
833 416 58 18 finnas
908 422 21 12 en

186 444 128 19 centralskola
332 444 43 18 med
393 444 143 24 fullständigare
555 445 128 24 organisation
702 446 36 18 och
753 445 57 24 något
824 446 61 17 större
899 451 30 11 an-

185 474 45 24 slag.
261 472 85 25 Anlagda
361 473 35 18 och
411 472 125 20 underhållna
550 474 21 18 af
583 474 112 18 kommuner
710 474 47 19 eller
771 474 86 18 enskilde
868 474 61 18 skulle

185 502 212 18 Handtverksskolorna
414 502 154 18 subventioneras
587 503 21 18 af
624 503 96 18 allmänna
735 503 60 18 medel
811 503 30 18 till
857 506 27 15 ett
898 503 31 17 be-

186 532 46 23 lopp
249 530 111 25 uppgående
376 530 30 18 till
416 530 73 20 hälften
499 530 20 20 af
527 530 153 20 föreståndarens
692 532 35 18 och
738 532 95 18 lärarenes
843 531 86 19 arvoden.

256 559 62 19 Sedan
332 560 52 17 detta
398 560 70 24 förslag
482 559 108 26 genomgått
604 567 24 12 en
642 561 117 18 omfattande
773 560 114 24 granskning
902 560 27 18 äf-

185 595 36 12 ven
236 589 21 17 af
268 588 96 18 städernas
382 588 119 25 fullmägtige
519 589 35 18 och
572 590 125 24 magistrater,
717 590 34 17 har
769 590 84 24 ärendet,
869 588 60 19 såsom

186 616 82 26 framgår
282 618 21 17 af
315 617 58 18 andra
390 618 129 24 afdelningens
537 618 7 18 i
563 618 206 24 Finansexpeditionen
785 618 100 18 berättelse
900 618 29 17 för

185 646 45 19 åren
246 645 145 25 1872—1880,
406 646 90 18 förevarit
509 646 32 19 till
555 647 114 23 behandling
684 647 6 18 i
707 647 106 24 Kejserliga
828 647 79 18 Senaten
923 647 6 17 i

185 675 131 24 sammanhang
333 675 43 17 med
393 673 66 26 frågan
478 681 31 12 om
527 675 106 19 inrättande
650 675 22 18 af
689 681 23 12 en
728 672 144 27 Öfverstyrelse,
889 681 40 12 som

182 704 60 25 jemte
264 703 164 18 manufakturerna
451 703 35 18 och
503 704 146 24 bergsväsendet
667 705 63 17 skulle
748 704 54 18 hafva
817 705 28 23 sig
860 703 68 19 vården

185 733 21 18 af
219 733 23 18 de
257 732 87 19 tekniska
357 732 218 25 undervisningsverken
591 733 123 24 owbetrodd;
732 739 40 12 inen
783 733 29 18 till
823 733 65 24 slutlig
898 733 30 17 be-

184 761 92 24 handling,
290 761 32 18 har
338 761 50 18 detta
403 761 70 18 ärende
487 761 43 18 icke
545 762 72 18 kunnat
632 762 101 18 befordras
748 762 52 25 ,med
816 761 87 19 afseende
918 760 11 19 ä

184 791 24 18 de
223 790 43 19 med
281 790 35 18 den
331 789 97 18 tilltänkta
441 791 175 23 reorganisationen
635 791 92 18 förenade
742 791 97 23 betydliga
853 790 76 24 utgifter

184 822 48 15 samt
253 819 44 18 med
317 818 72 24 hänsyn
404 819 70 24 jemväl
493 819 30 18 till
540 819 166 24 nödvändigheten
721 822 28 15 att
764 819 112 18 underkasta
891 819 37 18 för-

184 848 63 24 slagen
269 847 64 19 härom
356 853 23 12 en
402 853 97 18 noggrann
521 848 35 18 och
574 848 116 18 omfattande
709 848 132 24 granskning."
875 847 53 18 Hvad

183 876 205 19 handtverksskolorna
407 877 123 24 vidkommer,
549 877 117 18 beräknades
686 877 33 18 det
736 876 59 25 årliga
811 877 85 23 bidraget
910 876 20 18 af

183 905 95 18 allmänna
292 905 61 18 medel
368 905 30 18 för
413 905 24 18 de
451 905 59 18 första
525 904 45 19 åren
584 906 31 17 till
630 906 43 18 icke
689 911 40 12 mer
744 906 23 17 än
783 905 77 25 41,000
871 905 56 22 mark,

184 934 40 19 deri
247 934 106 24 inbegripet
374 934 85 24 anslaget
475 934 31 18 för
524 935 139 18 centralskolan
683 935 6 16 i
705 934 127 24 Helsingfors.
863 934 64 17 Denna

182 969 72 12 samma
269 963 112 23 öfverstiger
395 963 43 18 med
457 963 74 23 vidpass
551 962 76 26 20,000
642 963 54 18 mark
712 963 133 24 statsbidraget
860 963 30 17 för
904 962 23 18 de

182 991 108 19 nuvarande
304 991 87 23 söndags-
407 991 35 18 och
457 991 143 18 aftonskolorna
614 992 36 18 och
666 992 120 23 understiger
801 992 43 17 med
857 991 70 18 inemot

182 1026 70 12 samma
266 1020 69 24 belopp
349 1019 49 18 hvad
413 1022 27 16 ett
454 1020 109 24 sjuklassigt
577 1021 81 23 Lyceum
674 1020 71 18 kostar.
776 1019 57 19 Låter
848 1026 41 11 man
899 1020 28 23 sig

182 1049 43 18 icke
240 1048 94 19 bortföras
348 1048 21 18 af
381 1048 70 25 dagens
467 1049 193 24 opinionsströmning
676 1048 36 19 och
727 1049 50 18 afser
787 1055 42 12 man
840 1049 23 18 de
873 1048 53 18 verk-

182 1078 38 24 liga
241 1077 196 25 bildningsbehofven,
460 1078 49 17 skall
531 1084 42 11 man
595 1079 30 17 väl
644 1078 68 23 medge
731 1081 27 14 att
777 1077 61 18 denna
856 1083 70 12 summa

181 1113 77 12 snarare
272 1107 21 18 är
307 1105 30 20 för
354 1105 126 26 anspråkslös,
495 1107 24 17 än
535 1109 28 16 att
577 1107 36 18 den
628 1107 61 18 borde
706 1107 67 23 utgöra
787 1105 58 26 nåvot
859 1106 67 18 hinder

180 1135 31 19 för
225 1135 177 24 reorganisationen,

252 1165 39 18 Det
304 1165 21 17 är
340 1162 58 20 också
412 1164 66 23 troligt
492 1166 27 15 att
533 1164 37 17 den
585 1164 134 24 centralskola,
735 1170 39 11 som
790 1163 7 18 i
816 1162 109 19 komitéför-

182 1193 60 24 slaget
256 1192 60 25 afsågs
330 1193 30 18 för
374 1192 119 24 Helsingfors
509 1192 35 19 och
553 1193 30 18 för
599 1193 77 18 hvilken
688 1193 32 17 det
731 1191 58 24 årliga
799 1193 85 23 anslaget
895 1193 30 17 be-

180 1222 94 18 räknades
281 1222 30 18 till
319 1221 62 26 6,500
390 1221 57 25 mark,
456 1221 42 18 icke
506 1227 77 12 numera
590 1221 62 18 skulle
660 1221 55 24 nöjas
726 1221 42 18 med
778 1221 61 18 denna
849 1227 75 12 summa,

180 1250 42 19 Den
238 1251 110 24 slöjdskola,
364 1256 40 12 som
419 1250 30 18 för
464 1250 48 18 elfva
527 1249 20 19 år
563 1250 57 18 sedan
634 1250 79 17 anlades
724 1250 6 17 i
740 1249 138 18 hufvudstaden
890 1249 34 18 och

180 1279 58 18 sedan
259 1279 53 19 1875
330 1278 66 19 vårdas
415 1279 21 18 af
452 1279 120 24 Föreningen
591 1279 30 18 för
639 1279 118 18 Konstfliten
772 1279 6 16 i
793 1278 81 18 Finland
889 1277 35 18 och

180 1314 40 12 som
235 1308 64 18 kunde
313 1314 44 12 vara
372 1307 60 25 egnad
446 1311 28 14 att
488 1308 67 23 ntgöra
570 1313 22 12 en
608 1307 57 18 sådan
681 1307 148 24 centralanstalt,
848 1307 33 17 har
895 1313 28 11 re-

180 1337 36 17 dan
239 1336 123 18 öfverskridit
383 1337 23 17 de
428 1337 83 23 gränser,
534 1342 41 12 som
596 1337 103 17 betecknas
718 1336 21 17 af
755 1335 82 18 nämnda
855 1336 68 22 anslag.

179 1365 46 18 Med
240 1368 29 15 ett
284 1365 97 24 elevantal,
401 1371 40 12 som
461 1364 54 20 1880
534 1364 82 24 uppgick
630 1364 33 18 till
680 1364 47 24 192,
743 1364 36 18 och
794 1364 42 18 med
852 1367 27 14 ett
892 1370 31 11 an-

179 1394 27 17 tal
220 1394 21 17 af
256 1393 26 19 15
297 1394 60 17 lärare
371 1393 31 19 för
416 1394 39 17 lika
469 1392 67 25 många
551 1393 92 18 särskilda
659 1393 116 24 läroäninen,
793 1393 20 17 är
823 1392 32 18 det
865 1392 57 24 knap-

178 1425 43 21 past
234 1422 75 25 möjligt
323 1425 28 15 att
368 1422 62 19 denna
448 1422 54 18 skola
520 1422 49 18 skall
583 1422 64 18 kunna
665 1421 24 25 gå
704 1422 66 24 längre
785 1421 6 17 i
807 1427 23 12 en
845 1421 76 24 gammal

245 1460 91 18 Allmänna
348 1460 164 18 Besvärsutskottets
524 1460 104 17 betänkande
640 1460 34 16 N:o
688 1460 30 16 20.
