<?xml version="1.0" encoding="UTF-8"?>
<alto xmlns="http://www.loc.gov/standards/alto/ns-v3#" xmlns:xlink="http://www.w3.org/1999/xlink" xmlns:xsi="http://www.w3.org/2001/XMLSchema-instance" xsi:schemaLocation="http://www.loc.gov/standards/alto/ns-v3# http://www.loc.gov/alto/v3/alto-3-0.xsd">
	<Description>
		<MeasurementUnit>pixel</MeasurementUnit>
		<sourceImageInformation>
			<fileName>/tmp/tess_spah4zbq_input.PNG</fileName>
		</sourceImageInformation>
		<OCRProcessing ID="OCR_0">
			<ocrProcessingStep>
				<processingSoftware>
					<softwareName>tesseract 5.3.4</softwareName>
				</processingSoftware>
			</ocrProcessingStep>
		</OCRProcessing>
	</Description>
	<Layout>
		<Page WIDTH="1017" HEIGHT="1678" PHYSICAL_IMG_NR="0" ID="page_0">
			<PrintSpace HPOS="0" VPOS="0" WIDTH="1017" HEIGHT="1678">
				<ComposedBlock ID="cblock_0" HPOS="285" VPOS="117" WIDTH="523" HEIGHT="26">
					<TextBlock ID="block_0" HPOS="285" VPOS="117" WIDTH="523" HEIGHT="26">
						<TextLine ID="line_0" HPOS="285" VPOS="117" WIDTH="523" HEIGHT="26">
							<String ID="string_0" HPOS="285" VPOS="117" WIDTH="235" HEIGHT="24" WC="0.76" CONTENT="Petitionshetänkande"/><SP WIDTH="20" VPOS="117" HPOS="520"/>
							<String ID="string_1" HPOS="540" VPOS="120" WIDTH="35" HEIGHT="21" WC="0.96" CONTENT="N:o"/><SP WIDTH="19" VPOS="120" HPOS="575"/>
							<String ID="string_2" HPOS="594" VPOS="119" WIDTH="34" HEIGHT="24" WC="0.96" CONTENT="13."/><SP WIDTH="156" VPOS="119" HPOS="628"/>
							<String ID="string_3" HPOS="784" VPOS="118" WIDTH="24" HEIGHT="19" WC="0.96" CONTENT="31"/>
						</TextLine>
					</TextBlock>
				</ComposedBlock>
				<ComposedBlock ID="cblock_1" HPOS="80" VPOS="183" WIDTH="751" HEIGHT="53">
					<TextBlock ID="block_1" HPOS="80" VPOS="183" WIDTH="751" HEIGHT="53">
						<TextLine ID="line_1" HPOS="80" VPOS="183" WIDTH="751" HEIGHT="23">
							<String ID="string_4" HPOS="80" VPOS="186" WIDTH="27" HEIGHT="15" WC="0.90" CONTENT="att"/><SP WIDTH="17" VPOS="186" HPOS="107"/>
							<String ID="string_5" HPOS="124" VPOS="183" WIDTH="66" HEIGHT="23" WC="0.96" CONTENT="många"/><SP WIDTH="18" VPOS="183" HPOS="190"/>
							<String ID="string_6" HPOS="208" VPOS="183" WIDTH="41" HEIGHT="18" WC="0.96" CONTENT="från"/><SP WIDTH="19" VPOS="183" HPOS="249"/>
							<String ID="string_7" HPOS="268" VPOS="184" WIDTH="106" HEIGHT="18" WC="0.96" CONTENT="densamma"/><SP WIDTH="19" VPOS="184" HPOS="374"/>
							<String ID="string_8" HPOS="393" VPOS="185" WIDTH="63" HEIGHT="18" WC="0.93" CONTENT="kunde"/><SP WIDTH="19" VPOS="185" HPOS="456"/>
							<String ID="string_9" HPOS="475" VPOS="185" WIDTH="75" HEIGHT="18" WC="0.96" CONTENT="inträda"/><SP WIDTH="18" VPOS="185" HPOS="550"/>
							<String ID="string_10" HPOS="568" VPOS="185" WIDTH="6" HEIGHT="18" WC="0.93" CONTENT="i"/><SP WIDTH="18" VPOS="185" HPOS="574"/>
							<String ID="string_11" HPOS="592" VPOS="185" WIDTH="82" HEIGHT="18" WC="0.93" CONTENT="andra"/><SP WIDTH="18" VPOS="185" HPOS="674"/>
							<String ID="string_12" HPOS="692" VPOS="185" WIDTH="47" HEIGHT="18" WC="0.93" CONTENT="eller"/><SP WIDTH="17" VPOS="185" HPOS="739"/>
							<String ID="string_13" HPOS="756" VPOS="187" WIDTH="13" HEIGHT="15" WC="0.92" CONTENT="t."/><SP WIDTH="16" VPOS="187" HPOS="769"/>
							<String ID="string_14" HPOS="785" VPOS="191" WIDTH="17" HEIGHT="11" WC="0.72" CONTENT="0."/><SP WIDTH="12" VPOS="191" HPOS="802"/>
							<String ID="string_15" HPOS="814" VPOS="189" WIDTH="17" HEIGHT="12" WC="0.93" CONTENT="m"/>
						</TextLine>
						<TextLine ID="line_2" HPOS="80" VPOS="213" WIDTH="519" HEIGHT="23">
							<String ID="string_16" HPOS="80" VPOS="213" WIDTH="87" HEIGHT="22" WC="0.91" CONTENT="tredje"/><SP WIDTH="13" VPOS="213" HPOS="167"/>
							<String ID="string_17" HPOS="180" VPOS="213" WIDTH="76" HEIGHT="17" WC="0.91" CONTENT="klassen"/><SP WIDTH="13" VPOS="213" HPOS="256"/>
							<String ID="string_18" HPOS="269" VPOS="213" WIDTH="5" HEIGHT="17" WC="0.96" CONTENT="i"/><SP WIDTH="16" VPOS="213" HPOS="274"/>
							<String ID="string_19" HPOS="290" VPOS="216" WIDTH="26" HEIGHT="15" WC="0.96" CONTENT="ett"/><SP WIDTH="13" VPOS="216" HPOS="316"/>
							<String ID="string_20" HPOS="329" VPOS="214" WIDTH="59" HEIGHT="22" WC="0.93" CONTENT="högre"/><SP WIDTH="13" VPOS="214" HPOS="388"/>
							<String ID="string_21" HPOS="401" VPOS="214" WIDTH="198" HEIGHT="18" WC="0.91" CONTENT="elementarläroverk."/>
						</TextLine>
					</TextBlock>
				</ComposedBlock>
				<ComposedBlock ID="cblock_2" HPOS="80" VPOS="247" WIDTH="762" HEIGHT="461">
					<TextBlock ID="block_2" HPOS="80" VPOS="247" WIDTH="761" HEIGHT="196">
						<TextLine ID="line_3" HPOS="150" VPOS="247" WIDTH="688" HEIGHT="24">
							<String ID="string_22" HPOS="150" VPOS="247" WIDTH="63" HEIGHT="18" WC="0.96" CONTENT="Under"/><SP WIDTH="13" VPOS="247" HPOS="213"/>
							<String ID="string_23" HPOS="226" VPOS="249" WIDTH="27" HEIGHT="16" WC="0.93" CONTENT="ett"/><SP WIDTH="13" VPOS="249" HPOS="253"/>
							<String ID="string_24" HPOS="266" VPOS="248" WIDTH="66" HEIGHT="18" WC="0.92" CONTENT="sädant"/><SP WIDTH="12" VPOS="248" HPOS="332"/>
							<String ID="string_25" HPOS="344" VPOS="249" WIDTH="91" HEIGHT="18" WC="0.92" CONTENT="sakernas"/><SP WIDTH="13" VPOS="249" HPOS="435"/>
							<String ID="string_26" HPOS="448" VPOS="249" WIDTH="86" HEIGHT="18" WC="0.93" CONTENT="tillständ"/><SP WIDTH="13" VPOS="249" HPOS="534"/>
							<String ID="string_27" HPOS="547" VPOS="249" WIDTH="61" HEIGHT="17" WC="0.96" CONTENT="skulle"/><SP WIDTH="13" VPOS="249" HPOS="608"/>
							<String ID="string_28" HPOS="621" VPOS="255" WIDTH="41" HEIGHT="11" WC="0.93" CONTENT="man"/><SP WIDTH="14" VPOS="255" HPOS="662"/>
							<String ID="string_29" HPOS="676" VPOS="249" WIDTH="17" HEIGHT="22" WC="0.92" CONTENT="ej"/><SP WIDTH="14" VPOS="249" HPOS="693"/>
							<String ID="string_30" HPOS="707" VPOS="249" WIDTH="70" HEIGHT="17" WC="0.93" CONTENT="kunnat"/><SP WIDTH="13" VPOS="249" HPOS="777"/>
							<String ID="string_31" HPOS="790" VPOS="248" WIDTH="48" HEIGHT="17" WC="0.92" CONTENT="före-"/>
						</TextLine>
						<TextLine ID="line_4" HPOS="80" VPOS="276" WIDTH="760" HEIGHT="24">
							<String ID="string_32" HPOS="80" VPOS="276" WIDTH="56" HEIGHT="17" WC="0.95" CONTENT="ställa"/><SP WIDTH="19" VPOS="276" HPOS="136"/>
							<String ID="string_33" HPOS="155" VPOS="276" WIDTH="33" HEIGHT="23" WC="0.96" CONTENT="sig,"/><SP WIDTH="20" VPOS="276" HPOS="188"/>
							<String ID="string_34" HPOS="208" VPOS="278" WIDTH="28" HEIGHT="16" WC="0.93" CONTENT="att"/><SP WIDTH="18" VPOS="278" HPOS="236"/>
							<String ID="string_35" HPOS="254" VPOS="277" WIDTH="56" HEIGHT="22" WC="0.96" CONTENT="något"/><SP WIDTH="19" VPOS="277" HPOS="310"/>
							<String ID="string_36" HPOS="329" VPOS="277" WIDTH="41" HEIGHT="18" WC="0.93" CONTENT="skäl"/><SP WIDTH="16" VPOS="277" HPOS="370"/>
							<String ID="string_37" HPOS="386" VPOS="277" WIDTH="120" HEIGHT="23" WC="0.38" CONTENT="förefunnits,"/><SP WIDTH="13" VPOS="277" HPOS="506"/>
							<String ID="string_38" HPOS="519" VPOS="280" WIDTH="28" HEIGHT="15" WC="0.93" CONTENT="att"/><SP WIDTH="11" VPOS="280" HPOS="547"/>
							<String ID="string_39" HPOS="558" VPOS="278" WIDTH="40" HEIGHT="17" WC="0.96" CONTENT="låta"/><SP WIDTH="13" VPOS="278" HPOS="598"/>
							<String ID="string_40" HPOS="611" VPOS="278" WIDTH="66" HEIGHT="17" WC="0.93" CONTENT="skolan"/><SP WIDTH="13" VPOS="278" HPOS="677"/>
							<String ID="string_41" HPOS="690" VPOS="278" WIDTH="96" HEIGHT="22" WC="0.96" CONTENT="upphöra;"/><SP WIDTH="12" VPOS="278" HPOS="786"/>
							<String ID="string_42" HPOS="798" VPOS="282" WIDTH="42" HEIGHT="13" WC="0.96" CONTENT="men"/>
						</TextLine>
						<TextLine ID="line_5" HPOS="80" VPOS="305" WIDTH="759" HEIGHT="23">
							<String ID="string_43" HPOS="80" VPOS="305" WIDTH="35" HEIGHT="17" WC="0.96" CONTENT="den"/><SP WIDTH="13" VPOS="305" HPOS="115"/>
							<String ID="string_44" HPOS="128" VPOS="305" WIDTH="6" HEIGHT="17" WC="0.93" CONTENT="i"/><SP WIDTH="12" VPOS="305" HPOS="134"/>
							<String ID="string_45" HPOS="146" VPOS="305" WIDTH="40" HEIGHT="18" WC="0.96" CONTENT="vårt"/><SP WIDTH="13" VPOS="305" HPOS="186"/>
							<String ID="string_46" HPOS="199" VPOS="305" WIDTH="43" HEIGHT="18" WC="0.96" CONTENT="land"/><SP WIDTH="14" VPOS="305" HPOS="242"/>
							<String ID="string_47" HPOS="256" VPOS="305" WIDTH="29" HEIGHT="18" WC="0.96" CONTENT="väl"/><SP WIDTH="13" VPOS="305" HPOS="285"/>
							<String ID="string_48" HPOS="298" VPOS="306" WIDTH="62" HEIGHT="17" WC="0.92" CONTENT="kända"/><SP WIDTH="13" VPOS="306" HPOS="360"/>
							<String ID="string_49" HPOS="373" VPOS="306" WIDTH="59" HEIGHT="18" WC="0.91" CONTENT="ifvern"/><SP WIDTH="14" VPOS="306" HPOS="432"/>
							<String ID="string_50" HPOS="446" VPOS="308" WIDTH="29" HEIGHT="16" WC="0.90" CONTENT="att"/><SP WIDTH="13" VPOS="308" HPOS="475"/>
							<String ID="string_51" HPOS="488" VPOS="307" WIDTH="140" HEIGHT="21" WC="0.81" CONTENT="omorganisera"/><SP WIDTH="12" VPOS="307" HPOS="628"/>
							<String ID="string_52" HPOS="640" VPOS="307" WIDTH="88" HEIGHT="17" WC="0.95" CONTENT="läroverk"/><SP WIDTH="12" VPOS="307" HPOS="728"/>
							<String ID="string_53" HPOS="740" VPOS="306" WIDTH="61" HEIGHT="17" WC="0.93" CONTENT="nådde"/><SP WIDTH="13" VPOS="306" HPOS="801"/>
							<String ID="string_54" HPOS="814" VPOS="305" WIDTH="25" HEIGHT="18" WC="0.90" CONTENT="äf-"/>
						</TextLine>
						<TextLine ID="line_6" HPOS="81" VPOS="334" WIDTH="760" HEIGHT="22">
							<String ID="string_55" HPOS="81" VPOS="338" WIDTH="33" HEIGHT="13" WC="0.96" CONTENT="ven"/><SP WIDTH="14" VPOS="338" HPOS="114"/>
							<String ID="string_56" HPOS="128" VPOS="334" WIDTH="26" HEIGHT="17" WC="0.96" CONTENT="hit"/><SP WIDTH="14" VPOS="334" HPOS="154"/>
							<String ID="string_57" HPOS="168" VPOS="334" WIDTH="33" HEIGHT="17" WC="0.96" CONTENT="och"/><SP WIDTH="13" VPOS="334" HPOS="201"/>
							<String ID="string_58" HPOS="214" VPOS="334" WIDTH="50" HEIGHT="17" WC="0.96" CONTENT="hade"/><SP WIDTH="12" VPOS="334" HPOS="264"/>
							<String ID="string_59" HPOS="276" VPOS="334" WIDTH="29" HEIGHT="18" WC="0.96" CONTENT="till"/><SP WIDTH="12" VPOS="334" HPOS="305"/>
							<String ID="string_60" HPOS="317" VPOS="335" WIDTH="46" HEIGHT="21" WC="0.94" CONTENT="följd"/><SP WIDTH="13" VPOS="335" HPOS="363"/>
							<String ID="string_61" HPOS="376" VPOS="337" WIDTH="28" HEIGHT="15" WC="0.96" CONTENT="att"/><SP WIDTH="12" VPOS="337" HPOS="404"/>
							<String ID="string_62" HPOS="416" VPOS="335" WIDTH="27" HEIGHT="17" WC="0.87" CONTENT="nti"/><SP WIDTH="13" VPOS="335" HPOS="443"/>
							<String ID="string_63" HPOS="456" VPOS="335" WIDTH="76" HEIGHT="17" WC="0.92" CONTENT="Torneä"/><SP WIDTH="15" VPOS="335" HPOS="532"/>
							<String ID="string_64" HPOS="547" VPOS="335" WIDTH="42" HEIGHT="17" WC="0.96" CONTENT="stad"/><SP WIDTH="13" VPOS="335" HPOS="589"/>
							<String ID="string_65" HPOS="602" VPOS="335" WIDTH="59" HEIGHT="17" WC="0.95" CONTENT="under"/><SP WIDTH="13" VPOS="335" HPOS="661"/>
							<String ID="string_66" HPOS="674" VPOS="337" WIDTH="9" HEIGHT="15" WC="0.96" CONTENT="5"/><SP WIDTH="14" VPOS="337" HPOS="683"/>
							<String ID="string_67" HPOS="697" VPOS="335" WIDTH="47" HEIGHT="17" WC="0.96" CONTENT="eller"/><SP WIDTH="12" VPOS="335" HPOS="744"/>
							<String ID="string_68" HPOS="756" VPOS="336" WIDTH="10" HEIGHT="16" WC="0.93" CONTENT="6"/><SP WIDTH="10" VPOS="336" HPOS="766"/>
							<String ID="string_69" HPOS="776" VPOS="335" WIDTH="29" HEIGHT="17" WC="0.93" CONTENT="ärs"/><SP WIDTH="10" VPOS="335" HPOS="805"/>
							<String ID="string_70" HPOS="815" VPOS="335" WIDTH="26" HEIGHT="17" WC="0.97" CONTENT="tid"/>
						</TextLine>
						<TextLine ID="line_7" HPOS="81" VPOS="362" WIDTH="759" HEIGHT="24">
							<String ID="string_71" HPOS="81" VPOS="362" WIDTH="16" HEIGHT="22" WC="0.96" CONTENT="ej"/><SP WIDTH="13" VPOS="362" HPOS="97"/>
							<String ID="string_72" HPOS="110" VPOS="362" WIDTH="70" HEIGHT="18" WC="0.96" CONTENT="funnits"/><SP WIDTH="13" VPOS="362" HPOS="180"/>
							<String ID="string_73" HPOS="193" VPOS="366" WIDTH="57" HEIGHT="14" WC="0.93" CONTENT="annat"/><SP WIDTH="12" VPOS="366" HPOS="250"/>
							<String ID="string_74" HPOS="262" VPOS="363" WIDTH="86" HEIGHT="18" WC="0.96" CONTENT="läroverk"/><SP WIDTH="10" VPOS="363" HPOS="348"/>
							<String ID="string_75" HPOS="358" VPOS="365" WIDTH="23" HEIGHT="16" WC="0.96" CONTENT="än"/><SP WIDTH="9" VPOS="365" HPOS="381"/>
							<String ID="string_76" HPOS="390" VPOS="368" WIDTH="23" HEIGHT="12" WC="0.93" CONTENT="en"/><SP WIDTH="9" VPOS="368" HPOS="413"/>
							<String ID="string_77" HPOS="422" VPOS="364" WIDTH="101" HEIGHT="18" WC="0.93" CONTENT="folkskola."/><SP WIDTH="20" VPOS="364" HPOS="523"/>
							<String ID="string_78" HPOS="543" VPOS="364" WIDTH="138" HEIGHT="22" WC="0.89" CONTENT="Indragningen"/><SP WIDTH="10" VPOS="364" HPOS="681"/>
							<String ID="string_79" HPOS="691" VPOS="364" WIDTH="20" HEIGHT="18" WC="0.97" CONTENT="af"/><SP WIDTH="7" VPOS="364" HPOS="711"/>
							<String ID="string_80" HPOS="718" VPOS="364" WIDTH="61" HEIGHT="17" WC="0.96" CONTENT="denna"/><SP WIDTH="9" VPOS="364" HPOS="779"/>
							<String ID="string_81" HPOS="788" VPOS="364" WIDTH="52" HEIGHT="17" WC="0.96" CONTENT="skola"/>
						</TextLine>
						<TextLine ID="line_8" HPOS="82" VPOS="391" WIDTH="759" HEIGHT="24">
							<String ID="string_82" HPOS="82" VPOS="392" WIDTH="33" HEIGHT="16" WC="0.91" CONTENT="har"/><SP WIDTH="17" VPOS="392" HPOS="115"/>
							<String ID="string_83" HPOS="132" VPOS="391" WIDTH="102" HEIGHT="22" WC="0.92" CONTENT="ingalunda"/><SP WIDTH="17" VPOS="391" HPOS="234"/>
							<String ID="string_84" HPOS="251" VPOS="392" WIDTH="53" HEIGHT="17" WC="0.91" CONTENT="ländt"/><SP WIDTH="17" VPOS="392" HPOS="304"/>
							<String ID="string_85" HPOS="321" VPOS="392" WIDTH="27" HEIGHT="17" WC="0.93" CONTENT="till"/><SP WIDTH="18" VPOS="392" HPOS="348"/>
							<String ID="string_86" HPOS="366" VPOS="392" WIDTH="78" HEIGHT="17" WC="0.96" CONTENT="fromma"/><SP WIDTH="13" VPOS="392" HPOS="444"/>
							<String ID="string_87" HPOS="457" VPOS="392" WIDTH="29" HEIGHT="17" WC="0.92" CONTENT="för"/><SP WIDTH="13" VPOS="392" HPOS="486"/>
							<String ID="string_88" HPOS="499" VPOS="393" WIDTH="145" HEIGHT="22" WC="0.96" CONTENT="befolkningens"/><SP WIDTH="13" VPOS="393" HPOS="644"/>
							<String ID="string_89" HPOS="657" VPOS="393" WIDTH="84" HEIGHT="22" WC="0.96" CONTENT="bildning"/><SP WIDTH="13" VPOS="393" HPOS="741"/>
							<String ID="string_90" HPOS="754" VPOS="392" WIDTH="46" HEIGHT="17" WC="0.96" CONTENT="eller"/><SP WIDTH="12" VPOS="392" HPOS="800"/>
							<String ID="string_91" HPOS="812" VPOS="392" WIDTH="29" HEIGHT="17" WC="0.96" CONTENT="till"/>
						</TextLine>
						<TextLine ID="line_9" HPOS="81" VPOS="419" WIDTH="683" HEIGHT="24">
							<String ID="string_92" HPOS="81" VPOS="419" WIDTH="58" HEIGHT="18" WC="0.92" CONTENT="heder"/><SP WIDTH="12" VPOS="419" HPOS="139"/>
							<String ID="string_93" HPOS="151" VPOS="419" WIDTH="29" HEIGHT="18" WC="0.96" CONTENT="för"/><SP WIDTH="12" VPOS="419" HPOS="180"/>
							<String ID="string_94" HPOS="192" VPOS="420" WIDTH="48" HEIGHT="23" WC="0.96" CONTENT="dem,"/><SP WIDTH="12" VPOS="420" HPOS="240"/>
							<String ID="string_95" HPOS="252" VPOS="426" WIDTH="40" HEIGHT="12" WC="0.97" CONTENT="som"/><SP WIDTH="12" VPOS="426" HPOS="292"/>
							<String ID="string_96" HPOS="304" VPOS="421" WIDTH="29" HEIGHT="17" WC="0.96" CONTENT="stä"/><SP WIDTH="13" VPOS="421" HPOS="333"/>
							<String ID="string_97" HPOS="346" VPOS="421" WIDTH="5" HEIGHT="16" WC="0.93" CONTENT="i"/><SP WIDTH="13" VPOS="421" HPOS="351"/>
							<String ID="string_98" HPOS="364" VPOS="423" WIDTH="76" HEIGHT="20" WC="0.93" CONTENT="spetsen"/><SP WIDTH="14" VPOS="423" HPOS="440"/>
							<String ID="string_99" HPOS="454" VPOS="421" WIDTH="30" HEIGHT="17" WC="0.93" CONTENT="för"/><SP WIDTH="12" VPOS="421" HPOS="484"/>
							<String ID="string_100" HPOS="496" VPOS="421" WIDTH="135" HEIGHT="18" WC="0.92" CONTENT="skolväsendet"/><SP WIDTH="12" VPOS="421" HPOS="631"/>
							<String ID="string_101" HPOS="643" VPOS="422" WIDTH="6" HEIGHT="17" WC="0.93" CONTENT="i"/><SP WIDTH="14" VPOS="422" HPOS="649"/>
							<String ID="string_102" HPOS="663" VPOS="422" WIDTH="39" HEIGHT="17" WC="0.93" CONTENT="värt"/><SP WIDTH="13" VPOS="422" HPOS="702"/>
							<String ID="string_103" HPOS="715" VPOS="421" WIDTH="49" HEIGHT="18" WC="0.96" CONTENT="land."/>
						</TextLine>
					</TextBlock>
					<TextBlock ID="block_3" HPOS="81" VPOS="455" WIDTH="761" HEIGHT="253">
						<TextLine ID="line_10" HPOS="149" VPOS="455" WIDTH="691" HEIGHT="23">
							<String ID="string_104" HPOS="149" VPOS="455" WIDTH="37" HEIGHT="17" WC="0.92" CONTENT="Till"/><SP WIDTH="13" VPOS="455" HPOS="186"/>
							<String ID="string_105" HPOS="199" VPOS="455" WIDTH="74" HEIGHT="17" WC="0.92" CONTENT="Torneä"/><SP WIDTH="13" VPOS="455" HPOS="273"/>
							<String ID="string_106" HPOS="286" VPOS="455" WIDTH="124" HEIGHT="22" WC="0.91" CONTENT="skolomräde,"/><SP WIDTH="9" VPOS="455" HPOS="410"/>
							<String ID="string_107" HPOS="419" VPOS="455" WIDTH="29" HEIGHT="18" WC="0.93" CONTENT="till"/><SP WIDTH="10" VPOS="455" HPOS="448"/>
							<String ID="string_108" HPOS="458" VPOS="455" WIDTH="73" HEIGHT="18" WC="0.93" CONTENT="hvilket"/><SP WIDTH="8" VPOS="455" HPOS="531"/>
							<String ID="string_109" HPOS="539" VPOS="456" WIDTH="37" HEIGHT="17" WC="0.93" CONTENT="kan"/><SP WIDTH="46" VPOS="456" HPOS="576"/>
							<String ID="string_110" HPOS="622" VPOS="462" WIDTH="33" HEIGHT="12" WC="0.93" CONTENT="räknas"/><SP WIDTH="9" VPOS="462" HPOS="655"/>
							<String ID="string_111" HPOS="664" VPOS="456" WIDTH="62" HEIGHT="17" WC="0.92" CONTENT="Kemi-"/><SP WIDTH="10" VPOS="456" HPOS="726"/>
							<String ID="string_112" HPOS="736" VPOS="456" WIDTH="33" HEIGHT="17" WC="0.93" CONTENT="och"/><SP WIDTH="10" VPOS="456" HPOS="769"/>
							<String ID="string_113" HPOS="779" VPOS="455" WIDTH="61" HEIGHT="23" WC="0.90" CONTENT="Lapp-"/>
						</TextLine>
						<TextLine ID="line_11" HPOS="81" VPOS="483" WIDTH="759" HEIGHT="24">
							<String ID="string_114" HPOS="81" VPOS="483" WIDTH="86" HEIGHT="18" WC="0.92" CONTENT="markens"/><SP WIDTH="13" VPOS="483" HPOS="167"/>
							<String ID="string_115" HPOS="180" VPOS="483" WIDTH="86" HEIGHT="22" WC="0.92" CONTENT="härader,"/><SP WIDTH="13" VPOS="483" HPOS="266"/>
							<String ID="string_116" HPOS="279" VPOS="484" WIDTH="46" HEIGHT="17" WC="0.93" CONTENT="höra"/><SP WIDTH="14" VPOS="484" HPOS="325"/>
							<String ID="string_117" HPOS="339" VPOS="485" WIDTH="21" HEIGHT="16" WC="0.96" CONTENT="17"/><SP WIDTH="14" VPOS="485" HPOS="360"/>
							<String ID="string_118" HPOS="374" VPOS="486" WIDTH="60" HEIGHT="16" WC="0.96" CONTENT="större"/><SP WIDTH="13" VPOS="486" HPOS="434"/>
							<String ID="string_119" HPOS="447" VPOS="485" WIDTH="35" HEIGHT="17" WC="0.96" CONTENT="och"/><SP WIDTH="10" VPOS="485" HPOS="482"/>
							<String ID="string_120" HPOS="492" VPOS="485" WIDTH="70" HEIGHT="17" WC="0.93" CONTENT="mindre"/><SP WIDTH="40" VPOS="485" HPOS="562"/>
							<String ID="string_121" HPOS="602" VPOS="485" WIDTH="102" HEIGHT="22" WC="0.92" CONTENT="församlingar"/><SP WIDTH="8" VPOS="485" HPOS="704"/>
							<String ID="string_122" HPOS="712" VPOS="487" WIDTH="48" HEIGHT="16" WC="0.93" CONTENT="samt"/><SP WIDTH="8" VPOS="487" HPOS="760"/>
							<String ID="string_123" HPOS="768" VPOS="485" WIDTH="72" HEIGHT="18" WC="0.93" CONTENT="Torneä"/>
						</TextLine>
						<TextLine ID="line_12" HPOS="82" VPOS="512" WIDTH="759" HEIGHT="25">
							<String ID="string_124" HPOS="82" VPOS="513" WIDTH="33" HEIGHT="16" WC="0.92" CONTENT="och"/><SP WIDTH="14" VPOS="513" HPOS="115"/>
							<String ID="string_125" HPOS="129" VPOS="512" WIDTH="52" HEIGHT="17" WC="0.70" CONTENT="Kemi"/><SP WIDTH="7" VPOS="512" HPOS="181"/>
							<String ID="string_126" HPOS="188" VPOS="512" WIDTH="70" HEIGHT="18" WC="0.70" CONTENT="städer."/><SP WIDTH="18" VPOS="512" HPOS="258"/>
							<String ID="string_127" HPOS="276" VPOS="513" WIDTH="66" HEIGHT="17" WC="0.96" CONTENT="Denna"/><SP WIDTH="13" VPOS="513" HPOS="342"/>
							<String ID="string_128" HPOS="355" VPOS="513" WIDTH="31" HEIGHT="17" WC="0.96" CONTENT="del"/><SP WIDTH="9" VPOS="513" HPOS="386"/>
							<String ID="string_129" HPOS="395" VPOS="513" WIDTH="21" HEIGHT="18" WC="0.96" CONTENT="af"/><SP WIDTH="7" VPOS="513" HPOS="416"/>
							<String ID="string_130" HPOS="423" VPOS="513" WIDTH="65" HEIGHT="18" WC="0.96" CONTENT="landet"/><SP WIDTH="9" VPOS="513" HPOS="488"/>
							<String ID="string_131" HPOS="497" VPOS="515" WIDTH="21" HEIGHT="16" WC="0.93" CONTENT="är"/><SP WIDTH="9" VPOS="515" HPOS="518"/>
							<String ID="string_132" HPOS="527" VPOS="514" WIDTH="109" HEIGHT="23" WC="0.96" CONTENT="visserligen"/><SP WIDTH="10" VPOS="514" HPOS="636"/>
							<String ID="string_133" HPOS="646" VPOS="514" WIDTH="16" HEIGHT="22" WC="0.96" CONTENT="ej"/><SP WIDTH="11" VPOS="514" HPOS="662"/>
							<String ID="string_134" HPOS="673" VPOS="514" WIDTH="21" HEIGHT="17" WC="0.93" CONTENT="sä"/><SP WIDTH="8" VPOS="514" HPOS="694"/>
							<String ID="string_135" HPOS="702" VPOS="516" WIDTH="36" HEIGHT="16" WC="0.96" CONTENT="tätt"/><SP WIDTH="8" VPOS="516" HPOS="738"/>
							<String ID="string_136" HPOS="746" VPOS="513" WIDTH="95" HEIGHT="22" WC="0.96" CONTENT="befolkad,"/>
						</TextLine>
						<TextLine ID="line_13" HPOS="82" VPOS="541" WIDTH="760" HEIGHT="24">
							<String ID="string_137" HPOS="82" VPOS="547" WIDTH="38" HEIGHT="12" WC="0.96" CONTENT="som"/><SP WIDTH="19" VPOS="547" HPOS="120"/>
							<String ID="string_138" HPOS="139" VPOS="541" WIDTH="36" HEIGHT="18" WC="0.93" CONTENT="den"/><SP WIDTH="17" VPOS="541" HPOS="175"/>
							<String ID="string_139" HPOS="192" VPOS="541" WIDTH="99" HEIGHT="23" WC="0.95" CONTENT="sydligare,"/><SP WIDTH="13" VPOS="541" HPOS="291"/>
							<String ID="string_140" HPOS="304" VPOS="547" WIDTH="41" HEIGHT="12" WC="0.96" CONTENT="men"/><SP WIDTH="13" VPOS="547" HPOS="345"/>
							<String ID="string_141" HPOS="358" VPOS="547" WIDTH="29" HEIGHT="12" WC="0.96" CONTENT="om"/><SP WIDTH="13" VPOS="547" HPOS="387"/>
							<String ID="string_142" HPOS="400" VPOS="542" WIDTH="6" HEIGHT="17" WC="0.93" CONTENT="i"/><SP WIDTH="12" VPOS="542" HPOS="406"/>
							<String ID="string_143" HPOS="418" VPOS="542" WIDTH="66" HEIGHT="18" WC="0.96" CONTENT="stället"/><SP WIDTH="13" VPOS="542" HPOS="484"/>
							<String ID="string_144" HPOS="497" VPOS="543" WIDTH="89" HEIGHT="17" WC="0.96" CONTENT="afseende"/><SP WIDTH="13" VPOS="543" HPOS="586"/>
							<String ID="string_145" HPOS="599" VPOS="543" WIDTH="59" HEIGHT="18" WC="0.96" CONTENT="fästes"/><SP WIDTH="13" VPOS="543" HPOS="658"/>
							<String ID="string_146" HPOS="671" VPOS="543" WIDTH="30" HEIGHT="18" WC="0.93" CONTENT="vid"/><SP WIDTH="13" VPOS="543" HPOS="701"/>
							<String ID="string_147" HPOS="714" VPOS="543" WIDTH="128" HEIGHT="22" WC="0.89" CONTENT="vägsträckor-"/>
						</TextLine>
						<TextLine ID="line_14" HPOS="81" VPOS="570" WIDTH="759" HEIGHT="23">
							<String ID="string_148" HPOS="81" VPOS="576" WIDTH="34" HEIGHT="11" WC="0.92" CONTENT="nas"/><SP WIDTH="13" VPOS="576" HPOS="115"/>
							<String ID="string_149" HPOS="128" VPOS="570" WIDTH="62" HEIGHT="23" WC="0.92" CONTENT="längd,"/><SP WIDTH="13" VPOS="570" HPOS="190"/>
							<String ID="string_150" HPOS="203" VPOS="570" WIDTH="21" HEIGHT="18" WC="0.93" CONTENT="sä"/><SP WIDTH="12" VPOS="570" HPOS="224"/>
							<String ID="string_151" HPOS="236" VPOS="570" WIDTH="84" HEIGHT="23" WC="0.92" CONTENT="framgär,"/><SP WIDTH="15" VPOS="570" HPOS="320"/>
							<String ID="string_152" HPOS="335" VPOS="573" WIDTH="27" HEIGHT="16" WC="0.93" CONTENT="att"/><SP WIDTH="13" VPOS="573" HPOS="362"/>
							<String ID="string_153" HPOS="375" VPOS="571" WIDTH="79" HEIGHT="22" WC="0.92" CONTENT="mängen"/><SP WIDTH="14" VPOS="571" HPOS="454"/>
							<String ID="string_154" HPOS="468" VPOS="571" WIDTH="151" HEIGHT="22" WC="0.90" CONTENT="församlingsho,"/><SP WIDTH="13" VPOS="571" HPOS="619"/>
							<String ID="string_155" HPOS="632" VPOS="571" WIDTH="53" HEIGHT="18" WC="0.93" CONTENT="äfven"/><SP WIDTH="14" VPOS="571" HPOS="685"/>
							<String ID="string_156" HPOS="699" VPOS="577" WIDTH="29" HEIGHT="12" WC="0.96" CONTENT="om"/><SP WIDTH="13" VPOS="577" HPOS="728"/>
							<String ID="string_157" HPOS="741" VPOS="566" WIDTH="40" HEIGHT="32" WC="0.90" CONTENT="skola"/><SP WIDTH="18" VPOS="566" HPOS="781"/>
							<String ID="string_158" HPOS="799" VPOS="571" WIDTH="41" HEIGHT="18" WC="0.90" CONTENT="fun-"/>
						</TextLine>
						<TextLine ID="line_15" HPOS="81" VPOS="599" WIDTH="761" HEIGHT="23">
							<String ID="string_159" HPOS="81" VPOS="604" WIDTH="33" HEIGHT="13" WC="0.94" CONTENT="nes"/><SP WIDTH="13" VPOS="604" HPOS="114"/>
							<String ID="string_160" HPOS="127" VPOS="599" WIDTH="6" HEIGHT="17" WC="0.93" CONTENT="i"/><SP WIDTH="12" VPOS="599" HPOS="133"/>
							<String ID="string_161" HPOS="145" VPOS="599" WIDTH="80" HEIGHT="22" WC="0.90" CONTENT="Torneä,"/><SP WIDTH="19" VPOS="599" HPOS="225"/>
							<String ID="string_162" HPOS="244" VPOS="599" WIDTH="28" HEIGHT="18" WC="0.96" CONTENT="till"/><SP WIDTH="19" VPOS="599" HPOS="272"/>
							<String ID="string_163" HPOS="291" VPOS="600" WIDTH="35" HEIGHT="17" WC="0.96" CONTENT="den"/><SP WIDTH="14" VPOS="600" HPOS="326"/>
							<String ID="string_164" HPOS="340" VPOS="605" WIDTH="70" HEIGHT="13" WC="0.96" CONTENT="samma"/><SP WIDTH="12" VPOS="605" HPOS="410"/>
							<String ID="string_165" HPOS="422" VPOS="600" WIDTH="63" HEIGHT="17" WC="0.93" CONTENT="skulle"/><SP WIDTH="13" VPOS="600" HPOS="485"/>
							<String ID="string_166" HPOS="498" VPOS="600" WIDTH="56" HEIGHT="18" WC="0.92" CONTENT="hafva"/><SP WIDTH="15" VPOS="600" HPOS="554"/>
							<String ID="string_167" HPOS="569" VPOS="601" WIDTH="25" HEIGHT="20" WC="0.96" CONTENT="10,"/><SP WIDTH="14" VPOS="601" HPOS="594"/>
							<String ID="string_168" HPOS="608" VPOS="602" WIDTH="27" HEIGHT="20" WC="0.96" CONTENT="15,"/><SP WIDTH="13" VPOS="602" HPOS="635"/>
							<String ID="string_169" HPOS="648" VPOS="601" WIDTH="28" HEIGHT="21" WC="0.96" CONTENT="20,"/><SP WIDTH="13" VPOS="601" HPOS="676"/>
							<String ID="string_170" HPOS="689" VPOS="601" WIDTH="22" HEIGHT="16" WC="0.95" CONTENT="40"/><SP WIDTH="13" VPOS="601" HPOS="711"/>
							<String ID="string_171" HPOS="724" VPOS="600" WIDTH="33" HEIGHT="17" WC="0.90" CONTENT="ooh"/><SP WIDTH="14" VPOS="600" HPOS="757"/>
							<String ID="string_172" HPOS="771" VPOS="601" WIDTH="21" HEIGHT="16" WC="0.96" CONTENT="45"/><SP WIDTH="13" VPOS="601" HPOS="792"/>
							<String ID="string_173" HPOS="805" VPOS="599" WIDTH="37" HEIGHT="18" WC="0.96" CONTENT="mil."/>
						</TextLine>
						<TextLine ID="line_16" HPOS="81" VPOS="627" WIDTH="761" HEIGHT="24">
							<String ID="string_174" HPOS="81" VPOS="628" WIDTH="34" HEIGHT="18" WC="0.95" CONTENT="Nu,"/><SP WIDTH="14" VPOS="628" HPOS="115"/>
							<String ID="string_175" HPOS="129" VPOS="627" WIDTH="23" HEIGHT="18" WC="0.96" CONTENT="dä"/><SP WIDTH="13" VPOS="627" HPOS="152"/>
							<String ID="string_176" HPOS="165" VPOS="628" WIDTH="36" HEIGHT="17" WC="0.96" CONTENT="den"/><SP WIDTH="13" VPOS="628" HPOS="201"/>
							<String ID="string_177" HPOS="214" VPOS="629" WIDTH="92" HEIGHT="17" WC="0.93" CONTENT="närmaste"/><SP WIDTH="16" VPOS="629" HPOS="306"/>
							<String ID="string_178" HPOS="322" VPOS="629" WIDTH="152" HEIGHT="17" WC="0.92" CONTENT="lärdomsskolan"/><SP WIDTH="14" VPOS="629" HPOS="474"/>
							<String ID="string_179" HPOS="488" VPOS="631" WIDTH="21" HEIGHT="16" WC="0.95" CONTENT="är"/><SP WIDTH="12" VPOS="631" HPOS="509"/>
							<String ID="string_180" HPOS="521" VPOS="629" WIDTH="6" HEIGHT="17" WC="0.93" CONTENT="i"/><SP WIDTH="13" VPOS="629" HPOS="527"/>
							<String ID="string_181" HPOS="540" VPOS="629" WIDTH="101" HEIGHT="22" WC="0.96" CONTENT="Uleåborg,"/><SP WIDTH="13" VPOS="629" HPOS="641"/>
							<String ID="string_182" HPOS="654" VPOS="629" WIDTH="34" HEIGHT="18" WC="0.93" CONTENT="bör"/><SP WIDTH="13" VPOS="629" HPOS="688"/>
							<String ID="string_183" HPOS="701" VPOS="629" WIDTH="62" HEIGHT="18" WC="0.96" CONTENT="härtill"/><SP WIDTH="14" VPOS="629" HPOS="763"/>
							<String ID="string_184" HPOS="777" VPOS="629" WIDTH="65" HEIGHT="22" WC="0.96" CONTENT="läggas"/>
						</TextLine>
						<TextLine ID="line_17" HPOS="82" VPOS="657" WIDTH="759" HEIGHT="23">
							<String ID="string_185" HPOS="82" VPOS="659" WIDTH="58" HEIGHT="19" WC="0.93" CONTENT="vägen"/><SP WIDTH="19" VPOS="659" HPOS="140"/>
							<String ID="string_186" HPOS="159" VPOS="657" WIDTH="41" HEIGHT="17" WC="0.96" CONTENT="från"/><SP WIDTH="18" VPOS="657" HPOS="200"/>
							<String ID="string_187" HPOS="218" VPOS="657" WIDTH="73" HEIGHT="17" WC="0.95" CONTENT="Torneå"/><SP WIDTH="18" VPOS="657" HPOS="291"/>
							<String ID="string_188" HPOS="309" VPOS="657" WIDTH="29" HEIGHT="17" WC="0.93" CONTENT="till"/><SP WIDTH="17" VPOS="657" HPOS="338"/>
							<String ID="string_189" HPOS="355" VPOS="657" WIDTH="97" HEIGHT="22" WC="0.95" CONTENT="Uleåborg"/><SP WIDTH="18" VPOS="657" HPOS="452"/>
							<String ID="string_190" HPOS="470" VPOS="658" WIDTH="48" HEIGHT="17" WC="0.95" CONTENT="eller"/><SP WIDTH="14" VPOS="658" HPOS="518"/>
							<String ID="string_191" HPOS="532" VPOS="659" WIDTH="20" HEIGHT="15" WC="0.96" CONTENT="15"/><SP WIDTH="13" VPOS="659" HPOS="552"/>
							<String ID="string_192" HPOS="565" VPOS="657" WIDTH="37" HEIGHT="23" WC="0.96" CONTENT="mil,"/><SP WIDTH="13" VPOS="657" HPOS="602"/>
							<String ID="string_193" HPOS="615" VPOS="658" WIDTH="34" HEIGHT="17" WC="0.96" CONTENT="och"/><SP WIDTH="14" VPOS="658" HPOS="649"/>
							<String ID="string_194" HPOS="663" VPOS="657" WIDTH="31" HEIGHT="19" WC="0.96" CONTENT="det"/><SP WIDTH="13" VPOS="657" HPOS="694"/>
							<String ID="string_195" HPOS="707" VPOS="660" WIDTH="21" HEIGHT="15" WC="0.93" CONTENT="är"/><SP WIDTH="12" VPOS="660" HPOS="728"/>
							<String ID="string_196" HPOS="740" VPOS="657" WIDTH="101" HEIGHT="18" WC="0.96" CONTENT="detsamma"/>
						</TextLine>
						<TextLine ID="line_18" HPOS="82" VPOS="685" WIDTH="478" HEIGHT="23">
							<String ID="string_197" HPOS="82" VPOS="691" WIDTH="39" HEIGHT="12" WC="0.96" CONTENT="som"/><SP WIDTH="13" VPOS="691" HPOS="121"/>
							<String ID="string_198" HPOS="134" VPOS="690" WIDTH="28" HEIGHT="12" WC="0.96" CONTENT="om"/><SP WIDTH="14" VPOS="690" HPOS="162"/>
							<String ID="string_199" HPOS="176" VPOS="686" WIDTH="5" HEIGHT="16" WC="0.93" CONTENT="i"/><SP WIDTH="13" VPOS="686" HPOS="181"/>
							<String ID="string_200" HPOS="194" VPOS="685" WIDTH="40" HEIGHT="18" WC="0.93" CONTENT="värt"/><SP WIDTH="13" VPOS="685" HPOS="234"/>
							<String ID="string_201" HPOS="247" VPOS="686" WIDTH="43" HEIGHT="17" WC="0.96" CONTENT="land"/><SP WIDTH="14" VPOS="686" HPOS="290"/>
							<String ID="string_202" HPOS="304" VPOS="686" WIDTH="44" HEIGHT="22" WC="0.93" CONTENT="inga"/><SP WIDTH="12" VPOS="686" HPOS="348"/>
							<String ID="string_203" HPOS="360" VPOS="686" WIDTH="65" HEIGHT="18" WC="0.93" CONTENT="skolor"/><SP WIDTH="13" VPOS="686" HPOS="425"/>
							<String ID="string_204" HPOS="438" VPOS="686" WIDTH="37" HEIGHT="18" WC="0.92" CONTENT="alls"/><SP WIDTH="13" VPOS="686" HPOS="475"/>
							<String ID="string_205" HPOS="488" VPOS="686" WIDTH="72" HEIGHT="18" WC="0.92" CONTENT="funnes."/>
						</TextLine>
					</TextBlock>
				</ComposedBlock>
				<Illustration ID="cblock_3" HPOS="582" VPOS="454" WIDTH="36" HEIGHT="23"></Illustration>
				<Illustration ID="cblock_4" HPOS="562" VPOS="485" WIDTH="39" HEIGHT="18"></Illustration>
				<ComposedBlock ID="cblock_5" HPOS="82" VPOS="720" WIDTH="761" HEIGHT="400">
					<TextBlock ID="block_4" HPOS="82" VPOS="720" WIDTH="761" HEIGHT="110">
						<TextLine ID="line_19" HPOS="150" VPOS="720" WIDTH="692" HEIGHT="23">
							<String ID="string_206" HPOS="150" VPOS="720" WIDTH="26" HEIGHT="17" WC="0.96" CONTENT="Af"/><SP WIDTH="17" VPOS="720" HPOS="176"/>
							<String ID="string_207" HPOS="193" VPOS="720" WIDTH="61" HEIGHT="18" WC="0.92" CONTENT="denna"/><SP WIDTH="18" VPOS="720" HPOS="254"/>
							<String ID="string_208" HPOS="272" VPOS="721" WIDTH="56" HEIGHT="17" WC="0.92" CONTENT="orsak"/><SP WIDTH="19" VPOS="721" HPOS="328"/>
							<String ID="string_209" HPOS="347" VPOS="720" WIDTH="56" HEIGHT="18" WC="0.90" CONTENT="hafva"/><SP WIDTH="19" VPOS="720" HPOS="403"/>
							<String ID="string_210" HPOS="422" VPOS="721" WIDTH="70" HEIGHT="21" WC="0.89" CONTENT="mänga"/><SP WIDTH="15" VPOS="721" HPOS="492"/>
							<String ID="string_211" HPOS="507" VPOS="726" WIDTH="67" HEIGHT="17" WC="0.93" CONTENT="gossar"/><SP WIDTH="12" VPOS="726" HPOS="574"/>
							<String ID="string_212" HPOS="586" VPOS="720" WIDTH="40" HEIGHT="18" WC="0.91" CONTENT="frän"/><SP WIDTH="13" VPOS="720" HPOS="626"/>
							<String ID="string_213" HPOS="639" VPOS="720" WIDTH="73" HEIGHT="18" WC="0.91" CONTENT="Torneä"/><SP WIDTH="13" VPOS="720" HPOS="712"/>
							<String ID="string_214" HPOS="725" VPOS="720" WIDTH="117" HEIGHT="18" WC="0.91" CONTENT="skolomräde"/>
						</TextLine>
						<TextLine ID="line_20" HPOS="82" VPOS="748" WIDTH="761" HEIGHT="24">
							<String ID="string_215" HPOS="82" VPOS="748" WIDTH="61" HEIGHT="18" WC="0.96" CONTENT="blifvit"/><SP WIDTH="11" VPOS="748" HPOS="143"/>
							<String ID="string_216" HPOS="154" VPOS="751" WIDTH="45" HEIGHT="15" WC="0.97" CONTENT="utan"/><SP WIDTH="13" VPOS="751" HPOS="199"/>
							<String ID="string_217" HPOS="212" VPOS="749" WIDTH="133" HEIGHT="23" WC="0.95" CONTENT="undervisning"/><SP WIDTH="13" VPOS="749" HPOS="345"/>
							<String ID="string_218" HPOS="358" VPOS="749" WIDTH="59" HEIGHT="18" WC="0.96" CONTENT="under"/><SP WIDTH="13" VPOS="749" HPOS="417"/>
							<String ID="string_219" HPOS="430" VPOS="750" WIDTH="34" HEIGHT="17" WC="0.96" CONTENT="det"/><SP WIDTH="8" VPOS="750" HPOS="464"/>
							<String ID="string_220" HPOS="472" VPOS="749" WIDTH="64" HEIGHT="20" WC="0.96" CONTENT="andra,"/><SP WIDTH="12" VPOS="749" HPOS="536"/>
							<String ID="string_221" HPOS="548" VPOS="755" WIDTH="39" HEIGHT="12" WC="0.93" CONTENT="som"/><SP WIDTH="9" VPOS="755" HPOS="587"/>
							<String ID="string_222" HPOS="596" VPOS="750" WIDTH="72" HEIGHT="18" WC="0.96" CONTENT="fordom"/><SP WIDTH="10" VPOS="750" HPOS="668"/>
							<String ID="string_223" HPOS="678" VPOS="749" WIDTH="76" HEIGHT="22" WC="0.93" CONTENT="skedde,"/><SP WIDTH="10" VPOS="749" HPOS="754"/>
							<String ID="string_224" HPOS="764" VPOS="750" WIDTH="79" HEIGHT="22" WC="0.93" CONTENT="nödgats"/>
						</TextLine>
						<TextLine ID="line_21" HPOS="82" VPOS="777" WIDTH="761" HEIGHT="24">
							<String ID="string_225" HPOS="82" VPOS="777" WIDTH="73" HEIGHT="18" WC="0.92" CONTENT="inträda"/><SP WIDTH="18" VPOS="777" HPOS="155"/>
							<String ID="string_226" HPOS="173" VPOS="778" WIDTH="26" HEIGHT="17" WC="0.92" CONTENT="uti"/><SP WIDTH="19" VPOS="778" HPOS="199"/>
							<String ID="string_227" HPOS="218" VPOS="778" WIDTH="71" HEIGHT="23" WC="0.92" CONTENT="lyceum"/><SP WIDTH="13" VPOS="778" HPOS="289"/>
							<String ID="string_228" HPOS="302" VPOS="778" WIDTH="6" HEIGHT="17" WC="0.96" CONTENT="i"/><SP WIDTH="13" VPOS="778" HPOS="308"/>
							<String ID="string_229" HPOS="321" VPOS="778" WIDTH="119" HEIGHT="22" WC="0.96" CONTENT="Haparanda,"/><SP WIDTH="23" VPOS="778" HPOS="440"/>
							<String ID="string_230" HPOS="463" VPOS="778" WIDTH="29" HEIGHT="18" WC="0.96" CONTENT="för"/><SP WIDTH="14" VPOS="778" HPOS="492"/>
							<String ID="string_231" HPOS="506" VPOS="781" WIDTH="27" HEIGHT="15" WC="0.96" CONTENT="att"/><SP WIDTH="13" VPOS="781" HPOS="533"/>
							<String ID="string_232" HPOS="546" VPOS="778" WIDTH="33" HEIGHT="18" WC="0.92" CONTENT="der"/><SP WIDTH="13" VPOS="778" HPOS="579"/>
							<String ID="string_233" HPOS="592" VPOS="778" WIDTH="72" HEIGHT="18" WC="0.92" CONTENT="erhälla"/><SP WIDTH="14" VPOS="778" HPOS="664"/>
							<String ID="string_234" HPOS="678" VPOS="779" WIDTH="68" HEIGHT="17" WC="0.93" CONTENT="svensk"/><SP WIDTH="13" VPOS="779" HPOS="746"/>
							<String ID="string_235" HPOS="759" VPOS="778" WIDTH="84" HEIGHT="22" WC="0.92" CONTENT="bildning"/>
						</TextLine>
						<TextLine ID="line_22" HPOS="82" VPOS="806" WIDTH="707" HEIGHT="24">
							<String ID="string_236" HPOS="82" VPOS="806" WIDTH="35" HEIGHT="18" WC="0.96" CONTENT="och"/><SP WIDTH="13" VPOS="806" HPOS="117"/>
							<String ID="string_237" HPOS="130" VPOS="806" WIDTH="24" HEIGHT="22" WC="0.96" CONTENT="pä"/><SP WIDTH="12" VPOS="806" HPOS="154"/>
							<String ID="string_238" HPOS="166" VPOS="811" WIDTH="70" HEIGHT="13" WC="0.93" CONTENT="samma"/><SP WIDTH="12" VPOS="811" HPOS="236"/>
							<String ID="string_239" HPOS="248" VPOS="807" WIDTH="50" HEIGHT="22" WC="0.91" CONTENT="gäng"/><SP WIDTH="12" VPOS="807" HPOS="298"/>
							<String ID="string_240" HPOS="310" VPOS="807" WIDTH="38" HEIGHT="17" WC="0.92" CONTENT="öka"/><SP WIDTH="12" VPOS="807" HPOS="348"/>
							<String ID="string_241" HPOS="360" VPOS="807" WIDTH="36" HEIGHT="17" WC="0.93" CONTENT="den"/><SP WIDTH="14" VPOS="807" HPOS="396"/>
							<String ID="string_242" HPOS="410" VPOS="807" WIDTH="189" HEIGHT="19" WC="0.89" CONTENT="tacksamhetsskuld,"/><SP WIDTH="15" VPOS="807" HPOS="599"/>
							<String ID="string_243" HPOS="614" VPOS="813" WIDTH="39" HEIGHT="12" WC="0.93" CONTENT="som"/><SP WIDTH="13" VPOS="813" HPOS="653"/>
							<String ID="string_244" HPOS="666" VPOS="808" WIDTH="75" HEIGHT="22" WC="0.92" CONTENT="trycker"/><SP WIDTH="12" VPOS="808" HPOS="741"/>
							<String ID="string_245" HPOS="753" VPOS="813" WIDTH="36" HEIGHT="12" WC="0.96" CONTENT="oss."/>
						</TextLine>
					</TextBlock>
					<TextBlock ID="block_5" HPOS="82" VPOS="840" WIDTH="761" HEIGHT="225">
						<TextLine ID="line_23" HPOS="150" VPOS="840" WIDTH="693" HEIGHT="24">
							<String ID="string_246" HPOS="150" VPOS="840" WIDTH="38" HEIGHT="18" WC="0.96" CONTENT="Det"/><SP WIDTH="19" VPOS="840" HPOS="188"/>
							<String ID="string_247" HPOS="207" VPOS="842" WIDTH="21" HEIGHT="16" WC="0.95" CONTENT="är"/><SP WIDTH="18" VPOS="842" HPOS="228"/>
							<String ID="string_248" HPOS="246" VPOS="846" WIDTH="22" HEIGHT="12" WC="0.96" CONTENT="en"/><SP WIDTH="16" VPOS="846" HPOS="268"/>
							<String ID="string_249" HPOS="284" VPOS="841" WIDTH="28" HEIGHT="17" WC="0.93" CONTENT="för"/><SP WIDTH="18" VPOS="841" HPOS="312"/>
							<String ID="string_250" HPOS="330" VPOS="841" WIDTH="40" HEIGHT="18" WC="0.91" CONTENT="värt"/><SP WIDTH="12" VPOS="841" HPOS="370"/>
							<String ID="string_251" HPOS="382" VPOS="841" WIDTH="55" HEIGHT="18" WC="0.92" CONTENT="lands"/><SP WIDTH="14" VPOS="841" HPOS="437"/>
							<String ID="string_252" HPOS="451" VPOS="842" WIDTH="95" HEIGHT="17" WC="0.92" CONTENT="anseende"/><SP WIDTH="14" VPOS="842" HPOS="546"/>
							<String ID="string_253" HPOS="560" VPOS="842" WIDTH="69" HEIGHT="22" WC="0.92" CONTENT="menlig"/><SP WIDTH="13" VPOS="842" HPOS="629"/>
							<String ID="string_254" HPOS="642" VPOS="842" WIDTH="144" HEIGHT="22" WC="0.92" CONTENT="omständighet,"/><SP WIDTH="12" VPOS="842" HPOS="786"/>
							<String ID="string_255" HPOS="798" VPOS="844" WIDTH="27" HEIGHT="15" WC="0.96" CONTENT="att"/><SP WIDTH="13" VPOS="844" HPOS="825"/>
							<String ID="string_256" HPOS="838" VPOS="842" WIDTH="5" HEIGHT="16" WC="0.96" CONTENT="i"/>
						</TextLine>
						<TextLine ID="line_24" HPOS="82" VPOS="869" WIDTH="760" HEIGHT="24">
							<String ID="string_257" HPOS="82" VPOS="869" WIDTH="74" HEIGHT="18" WC="0.96" CONTENT="landets"/><SP WIDTH="12" VPOS="869" HPOS="156"/>
							<String ID="string_258" HPOS="168" VPOS="872" WIDTH="46" HEIGHT="15" WC="0.96" CONTENT="nära"/><SP WIDTH="13" VPOS="872" HPOS="214"/>
							<String ID="string_259" HPOS="227" VPOS="876" WIDTH="37" HEIGHT="16" WC="0.93" CONTENT="nog"/><SP WIDTH="13" VPOS="876" HPOS="264"/>
							<String ID="string_260" HPOS="277" VPOS="870" WIDTH="61" HEIGHT="18" WC="0.96" CONTENT="äldsta"/><SP WIDTH="14" VPOS="870" HPOS="338"/>
							<String ID="string_261" HPOS="352" VPOS="870" WIDTH="41" HEIGHT="18" WC="0.92" CONTENT="stad"/><SP WIDTH="14" VPOS="870" HPOS="393"/>
							<String ID="string_262" HPOS="407" VPOS="870" WIDTH="41" HEIGHT="18" WC="0.96" CONTENT="icke"/><SP WIDTH="13" VPOS="870" HPOS="448"/>
							<String ID="string_263" HPOS="461" VPOS="870" WIDTH="61" HEIGHT="18" WC="0.96" CONTENT="finnes"/><SP WIDTH="14" VPOS="870" HPOS="522"/>
							<String ID="string_264" HPOS="536" VPOS="870" WIDTH="66" HEIGHT="23" WC="0.96" CONTENT="någon,"/><SP WIDTH="14" VPOS="870" HPOS="602"/>
							<String ID="string_265" HPOS="616" VPOS="870" WIDTH="53" HEIGHT="18" WC="0.96" CONTENT="äfven"/><SP WIDTH="10" VPOS="870" HPOS="669"/>
							<String ID="string_266" HPOS="679" VPOS="871" WIDTH="36" HEIGHT="17" WC="0.93" CONTENT="den"/><SP WIDTH="9" VPOS="871" HPOS="715"/>
							<String ID="string_267" HPOS="724" VPOS="871" WIDTH="72" HEIGHT="19" WC="0.93" CONTENT="minsta,"/><SP WIDTH="10" VPOS="871" HPOS="796"/>
							<String ID="string_268" HPOS="806" VPOS="870" WIDTH="36" HEIGHT="18" WC="0.93" CONTENT="lär-"/>
						</TextLine>
						<TextLine ID="line_25" HPOS="82" VPOS="898" WIDTH="761" HEIGHT="24">
							<String ID="string_269" HPOS="82" VPOS="898" WIDTH="114" HEIGHT="22" WC="0.92" CONTENT="domsskola,"/><SP WIDTH="13" VPOS="898" HPOS="196"/>
							<String ID="string_270" HPOS="209" VPOS="899" WIDTH="34" HEIGHT="17" WC="0.96" CONTENT="och"/><SP WIDTH="13" VPOS="899" HPOS="243"/>
							<String ID="string_271" HPOS="256" VPOS="900" WIDTH="55" HEIGHT="21" WC="0.96" CONTENT="utgör"/><SP WIDTH="13" VPOS="900" HPOS="311"/>
							<String ID="string_272" HPOS="324" VPOS="901" WIDTH="30" HEIGHT="16" WC="0.96" CONTENT="ett,"/><SP WIDTH="14" VPOS="901" HPOS="354"/>
							<String ID="string_273" HPOS="368" VPOS="899" WIDTH="30" HEIGHT="17" WC="0.96" CONTENT="för"/><SP WIDTH="12" VPOS="899" HPOS="398"/>
							<String ID="string_274" HPOS="410" VPOS="901" WIDTH="28" HEIGHT="15" WC="0.95" CONTENT="ett"/><SP WIDTH="9" VPOS="901" HPOS="438"/>
							<String ID="string_275" HPOS="447" VPOS="899" WIDTH="115" HEIGHT="18" WC="0.94" CONTENT="främmande"/><SP WIDTH="9" VPOS="899" HPOS="562"/>
							<String ID="string_276" HPOS="571" VPOS="900" WIDTH="49" HEIGHT="17" WC="0.94" CONTENT="folks"/><SP WIDTH="9" VPOS="900" HPOS="620"/>
							<String ID="string_277" HPOS="629" VPOS="902" WIDTH="47" HEIGHT="20" WC="0.93" CONTENT="ögon"/><SP WIDTH="10" VPOS="902" HPOS="676"/>
							<String ID="string_278" HPOS="686" VPOS="900" WIDTH="106" HEIGHT="22" WC="0.92" CONTENT="framlagdt,"/><SP WIDTH="9" VPOS="900" HPOS="792"/>
							<String ID="string_279" HPOS="801" VPOS="899" WIDTH="42" HEIGHT="17" WC="0.91" CONTENT="full-"/>
						</TextLine>
						<TextLine ID="line_26" HPOS="83" VPOS="927" WIDTH="760" HEIGHT="23">
							<String ID="string_280" HPOS="83" VPOS="927" WIDTH="82" HEIGHT="23" WC="0.93" CONTENT="ständigt"/><SP WIDTH="17" VPOS="927" HPOS="165"/>
							<String ID="string_281" HPOS="182" VPOS="927" WIDTH="161" HEIGHT="23" WC="0.91" CONTENT="fattigdomsbevis"/><SP WIDTH="17" VPOS="927" HPOS="343"/>
							<String ID="string_282" HPOS="360" VPOS="928" WIDTH="24" HEIGHT="22" WC="0.96" CONTENT="på"/><SP WIDTH="19" VPOS="928" HPOS="384"/>
							<String ID="string_283" HPOS="403" VPOS="928" WIDTH="78" HEIGHT="22" WC="0.93" CONTENT="andliga"/><SP WIDTH="19" VPOS="928" HPOS="481"/>
							<String ID="string_284" HPOS="500" VPOS="928" WIDTH="126" HEIGHT="18" WC="0.91" CONTENT="sträfvanden."/><SP WIDTH="25" VPOS="928" HPOS="626"/>
							<String ID="string_285" HPOS="651" VPOS="928" WIDTH="43" HEIGHT="18" WC="0.96" CONTENT="Med"/><SP WIDTH="18" VPOS="928" HPOS="694"/>
							<String ID="string_286" HPOS="712" VPOS="928" WIDTH="101" HEIGHT="22" WC="0.95" CONTENT="anledning"/><SP WIDTH="13" VPOS="928" HPOS="813"/>
							<String ID="string_287" HPOS="826" VPOS="929" WIDTH="17" HEIGHT="16" WC="0.90" CONTENT="at"/>
						</TextLine>
						<TextLine ID="line_27" HPOS="83" VPOS="956" WIDTH="760" HEIGHT="23">
							<String ID="string_288" HPOS="83" VPOS="956" WIDTH="33" HEIGHT="17" WC="0.96" CONTENT="allt"/><SP WIDTH="13" VPOS="956" HPOS="116"/>
							<String ID="string_289" HPOS="129" VPOS="956" WIDTH="53" HEIGHT="18" WC="0.96" CONTENT="detta"/><SP WIDTH="12" VPOS="956" HPOS="182"/>
							<String ID="string_290" HPOS="194" VPOS="956" WIDTH="56" HEIGHT="23" WC="0.95" CONTENT="vågar"/><SP WIDTH="11" VPOS="956" HPOS="250"/>
							<String ID="string_291" HPOS="261" VPOS="957" WIDTH="33" HEIGHT="22" WC="0.96" CONTENT="jag"/><SP WIDTH="16" VPOS="957" HPOS="294"/>
							<String ID="string_292" HPOS="310" VPOS="957" WIDTH="71" HEIGHT="22" WC="0.96" CONTENT="hoppas"/><SP WIDTH="14" VPOS="957" HPOS="381"/>
							<String ID="string_293" HPOS="395" VPOS="957" WIDTH="23" HEIGHT="22" WC="0.96" CONTENT="på"/><SP WIDTH="14" VPOS="957" HPOS="418"/>
							<String ID="string_294" HPOS="432" VPOS="956" WIDTH="32" HEIGHT="18" WC="0.96" CONTENT="det"/><SP WIDTH="14" VPOS="956" HPOS="464"/>
							<String ID="string_295" HPOS="478" VPOS="957" WIDTH="117" HEIGHT="17" WC="0.93" CONTENT="hedervärda"/><SP WIDTH="13" VPOS="957" HPOS="595"/>
							<String ID="string_296" HPOS="608" VPOS="957" WIDTH="82" HEIGHT="17" WC="0.92" CONTENT="ståndets"/><SP WIDTH="15" VPOS="957" HPOS="690"/>
							<String ID="string_297" HPOS="705" VPOS="957" WIDTH="138" HEIGHT="22" WC="0.92" CONTENT="uppmärksam-"/>
						</TextLine>
						<TextLine ID="line_28" HPOS="83" VPOS="985" WIDTH="760" HEIGHT="23">
							<String ID="string_298" HPOS="83" VPOS="985" WIDTH="37" HEIGHT="19" WC="0.96" CONTENT="het,"/><SP WIDTH="19" VPOS="985" HPOS="120"/>
							<String ID="string_299" HPOS="139" VPOS="985" WIDTH="80" HEIGHT="18" WC="0.96" CONTENT="intresse"/><SP WIDTH="19" VPOS="985" HPOS="219"/>
							<String ID="string_300" HPOS="238" VPOS="986" WIDTH="35" HEIGHT="17" WC="0.96" CONTENT="och"/><SP WIDTH="17" VPOS="986" HPOS="273"/>
							<String ID="string_301" HPOS="290" VPOS="986" WIDTH="115" HEIGHT="17" WC="0.96" CONTENT="medverkan"/><SP WIDTH="16" VPOS="986" HPOS="405"/>
							<String ID="string_302" HPOS="421" VPOS="986" WIDTH="27" HEIGHT="17" WC="0.92" CONTENT="uti"/><SP WIDTH="14" VPOS="986" HPOS="448"/>
							<String ID="string_303" HPOS="462" VPOS="985" WIDTH="62" HEIGHT="19" WC="0.96" CONTENT="denna"/><SP WIDTH="12" VPOS="985" HPOS="524"/>
							<String ID="string_304" HPOS="536" VPOS="986" WIDTH="35" HEIGHT="17" WC="0.96" CONTENT="sak"/><SP WIDTH="13" VPOS="986" HPOS="571"/>
							<String ID="string_305" HPOS="584" VPOS="986" WIDTH="34" HEIGHT="17" WC="0.97" CONTENT="och"/><SP WIDTH="14" VPOS="986" HPOS="618"/>
							<String ID="string_306" HPOS="632" VPOS="986" WIDTH="80" HEIGHT="19" WC="0.94" CONTENT="anhålla,"/><SP WIDTH="14" VPOS="986" HPOS="712"/>
							<String ID="string_307" HPOS="726" VPOS="988" WIDTH="29" HEIGHT="15" WC="0.96" CONTENT="att"/><SP WIDTH="12" VPOS="988" HPOS="755"/>
							<String ID="string_308" HPOS="767" VPOS="988" WIDTH="27" HEIGHT="15" WC="0.93" CONTENT="ett"/><SP WIDTH="13" VPOS="988" HPOS="794"/>
							<String ID="string_309" HPOS="807" VPOS="985" WIDTH="36" HEIGHT="23" WC="0.93" CONTENT="fyr-"/>
						</TextLine>
						<TextLine ID="line_29" HPOS="83" VPOS="1013" WIDTH="760" HEIGHT="23">
							<String ID="string_310" HPOS="83" VPOS="1013" WIDTH="84" HEIGHT="23" WC="0.92" CONTENT="klassigt,"/><SP WIDTH="19" VPOS="1013" HPOS="167"/>
							<String ID="string_311" HPOS="186" VPOS="1013" WIDTH="135" HEIGHT="23" WC="0.90" CONTENT="finskspräkigt"/><SP WIDTH="18" VPOS="1013" HPOS="321"/>
							<String ID="string_312" HPOS="339" VPOS="1014" WIDTH="73" HEIGHT="22" WC="0.96" CONTENT="lyceum"/><SP WIDTH="19" VPOS="1014" HPOS="412"/>
							<String ID="string_313" HPOS="431" VPOS="1014" WIDTH="22" HEIGHT="17" WC="0.96" CONTENT="sä"/><SP WIDTH="19" VPOS="1014" HPOS="453"/>
							<String ID="string_314" HPOS="472" VPOS="1017" WIDTH="53" HEIGHT="15" WC="0.96" CONTENT="snart"/><SP WIDTH="19" VPOS="1017" HPOS="525"/>
							<String ID="string_315" HPOS="544" VPOS="1019" WIDTH="38" HEIGHT="12" WC="0.96" CONTENT="som"/><SP WIDTH="14" VPOS="1019" HPOS="582"/>
							<String ID="string_316" HPOS="596" VPOS="1014" WIDTH="72" HEIGHT="22" WC="0.96" CONTENT="möjligt"/><SP WIDTH="12" VPOS="1014" HPOS="668"/>
							<String ID="string_317" HPOS="680" VPOS="1014" WIDTH="42" HEIGHT="17" WC="0.93" CONTENT="med"/><SP WIDTH="13" VPOS="1014" HPOS="722"/>
							<String ID="string_318" HPOS="735" VPOS="1014" WIDTH="108" HEIGHT="18" WC="0.80" CONTENT="statsmede]"/>
						</TextLine>
						<TextLine ID="line_30" HPOS="83" VPOS="1041" WIDTH="373" HEIGHT="24">
							<String ID="string_319" HPOS="83" VPOS="1041" WIDTH="56" HEIGHT="18" WC="0.91" CONTENT="mätte"/><SP WIDTH="12" VPOS="1041" HPOS="139"/>
							<String ID="string_320" HPOS="151" VPOS="1042" WIDTH="79" HEIGHT="18" WC="0.96" CONTENT="inrättas"/><SP WIDTH="13" VPOS="1042" HPOS="230"/>
							<String ID="string_321" HPOS="243" VPOS="1043" WIDTH="6" HEIGHT="16" WC="0.93" CONTENT="i"/><SP WIDTH="12" VPOS="1043" HPOS="249"/>
							<String ID="string_322" HPOS="261" VPOS="1043" WIDTH="74" HEIGHT="17" WC="0.93" CONTENT="Torneä"/><SP WIDTH="13" VPOS="1043" HPOS="335"/>
							<String ID="string_323" HPOS="348" VPOS="1043" WIDTH="48" HEIGHT="17" WC="0.96" CONTENT="stad."/><SP WIDTH="58" VPOS="1043" HPOS="396"/>
							<String ID="string_324" HPOS="454" VPOS="1063" WIDTH="2" HEIGHT="2" WC="0.92" CONTENT="N"/>
						</TextLine>
					</TextBlock>
					<TextBlock ID="block_6" HPOS="152" VPOS="1071" WIDTH="366" HEIGHT="23">
						<TextLine ID="line_31" HPOS="152" VPOS="1071" WIDTH="366" HEIGHT="23">
							<String ID="string_325" HPOS="152" VPOS="1071" WIDTH="124" HEIGHT="23" WC="0.96" CONTENT="Helsingfors,"/><SP WIDTH="13" VPOS="1071" HPOS="276"/>
							<String ID="string_326" HPOS="289" VPOS="1071" WIDTH="36" HEIGHT="18" WC="0.96" CONTENT="den"/><SP WIDTH="13" VPOS="1071" HPOS="325"/>
							<String ID="string_327" HPOS="338" VPOS="1072" WIDTH="10" HEIGHT="16" WC="0.96" CONTENT="6"/><SP WIDTH="12" VPOS="1072" HPOS="348"/>
							<String ID="string_328" HPOS="360" VPOS="1071" WIDTH="93" HEIGHT="18" WC="0.86" CONTENT="Februari"/><SP WIDTH="14" VPOS="1071" HPOS="453"/>
							<String ID="string_329" HPOS="467" VPOS="1072" WIDTH="51" HEIGHT="17" WC="0.96" CONTENT="1882,"/>
						</TextLine>
					</TextBlock>
					<TextBlock ID="block_7" HPOS="611" VPOS="1098" WIDTH="163" HEIGHT="22">
						<TextLine ID="line_32" HPOS="611" VPOS="1098" WIDTH="163" HEIGHT="22">
							<String ID="string_330" HPOS="611" VPOS="1098" WIDTH="56" HEIGHT="22" WC="0.93" CONTENT="lisak"/><SP WIDTH="19" VPOS="1098" HPOS="667"/>
							<String ID="string_331" HPOS="686" VPOS="1098" WIDTH="88" HEIGHT="22" WC="0.84" CONTENT="Hoikka."/>
						</TextLine>
					</TextBlock>
				</ComposedBlock>
				<ComposedBlock ID="cblock_6" HPOS="245" VPOS="1180" WIDTH="439" HEIGHT="23">
					<TextBlock ID="block_8" HPOS="245" VPOS="1180" WIDTH="439" HEIGHT="23">
						<TextLine ID="line_33" HPOS="245" VPOS="1180" WIDTH="439" HEIGHT="23">
							<String ID="string_332" HPOS="245" VPOS="1180" WIDTH="48" HEIGHT="18" WC="0.93" CONTENT="Till"/><SP WIDTH="17" VPOS="1180" HPOS="293"/>
							<String ID="string_333" HPOS="310" VPOS="1180" WIDTH="160" HEIGHT="23" WC="0.91" CONTENT="Högvördiga"/><SP WIDTH="16" VPOS="1180" HPOS="470"/>
							<String ID="string_334" HPOS="486" VPOS="1180" WIDTH="198" HEIGHT="19" WC="0.91" CONTENT="Prestaständet!"/>
						</TextLine>
					</TextBlock>
				</ComposedBlock>
				<ComposedBlock ID="cblock_7" HPOS="84" VPOS="1225" WIDTH="763" HEIGHT="225">
					<TextBlock ID="block_9" HPOS="84" VPOS="1225" WIDTH="762" HEIGHT="109">
						<TextLine ID="line_34" HPOS="152" VPOS="1225" WIDTH="693" HEIGHT="24">
							<String ID="string_335" HPOS="152" VPOS="1225" WIDTH="28" HEIGHT="18" WC="0.91" CONTENT="Pä"/><SP WIDTH="18" VPOS="1225" HPOS="180"/>
							<String ID="string_336" HPOS="198" VPOS="1225" WIDTH="113" HEIGHT="23" WC="0.90" CONTENT="uppmaning"/><SP WIDTH="16" VPOS="1225" HPOS="311"/>
							<String ID="string_337" HPOS="327" VPOS="1225" WIDTH="20" HEIGHT="18" WC="0.92" CONTENT="af"/><SP WIDTH="11" VPOS="1225" HPOS="347"/>
							<String ID="string_338" HPOS="358" VPOS="1225" WIDTH="174" HEIGHT="24" WC="0.92" CONTENT="stadsfallmäktige"/><SP WIDTH="13" VPOS="1225" HPOS="532"/>
							<String ID="string_339" HPOS="545" VPOS="1227" WIDTH="5" HEIGHT="16" WC="0.96" CONTENT="i"/><SP WIDTH="13" VPOS="1227" HPOS="550"/>
							<String ID="string_340" HPOS="563" VPOS="1226" WIDTH="106" HEIGHT="17" WC="0.92" CONTENT="Jakobstad"/><SP WIDTH="12" VPOS="1226" HPOS="669"/>
							<String ID="string_341" HPOS="681" VPOS="1226" WIDTH="29" HEIGHT="17" WC="0.92" CONTENT="fär"/><SP WIDTH="12" VPOS="1226" HPOS="710"/>
							<String ID="string_342" HPOS="722" VPOS="1226" WIDTH="29" HEIGHT="17" WC="0.93" CONTENT="för"/><SP WIDTH="12" VPOS="1226" HPOS="751"/>
							<String ID="string_343" HPOS="763" VPOS="1227" WIDTH="82" HEIGHT="22" WC="0.92" CONTENT="Högvör-"/>
						</TextLine>
						<TextLine ID="line_35" HPOS="85" VPOS="1254" WIDTH="760" HEIGHT="24">
							<String ID="string_344" HPOS="85" VPOS="1255" WIDTH="43" HEIGHT="22" WC="0.90" CONTENT="diga"/><SP WIDTH="12" VPOS="1255" HPOS="128"/>
							<String ID="string_345" HPOS="140" VPOS="1254" WIDTH="143" HEIGHT="18" WC="0.92" CONTENT="Prestaständet"/><SP WIDTH="16" VPOS="1254" HPOS="283"/>
							<String ID="string_346" HPOS="299" VPOS="1254" WIDTH="137" HEIGHT="19" WC="0.91" CONTENT="vördsammast"/><SP WIDTH="12" VPOS="1254" HPOS="436"/>
							<String ID="string_347" HPOS="448" VPOS="1255" WIDTH="34" HEIGHT="22" WC="0.93" CONTENT="jag"/><SP WIDTH="13" VPOS="1255" HPOS="482"/>
							<String ID="string_348" HPOS="495" VPOS="1255" WIDTH="99" HEIGHT="18" WC="0.92" CONTENT="framhälla"/><SP WIDTH="12" VPOS="1255" HPOS="594"/>
							<String ID="string_349" HPOS="606" VPOS="1255" WIDTH="82" HEIGHT="22" WC="0.93" CONTENT="följande"/><SP WIDTH="14" VPOS="1255" HPOS="688"/>
							<String ID="string_350" HPOS="702" VPOS="1255" WIDTH="143" HEIGHT="23" WC="0.92" CONTENT="önskningsmäl,"/>
						</TextLine>
						<TextLine ID="line_36" HPOS="84" VPOS="1283" WIDTH="762" HEIGHT="23">
							<String ID="string_351" HPOS="84" VPOS="1283" WIDTH="112" HEIGHT="18" WC="0.91" CONTENT="anhällande"/><SP WIDTH="14" VPOS="1283" HPOS="196"/>
							<String ID="string_352" HPOS="210" VPOS="1289" WIDTH="29" HEIGHT="12" WC="0.91" CONTENT="om"/><SP WIDTH="13" VPOS="1289" HPOS="239"/>
							<String ID="string_353" HPOS="252" VPOS="1283" WIDTH="120" HEIGHT="23" WC="0.90" CONTENT="Högvördiga"/><SP WIDTH="12" VPOS="1283" HPOS="372"/>
							<String ID="string_354" HPOS="384" VPOS="1283" WIDTH="156" HEIGHT="18" WC="0.92" CONTENT="Prestaständets"/><SP WIDTH="10" VPOS="1283" HPOS="540"/>
							<String ID="string_355" HPOS="550" VPOS="1283" WIDTH="86" HEIGHT="23" WC="0.92" CONTENT="benägna"/><SP WIDTH="8" VPOS="1283" HPOS="636"/>
							<String ID="string_356" HPOS="644" VPOS="1284" WIDTH="112" HEIGHT="17" WC="0.88" CONTENT="medverkan"/><SP WIDTH="10" VPOS="1284" HPOS="756"/>
							<String ID="string_357" HPOS="766" VPOS="1284" WIDTH="28" HEIGHT="17" WC="0.96" CONTENT="till"/><SP WIDTH="9" VPOS="1284" HPOS="794"/>
							<String ID="string_358" HPOS="803" VPOS="1284" WIDTH="43" HEIGHT="17" WC="0.97" CONTENT="dess"/>
						</TextLine>
						<TextLine ID="line_37" HPOS="85" VPOS="1311" WIDTH="115" HEIGHT="23">
							<String ID="string_359" HPOS="85" VPOS="1311" WIDTH="115" HEIGHT="23" WC="0.58" CONTENT="uppnäende,"/>
						</TextLine>
					</TextBlock>
					<TextBlock ID="block_10" HPOS="84" VPOS="1340" WIDTH="763" HEIGHT="110">
						<TextLine ID="line_38" HPOS="153" VPOS="1340" WIDTH="693" HEIGHT="24">
							<String ID="string_360" HPOS="153" VPOS="1341" WIDTH="32" HEIGHT="17" WC="0.94" CONTENT="Uti"/><SP WIDTH="13" VPOS="1341" HPOS="185"/>
							<String ID="string_361" HPOS="198" VPOS="1345" WIDTH="23" HEIGHT="12" WC="0.96" CONTENT="en"/><SP WIDTH="12" VPOS="1345" HPOS="221"/>
							<String ID="string_362" HPOS="233" VPOS="1341" WIDTH="31" HEIGHT="17" WC="0.93" CONTENT="vid"/><SP WIDTH="12" VPOS="1341" HPOS="264"/>
							<String ID="string_363" HPOS="276" VPOS="1340" WIDTH="88" HEIGHT="18" WC="0.92" CONTENT="sednaste"/><SP WIDTH="20" VPOS="1340" HPOS="364"/>
							<String ID="string_364" HPOS="384" VPOS="1341" WIDTH="94" HEIGHT="22" WC="0.92" CONTENT="landtdag"/><SP WIDTH="16" VPOS="1341" HPOS="478"/>
							<String ID="string_365" HPOS="494" VPOS="1341" WIDTH="20" HEIGHT="17" WC="0.93" CONTENT="af"/><SP WIDTH="10" VPOS="1341" HPOS="514"/>
							<String ID="string_366" HPOS="524" VPOS="1340" WIDTH="86" HEIGHT="18" WC="0.92" CONTENT="Hofrätts"/><SP WIDTH="13" VPOS="1340" HPOS="610"/>
							<String ID="string_367" HPOS="623" VPOS="1341" WIDTH="114" HEIGHT="17" WC="0.92" CONTENT="Assessoren"/><SP WIDTH="14" VPOS="1341" HPOS="737"/>
							<String ID="string_368" HPOS="751" VPOS="1341" WIDTH="21" HEIGHT="18" WC="0.79" CONTENT="G."/><SP WIDTH="13" VPOS="1341" HPOS="772"/>
							<String ID="string_369" HPOS="785" VPOS="1342" WIDTH="61" HEIGHT="22" WC="0.92" CONTENT="Teng-"/>
						</TextLine>
						<TextLine ID="line_39" HPOS="85" VPOS="1369" WIDTH="761" HEIGHT="23">
							<String ID="string_370" HPOS="85" VPOS="1371" WIDTH="56" HEIGHT="15" WC="0.93" CONTENT="ström"/><SP WIDTH="18" VPOS="1371" HPOS="141"/>
							<String ID="string_371" HPOS="159" VPOS="1369" WIDTH="95" HEIGHT="18" WC="0.92" CONTENT="inlemnad"/><SP WIDTH="15" VPOS="1369" HPOS="254"/>
							<String ID="string_372" HPOS="269" VPOS="1369" WIDTH="84" HEIGHT="23" WC="0.96" CONTENT="petition,"/><SP WIDTH="13" VPOS="1369" HPOS="353"/>
							<String ID="string_373" HPOS="366" VPOS="1369" WIDTH="78" HEIGHT="23" WC="0.96" CONTENT="intagen"/><SP WIDTH="13" VPOS="1369" HPOS="444"/>
							<String ID="string_374" HPOS="457" VPOS="1369" WIDTH="7" HEIGHT="17" WC="0.96" CONTENT="i"/><SP WIDTH="12" VPOS="1369" HPOS="464"/>
							<String ID="string_375" HPOS="476" VPOS="1370" WIDTH="100" HEIGHT="17" WC="0.85" CONTENT="Allmänna"/><SP WIDTH="13" VPOS="1370" HPOS="576"/>
							<String ID="string_376" HPOS="589" VPOS="1370" WIDTH="182" HEIGHT="17" WC="0.47" CONTENT="Besvärsuntskottets"/><SP WIDTH="13" VPOS="1370" HPOS="771"/>
							<String ID="string_377" HPOS="784" VPOS="1370" WIDTH="62" HEIGHT="18" WC="0.93" CONTENT="betän-"/>
						</TextLine>
						<TextLine ID="line_40" HPOS="84" VPOS="1398" WIDTH="763" HEIGHT="23">
							<String ID="string_378" HPOS="84" VPOS="1398" WIDTH="62" HEIGHT="17" WC="0.95" CONTENT="kande"/><SP WIDTH="18" VPOS="1398" HPOS="146"/>
							<String ID="string_379" HPOS="164" VPOS="1398" WIDTH="35" HEIGHT="18" WC="0.95" CONTENT="N:o"/><SP WIDTH="19" VPOS="1398" HPOS="199"/>
							<String ID="string_380" HPOS="218" VPOS="1400" WIDTH="28" HEIGHT="20" WC="0.93" CONTENT="21,"/><SP WIDTH="18" VPOS="1400" HPOS="246"/>
							<String ID="string_381" HPOS="264" VPOS="1398" WIDTH="128" HEIGHT="18" WC="0.92" CONTENT="framställdes"/><SP WIDTH="20" VPOS="1398" HPOS="392"/>
							<String ID="string_382" HPOS="412" VPOS="1398" WIDTH="23" HEIGHT="17" WC="0.93" CONTENT="de"/><SP WIDTH="19" VPOS="1398" HPOS="435"/>
							<String ID="string_383" HPOS="454" VPOS="1398" WIDTH="68" HEIGHT="23" WC="0.91" CONTENT="mänga"/><SP WIDTH="14" VPOS="1398" HPOS="522"/>
							<String ID="string_384" HPOS="536" VPOS="1398" WIDTH="93" HEIGHT="18" WC="0.91" CONTENT="skiftande"/><SP WIDTH="13" VPOS="1398" HPOS="629"/>
							<String ID="string_385" HPOS="642" VPOS="1398" WIDTH="52" HEIGHT="19" WC="0.92" CONTENT="öden,"/><SP WIDTH="16" VPOS="1398" HPOS="694"/>
							<String ID="string_386" HPOS="710" VPOS="1404" WIDTH="38" HEIGHT="12" WC="0.96" CONTENT="som"/><SP WIDTH="14" VPOS="1404" HPOS="748"/>
							<String ID="string_387" HPOS="762" VPOS="1399" WIDTH="67" HEIGHT="17" WC="0.96" CONTENT="skolan"/><SP WIDTH="13" VPOS="1399" HPOS="829"/>
							<String ID="string_388" HPOS="842" VPOS="1400" WIDTH="5" HEIGHT="16" WC="0.96" CONTENT="i"/>
						</TextLine>
						<TextLine ID="line_41" HPOS="84" VPOS="1426" WIDTH="763" HEIGHT="24">
							<String ID="string_389" HPOS="84" VPOS="1426" WIDTH="107" HEIGHT="19" WC="0.95" CONTENT="Jakobstad"/><SP WIDTH="17" VPOS="1426" HPOS="191"/>
							<String ID="string_390" HPOS="208" VPOS="1427" WIDTH="60" HEIGHT="17" WC="0.93" CONTENT="under"/><SP WIDTH="18" VPOS="1427" HPOS="268"/>
							<String ID="string_391" HPOS="286" VPOS="1426" WIDTH="84" HEIGHT="19" WC="0.92" CONTENT="tidernas"/><SP WIDTH="12" VPOS="1426" HPOS="370"/>
							<String ID="string_392" HPOS="382" VPOS="1426" WIDTH="46" HEIGHT="23" WC="0.93" CONTENT="lopp"/><SP WIDTH="14" VPOS="1426" HPOS="428"/>
							<String ID="string_393" HPOS="442" VPOS="1427" WIDTH="37" HEIGHT="17" WC="0.93" CONTENT="fätt"/><SP WIDTH="13" VPOS="1427" HPOS="479"/>
							<String ID="string_394" HPOS="492" VPOS="1427" WIDTH="83" HEIGHT="23" WC="0.92" CONTENT="undergä"/><SP WIDTH="13" VPOS="1427" HPOS="575"/>
							<String ID="string_395" HPOS="588" VPOS="1427" WIDTH="28" HEIGHT="18" WC="0.96" CONTENT="till"/><SP WIDTH="13" VPOS="1427" HPOS="616"/>
							<String ID="string_396" HPOS="629" VPOS="1427" WIDTH="45" HEIGHT="22" WC="0.88" CONTENT="följd"/><SP WIDTH="14" VPOS="1427" HPOS="674"/>
							<String ID="string_397" HPOS="688" VPOS="1427" WIDTH="20" HEIGHT="18" WC="0.95" CONTENT="af"/><SP WIDTH="12" VPOS="1427" HPOS="708"/>
							<String ID="string_398" HPOS="720" VPOS="1428" WIDTH="22" HEIGHT="16" WC="0.93" CONTENT="de"/><SP WIDTH="14" VPOS="1428" HPOS="742"/>
							<String ID="string_399" HPOS="756" VPOS="1428" WIDTH="73" HEIGHT="22" WC="0.91" CONTENT="mänga,"/><SP WIDTH="13" VPOS="1428" HPOS="829"/>
							<String ID="string_400" HPOS="842" VPOS="1428" WIDTH="5" HEIGHT="17" WC="0.95" CONTENT="i"/>
						</TextLine>
					</TextBlock>
				</ComposedBlock>
				<ComposedBlock ID="cblock_8" HPOS="154" VPOS="1463" WIDTH="564" HEIGHT="20">
					<TextBlock ID="block_11" HPOS="154" VPOS="1463" WIDTH="564" HEIGHT="20">
						<TextLine ID="line_42" HPOS="154" VPOS="1463" WIDTH="564" HEIGHT="20">
							<String ID="string_401" HPOS="154" VPOS="1464" WIDTH="106" HEIGHT="18" WC="0.90" CONTENT="Allmänna"/><SP WIDTH="17" VPOS="1464" HPOS="260"/>
							<String ID="string_402" HPOS="277" VPOS="1464" WIDTH="194" HEIGHT="18" WC="0.33" CONTENT="Besvärsutskottets"/><SP WIDTH="17" VPOS="1464" HPOS="471"/>
							<String ID="string_403" HPOS="488" VPOS="1463" WIDTH="128" HEIGHT="20" WC="0.96" CONTENT="betänkande"/><SP WIDTH="15" VPOS="1463" HPOS="616"/>
							<String ID="string_404" HPOS="631" VPOS="1464" WIDTH="37" HEIGHT="19" WC="0.95" CONTENT="N:o"/><SP WIDTH="17" VPOS="1464" HPOS="668"/>
							<String ID="string_405" HPOS="685" VPOS="1464" WIDTH="33" HEIGHT="19" WC="0.93" CONTENT="13."/>
						</TextLine>
					</TextBlock>
				</ComposedBlock>
			</PrintSpace>
		</Page>
	</Layout>
</alto>
