1023 1678
233 113 354 25 Petitionsbetänkande
603 115 54 23 N:o
673 115 26 22 7.
809 117 10 20 1

364 431 130 21 Allmänna
524 431 256 21 Besvärsutskottets
813 431 40 21 be-

295 465 127 21 tänkande
443 465 43 21 N:o
503 465 10 21 7
534 466 5 20 i
555 465 100 28 anledning
671 465 21 22 af
705 467 27 20 ett
747 466 47 21 inom
809 465 45 21 Rid-

297 499 99 28 derskapet
421 500 34 21 och
479 500 56 21 Adeln
560 500 55 21 väckt
640 499 160 29 petitionsförslag
823 500 31 21 he-

295 533 91 22 träffande
401 534 91 21 Finlands
509 535 109 27 geologiska
633 535 145 27 undersökning.

159 608 81 22 Genom
254 608 203 28 protokollsutdrag
473 609 23 22 af
519 609 40 22 den
583 610 27 21 10
632 609 97 22 sistlidne
753 608 103 22 Februari

89 644 40 22 har
143 642 116 28 höglofliga
273 643 160 28 Ridderskapet
449 643 40 22 och
505 644 70 21 Adeln
591 643 32 22 till
634 643 113 22 Allmänna
757 644 99 21 Besvärs-

88 678 117 21 utskottets
220 677 159 27 handläggning
393 677 125 22 remitterat
533 680 32 20 ett
588 679 24 21 sä
634 678 92 27 lydande
747 677 110 28 petitions-

88 712 90 27 förslag
168 708 13 35 :

316 775 148 17 Vördsamt
477 775 152 18 memoria!!

159 820 63 18 Sedan
241 821 36 17 den
296 821 21 17 är
331 821 45 18 1865
394 821 110 24 påbörjade
521 821 116 24 geologiska
649 820 170 22 undersökningen
838 818 22 18 af

90 850 44 17 värt
146 850 44 17 land
203 850 44 19 1868
260 849 97 23 afbrutits,
370 850 37 17 har
419 850 55 17 detta
488 850 79 23 vigtiga
580 850 65 18 arbete
657 850 42 17 äter
711 849 83 23 vidtagit
808 848 49 18 1877.

90 878 30 18 En
132 879 55 22 hvar,
207 884 42 12 som
269 880 33 17 vet
321 880 30 16 att
369 879 110 23 uppskatta
492 879 39 18 den
545 879 54 18 säväl
611 879 100 23 praktiska
729 884 41 11 som
782 877 76 18 theore-

90 907 52 18 tiska
154 907 112 24 betydelsen
279 908 60 22 deraf,
352 910 29 15 att
394 908 92 23 kunskap
500 908 70 18 vinnes
579 913 32 12 om
617 908 54 23 jord-
680 907 37 18 och
724 907 135 23 berg-arterna

90 938 51 16 samt
153 937 23 17 de
189 937 148 23 hydrografiska
350 937 153 18 förhällandena
517 937 6 17 i
536 937 39 18 alla
587 937 54 18 delar
653 936 21 18 af
685 937 44 17 värt
740 936 50 22 land,
803 935 56 18 torde

90 971 48 12 vara
155 965 100 23 Styrelsen
275 966 104 17 erkänsam
399 965 33 18 för
454 966 181 23 äterupptagandet
654 965 21 18 af
694 965 33 18 det
746 964 114 23 geologiska

90 994 230 23 kartläggningsarbetet.
345 995 46 17 Men
404 995 39 17 den
457 994 59 24 fräga
529 994 36 18 vill
577 995 50 17 dock
641 994 67 18 dervid
716 994 95 23 pätränga
823 993 37 23 sig,

90 1022 97 18 huruvida
205 1022 32 18 det
254 1023 43 18 icke
309 1029 48 12 vore
369 1023 24 17 af
402 1023 67 18 nöden
483 1024 29 17 att
526 1022 90 19 bedrifva
631 1022 54 18 detta
696 1022 65 18 arbete
778 1022 7 17 i
798 1023 62 16 större

91 1050 118 25 omfattning
221 1052 36 18 och
270 1052 75 18 säledes
358 1052 45 18 med
417 1053 65 17 större
495 1058 89 12 resurser
597 1054 24 15 än
633 1051 70 18 hittills
712 1051 56 17 skett.
792 1050 69 23 Enligt

91 1080 134 24 beräkningar,
244 1086 42 12 som
304 1080 86 24 benäget
408 1080 68 18 blifvit
493 1080 42 24 mig
548 1080 93 24 delgifna,
659 1080 63 18 skulle
735 1080 31 17 det
778 1079 47 23 ätgä
837 1084 24 12 en

90 1109 30 17 tid
132 1109 21 18 af
163 1109 60 17 minst
236 1110 33 17 100
281 1110 26 21 är,
325 1109 31 18 för
367 1110 30 17 att
409 1109 102 18 fullborda
524 1109 33 18 det
569 1109 116 23 geologiska
701 1108 113 18 kartverket
831 1108 30 17 in-

91 1138 30 17 till
133 1138 104 24 paralellen
253 1138 22 18 af
284 1138 106 23 Uleåborg,
411 1144 34 12 om
464 1138 175 23 undersökningen
657 1137 97 18 bedrifves
772 1136 69 18 endast
855 1136 7 17 i

92 1166 37 18 den
141 1167 136 23 utsträckning
289 1167 37 17 och
338 1167 46 17 med
397 1167 25 17 de
436 1167 71 23 anslag
521 1172 43 12 som
577 1166 60 18 under
649 1166 24 18 de
685 1167 77 17 senaste
774 1166 51 17 ären.

161 1196 10 17 I
185 1195 127 19 betraktande
332 1195 60 18 häraf
413 1195 38 18 och
471 1196 26 17 dä
509 1202 48 11 man
569 1196 107 22 veterligen
688 1194 7 18 i
707 1194 60 18 andra
778 1193 83 19 civilise-

91 1224 47 18 rade
150 1226 61 16 stater
222 1226 64 16 ansett
298 1225 31 23 sig
341 1224 48 18 böra
402 1224 60 18 ställa
476 1224 153 24 ifrägavarande
641 1224 66 17 arbete
724 1224 25 22 pä
761 1222 60 18 sädan
833 1221 30 19 fot

92 1254 30 16 att
134 1253 31 17 det
177 1253 32 17 mä
222 1253 65 18 kunna
299 1253 53 17 inom
365 1254 29 17 ett
407 1253 51 17 fätal
472 1253 104 18 decennier
588 1252 112 23 fullbordas,
721 1252 35 17 har
768 1252 36 23 jag
815 1252 49 16 trott

92 1282 58 23 giltig
169 1282 106 23 anledning
295 1282 113 23 förefinnas,
431 1284 30 15 att
480 1282 49 18 söka
548 1282 51 18 fästa
615 1281 189 24 representationens
815 1285 48 18 upp-

92 1311 131 18 märksamhet
243 1312 25 22 pä
284 1311 64 18 denna
361 1311 149 23 angelägenhet
522 1311 7 18 i
542 1312 53 23 syfte
615 1312 28 16 att
661 1311 20 17 &t
699 1311 38 17 den
749 1309 114 24 geologiska

92 1339 169 23 undersökningen
287 1342 63 16 större
369 1340 111 23 tillgångar
499 1342 26 16 än
544 1340 97 17 härintills
660 1340 33 16 mä
712 1339 80 17 beredas
813 1339 51 16 samt

93 1369 29 16 att
141 1368 7 17 i
168 1368 36 18 och
224 1368 31 18 för
275 1368 113 18 densamma
411 1374 25 12 en
458 1368 41 18 fast
522 1368 37 18 och
579 1368 90 23 varaktig
682 1367 131 24 organisation
832 1366 32 17 mä

93 1397 78 18 komma
184 1397 29 17 till
225 1397 62 17 ständ.

163 1426 39 17 För
213 1426 120 18 närvarande
347 1428 26 21 är,
388 1432 33 12 om
432 1426 37 23 jag
482 1426 44 18 icke
539 1426 104 22 misstager
655 1426 46 22 mig,
720 1424 48 18 blott
780 1430 23 12 en
815 1423 50 18 enda

93 1454 90 18 fackman
195 1454 84 18 anställd
291 1454 31 18 för
335 1455 53 17 detta
403 1454 69 18 arbete
492 1454 39 18 och
547 1454 59 18 äfven
618 1454 40 18 han
675 1454 51 18 lärer
743 1453 42 18 icke
805 1452 60 18 hafva

159 1489 104 18 Allmänna
276 1489 184 18 Besvärsutskottets
474 1489 121 18 betänkande
607 1489 38 17 N:o
658 1489 17 17 7.
