1011 1678
206 131 13 19 2
312 129 78 23 Ständ.
406 130 49 22 Pet.
471 142 27 5 —
513 130 167 22 Petitionsbet.
697 129 40 23 N:o
754 129 36 23 16.

177 192 42 22 mål
241 193 112 21 bestämda
372 193 143 28 jordskatters
538 193 132 27 omsättning
688 193 7 21 i
711 199 82 21 pengar
814 198 50 15 vore
884 192 41 20 den

177 227 104 26 enklaste,
298 229 53 20 mest
366 227 105 22 rationela
486 228 40 21 och
540 227 71 22 tillika
625 227 178 28 fördelaktigaste
819 228 64 25 utväg
894 227 31 20 att

176 261 46 22 lösa
243 263 43 20 den
304 263 24 20 så
344 262 63 27 länge
427 264 52 19 utan
495 262 112 27 framgång
622 262 136 21 behandlade
773 262 82 27 frågan,
871 261 55 20 huru

178 298 26 19 de
219 297 8 20 i
242 296 122 21 manifestet
380 296 23 21 af
417 298 41 20 den
473 297 12 20 9
501 297 60 26 April
577 297 57 20 1840
648 296 132 21 föreskrifna
790 296 94 27 grunder
893 294 34 21 för

177 331 108 21 ordinarie
303 332 88 20 räntans
405 331 139 21 beräknande
559 331 67 21 borde
641 331 114 21 förändras
772 331 32 20 till
820 330 107 21 ernäende

178 366 24 21 af
215 366 69 20 större
299 366 76 26 stadga
389 366 7 20 i
411 366 94 20 nämnda
520 365 132 21 skattetitels
669 366 179 27 penningevärde.

244 400 44 21 Det
310 400 55 21 enda
387 400 72 25 motiv,
478 407 46 14 som
540 400 47 21 från
602 400 99 21 finansiel
718 399 133 27 ståndpunkt
866 399 61 20 torde

178 434 74 21 kunna
268 433 86 22 anföras
369 434 32 21 till
416 435 49 20 stöd
479 434 33 21 för
528 436 101 26 systemet
644 437 33 18 att
693 434 65 21 hafva
766 433 161 28 jordskatterna

177 468 33 21 till
232 469 80 20 största
335 469 60 20 delen
418 469 112 21 bestämda
544 469 8 20 i
565 469 190 27 jordbruksalster,
772 470 30 24 är,
818 470 31 19 att
865 468 62 20 dessa

176 503 66 21 alster
262 503 7 20 i
289 503 116 21 allmänhet
420 503 55 22 visat
491 504 30 26 sig
537 503 56 28 stiga
608 504 7 20 i
630 505 66 20 värde
709 503 154 28 jemförelsevis
879 503 48 20 med

177 539 89 26 myntet,
284 537 39 21 och
337 539 32 19 att
385 539 71 20 staten
471 537 89 26 således,
576 545 76 20 genom
664 540 33 19 att
708 537 110 28 samtycka
828 537 32 21 till
871 536 56 21 skat-

177 574 47 19 tens
247 571 149 22 fastställande
411 572 8 21 i
433 572 38 21 fixt
494 572 193 27 penningebelopp,
712 572 68 21 skulle
802 571 75 27 afsäga
895 571 32 26 sig

177 606 95 27 utsigten
295 606 33 21 till
351 607 41 20 den
407 607 24 21 af
448 608 64 26 sagde
528 607 191 27 värdeförhöjning
734 607 114 21 efterhand
863 605 63 22 fram-

178 640 87 22 kallade
288 641 93 27 stegring
401 641 24 21 af
437 641 163 28 ifrägavarande
616 644 73 25 poster
705 641 32 21 uti
750 640 176 27 inkomstbudge-

177 678 42 18 ten.
250 674 77 22 Denna
341 674 112 22 finansiela
467 675 67 22 fördel
550 677 24 19 är
589 676 119 21 emellertid
718 675 90 21 förenad
818 675 49 21 med
877 674 50 21 obil-

176 709 67 28 lighet
258 711 46 19 mot
320 710 25 20 de
361 710 160 28 skattskyldiga.
552 710 83 22 Endast
649 711 8 20 i
673 711 77 21 sådant
765 710 37 21 fall
818 712 32 18 att
865 710 63 20 dessa

178 745 13 20 å
206 744 48 21 sina
269 744 124 27 lägenheter
407 745 110 27 verkligen
532 745 132 21 fortfarande
680 745 147 27 producerade
840 744 45 27 just
901 744 26 20 de

178 778 71 26 alster,
264 786 45 14 som
324 780 76 26 utgöra
415 780 177 27 räntepersedlar,
609 780 39 21 och
664 782 33 18 att
713 780 70 20 denna
798 778 129 28 produktion

177 814 53 26 egde
246 820 48 14 rum
308 813 8 21 i
330 820 81 14 samma
425 814 133 21 förhållande
573 814 61 21 hvari
644 814 138 27 persedlarne
792 813 67 27 ingå
849 808 11 38 i
870 812 57 22 skat-

178 850 42 23 ten,
244 849 56 19 samt
320 850 31 18 att
367 848 199 28 räntepersedlarne
581 848 7 21 i
603 848 32 21 sin
650 848 74 22 helhet
739 848 56 27 finge
810 848 22 20 in
847 849 78 19 natura

176 881 115 26 levereras,
314 881 68 22 skulle
404 882 93 26 skatten,
520 882 90 22 oaktadt
628 882 158 28 produkternas
802 881 123 28 prisförhöj-

178 916 58 27 ning,
251 916 75 21 kunna
341 918 62 26 sägas
418 924 51 14 vara
484 917 32 21 till
532 918 36 20 sitt
583 917 97 27 verkliga
696 917 77 27 belopp
788 916 136 21 oförändrad.

177 950 49 21 Men
242 952 34 19 att
291 951 23 21 så
328 950 47 22 icke
391 953 24 19 är
429 951 40 21 och
483 952 47 21 icke
545 952 43 21 kan
604 959 51 14 vara
672 952 66 24 fallet,
753 952 24 20 är
792 950 73 22 kändt.
886 950 40 21 Re-

178 986 41 20 dan
244 986 61 20 detta
327 985 38 21 har
387 988 59 25 synts
465 986 121 22 Ständerna
600 987 78 26 utgöra
693 993 27 14 en
736 985 59 22 stark
810 985 116 26 anledning

177 1019 33 21 för
226 1021 72 19 staten
313 1022 32 18 att
360 1020 56 21 afstå
432 1021 47 20 från
495 1027 49 21 nyss
559 1021 91 20 berörda
665 1019 76 22 fördel.

246 1053 78 22 Denna
340 1054 69 21 fördel
427 1055 34 21 för
483 1055 128 21 statsverket
626 1056 111 25 motväges
752 1053 103 28 derjemte
870 1054 7 20 i
892 1053 35 21 be-

177 1088 67 27 tydlig
268 1089 53 26 grad
343 1089 24 20 af
387 1089 105 21 särskilda
515 1091 68 20 andra
605 1089 192 27 omständigheter.
831 1088 42 21 För
895 1089 32 19 att

177 1122 75 21 kunna
274 1125 109 25 emottaga
405 1123 39 22 och
466 1123 84 23 förvara
570 1125 41 20 den
627 1125 45 24 säd,
689 1130 46 14 som
750 1123 35 21 vid
800 1122 127 27 uppbörden

176 1157 114 26 levereras,
314 1159 67 20 måste
403 1160 78 24 staten,
501 1158 93 21 förutom
609 1158 121 21 kostnaden
747 1157 33 21 för
795 1157 131 26 magasiners

177 1191 121 26 underhåll,
314 1192 119 22 vidkännas
449 1194 41 20 den
506 1193 68 27 årliga
588 1192 93 28 utgiften
697 1192 34 21 för
741 1191 186 28 magasinsstaten,

177 1227 121 26 utgörande
321 1227 96 27 omkring
439 1227 77 26 34,000
538 1227 60 21 mark.
635 1227 42 21 Det
699 1226 97 27 verkliga
810 1225 116 28 penninge-

177 1261 76 20 värdet
274 1261 24 20 af
316 1262 25 20 de
361 1262 161 26 magasinerade
538 1261 217 28 spanmälsförräden,
771 1260 72 22 hvilka
859 1259 68 21 sällan

176 1294 113 22 innehälla
311 1295 61 22 bästa
392 1296 56 27 slags
464 1303 57 18 vara,
537 1297 24 20 är
576 1296 33 21 för
624 1295 230 26 finansförvaltningen
870 1295 57 20 svärt

177 1331 33 18 att
231 1329 103 21 beräkna.
365 1330 175 22 Jordskatternas
563 1330 68 27 ärliga
652 1329 119 27 uträkning
793 1329 40 20 och
848 1328 79 21 debite-

177 1363 48 27 ring
248 1363 68 27 enligt
337 1364 138 28 markegäng,
493 1367 54 19 samt
562 1364 123 22 kontrollen
700 1363 100 22 häröfver
815 1362 39 22 och
869 1362 59 22 öfver

177 1398 159 27 magasinerna,
351 1401 158 25 representerar
524 1402 30 18 ett
562 1399 55 21 icke
626 1400 24 20 sä
659 1399 62 27 ringa
732 1398 132 24 arbetsmätt,
876 1396 52 22 hvil-

176 1432 38 21 ket
229 1432 137 28 naturligtvis
382 1434 76 26 drager
473 1434 32 20 sin
519 1434 100 25 kostnad,
635 1440 35 14 om
685 1432 41 22 ock
742 1433 70 20 denna
828 1431 46 21 icke
884 1431 44 21 kan

176 1466 103 22 särskildt
295 1467 33 21 för
343 1468 32 26 sig
391 1469 98 20 närmare
505 1468 111 21 beräknas.
