1020 1675
448 189 11 26 8
475 189 33 21 51.

165 234 83 21 Motion
270 233 51 22 eller
327 229 10 36 .
344 233 91 28 petition
451 234 8 20 i
475 235 69 25 ämne,
561 240 45 15 som
622 234 74 22 tillhör
711 234 91 22 allmänt
817 236 34 20 ut-

92 268 74 22 skotts
188 268 138 27 behåndling,
349 268 39 21 bör
410 268 25 21 af
454 268 168 28 landtdagsman
645 268 131 22 framställas
792 269 7 21 i
815 270 36 21 det

96 303 71 25 stånd,
183 302 44 22 han
242 302 78 26 tillhör,
336 302 58 21 inom
409 301 81 29 fjorton
501 303 68 27 dagar
579 302 55 22 efter
644 302 144 28 landtdagens
799 304 51 27 öpp-

85 338 90 22 .nande.
206 336 125 22 Sedermera
353 337 35 20 må
412 337 69 21 sådan
496 336 61 28 fråga
572 336 48 22 icke
635 336 75 22 kunna
724 337 87 27 väckas,
828 338 24 20 sä

95 371 67 21 framt
185 372 41 20 den
250 371 19 27 ej
293 370 182 28 omedelbarligen
490 370 122 22 föranledes
628 371 24 21 af
665 374 31 18 ett
712 372 58 21 inom
785 372 66 28 något

95 406 67 21 stånd
177 406 67 21 redan
259 404 80 22 fattadt
354 405 70 21 beslut
439 405 54 21 eller
507 412 73 14 annan
596 406 70 21 under
675 406 133 28 landtdagen
819 406 32 21 in-

97 440 79 22 träffad
189 439 111 22 händelse.

166 474 46 22 Har
226 474 166 27 landtdagsman
408 473 33 22 för
457 473 65 28 afsigt
537 476 32 19 att
584 474 121 22 framställa
720 475 72 26 någon
807 480 43 15 mo-

97 508 46 22 tion
166 508 52 22 eller
241 508 98 28 petition,
362 508 39 21 bör
415 508 44 21 han
475 509 74 21 derom
563 508 59 22 förut
637 509 128 21 underrätta
780 508 72 22 ordfö-

97 544 83 21 randen
202 542 8 22 i
232 543 95 25 ståndet;
348 542 117 23 hvarutom
487 542 44 23 alla
552 544 107 21 motioner
679 538 41 27 och
735 542 116 29 petitioner

97 577 69 26 skola,
182 577 67 22 innan
265 578 26 21 de
305 577 133 27 föredragas,
454 577 121 28 skriftligen
591 579 104 26 uppsatta
709 577 34 21 till
753 577 98 22 ståndets

98 612 133 21 sekreterare
253 611 109 22 aflemnas.
391 611 25 28 Ej
440 612 37 21 må
491 612 8 21 i
513 619 27 14 en
563 611 63 22 skrift
648 611 50 22 flere
719 613 95 20 ärenden
830 611 24 22 af

98 646 58 22 olika
179 645 147 22 beskaffenhet
349 646 164 21 sammanföras.
543 646 80 28 Hvarje
641 647 81 21 motion
737 646 40 21 bör
791 646 61 21 inne-

97 681 59 21 hälla
172 681 26 21 de
214 680 54 26 skäl,
284 680 82 28 hvarpä
382 681 41 21 den
439 681 25 20 är
479 681 105 27 grundad,
600 681 40 21 och
655 681 88 28 ätföljas
758 680 94 28 afilag-

97 715 56 22 form
168 715 101 22 affattadt
284 715 81 27 förslag
380 715 33 21 till
428 715 98 28 äsyftade
541 716 135 27 stadganden
691 715 7 21 i
714 716 73 21 ämnet

443 773 64 25 8:52.

167 817 105 29 Kejsaren
288 817 39 22 och
342 817 145 22 Storfurstens
503 818 165 28 propositioner,
683 819 25 20 sä
722 817 41 22 ock
776 817 7 21 i
793 818 58 21 stän-

97 853 43 21 den
162 852 79 22 väckta
262 852 112 26 motioner,
396 852 36 21 mä
450 852 50 22 icke
515 852 33 22 till
563 852 73 28 slutlig
651 853 77 27 ätgärd
743 852 108 27 företagas

95 887 69 21 innan
180 886 91 22 allmänt
286 886 82 22 utskott
384 886 99 22 deröfver
498 886 83 28 afgifvit
596 887 106 27 yttrande.

167 921 46 21 Har
235 921 92 27 petition
348 921 93 21 rörande
461 921 81 22 allmän
557 921 62 27 fråga
634 921 57 21 inom
707 921 66 27 något
789 920 63 22 stånd

97 955 71 22 blifvit
190 955 128 27 föreslagen,
340 955 44 21 kan
408 956 88 21 ståndet
509 956 85 27 jemväl,
611 962 34 14 om
661 956 36 20 det
712 956 24 20 sä
751 954 34 22 för
800 955 52 27 godt

98 990 76 26 finner,
190 990 91 21 hänvisa
295 989 75 28 frågan
385 989 33 21 till
433 989 133 28 behandling
581 989 25 22 af
618 989 90 22 allmänt
723 988 90 22 utskott.

167 1024 43 21 För
233 1024 42 21 den
297 1024 109 26 händelse,
429 1026 33 19 att
482 1024 160 28 ofvanantydda
658 1024 24 21 af
694 1024 40 21 Oss
749 1023 104 27 vidtagna

99 1058 92 28 ändring
213 1058 48 22 icke
282 1065 71 15 vunne
369 1058 60 22 Hans
443 1058 122 28 Kejserliga
580 1058 111 28 Majestäts
707 1058 80 26 nådiga
800 1058 52 31 god-

98 1092 124 27 kännande,
237 1092 65 22 hafva
316 1092 26 22 Vi
356 1092 89 22 beslutit
460 1092 119 28 godkänna
594 1093 36 20 det
641 1094 96 20 närmast
747 1091 105 23 härofvan

98 1127 92 27 intagna
212 1127 249 28 grundlagsstadgandet
485 1128 77 21 sådant
578 1128 36 21 det
628 1127 8 21 i
652 1128 41 20 den
708 1126 81 27 nådiga
804 1133 49 20 pro-

98 1161 125 28 positionen
239 1161 127 28 föreslagits.

168 1195 40 22 Om
232 1197 62 20 dessa
307 1196 65 25 Våra
394 1195 70 22 beslut
486 1195 65 23 hafva
565 1195 25 22 Vi
604 1195 40 22 hos
659 1195 60 21 Hans
734 1194 119 28 Kejserliga

99 1230 103 27 Majestät
224 1230 7 21 i
253 1230 171 27 underdånighet
447 1230 84 22 anmält
553 1230 32 21 uti
607 1229 111 22 skrifvelse
739 1229 26 22 af
781 1228 71 23 ofvan-

99 1265 97 20 nämnda
211 1265 49 27 dag.

450 1323 11 25 $
478 1322 20 21 8.

169 1367 10 20 I
194 1366 220 23 öfverensstämmelse
437 1368 52 20 med
507 1367 57 22 hvad
579 1367 59 22 Hans
654 1365 120 29 Kejserliga
789 1365 67 28 Maje-
874 1369 2 2 '

98 1401 47 21 stät
167 1401 32 21 uti
221 1401 65 27 nådig
301 1401 134 27 proposition
451 1401 120 28 föreslagit,
586 1401 64 22 hafve
664 1401 26 21 Vi
706 1401 42 21 den
763 1400 28 21 20
807 1399 45 21 sist-

100 1435 59 21 lidne
175 1435 58 22 Mars
248 1435 94 27 beslutit,
357 1437 33 20 att
404 1435 57 28 3:dje
478 1435 99 28 punkten
592 1435 8 22 i
614 1435 78 30 Kongl.
702 1433 154 28 förordningen
