1028 1670
314 103 243 24 Petitionsbetänkande
574 104 37 23 N:o
628 103 12 24 I.
815 105 11 20 3

97 169 62 25 säger
183 166 31 28 sig
239 167 31 27 ,ej
294 166 54 22 böra
370 169 65 25 vägra
457 168 109 27 professor
585 168 121 21 Lemström
728 167 37 22 sitt
785 166 71 22 förord

96 201 33 21 för
145 201 40 21 den
201 201 21 22 af
235 201 79 22 honom
330 202 126 22 tillämnade
467 202 146 27 underdåniga
628 202 158 26 ansökningen"
802 202 54 20 samt

97 236 109 21 dessutom
228 235 106 22 förklarar
356 236 32 28 sig
410 236 65 28 villig,
497 238 32 20 att
543 236 33 22 för
592 236 39 22 den
646 236 102 22 händelse
763 235 93 22 ansökan

97 269 69 22 blefve
181 270 7 21 i
203 270 65 21 nåder
278 270 86 22 bifallen
380 270 41 22 och
437 271 26 21 de
478 270 96 28 begärda
589 270 83 22 medlen
688 270 70 22 stälda
767 269 32 22 till
811 269 46 21 dess

97 304 128 27 förfogande,
243 304 108 28 öfvertaga
362 305 37 21 det
408 305 103 21 inseende
522 304 59 22 öfver
595 305 111 27 företaget,
722 311 45 15 som
782 304 7 21 i
804 310 53 15 sam-

100 338 105 28 manhang
230 338 87 22 dermed
340 339 142 28 tilläfventyrs
505 339 72 21 kunde
600 339 121 21 Societeten
744 338 112 22 ombetros.

97 372 78 22 Vidare
200 372 39 22 har
261 374 24 20 så
308 373 33 22 väl
364 374 109 27 professor
489 374 120 21 Lemström
632 380 46 14 som
699 372 108 22 direktorn
826 372 32 21 för

97 407 131 21 härvarande
252 408 180 27 meteorologiska
463 407 161 22 centralanstalt
638 407 27 21 hr
680 407 25 21 N.
722 407 26 21 K.
764 406 95 21 Norden-

100 441 69 21 skiöld
191 442 27 26 pä
240 441 93 28 begäran
349 441 21 22 af
385 442 107 22 utskottet
507 441 108 22 meddelat
630 441 118 22 detsamma
762 443 96 20 närmare

100 475 150 28 upplysningar
264 477 92 21 rörande
371 476 78 28 planen
465 476 33 22 för
514 477 92 21 nämnda
620 475 140 28 forskningar.

168 510 29 21 Af
205 510 54 22 hvad
270 510 89 22 sålunda
369 511 92 22 kommit
471 511 33 21 till
513 511 115 21 utskottets
639 511 120 21 kännedom
767 510 92 26 framgår

98 544 103 27 följande:

169 579 68 22 Sedan
253 580 27 27 på
296 579 78 27 förslag
390 579 22 22 af
427 579 42 22 den
485 580 70 21 kände
571 579 137 22 österrikiske
719 578 140 29 polarforska-

98 620 38 15 ren
146 613 128 28 Weyprecht
284 613 35 22 vid
333 613 166 22 internationela
515 613 178 28 meteorologiska
709 613 128 27 kongressen
853 612 6 21 i

99 648 53 21 Rom
175 648 24 21 år
220 649 53 20 1879
296 647 60 28 fråga
371 648 75 21 väckts
463 655 35 14 om
514 648 136 22 anordnande
666 647 21 22 af
702 647 158 27 vetenskapliga

99 681 144 28 expeditioner
259 682 31 21 till
306 682 175 27 polartrakterna
497 682 32 22 för
544 684 31 20 att
591 689 76 20 genom
682 682 97 27 liktidiga
789 681 71 22 obser-

99 716 95 21 vationer
208 717 28 26 på
251 717 23 20 så
284 717 77 26 många
371 717 94 26 punkter
475 723 47 16 som
532 717 82 27 möjligt
623 717 97 21 utforska
730 717 61 21 dessa
801 715 57 22 trak-

99 752 44 20 ters
159 753 55 18 ännu
229 750 49 27 föga
293 751 71 21 kända
379 751 174 27 klimatologiska
569 751 146 22 förhållanden
731 751 38 21 och
782 750 79 27 derige-

99 791 49 15 nom
164 785 105 21 måhända
288 783 62 23 äfven
368 785 74 27 sprida
457 785 41 27 ljus
515 785 58 22 öfver
588 786 26 21 de
624 785 177 27 meteorologiska
812 791 47 14 vex-

99 819 96 27 lingarna
210 819 6 21 i
232 819 40 21 den
287 819 149 27 tempererade
451 826 76 20 zonen,
547 819 45 21 blef
605 820 68 21 denna
687 819 60 27 fråga
762 821 98 19 närmare

101 853 122 21 diskuterad
239 853 34 21 vid
290 853 25 21 de
331 853 32 21 för
378 854 79 21 sådant
468 854 100 21 ändamål
579 853 180 22 sammankallade
768 853 92 21 interna-

101 887 80 22 tionela
196 887 226 27 polarkonferenserna
438 888 7 20 i
461 888 112 27 Hamburg
590 889 60 25 1879,
666 888 8 20 i
688 888 57 21 Bern
757 888 54 21 1880
822 886 39 22 och

102 922 6 21 i
134 922 32 21 S:t
181 922 129 27 Petersburg
334 923 61 21 1881.
427 922 42 21 Till
485 922 104 22 vinnande
605 922 22 21 af
640 922 64 27 nödig
719 921 143 27 likformighet

101 956 121 22 faststäldes
247 956 72 22 dervid
335 958 31 20 ett
382 958 135 25 gemensamt
532 963 98 21 program
645 956 131 22 beträffande
792 955 71 22 obser-

102 990 132 22 vationernas
250 992 34 20 art
300 990 38 22 och
349 990 142 28 noggranhet,
504 990 235 27 observationstiderna,
752 990 25 22 de
787 990 76 21 instru-

103 1024 92 22 mentela
209 1024 141 28 hjelpmedlen
366 1031 27 15 m.
411 1031 35 20 m.,
464 1025 41 21 och
520 1025 65 21 sedan
602 1025 34 21 det
652 1024 54 22 visat
720 1024 38 28 sig,
769 1026 32 20 att
810 1024 53 21 före-

104 1061 59 25 taget
185 1059 54 21 hade
255 1061 32 19 att
303 1059 95 27 påräkna
414 1059 127 27 tillräckligt
557 1059 125 27 deltagande
698 1058 32 22 för
746 1060 31 20 att
792 1058 72 22 kunna

103 1093 117 27 realiseras,
237 1093 121 21 bestämdes
369 1093 107 22 terminen
493 1093 32 22 för
541 1094 117 21 detsamma
673 1093 33 22 till
721 1093 58 22 tiden
793 1092 47 22 från
852 1093 8 20 I

103 1128 91 26 Augusti
212 1128 52 22 1882
280 1127 32 22 till
333 1129 3 20 1
356 1128 129 27 September
503 1129 60 21 1883.

161 1162 40 21 Till
216 1162 40 21 den
272 1162 66 21 första
349 1161 22 22 af
382 1162 147 27 nyssnämnda
539 1162 198 27 polarkonferenser
752 1162 44 21 blef
804 1161 61 22 äfven

104 1195 79 22 Finska
193 1196 266 27 Vetenskaps-Societeten
471 1196 102 27 inbjuden
589 1198 31 20 att
635 1196 66 22 sända
717 1203 25 14 en
758 1202 107 21 represen-

103 1232 53 24 tant,
171 1230 84 21 hvilken
266 1230 66 21 borde
348 1237 39 20 ega
398 1231 139 26 regeringens
552 1231 167 27 bemyndigande
735 1232 31 20 att
781 1230 85 26 deltaga

105 1264 30 21 uti
144 1264 26 22 de
178 1264 75 27 beslut,
262 1270 46 16 som
317 1264 74 22 dervid
399 1264 88 22 komme
496 1266 33 20 att
537 1264 64 22 fattas
611 1278 22 2 —
642 1272 26 14 en
676 1264 129 28 inbjudning,
814 1264 52 21 hvil-

104 1299 42 21 ken
155 1298 118 22 Societeten
285 1298 54 22 dock
350 1298 49 22 med
410 1298 102 22 afseende
520 1294 12 36 &
551 1299 124 21 sistanförde
687 1299 67 21 vilkor
769 1299 17 27 ej
796 1298 70 22 kunde

105 1332 145 22 efterkomma.
280 1332 41 22 Vid
336 1332 144 22 konferensen
496 1333 7 21 i
518 1334 57 21 Bern
591 1334 45 21 åter
649 1333 107 22 uttalades
766 1332 101 23 särskildt

105 1367 169 21 önskvärdheten
300 1366 69 27 deraf,
396 1368 33 20 att
450 1369 32 19 ett
500 1368 174 27 meteorologiskt
699 1367 167 22 observatorium

105 1401 69 21 blefve
189 1401 103 21 inrättadt
307 1401 6 21 i
329 1401 69 21 finska
409 1402 152 26 Lappmarken
577 1402 31 21 för
621 1402 158 22 observationer
794 1401 73 27 hvarje

106 1435 72 22 timme
201 1436 66 20 under
287 1435 240 27 polarforskningsåret,
548 1436 39 22 och
603 1438 75 20 mötets
694 1436 108 27 president
817 1442 52 20 upp-

178 1475 102 19 Allmänna
292 1475 181 19 Besvärsutskottets
487 1476 118 18 betänkande
617 1476 37 18 N:o
668 1476 16 18 1.
