1020 1678
190 113 12 18 4
375 111 244 20 Petitionsbetänkande
631 111 37 19 N:o
681 111 34 18 26.

168 170 40 17 icke
219 169 49 23 tagit
280 169 99 23 tillräcklig
390 169 70 24 hänsyn
472 169 30 18 till
515 169 22 18 de
548 169 33 18 hos
593 175 29 12 oss
634 169 78 18 rådande
724 167 142 19 förhållandena.
884 167 40 18 Sär-

167 198 58 19 skildt
240 200 20 16 är
276 198 50 18 detta
340 198 52 18 fallet
407 199 40 17 med
463 198 88 23 förslaget
565 198 30 18 till
610 198 30 23 lag
652 197 27 19 för
690 197 40 18 icke
741 197 69 18 kristne
822 196 103 19 trosbekän-

167 233 49 15 nare,
230 227 20 18 så
265 227 70 22 mycket
350 232 37 13 mer
402 232 37 13 som
455 233 22 12 en
490 227 51 23 dylik
552 227 31 22 lag
595 227 70 18 saklöst
676 226 36 18 kan
724 226 39 17 helt
775 225 32 18 och
820 225 58 18 hållet
888 230 36 13 um-

167 255 60 21 bäras,
240 255 24 18 då
275 255 55 23 några
342 255 56 18 finske
410 255 115 24 medborgare
537 255 20 18 af
567 255 50 23 dylik
629 255 146 18 trosbekännelse
786 254 13 17 f.
811 259 18 12 n.
841 254 34 18 alls
886 253 38 18 icke

167 284 33 18 hos
213 289 29 13 oss
254 284 100 18 förefinnas.
378 284 67 19 Vidare
457 285 31 17 äro
501 283 123 24 stadgandena
636 283 75 19 rörande
722 283 94 18 bildandet
829 282 19 18 af
857 282 68 18 dissen-

167 312 155 23 terförsamlingar
336 313 33 18 och
385 313 51 18 deras
451 313 104 22 skyldighet
570 313 28 17 att
610 317 53 13 svara
673 311 29 18 för
714 311 130 22 civilregistren
857 311 68 23 knappt

167 346 37 18 nog
218 340 110 24 tillämpliga
343 341 33 18 hos
391 347 34 17 oss,
440 341 40 18 med
496 341 21 18 de
527 340 129 24 jemförelsevis
667 340 19 18 få
698 340 32 18 och
743 339 74 23 spridda
829 339 95 19 dissenters

168 374 38 13 som
218 369 34 18 här
263 369 114 19 förekomma.

237 398 58 18 Dessa
313 398 153 23 omständigheter
484 398 43 17 böra
544 399 52 21 tagas
615 398 6 17 i
640 397 136 23 öfvervägande,
794 402 28 13 om
840 402 41 12 man
893 396 32 18 vill

168 426 44 18 ernå
230 431 22 13 en
268 426 35 23 lag,
318 431 37 13 som
370 426 40 18 icke
425 426 47 18 blott
487 426 63 18 förblir
564 426 104 23 paragrafer
683 425 24 24 på
721 426 92 23 papperet.
836 425 89 23 Derjemte

168 454 58 18 måste
235 455 70 22 hänsyn
316 455 51 18 äfven
376 456 52 22 tagas
437 455 31 18 till
477 455 34 18 den
521 455 138 23 omständighet,
666 456 28 17 att
704 455 34 18 den
744 455 47 18 fulla
797 454 32 18 och
836 459 56 13 sanna
898 459 27 12 re-

168 483 154 23 ligionsfrihetens
338 483 121 23 grundsatser,
473 483 57 18 ehuru
545 483 22 18 de
582 483 64 18 vunnit
660 484 59 22 insteg
731 483 6 18 i
750 483 31 18 vår
793 483 87 22 kyrkolag
892 482 32 18 och

168 511 58 19 delvis
241 512 53 18 äfven
308 517 66 13 annars
388 513 7 17 i
407 512 32 18 vär
450 512 121 23 lagstiftning,
584 512 58 18 såsom
654 513 7 17 i
672 513 10 21 $
695 513 23 18 14
729 511 196 23 landtdagsordningen

168 541 34 17 och
217 542 9 20 $
242 541 11 18 9
268 541 7 17 i
290 541 229 23 kommunalförordningen
534 541 28 18 för
574 541 66 21 landet,
653 541 57 18 likväl
722 541 39 18 icke
773 540 60 23 ingått
845 540 6 17 i
863 540 61 18 tänke-

168 570 58 17 sättet
239 569 34 18 hos
289 575 21 12 en
322 571 38 16 stor
372 569 29 18 del
414 570 20 17 af
443 569 126 24 befolkningen
581 570 6 17 i
600 569 40 18 vårt
651 569 49 18 land.
724 569 32 18 Ett
768 569 116 23 fullständigt
895 574 30 17 ge-

168 597 118 19 nomförande
301 598 19 17 af
333 598 173 23 religionsfrihetens
521 598 115 23 grundsatser
651 599 59 17 skulle
725 598 105 23 visserligen
845 597 38 18 icke
896 603 29 12 en-

168 627 36 22 ligt
215 627 37 17 min
266 626 46 23 äsigt
324 627 7 17 i
343 627 33 17 och
388 627 28 18 för
426 627 27 23 sig
463 627 79 18 medföra
551 627 57 23 nägra
618 627 82 23 verkliga
708 627 53 21 faror,
771 632 40 13 men
820 627 58 17 skulle
886 627 39 18 icke

168 655 62 23 undgä
241 655 29 18 att
282 655 6 18 i
300 655 42 18 vida
354 655 70 18 kretsar
433 656 56 17 väcka
499 656 93 22 allvarligt
602 656 100 22 bekymmer
711 656 33 18 och
752 655 69 23 häftigt
829 655 95 18 motständ.

237 683 28 18 Pä
280 684 57 22 grund
353 684 20 18 af
383 684 47 18 hvad
441 684 32 23 jag
485 684 76 18 sälunda
573 684 6 18 i
591 684 31 18 det
633 684 107 23 föregäende
753 684 64 22 anfört,
829 684 55 22 vägar
894 684 31 23 jag

168 712 75 18 anhålla
262 718 29 12 om
308 712 30 18 det
355 713 112 23 högvördiga
483 713 80 18 ständets
578 714 84 22 upplysta
678 713 33 18 och
723 712 94 24 välvilliga
828 712 97 18 understöd

167 740 28 18 för
208 746 22 12 en
242 740 76 23 petition
330 741 6 17 i
349 741 65 18 sädant
426 741 51 23 syfte,

410 773 26 14 att
447 771 24 17 H.
483 771 22 17 K.
519 772 24 16 M.
555 770 40 18 ville
607 771 31 17 vid
648 773 41 15 näst
698 770 163 17 sammanträdande
869 770 56 17 landt-

376 799 35 22 dag
417 799 94 22 förelägga
523 800 93 17 ständerna
628 802 22 14 ett
661 799 43 20 efter
716 799 45 17 våra
764 798 126 24 förhållanden
898 799 27 22 af-

370 828 74 22 passadt
453 828 71 22 förslag
537 828 28 16 till
579 828 116 21 dissenterlag,
708 827 81 18 särskildt
800 828 38 16 med
849 827 77 22 afseende

374 856 26 22 på
412 856 105 22 möjligheten
527 857 33 22 för
570 862 80 17 personer
660 856 103 17 tillhörande
770 856 109 22 fremmande
890 856 35 16 kri-

375 887 36 15 sten
425 885 76 17 troslära
516 888 26 14 att
553 885 43 22 ingå
607 885 67 22 lagliga
686 885 97 22 äktenskap,
795 884 92 21 äfvensom,
899 890 25 10 om

376 913 19 17 så
408 919 49 11 anses
469 914 63 22 nödigt,
539 914 70 22 förslag
618 914 27 17 till
657 914 107 22 stadganden
773 913 88 22 angående
869 918 57 17 prose-

376 942 95 22 lytmakeri.

239 986 113 23 Helsingfors
364 986 34 19 den
410 988 12 18 4
433 988 86 18 Februari
532 989 49 18 1882.

646 1033 21 19 J.
680 1033 32 18 W.
724 1032 133 24 Runeberg.”

343 1095 56 22 Till
411 1095 120 24 vällofliga
543 1095 194 24 Borgareständet.

239 1141 180 23 Religionsfrihetens
434 1142 61 23 heliga
510 1143 32 17 sak
557 1143 33 17 har
604 1143 30 18 vid
650 1143 37 17 alla
702 1142 43 18 vära
760 1142 71 18 senaste
845 1141 82 18 landtda-

169 1175 33 18 gar
220 1169 71 24 utgjort
308 1170 75 18 föremäl
398 1170 28 18 för
442 1171 105 18 ständernas
563 1171 162 23 öfverläggningar.
749 1170 38 19 Och
803 1170 62 23 hvarje
878 1170 49 23 gäng

170 1198 89 18 Finlands
272 1199 72 18 ständer
356 1199 89 23 öfverlagt
457 1199 68 21 härom,
537 1199 24 18 ha
573 1199 21 18 de
607 1200 69 17 uttalat
688 1199 28 23 sig
727 1199 28 18 för
763 1199 164 18 samvetsfrihetens

168 1227 123 21 erkännande,
304 1227 50 18 såväl
365 1227 41 18 från
418 1229 68 16 statens
498 1233 37 12 som
547 1228 39 18 från
598 1228 80 23 kyrkans
690 1227 44 18 sida.

239 1255 37 18 Vid
291 1257 91 18 1863—64
398 1256 29 18 ärs
442 1256 88 23 landtdag
544 1257 74 22 ingingo
632 1256 103 21 ständerna,
747 1256 41 18 med
800 1255 97 23 anledning
909 1255 19 18 af

168 1283 33 18 det
216 1283 24 18 dä
254 1284 92 23 förelagda
361 1285 189 23 kyrkolagsförslaget,
565 1285 29 18 till
609 1285 98 18 monarken
722 1285 40 18 med
774 1284 111 23 underdänig
896 1289 31 13 an-

170 1311 62 19 hällan
246 1318 29 12 om
287 1313 117 18 utarbetande
417 1313 19 18 af
447 1313 107 23 fullständig
566 1313 124 23 dissenterlag.
708 1314 45 18 1867
766 1314 64 22 antogs
842 1313 20 18 af
868 1313 59 18 landt-

169 1340 59 23 dagen
241 1341 33 17 vär
285 1346 24 12 nu
321 1341 84 23 gällande
417 1342 96 22 Kyrkolag,
525 1347 38 13 som
574 1342 40 18 från
626 1342 78 23 kyrkans
717 1341 40 18 sida
768 1341 97 23 undanröjt
875 1341 52 18 hind-

170 1374 32 13 ren
210 1368 29 19 för
249 1369 175 23 religionsfrihetens
433 1370 143 23 förverkligande
585 1371 6 17 i
600 1370 84 18 Finland.
701 1370 38 18 Och
748 1372 33 16 när
790 1370 64 22 biskop
861 1370 66 18 Schau-

169 1402 43 13 man
226 1398 32 18 vid
274 1399 44 17 1872
334 1398 29 18 ärs
378 1398 89 24 landtdag
481 1399 87 18 framlade
579 1400 33 17 sitt
624 1398 155 24 petitionsförslag
791 1404 28 12 om
832 1398 94 19 dissenter-

242 1433 125 22 Lagutskottets
379 1434 104 17 betänkande
496 1434 34 17 N:o
542 1434 29 17 10.
