1020 1675
309 108 241 20 Petitionsbetänkande
565 109 38 19 N:o
615 109 32 19 32.
813 110 22 18 69

105 166 80 21 vården
201 165 24 21 af
238 165 136 22 läroverkets
390 166 119 28 samlingar
525 168 57 19 samt
597 166 34 20 för
641 168 33 18 att
683 168 60 18 utom
753 166 107 21 lärorum-

105 202 44 19 met
170 199 96 29 granska
289 199 41 21 och
352 200 57 20 rätta
429 200 111 21 elevernas
557 200 65 21 skrif-
637 200 42 21 och
694 199 164 23 räknehäften.”

105 233 85 22 Endast
212 241 36 13 om
270 233 85 22 läraren
373 234 40 20 har
432 234 34 28 sig
482 234 75 29 ålagdt
572 237 31 18 ett
619 234 93 29 drygare
727 234 132 26 hemarbete,

105 268 43 20 kan
163 267 230 29 undervisningstiden
408 268 98 21 minskas
526 268 57 22 dock
603 268 79 22 endast
701 268 48 21 med
764 268 67 29 högst
844 268 14 20 4

105 302 93 27 timmar,
220 302 42 21 och
285 302 63 21 äfven
370 302 7 20 i
400 302 60 22 detta
483 302 39 22 fall
538 302 78 22 endast
631 310 35 14 om
681 302 177 22 ”förhållandena

107 336 77 21 sådant
206 336 128 29 medgifva”.
364 336 78 29 Enligt
464 337 41 21 den
528 345 44 21 nya
591 337 80 28 planen
687 336 71 22 skulle
774 336 84 22 således

106 370 42 21 den
164 370 112 29 skriftliga
291 370 327 29 undervisningsskyldigheten
631 371 128 29 ytterligare
769 370 89 28 påföras

106 404 96 22 lärarene
217 408 52 18 utan
285 407 32 19 att
333 405 63 21 deras
411 405 108 29 muntliga
536 405 301 29 undervisningsskyldighet
851 404 8 21 i

106 439 153 21 motsvarande
274 440 55 28 grad
343 440 133 21 minskades.

174 473 36 21 Då
231 474 120 28 räkningen
373 474 28 28 på
419 474 61 21 detta
495 475 44 21 sätt
554 475 117 28 uppgöres,
686 474 43 21 kan
745 474 42 21 den
802 473 57 21 visst

107 507 69 21 blifva
194 507 132 30 fördelaktig
349 508 34 21 för
402 508 41 21 den
463 516 41 14 ena
519 511 84 26 parten,
622 516 47 14 men
685 508 38 22 det
736 509 24 21 är
776 510 32 19 att
823 507 39 21 ob-

108 548 93 21 servera,
217 544 32 19 att
263 542 121 29 räkningen
399 544 30 25 är,
440 542 73 22 såsom
524 542 131 29 ordspråket
665 544 70 27 säger,
748 541 111 30 uppgjord

107 578 52 19 utan
174 576 88 21 värden.
288 577 44 21 Det
347 577 39 21 har
401 577 48 21 icke
464 577 60 21 förut
533 577 58 21 varit
601 577 140 28 synnerligen
751 575 109 22 lockande

107 613 32 18 att
167 610 58 28 välja
254 611 190 28 skollärareyrket.
478 611 75 21 Blifva
576 611 146 29 åliggandena
746 610 114 26 förökade,

109 644 23 21 så
146 645 80 21 blifver
240 645 112 22 lockelsen
368 645 39 21 allt
423 645 90 27 mindre,
530 646 42 21 och
586 653 57 21 unge
658 646 49 20 män
723 645 49 21 med
787 645 73 28 någon

108 678 97 29 förmåga
222 679 63 21 skola
299 679 115 29 föredraga
429 687 26 14 en
472 687 71 14 annan
559 680 143 21 lefnadsbana
717 679 38 22 der
766 682 31 18 ett
807 679 54 20 min-

108 713 38 21 dre
168 713 116 29 trälaktigt
299 714 74 21 arbete
389 714 48 21 dem
452 713 121 22 åhvälfves.
605 713 82 22 Skolan
705 713 56 22 skall
776 712 85 22 kanske

109 747 57 22 dock
180 748 49 21 icke
244 748 87 21 komma
346 751 33 18 att
393 748 45 21 lida
453 748 57 21 brist
526 749 28 28 på
569 749 76 26 lärare,
661 749 7 20 i
683 748 40 21 fall
739 748 43 21 hon
797 747 65 21 ätnö-

107 782 34 27 jer
164 782 34 28 sig
220 782 49 21 med
292 782 26 21 de
337 782 65 21 klena
417 783 147 28 förmågorna,
584 790 47 14 som
646 783 49 21 icke
710 782 58 28 duga
784 789 78 14 annor-

110 816 80 21 städes.
213 816 45 21 Det
269 817 23 20 är
303 816 64 21 dessa
377 817 65 20 klena
452 817 112 28 förmågor
575 824 48 14 som
634 817 62 20 skola
706 816 68 21 rädda
783 816 79 20 foster-

109 850 80 22 landet.
205 863 29 3 —
248 850 111 29 Vanligen
374 850 65 22 hafva
454 851 201 28 reorganisationer
670 850 24 21 af
711 850 79 22 skolan
805 850 59 20 med-

111 884 44 21 fört
177 892 43 21 nya
242 885 154 28 statsutgifter.
427 883 30 23 Så
480 885 71 21 skulle
570 885 37 21 det
625 884 68 29 enligt
712 884 37 21 vår
768 884 96 28 mening,

110 918 86 22 komma
218 921 33 18 att
272 919 27 28 gå
323 918 64 22 äfven
402 926 36 14 nu.
468 919 72 29 Ingen
555 920 44 20 kan
614 919 29 28 på
658 918 93 22 förhand
766 918 96 22 beräkna

111 952 43 22 alla
175 952 27 22 de
224 953 118 21 kostnader
366 960 47 14 som
428 954 38 20 äro
482 961 27 13 en
524 953 55 29 följd
595 954 24 20 af
635 961 26 13 en
677 952 186 29 skolreorganisa-

111 987 54 27 tion,
181 994 47 14 som
244 987 141 29 naturligtvis
401 988 58 20 förer
474 988 50 21 med
540 988 34 28 sig
585 988 190 28 nödvändigheten
786 987 24 21 af
821 994 43 20 nya

111 1021 134 29 byggnader,
268 1029 42 21 nya
333 1022 137 26 läroböcker,
494 1022 156 28 pensionering
665 1022 24 20 af
705 1021 73 29 gamla
792 1021 71 21 lärare

112 1063 27 13 m.
158 1063 27 13 m.
215 1055 50 21 Den
288 1056 143 20 ekonomiska
453 1056 100 21 fördelen
576 1057 23 20 är
618 1056 85 21 derföre
722 1056 7 20 i
745 1054 119 22 allmänhet

112 1088 166 29 problematisk.
294 1102 27 3 —
336 1090 12 20 I
364 1090 59 21 detta
438 1090 103 21 afseende
556 1090 105 29 förtjenar
680 1090 57 21 dock
752 1089 113 29 ihågkom-

113 1130 45 14 mas
182 1126 32 18 att
236 1123 27 22 då
284 1123 153 22 Skolkomiten
459 1124 125 22 beräknade
609 1124 163 29 sammanlagda
796 1123 69 29 årliga

113 1157 123 22 kostnaden
252 1158 34 21 för
301 1159 155 20 skolväsendet
472 1159 68 21 sedan
555 1159 36 21 det
606 1159 73 21 blifvit
689 1157 177 30 reorganiseradt

114 1191 68 29 enligt
197 1192 110 22 komiténs
323 1193 84 28 förslag
421 1193 35 20 till
474 1193 112 27 1,334,000
601 1193 62 21 mark
677 1193 39 21 har
726 1195 140 19 reservanten

114 1226 148 22 öfverläraren
276 1227 82 21 Ervast
372 1228 107 27 uppgjort
494 1235 27 13 en
537 1227 160 28 approximativ
712 1226 122 28 beräkning
845 1226 24 21 af

114 1260 148 22 kostnaderna
277 1261 34 21 för
325 1261 86 22 landets
428 1261 103 29 samtliga
550 1261 225 26 elementarläroverk,
794 1260 73 21 derest

115 1294 109 21 desamma
246 1295 108 22 ordnades
377 1295 70 29 enligt
470 1295 50 22 de
510 1289 16 39 i
542 1295 61 22 Prof.
627 1293 79 24 Cleves
730 1295 137 21 reservation

115 1329 129 21 framstälda
262 1329 101 28 grunder,
382 1330 42 21 och
443 1330 99 21 kommer
557 1330 75 21 dervid
647 1330 34 21 till
697 1337 26 14 en
740 1329 128 22 slutsumma

116 1365 46 19 stor
179 1363 112 26 1,350,000
305 1363 68 27 mark,
388 1363 68 22 ehuru
472 1363 7 21 i
496 1364 124 21 densamma
635 1364 51 28 ingå
701 1365 51 20 flere
767 1363 102 21 läroverk

115 1397 27 20 än
164 1397 7 20 i
194 1397 110 21 komiténs
320 1397 90 28 förslag.
440 1396 43 23 Om
500 1397 41 22 den
558 1397 24 22 af
594 1398 95 21 komitén
705 1397 100 22 använda
820 1397 51 20 räk-

184 1437 94 16 Allmänna
290 1437 158 18 Besvärsutskottets
460 1438 105 17 betänkande
577 1438 34 17 N:o
625 1438 27 17 18.
