1014 1678
207 125 14 18 2
313 123 79 25 Ständ.
409 125 51 21 Pet.
476 137 27 3 —
519 125 171 22 Petitionsbet.
705 121 41 26 N:o
761 124 34 22 15.

179 188 32 19 ste
227 193 64 14 anses
305 193 53 15 vara
372 187 159 21 underkastade
546 187 140 28 beskattning
702 187 68 28 enligt
780 187 64 22 ofvan
857 187 76 21 åbero-

179 222 56 27 pade
257 221 126 28 förordning
405 222 24 21 af
441 223 41 20 den
499 223 27 20 27
541 222 91 27 Augusti
647 223 63 25 1723,
726 222 66 21 borde
808 223 28 26 på
851 229 82 14 samma

178 256 71 26 grund
264 263 46 13 som
322 255 56 28 jern,
394 256 84 27 koppar
493 257 40 20 och
549 259 53 18 tenn
616 264 53 14 vara
684 257 42 21 fria
740 257 48 21 från
798 257 30 20 all
838 255 93 29 produk-

178 289 123 22 tionsskatt.

246 324 102 21 Deremot
362 325 66 29 hafva
442 325 123 21 Ständerna
580 328 72 18 ansett
668 327 26 19 de
708 326 56 21 ifrån
775 325 158 28 kopparhyttor

179 359 108 26 utgående
310 358 98 28 kyrkliga
430 359 40 21 och
493 360 139 21 kommunala
654 360 112 28 utskylder
788 360 48 21 icke
858 359 52 21 böra
925 359 8 21 i

179 394 60 20 detta
255 393 155 28 sammanhang
424 394 94 21 beröras.

246 428 11 20 I
271 427 55 28 följd
341 428 24 21 af
385 429 36 20 det
443 429 93 21 anförda
559 429 22 21 få
600 429 123 21 Ständerna
738 429 6 20 i
760 429 173 26 underdånighet

179 461 96 23 anhålla,

441 501 33 18 att
499 498 82 21 Eders
610 498 164 28 Kejserliga
804 498 130 27 Majestät

386 532 78 21 täcktes
480 533 46 20 låta
537 533 120 27 förelägga
674 532 259 21 nästsammanträdande

386 566 94 21 Ständer
503 567 67 27 nådig
588 568 139 26 proposition
744 574 32 13 om
792 567 141 26 afskafande

384 601 30 26 af
426 601 92 28 koppar-
534 601 37 22 och
588 601 149 27 tennafraden
747 604 56 18 samt
814 601 39 21 den
865 601 68 20 skatt-

384 635 128 28 skyldighet,
528 643 50 18 som,
599 637 67 26 enligt
682 636 104 27 gällande
801 635 133 27 författnin-

384 677 47 20 gar,
448 672 59 18 ännu
522 671 71 19 hvilar
607 671 29 26 på
646 671 167 26 tillverkningen
825 670 30 26 af
861 670 72 20 andra

385 704 65 21 oädla
465 705 103 20 metaller.

249 749 105 21 Finlands
370 750 92 21 Ständer
477 750 124 22 framhärda
617 753 40 18 etc.

249 795 140 27 Helsingfors,
405 797 41 20 den
462 797 27 20 21
505 796 60 27 April
581 797 61 20 1882.

302 1477 117 23 Helsingfors,
432 1478 17 17 J.
462 1478 64 17 Simelii
540 1468 96 32 artvingars
649 1478 85 21 tryckeri,
751 1478 49 16 1883.
