1023 1675
304 114 244 20 Petitionsbetänkande
562 115 38 19 N:o
612 115 39 19 32..
813 116 23 18 43

97 172 81 28 skarpa
193 172 250 28 meningsskiljaktighet,
459 179 46 15 som
521 172 136 22 beträffande
672 173 133 21 sistnämnda
816 172 42 22 för-

98 205 48 29 slag
168 206 104 22 existerar
295 206 7 20 i
324 206 80 26 landet,
427 206 40 22 har
483 207 62 21 ätven
561 207 58 21 inom
634 207 105 21 utskottet
754 208 58 26 gjort
827 206 32 28 sig

98 240 108 28 gällande,
225 240 7 20 i
248 240 35 22 det
299 242 32 20 att
346 240 107 22 hvardera
467 241 221 27 meningsfraktionen
704 240 52 23 stått
771 241 88 22 alldeles

95 274 123 27 jemnstark
233 274 40 21 och
289 274 40 21 den
345 274 86 28 aflagda
447 275 119 21 röstsedeln
583 274 83 22 således
681 275 81 28 afgjort
777 276 81 21 utskot-

99 310 43 19 tets
157 308 70 21 beslut
242 309 31 20 uti
289 307 84 29 frågan.

168 342 171 22 Vidkommande
361 343 27 21 de
411 343 52 24 skäl,
487 349 47 16 som
552 343 69 21 under
637 343 148 21 diskussionen
800 343 58 21 inom

99 376 106 22 utskottet
227 377 81 21 anförts
331 377 34 25 för
387 377 41 21 och
443 379 58 19 emot
516 377 41 22 den
573 377 24 21 af
610 377 141 22 skolkomitén
767 377 39 22 och
822 377 36 21 Se-

99 412 65 20 naten
186 410 129 28 föreslagna,
338 411 40 21 och
401 418 29 14 nu
453 413 73 19 senast
549 411 23 22 af
586 411 143 28 petitionären
744 410 115 23 förordade

99 445 145 27 omdaningen
259 445 24 21 af
297 445 272 28 undervisningsväsendet,
586 445 64 22 hafva
666 445 108 22 desamma
785 447 73 19 natur-

99 478 71 29 ligtvis
184 479 8 21 i
207 479 120 21 hufvudsak
342 478 81 23 bestått
437 479 7 21 i
460 482 31 19 ett
506 479 163 22 återhemtande
685 480 24 21 af
721 479 56 22 hvad
792 479 66 22 redan

99 513 33 21 uti
147 513 147 26 skolkomitén,
314 513 224 28 Skolöfverstyrelsen,
555 513 93 22 Senaten
664 516 57 19 samt
733 513 80 28 jemväl
827 513 31 21 uti

99 547 236 28 petitionsmemorialet
351 548 70 21 blifvit
435 548 7 21 i
457 548 67 22 saken
540 547 129 23 framhället.
693 548 110 22 Utskottet
813 550 45 19 tror

98 582 35 28 sig
145 582 72 22 derför
229 582 76 22 endast
317 582 160 28 antydningsvis
486 582 93 22 behöfva
590 584 114 20 omnämna
715 582 26 22 de
751 582 107 28 synpunk-

99 617 40 25 ter,
155 616 72 22 hvilka
242 616 13 22 &
269 616 106 22 hvardera
389 616 62 22 sidan
466 617 57 21 varit
538 616 26 22 de
580 616 167 22 bestämmande.

169 649 76 23 Säsom
260 651 26 21 de
301 651 113 27 vigtigaste
429 650 123 22 fördelarne
568 651 24 21 af
605 651 86 21 latinets
699 650 159 28 uppskjutande

98 684 42 22 och
156 684 161 22 bottenskolans
332 685 123 21 inrättande
470 685 41 21 har
527 685 92 21 anförts:

169 719 22 27 a)
208 721 32 19 att
263 719 36 21 det
320 719 69 21 andra
410 719 113 21 inhemska
538 718 88 28 spräket
642 719 67 22 skulle
725 720 24 20 af
762 720 96 21 eleverne

98 753 129 27 grundligen
243 753 115 26 inhemtas;

169 787 23 28 b)
209 789 32 19 att
263 787 36 21 det
322 787 45 21 ofta
381 786 25 22 sä
420 786 64 22 svära
499 788 57 21 valet
571 788 24 20 af
610 788 85 21 barnets
711 787 147 25 lefnadsbana,

99 820 81 22 hvilket
202 829 29 13 nu
253 822 7 20 i
275 821 120 21 hufvudsak
411 820 67 23 mäste
494 822 37 21 ske
547 822 67 21 redan
629 822 35 21 vid
679 821 94 22 inträdet
788 822 7 19 i
811 822 48 20 sko-

99 853 44 28 lan,
166 855 71 22 kunde
260 855 127 28 uppskjutas
407 857 75 20 trenne
499 855 25 22 är
539 854 85 27 framät,
641 855 134 22 alldenstund
791 855 68 21 öfver-

99 887 85 30 gången
207 889 48 22 från
277 889 150 22 bottenskolan
450 892 53 19 utan
525 889 71 28 någon
616 891 81 26 störing
713 890 24 21 af
749 889 110 22 studierna

100 930 51 15 vore
173 924 74 28 möjlig
270 923 58 22 säväl
351 925 32 20 till
407 924 36 21 det
464 924 63 22 lärda
542 931 46 15 som
604 924 36 22 det
655 925 58 21 reala
728 925 130 25 läroverket;

99 957 126 29 derigenom
247 959 68 21 skulle
337 958 84 22 säledes
443 960 71 20 större
532 959 101 21 säkerhet
652 961 26 19 än
694 959 35 21 vid
745 959 35 21 det
795 966 64 14 nuva-

99 993 69 21 rande
186 995 101 26 systemet
302 992 100 27 erhällas,
419 995 32 19 att
466 993 26 21 de
508 993 109 22 blifvande
633 993 167 28 medborgarene
816 993 42 20 väl-

97 1027 26 27 ja
138 1034 25 14 en
174 1027 63 26 bana,
254 1027 33 22 för
303 1027 83 22 hvilken
403 1027 26 21 de
445 1034 40 21 ega
500 1027 110 26 fallenhet,
621 1028 40 21 och
673 1026 69 23 såsom
753 1026 46 22 små
809 1027 50 21 bäc-

99 1061 41 21 kar
163 1061 69 22 skulle
254 1062 177 21 bottenskolorna
453 1061 115 28 uppsamla
587 1061 64 22 eliten
667 1061 23 22 af
703 1061 84 22 landets
802 1068 57 21 unga

99 1095 90 27 krafter,
206 1095 13 22 å
234 1103 40 15 ena
289 1096 62 21 sidan
365 1095 35 22 för
415 1095 26 22 de
457 1095 69 27 lärda,
542 1095 13 22 å
571 1095 41 22 den
627 1095 68 22 andra
710 1096 34 21 för
759 1095 26 22 de
794 1095 65 26 reala,

100 1130 42 22 den
158 1130 112 28 praktiska
285 1130 162 22 verksamheten
463 1137 60 15 mera
538 1130 100 22 afseende
653 1130 119 26 studierna;

170 1166 21 26 c)
207 1167 32 19 att
259 1165 36 21 det
309 1165 57 27 höga
381 1164 122 28 procenttal
519 1164 24 22 af
556 1164 87 22 skolans
658 1164 75 26 elever,
749 1171 45 15 som
810 1164 49 21 skil-

96 1198 37 28 jer
156 1199 32 27 sig
211 1202 53 18 utan
287 1201 32 19 att
340 1199 66 21 hafva
421 1198 125 28 genomgätt
561 1199 126 25 läroverket,
703 1198 73 22 säkert
791 1197 28 22 dä
834 1198 25 21 de

100 1232 124 23 absolverat
245 1233 163 21 bottenskolans
430 1233 108 21 afslutade
560 1233 76 21 kurser
659 1232 67 22 skulle
741 1231 118 22 medföra
846 1227 17 38 i

100 1267 60 21 lifvet
182 1274 27 15 en
232 1268 51 21 fond
306 1268 23 20 af
350 1266 61 28 längt
433 1267 108 28 nyttigare
556 1267 123 27 kunskaper
693 1268 27 20 än
736 1266 33 22 för
784 1266 75 21 närva-

100 1302 74 26 rande,
192 1300 27 23 dä
235 1302 26 21 de
276 1300 51 29 afgä
341 1300 48 22 från
405 1301 142 21 latinskolans
562 1301 60 27 lägre
638 1301 39 21 och
689 1300 170 26 mellanklasser;

170 1336 23 27 d)
209 1338 32 19 att
257 1336 76 21 endast
348 1342 76 21 genom
440 1335 248 28 bottenskolesystemets
703 1334 113 22 införande
825 1334 35 21 det

99 1376 51 16 vore
173 1370 84 28 möjligt
279 1372 32 20 att
333 1370 114 27 tillgodose
470 1370 27 21 de
516 1370 95 27 ständigt
626 1369 97 21 växande
739 1367 120 28 anspräken

99 1403 29 28 pä
151 1411 41 20 nya
215 1404 106 25 läroverk,
336 1405 7 20 i
359 1404 36 21 det
410 1405 33 20 att
458 1403 63 22 äfven
537 1403 13 22 &
565 1402 82 23 sädana
663 1405 63 24 orter,
743 1403 38 20 der
796 1402 63 27 ingen

171 1444 93 17 Allmänna
276 1445 161 17 Besvärsutskottets
448 1444 105 17 betänkande
566 1443 35 17 N:o
614 1444 27 16 18.
