1023 1678
355 114 65 23 Petit.
436 115 45 22 bet.
497 115 38 22 N:o
551 114 20 23 2.
802 117 11 18 5

82 180 42 21 kan
140 179 33 22 för
188 180 100 22 behofvet
304 187 50 15 vara
370 181 107 27 tillfyllest
492 181 103 26 görande.
627 181 74 21 Redan
719 182 54 19 1870
790 186 51 21 upp-

82 214 48 26 gick
152 215 26 21 de
193 215 119 21 blödsintes
328 215 59 22 antal
403 217 86 20 ensamt
503 215 7 21 i
526 215 135 27 Helsingfors
677 215 33 21 till
727 217 26 19 64
768 221 74 20 perso-

82 255 44 15 ner.
157 249 112 22 Utskottet
285 256 63 15 anser
364 250 54 21 dock
433 250 124 27 ingalunda,
574 252 32 19 att
622 249 133 22 inrättandet
770 249 22 22 af
801 255 41 21 nya

82 283 105 22 anstalter
202 283 32 22 för
250 284 118 21 sinnesslöe
383 284 67 21 redan
467 284 7 21 i
489 286 109 19 närmaste
613 284 86 21 framtid
716 283 66 22 borde
793 283 48 22 ifrå-

82 317 118 27 gakomma,
218 319 22 26 ty
255 318 54 21 först
325 319 66 20 sedan
407 319 121 20 statistiskt
543 318 69 21 blifvit
623 318 78 26 utredt,
713 318 32 21 till
758 317 84 22 hvilken

83 351 57 22 siffra
161 352 81 22 antalet
262 352 22 21 af
301 352 78 22 idioter
397 354 7 20 i
421 352 125 22 skolåldern
562 353 89 27 belöper
667 352 33 28 sig
716 354 56 20 samt
787 352 55 22 huru

83 387 40 21 den
138 387 94 22 fördelar
248 387 32 27 sig
295 387 29 27 på
339 387 57 22 olika
411 388 84 21 trakter
511 388 7 21 i
533 388 79 26 landet,
630 390 23 19 är
670 388 37 21 det
718 387 82 28 möjligt
811 389 32 20 att

82 421 49 22 med
153 421 83 22 visshet
258 421 79 28 afgöra,
358 422 87 21 hvilken
467 422 77 27 åtgärd
565 423 39 21 bör
619 422 99 27 vidtagas
734 421 33 22 för
782 422 60 21 bere-

83 455 69 22 dande
175 455 22 22 af
217 456 92 27 lindring
331 456 31 21 uti
383 456 140 22 oftanämnde
543 457 137 21 vanlottades
701 456 63 22 svåra
783 456 58 22 belä-

83 489 86 28 genhet.

151 525 30 22 På
200 525 69 27 grund
289 525 23 22 af
329 525 55 22 hvad
406 526 92 21 sålunda
520 526 82 21 anförts
622 525 33 22 får
674 526 112 21 Allmänna
801 526 40 21 Be-

82 560 170 21 svärsutskottet
267 560 109 22 vördsamt
390 560 87 27 föreslå,
495 563 33 19 att
543 561 85 21 landets
640 560 94 22 Ständer
743 560 49 22 ville
802 560 39 21 hos

82 593 60 22 Hans
158 594 120 28 Kejserliga
293 595 102 28 Majestät
409 595 7 21 i
432 595 174 27 underdänighet
622 595 94 22 anhälla:

219 635 22 26 å)
263 637 30 20 att
312 643 25 14 en
356 636 106 21 statistisk
483 636 157 27 undersökning
659 635 91 22 rörande
765 635 78 22 antalet

186 670 8 20 i
212 669 71 22 landet
302 671 91 21 varande
411 671 118 21 sinnesslöe
544 671 32 20 uti
590 670 121 22 skoläldern
725 671 65 20 mätte
805 676 36 15 an-

185 704 86 26 ställas;
286 704 109 22 äfvensom

221 739 21 27 0)
263 741 31 19 att
310 740 9 20 i
333 740 49 21 stöd
396 740 27 26 af
435 739 94 22 sålunda
544 746 82 15 vunnen
641 739 119 27 utredning,
776 739 66 27 nådig

183 774 133 26 proposition
337 774 108 27 angående
465 774 137 27 erforderliga
622 774 100 27 åtgärder
738 774 34 26 för
787 774 54 21 bere-

186 808 69 22 dande
273 808 27 27 af
311 809 81 27 tillfälle
408 809 32 21 till
454 809 56 21 värd
526 809 36 21 och
576 809 152 27 undervisning
744 810 23 20 ät
782 808 60 22 desse

187 842 97 28 olycklige
298 844 64 21 mätte
378 851 32 14 om
425 843 81 28 möjligt
516 843 66 22 redan
592 842 250 23 nästsammanträdande

187 877 101 28 landtdag
302 878 123 27 föreläggas.

152 917 141 28 Helsingfors,
302 918 23 22 af
334 919 113 21 Allmänna
457 919 203 22 Besvärsutskottet
671 919 41 21 den
724 920 26 20 25
762 918 79 22 Febru-

83 951 32 22 ari
132 953 61 21 1882.

150 1044 11 21 I
176 1045 101 22 ärendets
294 1046 157 28 handläggning
466 1046 66 22 hafva
548 1046 98 26 deltagit:
669 1046 86 26 Geitlin,
771 1046 19 22 J.
808 1046 32 26 G.,

83 1078 134 28 ordförande,
234 1080 127 27 Grotenfelt,
377 1081 54 26 Nils,
447 1081 163 27 Pippingsköld,
621 1081 27 26 J.,
660 1081 180 26 Standertskiöld,

83 1112 23 22 C.
130 1113 32 26 G.,
190 1114 110 27 Mechelin,
323 1115 31 27 L.,
378 1115 117 27 Stenbäck,
518 1116 27 21 K.
568 1116 32 26 E.,
623 1116 121 26 Lindstedt,
770 1116 70 26 Wilh.,

83 1146 129 29 Calamnius,
234 1149 20 21 J.
277 1150 39 26 W.,
340 1150 115 27 Walleren,
481 1150 35 26 G.,
539 1150 124 28 Malmgren,
687 1150 25 22 A.
735 1151 26 26 J.,
786 1150 54 27 Chy-

83 1182 82 27 denius,
181 1183 25 21 A.
222 1184 34 26 H.,
273 1179 92 32 Öhberg,
377 1184 32 28 V.,
425 1185 99 27 Avellan,
538 1185 60 27 Edv.,
609 1186 88 26 Luoma,
708 1186 20 21 J.
739 1185 34 27 H.,
785 1185 55 21 Lau-

82 1216 103 27 rikainen,
202 1218 29 26 T.,
248 1218 88 28 Ekman,
353 1219 23 21 E.
393 1220 24 21 A.
