1023 1678
213 132 80 22 Ständ.
310 133 51 23 Pet.
378 145 26 4 —
420 133 171 23 Petitionsbet.
607 133 41 22 N:o
663 133 20 22 7.

350 201 14 13 E

347 373 135 25 Finlands
508 364 137 35 Ständers
664 373 166 26 underdäni-

279 420 33 23 ga
338 413 126 31 petition
491 413 114 31 angående
631 413 97 32 förhöjdt
752 413 78 32 anslag

279 453 35 25 för
332 453 86 25 landets
438 453 136 31 geologiska
591 453 173 31 undersökning.

102 515 243 27 Stormäktigste,
364 515 233 27 Allernådigste
613 515 122 28 Kejsare
751 515 50 21 och

359 549 185 22 Storfurste!

140 613 10 20 I
165 613 55 27 syfte
236 614 32 19 att
283 612 105 21 Finlands
402 611 129 28 geologiska
545 612 161 27 undersökning
717 613 67 20 måtte
794 612 36 21 be-

74 647 78 22 drifvas
167 648 49 20 med
232 648 68 20 större
315 647 59 20 kraft
390 646 40 21 och
446 646 116 28 framgång
578 647 27 20 än
616 646 96 22 härintill
722 647 40 21 har
772 647 58 21 inom

74 681 157 28 Ridderskapet
246 681 39 21 och
300 681 69 21 Adeln
385 681 36 21 vid
436 681 149 21 innevarande
595 681 104 27 landtdag
709 680 122 28 föreslagits

74 715 110 23 aflåtande
198 716 25 21 af
236 723 26 14 en
277 716 136 27 underdånig
424 716 94 27 petition
529 716 80 26 derom,
621 718 32 19 att
689 717 65 20 Eders
769 715 60 27 Kej-

75 750 111 28 serliga
201 750 144 28 Majestät
360 751 7 20 i
382 751 69 21 nåder
466 750 86 22 täcktes
567 750 85 28 förhöja
667 751 37 21 det
715 750 68 28 årliga
793 757 37 14 an-

74 785 69 27 slaget
158 785 24 21 af
195 785 124 21 statsmedel
334 784 34 22 för
382 785 170 27 ifrågavarande
568 785 167 27 undersökning.

159 819 41 21 Vid
218 819 100 28 pröfning
337 820 25 20 af
374 820 96 21 nämnde
486 819 81 27 förslag
583 819 64 22 hafva
661 819 123 22 Ständerna
798 819 32 21 in-

74 854 88 26 hemtat,
179 856 31 18 att
223 854 161 21 vederbörande
396 854 152 28 myndigheter
559 854 40 21 och
610 854 100 21 fackmän
721 853 108 22 öfverens-

74 889 134 21 stämmande
224 895 56 19 anse,
298 890 36 20 det
348 888 79 22 brister
442 889 26 21 af
480 889 107 27 väsentlig
606 888 109 28 betydelse
729 888 34 21 för
780 889 49 21 när-

75 924 93 21 varande
189 923 85 21 vidlåda
293 923 86 21 landets
398 922 129 28 geologiska
545 923 168 27 undersökning,
729 930 46 14 som
791 923 38 27 på-

74 958 100 27 börjades
193 958 25 20 år
235 958 63 25 1865,
316 957 131 22 afstannade
464 958 25 21 år
504 958 63 25 1868,
584 958 47 21 åter
645 958 73 26 vidtog
734 958 24 20 år
773 957 56 21 1877

74 992 40 21 och
136 992 94 21 derefter
250 992 96 27 fortgått,
362 992 129 27 visserligen
506 995 54 18 utan
577 992 89 25 afbrott,
682 998 50 15 men
747 991 83 28 ganska

74 1026 114 27 långsamt,
203 1026 7 21 i
226 1027 36 20 det
277 1028 32 19 att
324 1027 78 21 endast
418 1027 111 21 trettiotre
545 1026 127 28 qvadratmil
687 1026 91 27 landyta
792 1033 38 14 un-

75 1061 38 21 der
135 1061 51 20 åren
204 1061 140 22 1877—1880
358 1061 86 21 kunnat
459 1061 133 27 kartläggas.
621 1061 34 21 Då
670 1060 107 28 nemligen
793 1067 37 14 an-

74 1095 68 27 slaget
165 1095 18 28 ej
207 1095 109 27 medgifvit
338 1095 120 31 aflönande
477 1095 26 22 af
516 1095 99 28 geologer
629 1096 49 21 med
693 1095 137 25 årsarvoden,

74 1129 65 22 hafva
153 1129 99 22 biträden
268 1130 95 27 antagits
379 1131 79 20 endast
472 1130 35 21 för
523 1130 189 26 sommararbeten,
728 1129 40 22 och
778 1130 53 20 enär

75 1164 147 27 ersättningen
230 1164 55 21 varit
294 1164 67 27 ringa,
370 1164 67 22 hafva
446 1166 65 20 dessa
521 1164 98 21 biträden
627 1165 18 27 ej
657 1164 90 27 deltagit
755 1163 75 28 längre

76 1199 31 20 tid
117 1199 7 20 i
134 1198 188 27 undersökningen
336 1200 28 19 än
377 1206 34 19 en,
423 1199 65 27 högst
499 1200 38 21 två
545 1206 86 19 somrar,
644 1198 87 23 hvarför
742 1198 88 21 ledaren

75 1233 74 27 hvarje
168 1233 23 20 år
208 1233 56 21 varit
282 1235 95 25 tvungen
398 1235 33 20 att
451 1233 70 22 anlita
542 1241 41 20 nya
598 1233 88 26 krafter,
702 1233 66 27 något
784 1239 45 14 som

74 1267 34 21 för
122 1267 84 21 arbetet
220 1267 56 21 varit
290 1267 8 20 i
312 1267 78 28 högsta
405 1269 55 26 grad
476 1267 160 28 ofördelaktigt,
652 1268 90 21 emedan
756 1267 32 21 tid
798 1267 32 21 åt-

74 1302 47 27 gått
136 1301 34 21 till
184 1301 114 22 inöfvande
314 1302 24 21 af
351 1301 123 27 biträdena,
491 1302 75 22 hvilka
580 1303 69 20 under
663 1303 27 20 de
705 1301 69 22 första
785 1302 43 20 må-

75 1337 97 19 naderna
190 1335 135 27 naturligtvis
345 1336 43 27 röjt
408 1343 73 14 ovana
498 1336 41 22 och
555 1336 113 21 osäkerhet
683 1336 36 21 vid
734 1335 96 21 arbetets

75 1370 121 21 utförande.

146 1404 73 27 Enligt
240 1406 31 19 ett
289 1404 87 22 schema
394 1404 35 22 för
447 1406 37 20 det
499 1405 125 27 geologiska
638 1404 192 26 kartverket,
787 1400 45 36 som

75 1438 70 22 blifvit
162 1440 128 25 upprättadt
311 1439 35 21 vid
362 1439 179 27 bergsstyrelsen,
557 1439 68 21 skulle
641 1440 48 21 med
704 1439 126 21 nuvarande
