1020 1678
297 135 243 23 Petitionsbetänkande
558 135 35 23 N:o
610 135 38 23 23.
810 135 12 21 3

88 193 74 27 hålles,
178 192 46 23 icke
240 192 142 27 Björneborgs
397 193 49 22 stad
461 194 53 21 utan
529 193 49 21 hela
593 193 96 26 häradet,
700 192 80 22 hvilket
791 191 60 27 dock,

89 227 23 22 af
125 227 41 22 lätt
180 226 117 28 begripliga
312 227 52 26 skäl,
389 227 47 21 icke
452 227 37 21 vill
505 227 130 22 underkasta
650 227 32 27 sig
698 227 26 21 de
739 225 114 28 uppoffrin-

89 267 38 22 gar
152 267 27 16 en
204 261 38 22 bro
268 261 22 22 af
313 260 161 28 ifrågavarande
490 261 146 22 beskaffenhet
650 261 131 21 förutsätter.
812 260 40 22 Om

89 295 83 22 således
186 295 143 27 Björneborgs
344 295 55 27 stad,
415 295 87 22 hvilken
518 297 94 20 närmast
627 295 40 22 har
681 295 89 22 intresse
786 294 22 22 af
821 295 32 21 att

89 329 54 22 bron
165 329 97 21 kommer
283 329 32 21 till
330 329 69 26 stånd,
416 329 121 27 öfvertager
552 329 122 22 utförandet
689 329 23 22 af
725 329 127 25 densamma,

89 364 24 21 så
128 364 43 21 kan
186 364 36 21 det
236 363 47 21 icke
298 362 105 28 förnekas,
413 365 32 20 att
460 364 76 21 staden
550 363 39 22 har
604 363 109 28 grundade
724 362 92 28 anspråk
826 363 28 26 på

90 398 37 21 det
148 397 118 22 allmännas
290 398 115 21 understöd
429 398 33 21 för
477 398 111 26 företaget,
618 398 62 21 Inom
695 397 105 22 utskottet
815 396 39 21 har

89 433 71 26 någon
174 431 145 28 skiljaktighet
334 431 47 22 icke
397 432 68 21 heller
480 431 135 22 förekommit
625 432 110 27 angående
745 431 110 28 petitions-

89 465 144 22 memorialets
248 465 190 28 behjertansvärda
453 466 101 27 innehåll,
570 466 67 21 ehuru
651 465 97 22 formella
766 465 89 22 betänk-

89 500 91 27 ligheter
195 500 88 21 uttalats
298 502 45 19 mot
359 507 26 14 en
401 501 181 27 ständerpetition
601 501 7 21 i
624 507 25 15 en
665 501 60 26 fråga
739 500 23 21 af
775 499 80 22 föreva-

89 535 67 21 rande
176 533 152 23 beskaffenhet.
359 534 124 23 Utskottets
498 534 70 22 flertal
583 535 39 22 har
637 535 56 21 dock
709 536 69 20 ansett
794 534 61 21 dessa

89 568 172 27 betänkligheter
284 568 17 27 ej
318 568 91 27 förtjena
425 570 65 26 något
507 569 104 26 afseende,
629 571 51 20 enär
695 567 161 28 ifrågavarande

90 602 89 27 företag,
202 609 36 15 om
263 603 45 26 ock,
324 603 7 20 i
346 603 69 21 likhet
430 603 50 22 med
495 604 91 26 mången
601 603 22 22 af
637 605 70 20 staten
723 602 71 22 utförd
809 602 47 27 dyr-

90 637 41 21 bar
154 637 281 27 kommunikationsanstalt,
462 637 22 22 af
508 637 143 22 framstående
666 637 59 22 lokal
740 636 114 28 betydelse,

90 671 33 21 för
137 671 64 27 ingen
217 671 34 21 del
266 671 41 21 kan
323 677 61 15 anses
400 671 137 21 uteslutande
553 671 43 21 afse
612 672 40 20 den
668 671 108 21 landsdels
786 669 70 27 behof,

90 704 64 22 hvars
177 704 128 28 omsättning
329 705 40 21 den
384 707 98 20 närmast
497 706 97 21 kommer
609 707 32 20 att
657 705 109 27 förmedla,
783 707 51 19 utan
849 704 7 21 i

92 739 74 27 sjelfva
188 739 74 21 verket
278 745 79 21 gagnar
372 739 49 22 hela
437 740 74 21 landet
527 740 39 21 och
582 740 101 21 särskildt
698 740 7 21 i
721 739 100 22 händelse
836 738 22 22 af

91 775 31 19 ett
144 773 48 27 krig
214 773 85 21 komme
314 775 33 19 att
361 773 66 22 blifva
442 773 24 22 af
479 776 46 19 stor
538 774 115 27 strategisk
669 774 114 27 betydelse.
814 773 43 21 För

91 809 32 20 att
147 808 53 26 inse,
225 808 54 20 huru
302 808 101 21 störande
427 808 111 22 saknaden
554 808 22 22 af
590 815 26 15 en
632 808 41 22 fast
689 808 39 22 bro
744 809 67 21 måste
827 807 30 21 in-

92 842 66 21 verka
182 842 28 27 på
236 842 40 21 den
301 842 161 26 genomgående
488 842 97 26 trafiken,
601 842 101 22 behöfver
717 848 49 16 man
782 842 75 22 endast

92 878 50 25 taga
166 876 8 20 i
196 876 147 26 betraktande,
360 878 33 19 att
408 876 38 22 fall
464 876 73 22 kunna
552 876 89 28 inträffa,
658 877 33 26 då,
708 878 70 20 såsom
793 878 15 19 t.
825 882 31 15 ex.

95 910 96 22 sistlidne
206 910 54 26 höst,
270 910 213 22 kommunikationen
500 910 58 22 öfver
573 910 67 22 elfven
656 910 94 28 afbrytes
766 910 33 22 för
808 910 50 21 flere

93 944 107 22 månader.

163 978 32 22 På
210 978 87 22 anförda
313 978 45 22 skäl
373 978 34 22 får
422 978 107 22 utskottet
544 979 107 21 vördsamt
666 979 82 26 föreslå,

299 1043 33 18 att
348 1041 85 21 landets
448 1041 118 28 höglofliga
581 1043 90 20 ständer
685 1043 50 20 ville
746 1041 34 22 till
796 1041 63 21 Hans

231 1075 126 28 Kejserliga
373 1075 107 28 Majestät
495 1076 53 27 ingå
564 1076 47 21 med
631 1083 25 14 en
672 1076 138 27 underdånig
822 1082 38 21 pe-

232 1110 71 26 tition,
312 1112 32 18 att
359 1109 151 28 Björneborgs
525 1111 50 20 stad
590 1111 65 21 måtte
671 1110 148 27 tillförsäkras
831 1112 29 19 ett

232 1143 116 27 räntefritt
371 1144 39 21 lån
435 1143 29 22 af
475 1144 101 27 200,000
593 1145 63 21 mark
671 1145 35 22 till
721 1144 139 29 uppförande

232 1177 30 28 af
273 1185 25 14 en
309 1177 52 28 fast
376 1178 38 21 bro
431 1178 62 27 öfver
508 1179 72 21 Kumo
597 1179 35 28 elf.

164 1240 11 21 I
198 1241 99 21 ärendets
320 1241 130 27 behandling
466 1241 64 22 hafva
546 1242 87 27 deltagit
649 1242 24 21 E.
690 1242 108 26 Duncker,
815 1241 47 22 ord-

96 1274 95 27 förande,
218 1275 144 21 ledamöterne
387 1276 25 20 A.
440 1275 24 21 E.
492 1275 102 27 Granfelt,
621 1276 23 21 G.
661 1276 114 27 Dahlberg,
792 1276 25 21 O.
833 1276 29 21 M.

97 1308 135 27 Nordström,
248 1309 24 21 E.
290 1309 117 26 Molander,
424 1309 24 22 R.
466 1310 26 21 A.
508 1309 137 28 Hasselblatt,
662 1311 25 20 K.
704 1311 25 20 H.
742 1310 121 27 Lindholm,

98 1343 19 21 J.
141 1342 139 22 Hannuksela
299 1343 39 21 och
354 1343 23 21 F.
393 1343 32 21 W.
443 1344 129 26 Lagerstedt
587 1346 55 19 samt
657 1344 164 27 suppleanterne
836 1344 27 21 H.

98 1383 18 15 v.
134 1376 102 28 Qvanten,
263 1377 22 22 C.
303 1378 23 20 A.
344 1378 22 20 F.
384 1378 160 26 Björkenheim,
570 1378 97 22 Friherre
687 1378 24 22 G.
728 1379 24 21 A.
770 1379 96 26 Langen-

99 1410 69 22 skiöld
184 1411 39 21 och
239 1412 132 26 Hyytiäinen.

176 1501 190 18 Ekonomiutskottets
379 1502 120 18 betänkande
512 1503 37 17 N:o
562 1504 16 16 9.
