1014 1678
184 105 26 20 42
370 104 256 24 Petitionsbetänkande
641 106 39 23 N:o
695 104 31 24 13.

155 172 49 15 ännu
221 170 58 18 hafva
295 170 48 18 varit
360 175 22 13 en
400 170 35 18 den
452 171 137 23 obetydligaste
603 174 31 16 ort
645 182 23 2 —
680 171 72 18 mindre
766 173 23 15 än
802 171 78 23 mången
893 171 24 22 by

154 198 25 23 på
193 198 116 23 landsorten,
325 199 122 22 sysselsättas
463 205 26 12 nu
501 200 30 17 vid
545 200 43 18 dess
601 200 121 18 industriella
734 200 45 18 verk
791 200 59 22 några
863 203 54 15 tusen

155 227 98 23 arbetare
249 223 11 31 ;
270 227 34 18 och
319 230 49 15 utom
385 228 66 21 denna,
467 228 29 18 till
513 230 40 16 stor
569 229 31 17 del
616 229 11 17 &
644 229 59 17 andra
719 230 51 16 orter
781 228 88 18 mantals-
883 228 34 18 och

154 256 140 23 kyrkoskrifna,
307 256 198 24 arbetarebefolkning
517 257 60 18 finnas
589 258 6 17 i
608 258 64 18 Kotka
686 257 48 22 stad,
748 257 59 23 enligt
819 257 21 18 af
846 258 72 22 Kyrko-

155 284 71 18 herden
239 284 97 19 derstädes
349 284 100 20 aflemnadt
461 286 58 23 intyg,
533 287 50 21 1,120
595 291 92 18 personer
699 286 139 22 kyrkoskrifna.

223 314 35 17 Att
271 314 71 22 staden,
355 314 55 18 stadd
422 314 6 18 i
441 314 62 18 denna
515 315 56 18 raska
584 315 114 23 utveckling,
711 315 42 17 icke
762 314 78 23 undgått
849 316 28 16 att
885 314 33 18 be-

154 344 54 16 röras
224 341 20 18 af
256 341 32 18 vår
300 342 38 18 tids
350 342 59 18 behof
420 343 20 18 af
451 343 86 22 kunskap
550 343 35 18 och
598 343 81 18 vetande
692 353 23 2 —
728 345 22 16 är
762 343 96 23 naturligt,
870 343 48 18 lika-

155 376 39 13 som
213 371 35 18 ock
262 374 28 15 att
302 371 43 18 dess
358 371 72 18 saknad
443 371 20 18 af
473 372 71 23 hvarje,
557 372 54 17 äfven
625 372 36 18 den
674 372 69 23 lägsta,
755 371 164 18 Elementarskola

155 402 21 15 är
188 399 74 23 ganska
274 400 92 22 kännbar;
379 409 22 4 —
414 401 34 17 och
462 401 73 22 hoppas
545 401 34 23 jag
592 401 74 18 derföre
680 402 29 16 att
722 400 32 18 det
762 400 102 23 Vällofliga
872 401 46 17 Bor-

155 428 121 22 gareståndet
289 428 48 18 skall
349 428 51 18 finna
411 429 37 17 min
462 429 89 18 anhållan
563 429 113 23 berättigad,
690 429 24 18 då
724 429 34 23 jag
769 429 25 22 på
806 429 113 22 uppmaning

155 457 20 18 af
186 457 50 18 mina
249 457 72 18 valmän
334 457 94 18 vördsamt
440 458 59 17 beder
512 464 29 12 om
554 458 86 18 ståndets
649 458 115 17 medverkan
774 457 34 18 och
817 457 63 18 förord
889 457 29 18 för

155 491 22 12 en
190 486 80 22 petition
283 485 29 19 till
324 486 52 17 Hans
389 486 107 23 Kejserliga
507 487 91 22 Majestät
611 493 29 12 om
653 486 117 19 inrättandet
783 486 6 17 i
802 486 62 18 Kotka
877 486 42 17 stad

155 515 20 17 af
191 520 22 12 en
229 517 30 15 tre
278 515 72 22 klassig
364 515 117 18 Elementar-
499 515 46 18 eller
561 515 127 21 bottenskola,
705 515 59 18 sådan
782 515 34 17 den
830 515 88 18 sednaste

155 543 130 18 Skolkomitén
297 543 98 23 föreslagit
408 544 34 17 och
455 544 106 23 Kejserliga
575 544 81 18 Senaten
666 544 71 23 jemväl
750 543 96 23 tillstyrkt.

605 590 26 23 A.
647 590 25 22 A.
690 590 22 22 F.
730 589 118 29 Lindberg.

225 722 76 21 Såsom
314 722 80 27 jemväl
409 728 56 21 resp.
482 723 143 26 petitionärer
642 722 77 28 sjelfva
734 722 120 25 framhålla,
866 728 52 15 voro

154 756 33 21 till
209 757 69 26 några
300 756 22 21 af
343 757 243 26 petitionsmemorialen
610 757 125 22 statistiska
759 756 83 22 tablåer
860 755 59 23 öfver

155 790 177 28 elevfreqvensen
347 791 35 22 vid
399 792 107 21 särskilda
521 792 99 21 läroverk
634 791 109 28 bifogade,
755 791 118 28 hvarjemte
882 791 38 21 det

155 825 23 22 af
198 827 206 26 representanterne
426 826 47 21 från
496 827 92 26 Viborgs
611 826 37 21 län
671 827 59 20 inom
755 825 166 22 Bondeståndet

154 860 80 21 väckta
248 859 105 28 förslaget
368 867 34 15 om
418 861 124 22 inrättande
557 861 23 21 af
595 863 32 20 ett
642 861 139 26 fullständigt
801 859 118 28 finsksprå-

154 895 47 26 kigt
216 894 142 28 statslyceum
372 895 8 21 i
395 895 82 28 Viborg
495 895 100 28 åtföljdes
612 895 23 22 af
648 895 82 26 utdrag
746 901 26 15 ur
786 894 133 22 kommunal-

154 929 203 27 stämmoprotokoll
379 929 48 22 från
450 932 78 19 nästan
551 930 43 21 alla
614 930 130 21 kommuner
766 929 7 21 i
794 929 67 26 sagda
876 929 42 26 län,

154 963 60 22 hvari
237 964 125 27 påpekades
378 964 159 27 behöfligheten
554 964 23 22 af
591 966 32 19 ett
638 964 68 21 finskt
721 964 84 27 lyceum
821 963 33 22 för
869 964 49 27 syd-

154 1000 60 19 östra
236 998 91 21 Finland
350 998 41 22 och
406 999 155 27 lämpligheten
577 999 22 21 af
613 999 51 21 dess
680 998 143 27 förläggande
839 998 32 21 till
887 998 32 21 lä-

154 1035 49 19 nets
219 1032 161 27 residensstad;
397 1033 74 22 vidare
486 1034 56 21 hade
557 1034 26 20 hr
598 1033 88 26 Berner,
697 1038 48 16 som
764 1033 58 21 inom
837 1032 82 27 Borga-

152 1067 114 21 reståndet
280 1066 108 22 framstält
402 1067 82 27 förslag
500 1074 34 15 om
549 1067 125 28 förändring
691 1067 23 21 af
738 1067 179 27 undervisnings-

155 1102 90 26 språket
268 1102 36 20 vid
326 1102 84 27 lyceum
426 1102 6 21 i
449 1102 33 22 S:t
497 1102 78 22 Michel
591 1102 32 21 till
640 1102 39 22 sitt
703 1101 112 22 memorial
838 1100 83 28 bifogat

154 1136 80 27 utdrag
248 1142 27 15 ur
290 1136 133 27 protokollet
437 1136 59 22 fördt
506 1137 35 21 vid
550 1135 370 28 stadsfullmäktiges
768 1131 10 36 i
786 1135 134 28 sistnämnde

155 1170 48 22 stad
220 1171 160 21 sammanträde
397 1171 41 21 den
454 1172 26 20 26
497 1171 88 21 Januari
601 1170 149 22 innevarande
766 1170 31 26 år,
807 1170 113 21 utvisande

155 1207 33 19 att
202 1206 100 26 samtlige
318 1205 196 27 stadsfullmäktige
529 1206 49 21 med
595 1208 32 19 ett
636 1206 56 21 enda
701 1205 111 26 undantag
820 1204 36 21 vid
864 1210 57 15 sam-

154 1240 124 21 manträdet
288 1240 85 21 förenat
392 1240 33 26 sig
441 1246 34 15 om
491 1241 33 20 att
538 1240 26 21 hr
579 1240 83 21 Berner
677 1239 74 21 såsom
767 1238 93 22 varande
876 1240 45 20 sta-

155 1274 52 21 dens
223 1276 152 24 representant
390 1274 36 21 vid
441 1274 133 27 landtdagen
590 1274 71 21 skulle
676 1279 123 21 uppmanas
809 1274 32 20 att
852 1272 70 22 väcka

154 1308 82 27 förslag
252 1314 34 16 om
303 1308 68 27 sagda
386 1308 136 28 förändring;
539 1314 82 16 samma
636 1308 99 28 yrkande
743 1308 29 26 på
779 1306 142 28 förfinskning

154 1342 23 21 af
182 1342 86 27 lyceet
262 1338 10 36 i
278 1342 32 21 S:t
318 1342 78 22 Michel
406 1343 143 21 återkommer
558 1342 62 22 äfven
633 1343 2 20 i
652 1342 269 26 kommunalstämmopro-

154 1376 68 22 tokoll
239 1376 48 22 från
303 1376 106 22 särskilda
425 1376 220 28 landsförsamlingar,
655 1376 75 22 hvilka
738 1375 109 28 protokoll
853 1375 68 27 jemte

154 1413 205 25 representanterne
374 1411 113 27 Kyanders
504 1418 26 14 m.
546 1411 21 21 fl.
583 1410 218 28 petitionsmemorial
816 1409 70 22 blifvit
901 1409 23 22 af

222 1451 107 17 Allmänna
342 1451 179 18 Besvärsutskottets
535 1450 116 19 betänkande
664 1451 37 17 N:o
715 1450 29 18 13.
