1020 1675
220 128 81 22 Ständ.
317 128 51 22 Pet.
384 141 26 3 —
426 128 120 22 Petitions
561 128 47 23 bet.
624 128 40 22 N:o
678 128 35 22 27.
799 128 13 21 5

91 191 87 29 jestät
198 191 38 21 har
253 191 39 21 ock
311 191 105 29 värdigats
435 191 58 29 gifva
508 191 25 22 de
549 190 107 29 nådigaste
671 191 85 29 uttryck
771 190 24 22 af
807 190 36 22 det

94 226 53 27 höga
166 225 125 26 förtroende,
311 226 101 22 hvarmed
432 226 103 21 Finlands
557 225 44 22 folk
623 225 23 22 af
666 225 46 22 dess
728 224 115 23 Storfurste

94 260 104 21 omfattas.
228 260 43 21 Till
286 260 68 21 denna
377 260 62 28 afsigt
457 260 39 21 och
511 260 58 22 detta
583 259 119 22 förtroende
716 259 53 28 våga
784 259 59 22 Stän-

95 294 65 21 derna
181 293 171 23 förtröstansfullt
375 294 66 29 vädja,
463 294 26 22 då
512 295 25 21 de
559 302 29 13 nu
603 294 8 21 i
626 293 167 29 underdånighet
807 301 36 14 an-

95 328 62 26 hålla,

357 365 33 18 att
405 363 91 20 Eders
512 362 176 29 Kejserliga
703 362 142 28 Majestät

301 397 87 25 täcktes,
404 398 26 20 så
444 399 64 19 snart
519 397 214 28 omständigheterna
743 397 34 20 det
787 396 58 21 med-

301 431 61 28 gifoa
385 431 39 21 och
446 431 55 22 helst
523 431 68 22 redan
614 431 34 21 till
669 430 176 22 nästkommande

303 465 112 28 landtdag,
439 466 47 21 låta
503 465 121 28 förelägga
640 465 124 22 Ständerna
779 464 68 28 nådig

299 500 138 27 proposition
457 501 35 20 till
512 501 36 27 lag
564 500 112 28 angående
692 499 131 28 tryckfrihet
838 499 9 20 i

303 534 104 26 Finland,
431 534 84 22 hvilken
539 535 37 27 lag
598 534 70 26 borde,
690 535 47 20 med
752 533 95 29 upphäf-

302 569 69 21 vande
387 569 30 27 af
428 569 98 21 häremot
540 569 113 21 stridande
671 568 176 22 administrativa

303 603 143 27 stadganden,
470 604 70 20 såsom
562 603 94 27 öfversta
676 604 118 27 grundsats
813 610 35 14 er-

303 637 74 21 känna
394 637 136 27 författares
553 638 37 21 och
605 638 119 28 utgifvares
739 638 30 26 af
780 637 68 27 skrift

304 674 45 18 rätt
365 674 38 24 att,
420 674 54 19 utan
490 673 73 27 någon
578 672 30 28 af
618 672 181 28 statsmyndighet
809 678 38 14 an-

304 706 86 21 ordnad
403 706 133 28 föregående
553 706 136 28 granskning
705 706 30 27 af
744 706 104 26 skriftens

305 740 105 26 innehåll,
426 741 35 20 till
475 741 60 28 tryck
545 741 105 27 befordra
660 742 123 20 densamma
793 742 56 19 samt

305 774 69 21 skulle
385 775 23 20 åt
419 775 86 21 landets
517 776 119 20 domstolar
645 775 132 27 öfverlemna
785 773 64 29 pröf-

306 809 80 27 ningen
402 809 30 27 af
440 809 208 28 pressförbrytelser
663 810 67 27 enligt
745 809 42 27 för
802 809 47 21 dem

306 843 8 20 i
329 843 114 21 allmänna
458 843 132 28 strafflagen
600 846 112 25 upptagna
723 843 126 28 lagbestäm-

306 877 87 27 ningar.

173 911 118 22 Ständerna
312 911 64 22 hafva
398 911 53 22 dock
474 914 69 20 ansett
557 912 31 29 sig
602 912 69 22 tillika
686 913 49 21 böra
750 911 100 23 underdå-

103 945 55 28 nigst
172 945 88 26 anmäla,
276 948 30 19 att
321 946 159 22 Bondeståndet
494 947 47 22 icke
557 947 85 28 deltagit
657 947 7 22 i
680 947 67 22 denna
755 946 94 29 petition.

170 991 104 22 Finlands
290 991 90 23 Ständer
395 992 120 22 framhärda
530 994 38 21 etc.

171 1037 138 28 Helsingfors,
326 1037 40 22 den
382 1039 13 20 2
409 1038 55 22 Juni
482 1039 61 22 1882.

376 1169 204 18 fd

223 1465 117 23 Helsingfors,
354 1466 16 17 J.
385 1466 66 18 Simelii
465 1467 98 23 arfvingars
576 1468 81 22 tryckeri,
671 1469 49 17 1882.
