1011 1673
192 102 13 20 8
368 100 250 24 Petitionsbetänkande
632 101 38 23 N:o
685 100 31 24 14.

162 169 65 18 nerhet
242 170 33 17 der
290 170 86 18 intresset
390 170 29 18 för
433 171 56 17 saken
504 170 49 18 visar
568 171 28 23 sig
610 176 65 18 genom
691 171 89 17 kontanta
791 171 128 23 uppoffringar,

162 198 33 18 der
209 199 35 17 bör
263 200 44 16 utan
325 199 63 18 tvifvel
405 199 178 23 jernvägsföretaget
604 200 60 18 kunna
679 200 57 18 räkna
751 200 23 23 på
789 200 99 18 understöd
903 200 20 17 af

162 229 66 20 staten,
244 227 74 19 hvilken
334 228 5 18 i
355 228 44 18 sista
413 228 48 18 hand
480 229 66 22 drager
560 231 53 21 nytta
628 229 20 17 af
660 229 62 23 hvarje
737 229 115 18 ekonomiskt
866 229 53 17 fram-

161 256 125 18 åtskridande.

230 291 10 17 I
256 292 91 22 egenskap
366 292 20 17 af
401 294 128 21 representant
548 292 28 18 för
594 292 33 18 vår
641 294 70 22 yngsta,
726 298 41 12 men
783 292 71 18 derföre
869 293 50 22 inga-

161 320 56 17 lunda
239 320 57 18 minst
316 320 107 23 lifskraftiga
442 321 47 21 stad,
507 321 55 22 vågar
580 322 43 17 und.
644 321 71 23 påpeka
733 327 22 12 en
771 322 149 22 bansträckning,

161 348 54 18 hvars
228 348 133 23 jemförelsevis
375 352 50 15 stora
441 350 200 18 nationalekonomiska
656 350 93 23 betydelse
764 350 91 23 svårligen
873 350 46 18 skall

160 377 63 18 kunna
240 378 70 22 jäfvas;
330 378 31 23 jag
379 384 62 12 menar
459 384 23 12 en
495 378 198 24 jernvägsförbindelse
708 379 77 18 emellan
801 380 62 17 Kotka
878 379 41 18 stad

161 406 33 18 och
210 406 171 24 statsjernvägarne,
397 408 52 22 längs
464 408 101 23 Kymmene
581 408 60 18 elfdal.
672 408 30 18 Må
717 408 31 18 det
763 408 68 18 tillåtas
844 408 38 22 mig
891 410 28 15 att

160 436 84 17 närmare
268 436 44 18 söka
334 436 74 18 ntvekla
431 437 36 17 den
487 437 26 17 rol
534 437 60 17 denna
607 437 78 23 jernväg
700 437 5 17 i
721 442 22 12 en
758 437 73 17 framtid
847 437 71 18 komme

161 466 28 15 att
204 464 58 23 spela.
292 466 39 16 Den
350 466 34 16 bör
404 466 65 17 härvid
487 466 93 17 betraktas
595 472 21 11 ur
632 468 67 16 tvenne
715 466 97 17 särskildta
826 466 92 23 synpunk-

160 495 37 15 ter:
214 493 5 17 i
235 494 92 23 egenskap
345 494 20 17 af
377 500 23 12 en
415 494 97 18 lokalbana
530 494 28 18 för
572 495 102 23 Kymmene
689 495 56 17 elfdal
760 497 46 15 samt
821 495 58 17 säsom
895 500 23 12 en

160 522 142 22 föreningsbana
317 523 76 17 emellan
409 524 62 17 Kotka
486 524 40 17 stad
542 524 33 17 och
590 524 54 17 hamn
660 526 47 15 samt
722 524 152 17 stambanenätet.

230 551 102 23 Kymmene
350 552 26 17 elf
388 552 73 18 förenar
476 558 37 12 som
532 553 70 17 bekant
616 553 41 17 hela
672 553 31 17 det
719 553 111 17 vidsträckta
844 552 74 23 Päijäne

161 581 153 22 vattensystemet
335 581 40 17 med
397 581 69 17 Finska
487 582 60 17 viken.
577 582 36 17 Det
628 582 76 17 oaktadt
717 582 33 16 har
765 582 59 17 denna
840 581 26 17 elf
878 581 41 17 icke

160 608 72 18 kunnat
246 609 50 17 bilda
316 610 59 22 nägon
391 610 106 18 användbar
512 610 196 18 kommunikationsled
724 610 27 18 till
767 610 42 23 följe
825 610 53 17 deraf
891 611 27 16 att

161 637 41 17 dess
224 638 44 22 lopp
288 640 20 15 är
325 639 98 17 besväradt
442 639 20 17 af
474 645 22 11 en
512 640 66 22 mängd
594 640 58 21 svåra,
668 639 65 17 endast
748 639 40 17 med
804 639 112 23 oproportio-

160 666 60 23 nerlig
234 666 79 18 kostnad
328 668 134 17 kanaliserbara
476 668 63 18 forsar.
562 668 62 18 Ehuru
640 669 52 17 dessa
707 668 75 18 sålunda
792 668 126 23 omintetgjort

160 695 70 17 elfvens
253 696 93 22 betydelse
369 702 37 12 som
429 697 202 22 kommmnikationsled,
654 698 65 22 utgöra
739 697 21 17 de
780 703 21 11 ur
819 702 22 12 en
857 702 60 12 annan

161 724 94 23 synpunkt
277 727 37 15 sett
335 726 41 17 dess
394 726 87 22 rikedom,
501 732 65 16 genom
585 726 35 18 den
636 726 87 22 ofantliga
738 726 77 22 tillgäng
830 726 23 22 pä
868 726 50 17 kost-

160 753 68 17 nadsfri
244 754 111 18 arbetskraft
370 760 38 12 som
424 755 22 17 de
462 755 19 17 ät
496 755 90 17 industrin
602 755 81 23 erbjuda.
709 755 99 17 Forsarnes
823 754 94 23 betydelse

159 782 5 16 i
180 782 52 17 detta
252 782 103 18 hävscende
377 783 143 18 karakteriseras
539 784 69 22 ganska
626 784 29 17 väl
671 784 20 17 af
703 784 32 17 det
749 783 68 18 faktum
833 785 28 15 att
876 784 41 17 kort

159 810 46 18 efter
220 812 108 22 öppnandet
342 812 20 17 af
374 812 154 18 Riihimäki—S:t
546 813 120 22 Petersburgs
679 813 78 22 jernväg
771 812 31 18 vid
818 814 67 16 tvenne
900 812 20 17 af

159 839 92 18 desamma
274 841 74 17 anlades
370 841 64 18 inalles
455 841 12 18 3
487 842 125 23 pappersbruk
630 843 47 16 samt
697 842 57 22 något
768 847 64 12 senare
849 841 30 18 vid
894 847 22 11 en

159 869 58 22 tredje
232 869 38 18 fors
286 875 22 12 en
324 870 31 22 säg
370 871 105 16 omändrats
491 871 27 17 till
534 871 99 22 träsliperi;
649 871 52 17 detta
716 871 33 16 allt
764 871 76 16 oaktadt
850 870 67 17 afstän-

158 897 32 17 det
210 897 40 18 från
270 899 52 16 dessa
341 899 46 17 bruk
407 899 28 18 till
451 899 100 23 jernvägen
566 901 21 16 är
604 899 7 18 1
630 899 12 18 &
657 898 11 19 2
680 899 38 18 mil.
749 899 34 18 Att
798 905 22 11 en
834 899 82 22 jernväg,

158 926 68 23 dragen
247 927 86 22 parallelt
354 928 41 17 med
415 928 60 17 elfven
488 929 12 17 .i
519 930 91 16 närmaste
629 929 91 22 granskap
735 928 28 17 till
779 933 22 12 en
818 928 66 22 mängd
899 927 21 18 af

157 955 42 17 dess
214 955 64 21 forsar,
294 957 57 16 skulle
367 957 19 17 åt
401 957 52 17 dessa
468 957 69 18 skänka
552 959 28 16 ett
595 957 104 24 betydligen
713 957 67 22 förhöjt
790 957 126 22 kapitalvärde

157 986 48 15 samt
227 985 57 17 redan
304 985 5 17 i
328 990 22 13 en
373 991 42 12 snar
433 986 72 17 framtid
526 992 96 17 uppamma
637 992 22 11 en
675 986 78 22 troligen
769 985 15 23 ej
802 985 114 23 obetydande

157 1012 78 18 industri
252 1013 58 18 måste
329 1013 70 18 derföre
417 1020 54 12 anses
485 1021 38 11 som
538 1015 62 22 gifvet.
630 1015 54 18 Invid
699 1015 35 17 den
750 1021 24 11 nu
789 1014 127 23 projekterade

154 1040 110 24 jernvägen,
286 1042 49 18 inom
353 1044 28 16 ett
400 1043 72 17 afständ
493 1043 19 17 af
525 1042 11 19 3
557 1045 49 16 verst
621 1044 39 17 frän
676 1044 110 20 densamma,
802 1043 71 17 komme
889 1045 28 15 att

156 1070 59 17 finnas
237 1070 81 23 följande
337 1071 65 18 forsas:
423 1072 114 23 Ummeljoki,
557 1072 71 23 Anjala,
644 1072 60 18 Ahvio
719 1072 65 21 Perno,
800 1071 115 23 Luajukoski,

155 1098 127 23 Petäjäkoski,
298 1100 126 22 Asolankoski,
440 1101 79 22 Högfors
534 1101 34 17 och
583 1101 120 21 Koivukeski,
719 1101 35 17 alla
769 1101 71 22 egnade
852 1100 27 18 för
888 1100 28 18 in-

155 1128 97 17 dastriella
268 1128 129 25 inrättningar,
413 1130 101 22 hvarjemte
529 1130 30 17 vid
574 1132 68 16 tvenne
657 1130 20 17 af
689 1130 41 17 dem
746 1130 56 17 redan
816 1130 59 16 finnas
885 1135 31 11 an-

156 1156 54 22 lagda
224 1156 87 22 fabriker,
327 1158 90 22 nemligen
434 1158 107 24 Ummeljoki
556 1159 34 17 och
606 1159 82 22 Ingerois
704 1158 117 23 träsliperier.
847 1158 68 17 Härtill

156 1185 33 17 bör
204 1186 64 22 läggas
284 1188 28 16 att
326 1186 101 24 Kymmene
443 1187 60 21 elfdal,
518 1188 76 17 likasom
609 1188 23 17 de
646 1188 52 17 flesta
714 1187 20 17 af
746 1187 44 17 vära
804 1186 81 21 elfdalar,
896 1188 20 16 är

155 1214 29 17 väl
201 1214 55 18 odlad
272 1215 34 17 och
321 1216 68 22 ganska
404 1218 38 16 tätt
457 1216 89 18 befolkad.
562 1216 84 18 Särdeles
662 1216 57 23 gäller
729 1216 51 17 detta
790 1221 29 12 om
830 1215 84 18 sträckan

154 1242 79 18 emellan
254 1244 167 23 statsjernvägarne
440 1245 33 17 och
492 1245 71 23 Anjala,
584 1246 73 16 hvilken
676 1245 25 23 pä
715 1244 89 18 hvardera
818 1244 52 18 sidan
885 1250 29 12 om

154 1271 60 18 elfven
230 1272 62 18 bildar
307 1278 23 12 on
345 1275 64 15 nästan
425 1274 97 18 oafbruten
538 1274 32 18 rad
586 1274 19 18 af
618 1274 65 18 odlade
699 1275 50 21 ägor.
779 1273 68 17 Vidare
857 1273 58 22 ligger

155 1301 45 16 nära
222 1300 49 18 iotill
294 1302 69 18 elfvens
382 1302 65 24 utlopp
465 1303 101 23 Kymmene
583 1303 81 22 fästning
678 1303 41 17 med
735 1302 95 18 derstädes
845 1302 70 22 förlagd

153 1329 44 22 rysk
220 1330 70 17 militär
309 1333 47 15 samt
371 1333 44 15 nära
433 1332 82 17 derinvid
530 1334 28 15 ett
572 1331 109 24 ölbryggeri.
711 1331 35 18 Till
761 1331 35 17 den
812 1330 103 18 lokaltrafik

155 1362 38 13 som
216 1358 78 18 sälunda
317 1359 33 18 här
372 1366 43 11 voro
434 1362 29 16 att
481 1363 68 15 emotse
568 1361 34 17 bör
622 1362 49 16 ännu
691 1360 63 22 läggas
769 1361 28 16 ett
812 1359 102 22 säkerligen

154 1386 69 24 genska
239 1388 105 22 betydande
360 1389 133 18 trafiktillskott
507 1390 39 17 från
562 1390 57 21 sidan,
634 1390 65 16 främst
714 1389 39 17 från
769 1388 146 21 Fredrikshamn,

155 1415 29 17 dit
202 1416 94 18 afständet
318 1417 39 17 från
377 1417 102 23 jernvägen
497 1424 25 12 nu
541 1418 59 18 blefve
621 1416 26 19 22
668 1419 50 16 verst
738 1419 49 16 emot
800 1415 27 19 42
843 1417 72 17 hittills.

223 1452 192 23 Jernvägsutskottets
427 1454 116 18 betänkande
555 1455 37 17 N:o
603 1455 17 17 2.
