1014 1678
274 111 255 22 Petitionsbetänkande
544 111 39 22 N:o
598 110 31 23 13.
778 111 27 21 43

72 178 164 21 Bondeståndet
257 177 33 22 till
312 178 110 21 utskottet
437 177 150 26 remitterade;
610 177 40 22 och
668 177 80 28 jemväl
762 177 37 21 det
814 175 23 22 af

73 214 203 25 representanterne
291 212 143 21 Hannuksela
444 212 42 21 och
494 211 132 28 Lagerstedt
633 211 126 22 framstälda
771 211 63 22 önsk-

73 247 108 26 ningsmål
197 252 33 16 om
246 247 191 26 subventionering
454 246 23 21 af
489 247 86 26 privata
589 246 70 22 finska
674 246 162 28 lyceet
757 242 14 36 i
782 246 54 28 Wasa

74 281 144 22 understödes
235 281 23 22 af
271 280 107 23 särskilda
393 281 34 21 till
443 281 135 22 memorialet
593 281 100 27 bifogade
709 281 126 21 utlåtanden

74 315 47 22 från
136 316 93 21 socknar
244 316 7 21 i
267 311 153 30 Österbotten;
438 315 41 22 och
496 315 102 27 slutligen
616 315 99 28 åtföljdes
732 315 62 22 äfven
809 315 28 22 hr

73 350 172 27 Neppenströms
268 350 7 21 i
290 350 188 27 Borgareståndet
493 350 80 21 väckta
588 350 80 27 förslag
684 356 34 16 om
732 350 81 28 lyceets
828 350 7 20 i

73 385 98 21 Joensuu
194 384 126 28 utvidgning
336 384 22 22 af
372 384 110 22 särskilda
497 385 89 27 bilagor,
603 391 25 15 ur
643 378 73 28 hvilka
731 384 105 22 inhemta-

75 420 38 21 des
137 421 34 20 att
186 419 195 27 stadsfullmäktige
396 420 7 20 i
419 419 69 27 sagde
504 420 49 20 stad
568 419 36 21 vid
620 419 158 22 sammanträde
795 419 41 21 den

75 456 26 20 20
117 454 105 22 Februari
240 456 54 20 1880
310 454 111 22 förbundit
437 454 34 27 sig
487 456 32 19 att
534 454 36 22 vid
587 454 160 26 ombildningen
763 453 23 22 af
799 453 38 21 det

75 489 12 21 å
111 491 61 19 orten
191 488 111 28 befintliga
318 488 130 28 fyrklassiga
462 489 72 27 lyceet
549 489 31 21 till
596 490 32 20 ett
642 488 145 27 fullständigt,
804 488 32 21 till

74 524 152 21 universitetet
242 524 90 21 ledande
348 524 106 26 läroverk,
472 524 93 27 bidraga
580 524 49 21 med
645 526 78 24 30,000
738 523 61 21 mark
815 522 24 22 af

75 558 88 22 stadens
179 558 77 26 medel,
273 558 68 22 under
356 558 71 22 vilkor
444 559 42 21 och
501 558 156 28 förutsättning
672 560 34 20 att
715 558 69 22 denna
792 564 44 15 om-

75 592 97 27 bildning
179 592 99 27 vidtoges
288 595 74 19 senast
376 592 8 22 i
399 593 77 27 början
493 592 22 22 af
529 593 157 21 höstterminen
704 594 60 25 1883,
781 595 58 19 samt

75 629 33 19 att
130 627 105 22 likaledes
258 627 50 22 hrar
330 627 22 22 P.
374 628 130 22 Parviainen
520 628 40 21 och
575 628 23 21 F.
614 628 165 27 Neppenström,
797 628 40 20 den

75 662 57 21 förre
155 668 77 20 genom
248 668 72 15 revers
337 662 22 21 af
374 663 42 20 den
433 664 27 19 10
476 663 100 21 sistlidne
591 663 96 26 Januari,
704 663 40 21 den
761 668 76 15 senare

76 702 77 21 genom
167 697 58 26 dylik
240 696 22 21 af
276 697 41 21 den
333 699 13 18 4
362 697 67 26 derpå
444 696 67 28 följde
526 697 110 26 Februari,
645 697 33 22 för
686 697 41 21 den
735 697 103 20 händelse

77 733 32 19 att
133 733 54 19 1882
211 731 34 21 års
261 731 103 27 landtdag
381 731 71 22 skulle
469 734 77 19 stanna
561 731 36 22 vid
612 732 72 21 beslut
700 733 33 20 att
748 731 89 26 utvidga

77 765 98 22 Joensuu
197 765 99 22 läroverk
319 765 32 21 till
375 767 32 20 ett
430 766 129 27 sjuklassigt
573 767 84 26 lyceum
673 766 41 22 och
730 768 33 19 att
778 766 60 21 detta

77 800 74 21 beslut
165 800 102 27 lyckades
282 801 63 20 vinna
360 800 62 21 Hans
438 801 124 27 Kejserliga
570 801 113 27 Majestäts
693 801 79 26 nådiga
780 799 59 23 bifall

78 835 40 21 och
126 835 155 26 utvidgningen
292 835 84 21 komme
386 835 33 21 till
428 835 65 22 stånd
509 838 75 19 senast
599 838 78 19 tvenne
693 836 24 21 år
733 835 54 22 efter
803 835 36 21 det

78 869 131 27 landtdagen
231 869 70 22 blifvit
316 869 104 27 afslutad,
436 870 112 21 förbundit
564 871 32 26 sig
612 872 32 19 att
658 871 71 21 lemna
743 870 7 21 i
763 870 76 26 bidrag

78 904 33 21 till
127 904 88 21 skolans
230 905 131 26 utvidgande
376 905 110 21 hvardera
501 907 97 20 tretusen
610 905 81 27 (3,000)
700 904 69 22 finska
779 904 60 22 mark

79 941 56 19 samt
158 939 98 21 utbetala
279 945 97 15 summan
400 941 76 20 senast
499 939 57 22 inom
580 940 109 26 utgången
711 939 23 22 af
748 939 92 21 berörda

78 975 79 20 tvenne
173 973 30 22 år.

148 1008 71 22 Jemte
242 1008 76 22 remiss
341 1008 23 22 af
385 1008 63 22 ofvan
473 1010 89 26 intagna
583 1009 57 21 inom
655 1008 186 28 Borgareståndet

79 1042 80 22 väckta
177 1042 185 28 petitionsförslag
386 1043 40 22 har
442 1044 90 21 ståndet
548 1050 76 21 genom
639 1043 202 28 protokollsutdrag

80 1077 111 22 meddelat
206 1078 31 21 till
253 1078 114 21 Allmänna
382 1079 217 21 Besvärsutskottets
619 1079 121 21 kännedom
756 1078 27 21 de
797 1079 43 26 ytt-

80 1112 89 27 randen,
185 1119 46 15 som
246 1113 97 21 enskilde
360 1113 219 22 ståndsmedlemmar
594 1113 35 22 vid
644 1113 105 22 remissen
758 1112 83 27 afgifvit

79 1146 135 22 beträffande
237 1147 60 22 såväl
319 1147 26 22 hr
367 1148 95 21 Berners
486 1148 214 27 petitionsmemorial
721 1154 33 15 om
770 1147 70 21 förän-

81 1181 62 27 dring
166 1181 23 22 af
208 1181 258 28 undervisningsspräket
488 1183 7 20 i
519 1183 32 21 S:t
574 1182 89 21 Michels
686 1182 84 27 lyceum
795 1187 46 15 som

79 1216 76 21 herrar
163 1212 97 31 Öhbergs
277 1223 27 15 m.
320 1216 20 22 fl.
356 1217 8 21 i
380 1219 93 19 motsatt
488 1217 94 27 riktning
596 1217 128 22 framstälda
739 1215 102 29 yrkande,

81 1253 56 19 samt
159 1251 111 27 angående
292 1251 26 22 hr
339 1252 104 21 Neovius?
467 1252 81 27 förslag
571 1258 34 15 om
627 1251 124 22 inrättande
775 1250 22 22 af
811 1252 32 19 ett

81 1285 145 22 realläroverk
242 1285 49 22 med
308 1286 90 22 svenskt
413 1286 233 27 undervisningsspräk
661 1287 7 20 i
683 1286 77 21 staden
776 1285 65 22 Fred-

81 1320 116 21 rikshamn.
228 1320 118 21 Dessutom
361 1320 74 27 ingick
451 1321 7 21 i
475 1321 37 21 det
529 1320 253 27 diskussionsprotokoll,
796 1325 47 16 som

82 1354 35 21 vid
139 1354 104 22 remissen
267 1354 33 21 till
322 1354 115 22 Allmänna
460 1355 202 21 Besvärsutskottet
686 1354 91 27 åtföljde
793 1354 50 20 herr

83 1388 130 28 Chydenius?
237 1388 189 28 petitionsförslag
450 1395 35 15 om
508 1390 169 26 reorganisation
705 1388 24 22 af
756 1388 86 22 landets

83 1422 149 26 skolväsende,
256 1424 78 20 tvenne
359 1424 118 26 yttranden
508 1424 23 21 af
553 1424 74 22 herrar
653 1423 122 28 Chydenius
802 1422 40 21 och

153 1462 104 17 Allmänna
269 1462 181 18 Besvärsutskottets
463 1463 116 18 betänkande
591 1464 36 16 N:o
640 1464 27 16 13.
