1036 1700
266 138 80 23 Ständ.
362 138 52 23 Pet.
429 150 27 3 —
472 138 169 24 Petitionsbet,
658 139 39 21 N:o
712 138 34 22 14.
838 140 12 18 5

127 203 32 21 för
174 203 42 21 den
232 202 34 21 del
282 201 23 22 af
317 200 109 22 mellersta
440 200 99 25 Finland,
556 207 47 14 som
618 201 7 20 i
639 201 72 21 Kotka
721 201 55 22 hade
787 201 33 21 sin
831 202 48 20 när-

126 239 68 19 maste
216 236 102 27 lämpliga
339 234 122 28 hamnplats
474 235 66 27 jemte
556 235 37 21 det
609 234 73 22 banan
698 236 84 20 komme
798 238 32 18 att
846 239 32 17 ut-

125 272 53 27 göra
200 278 26 14 en
246 270 90 27 begväm
351 269 146 27 transportled
512 269 33 21 för
561 269 44 21 alla
621 271 26 19 de
663 269 101 26 fabriker,
779 276 45 14 som
839 270 38 20 fin-

126 313 39 14 nas
184 305 40 21 och
240 305 73 21 kunna
328 304 80 27 uppstä
422 304 35 21 vid
473 304 116 26 Kymmene
606 304 39 21 elfs
661 304 75 25 forsar,
752 306 56 19 samt
824 311 54 14 eme-

127 341 43 21 dan
186 339 72 21 banan
274 338 69 22 skulle
358 338 87 28 betjena
460 345 26 14 en
502 338 139 22 välbefolkad
657 338 39 22 och
712 338 64 22 odlad
792 338 64 21 trakt.

194 373 40 22 Till
257 373 83 22 förmän
356 373 32 21 för
404 372 119 28 petitionen
539 372 56 22 talar
611 373 131 27 ytterligare,
759 375 32 19 att
807 372 72 22 Kotka

126 410 48 20 stad
197 408 104 22 förklarat
324 407 31 27 sig
376 407 124 27 beredvillig
518 409 33 19 att
566 408 50 20 med
633 408 109 27 betydliga
758 407 75 28 anslag
849 407 29 21 bi-

126 445 68 26 draga
209 443 33 21 till
258 443 154 28 realiserandet
428 442 24 21 af
462 442 270 27 jernvägsanläggningen,
748 442 86 21 hvilken
846 445 32 18 ut-

125 479 39 26 gör
186 478 8 20 i
215 477 66 28 längd
304 477 85 27 vidpass
412 478 26 19 45
462 479 57 19 verst
541 476 40 21 och
603 477 24 20 är
643 476 111 22 beräknad
769 479 32 18 att
817 477 62 21 kosta

125 511 114 28 2,000,000
253 511 67 22 mark.
385 519 7 12 a

193 546 31 22 På
238 546 70 27 grund
323 545 23 22 af
359 545 91 22 anförda
465 545 151 21 förhållanden
633 545 65 21 hafva
708 545 123 22 Ständerna
840 553 35 14 ve-

125 582 31 20 lat
178 581 86 21 förorda
287 580 129 27 beviljandet
432 579 24 22 af
468 587 27 14 en
510 580 130 21 subvention
656 580 33 21 till
704 580 78 22 ansökt
797 580 79 28 belopp

125 616 25 21 af
170 615 92 26 600,000
285 615 60 21 mark
368 616 22 20 åt
412 614 72 22 Kotka
501 616 48 20 stad
565 614 54 22 eller
634 615 94 21 enskildt
743 615 70 27 bolag,
833 622 45 14 som

126 650 80 21 erhölle
226 649 126 22 koncession
368 650 33 20 för
417 650 134 26 anläggande
567 649 25 21 af
605 656 27 14 en
648 649 80 22 bibana
742 650 48 20 från
808 650 71 21 Kotka

126 684 33 22 till
174 684 103 25 Kouvola,
294 686 31 19 att
341 684 107 21 utbetalas
464 684 64 21 sedan
545 683 127 22 utförandet
687 684 65 21 häraf
759 684 120 21 fortskridit

126 720 25 20 så
166 718 66 27 långt,
248 720 32 19 att
296 719 6 20 i
318 718 105 27 företaget
438 718 116 27 bevisligen
571 718 100 27 nedlagts
688 718 113 26 1,200,000
811 719 67 25 mark,

127 752 40 22 och
189 753 29 27 på
240 753 69 26 öfriga
331 753 99 21 närmare
454 752 74 26 vilkor,
549 760 45 14 som
619 752 125 28 regeringen
760 752 43 22 kan
819 752 60 22 finna

127 787 79 28 skäligt
220 787 125 21 bestämma.

195 821 137 21 Beträffande
354 821 100 27 slutligen
472 822 40 20 den
528 820 87 27 bibana,
633 828 45 14 som
693 821 69 21 skulle
778 821 101 22 förbinda

125 855 179 22 Willmanstrand
313 855 39 22 och
362 856 88 20 dermed
460 855 72 22 Saima
542 857 157 26 vattensystem
710 857 49 20 med
767 856 111 27 jernvägs-

125 892 68 23 nätet,
208 890 69 21 måste
292 891 37 20 det
343 890 124 27 medgifvas,
483 892 32 19 att
526 890 72 21 denna
607 890 132 21 förbindelse
750 890 86 22 komme
846 893 33 19 att

122 924 91 22 inverka
230 925 28 27 på
273 924 44 22 alla
331 925 26 21 de
372 924 93 22 trakters
480 924 225 23 trafikförhållanden,
721 931 46 14 som
782 924 94 28 omgifva

123 959 96 21 nämnda
235 961 152 26 vattensystem
403 959 39 21 och
458 960 75 26 nyttan
549 959 25 21 af
582 960 127 20 densamma
718 959 84 21 således
812 959 67 22 blifva

122 993 85 27 ganska
221 993 124 22 vidsträckt.
360 994 42 20 Det
417 994 24 20 är
456 993 92 27 insigten
564 994 83 26 härom,
663 1000 45 14 som
718 993 110 22 föranledt
836 994 41 21 den

123 1027 85 28 privata
218 1028 196 27 företagsamheten
425 1030 32 19 att
468 1028 66 21 redan
546 1028 93 27 tidigare
652 1028 91 21 omfatta
755 1028 82 21 tanken
846 1030 32 20 att

123 1062 73 22 utföra
213 1062 112 28 företaget.
356 1062 31 21 De
407 1062 188 27 omständigheter,
613 1069 45 15 som
673 1063 8 20 i
696 1063 36 21 det
749 1062 102 28 föregåen

123 1096 135 27 framhållits,
267 1096 64 22 hafva
339 1096 54 22 dock
401 1097 63 21 äfven
471 1097 74 21 härvid
552 1096 68 22 vållat
627 1099 33 19 att
666 1096 79 28 planen
753 1097 124 27 uppgifvitS"

193 1131 41 22 Vid
250 1131 166 28 öfvervägandet
431 1132 25 21 af
469 1132 70 21 denna
555 1132 63 27 fråga
633 1131 64 22 hafva
713 1132 121 21 Ständerna
845 1132 34 21 väl

123 1166 49 21 icke
195 1166 56 21 velat
274 1166 86 21 förorda
382 1165 84 22 banans
488 1166 113 27 byggande
625 1166 33 21 för
681 1168 82 19 statens
779 1165 98 28 räkning,

125 1201 90 21 emedan
231 1200 73 22 Saima
318 1201 129 26 vattendrag
463 1200 42 21 kan
522 1200 87 21 komma
625 1202 32 19 att
673 1201 28 26 på
716 1201 69 20 andra
800 1200 77 21 ställen

124 1234 88 22 beröras
235 1235 24 21 af
279 1236 27 20 de
327 1235 132 25 stambanor,
482 1241 46 14 som
551 1236 38 19 äro
610 1234 90 22 afsedda
715 1237 32 19 att
763 1234 114 23 framdeles

124 1269 80 28 byggas
220 1269 32 22 till
268 1269 82 28 Kuopio
367 1269 39 22 och
421 1269 104 24 Joensuu,
540 1276 49 14 men
606 1276 52 14 anse
674 1269 55 22 dock
740 1276 26 14 en
775 1269 102 28 jernvägs

123 1304 131 22 förbindelse
270 1304 91 22 emellan
377 1304 176 22 Willmanstrand
569 1304 41 21 och
625 1304 81 21 Simola
721 1304 80 21 station
816 1304 6 21 i
835 1304 43 22 alla

124 1338 38 22 fall
181 1346 51 14 vara
247 1339 24 21 af
284 1340 67 20 sådan
367 1339 115 27 betydelse,
498 1340 32 19 att
545 1339 128 21 densamma
688 1337 65 23 borde
769 1338 25 21 af
806 1340 72 20 staten

124 1373 158 27 understödjas,
304 1373 98 21 hvarföre
425 1373 120 21 Ständerna
561 1373 88 21 förorda
670 1380 25 14 en
712 1372 128 22 subvention
855 1373 25 21 af

123 1408 94 25 450,000
232 1407 61 22 mark
308 1408 33 21 för
356 1408 164 26 ifrågavarande
535 1407 108 22 ändamål,

193 1442 49 22 Med
265 1443 48 20 stöd
336 1442 24 21 af
379 1442 57 22 hvad
458 1442 63 22 ofvan
545 1441 90 26 anförts,
658 1442 22 20 få
700 1442 123 20 Ständerna
839 1441 38 22 hos

123 1476 83 22 Eders
221 1476 153 29 Kejserliga
389 1476 128 28 Majestät
533 1476 6 20 i
555 1475 173 28 underdånighet
743 1475 95 27 förorda,
