1020 1678
300 113 229 23 Petitionsbetänkande
545 113 35 22 N:o
595 114 31 22 21.

327 395 191 22 Sammansatta
548 395 57 28 Lag-
628 396 45 21 och
693 395 151 22 Ekonomiut-

293 429 119 22 skottets
429 430 162 22 betänkande
604 430 34 22 N:o
650 430 25 22 10
688 431 5 20 i
705 431 105 27 anledning
823 431 21 21 af

295 464 29 21 ett
335 464 52 22 inom
400 465 175 27 Borgareståndet
591 465 60 22 väckt
663 465 181 27 petitionsförslag,

295 499 108 27 angående
414 499 140 28 upphäfvande
569 500 20 21 af
599 500 31 27 18
641 499 14 22 6
667 500 44 27 kap.
722 500 21 21 H.
755 500 20 21 B.
791 500 54 21 samt

294 534 84 27 ändring
387 534 21 21 af
417 534 95 27 gällande
522 535 115 26 näringslag
650 535 82 26 derhän,
743 534 31 22 att
784 534 60 27 gärd-

294 568 115 22 farihandel
426 569 66 21 blefve
508 569 62 22 under
584 569 57 22 vissa
661 569 62 22 vilkor
739 568 85 23 tillåten.

160 637 72 21 Jemte
252 637 202 27 protokollsutdrag
475 637 34 22 för
528 638 41 21 den
589 638 11 21 7
621 637 99 22 sistlidne
739 637 105 22 Februari

90 671 39 21 har
152 671 114 27 Vällofliga
288 672 187 26 Borgareständet
498 672 33 21 till
555 672 158 21 Sammansatta
733 672 54 26 Lag-
807 672 39 21 och

90 706 225 21 Ekonomiutskottets
331 706 133 27 behandling
479 707 142 21 öfverlemnat
636 707 162 21 nedannämnda
809 712 37 21 pe-

91 740 163 27 titionsförslag,
265 740 86 27 åtföljdt
367 741 24 20 af
404 741 135 26 protokollet
554 741 59 21 öfver
629 741 40 21 den
684 741 36 21 vid
731 741 115 26 förslagets

90 773 152 28 föredragning
258 775 6 20 i
288 775 87 20 ständet
397 775 157 27 försiggängna
572 775 162 26 diskussionen;
751 775 94 21 varande

90 809 67 26 sagda
174 809 189 27 petitionsförslag
379 809 23 21 af
417 809 95 27 följande
528 810 91 27 lydelse:

91 898 52 18 Till
158 898 141 25 Vällofliga
313 898 214 25 Borgareständet
545 899 38 18 vid
604 898 54 20 1882
674 897 37 20 års
726 898 122 25 landtdag.

148 962 145 18 Vördsammast
308 962 36 18 och
360 963 112 24 ödmjukast
486 961 87 19 anhåller
592 962 143 18 undertecknad
753 964 28 15 att
798 961 51 18 inom

91 991 102 23 Vällofliga
208 991 163 23 Borgareständet
385 991 20 18 få
420 991 106 18 framställa
540 991 83 24 följande
639 991 91 23 petition:

163 1019 37 18 Om
223 1026 23 11 en
270 1020 29 24 lag
322 1019 107 19 innehäller
448 1020 124 24 stadganden,
591 1020 63 18 hvilka
668 1020 7 17 i
690 1019 102 18 allmänhet
806 1019 44 18 icke

91 1048 115 22 efterlefvas,
223 1048 83 24 päkallar
323 1048 52 18 detta
390 1048 42 18 frän
449 1047 153 25 lagstiftningens
618 1048 40 18 sida
668 1048 125 24 korrigering,
816 1048 34 17 Ett

92 1077 64 24 dylikt
171 1077 104 24 stadgande
290 1078 67 21 finnes,
373 1078 62 23 enligt
450 1078 39 17 min
505 1078 63 21 tanke,
583 1078 6 17 i
607 1076 54 20 1734
677 1076 30 18 års
719 1077 30 23 lag
759 1077 28 17 uti
798 1076 52 18 Han-

92 1106 120 18 delsbalkens
236 1106 12 18 6
272 1106 43 24 kap.
335 1106 55 18 hvars
411 1106 10 18 1
442 1107 10 23 $
471 1106 63 24 lyder:
558 1106 69 25 ,Ingen
647 1105 30 19 mä
695 1105 11 18 ä
721 1106 64 18 landet
799 1104 51 19 hålla

92 1135 116 23 kiöpmanna
225 1135 66 18 vahror
307 1135 51 17 fahla
374 1135 7 17 i
396 1135 35 18 sitt
445 1135 42 22 hus,
504 1135 47 18 eller
565 1135 87 18 thermed
666 1134 40 18 fara
720 1134 42 18 frän
777 1134 26 24 by
814 1134 36 18 och

91 1164 23 18 til
134 1164 24 24 by
178 1166 27 15 att
224 1164 104 24 kiöpslaga.
358 1164 23 24 Ej
402 1163 31 19 mä
452 1170 44 12 man
515 1164 36 18 ock
570 1163 11 19 &
599 1164 64 17 landet
678 1163 97 24 uppkiöpa
790 1163 61 17 landt-

92 1192 75 22 vahror,
183 1195 19 15 at
218 1192 51 18 them
288 1192 47 22 ther,
355 1193 48 17 eller
422 1193 7 17 i
449 1193 89 23 kiöpstad
557 1191 56 26 sälja;
633 1192 45 18 hvar
693 1198 39 12 som
748 1191 42 18 thet
804 1192 47 23 giör,

92 1221 55 19 hafve
162 1221 60 18 första
238 1220 72 25 gången
325 1221 93 18 förbrutit
434 1221 76 22 vahran,
527 1221 35 19 och
578 1224 43 21 tage
637 1221 107 23 Konungen
755 1220 63 18 theraf
827 1226 23 12 en

93 1250 91 24 tridiung,
201 1256 61 12 annan
282 1250 115 24 angifvaren,
418 1250 36 18 och
474 1250 46 18 then
540 1250 55 18 tridie
610 1250 53 18 näste
677 1249 97 24 fattighus.
804 1248 48 18 Var-

93 1279 34 18 der
143 1279 35 17 han
195 1279 61 18 oftare
271 1279 86 18 thermed
373 1279 82 22 funnen,
472 1279 46 18 böte
534 1278 64 19 thertil
613 1279 53 23 tiugu
685 1277 71 19 daler."
785 1277 67 18 Denna

93 1309 9 22 $
118 1308 33 18 har
166 1308 112 24 visserligen
293 1314 68 17 genom
377 1307 75 25 Nädiga
467 1308 166 23 Förordningarna
643 1307 21 18 af
673 1307 36 17 den
721 1306 26 19 24
759 1306 91 18 Februari

94 1336 55 19 1868
165 1336 35 18 och
216 1336 37 18 den
270 1336 24 19 31
312 1337 51 17 Mars
381 1336 55 19 1879
452 1336 104 24 undergätt
571 1336 92 18 särskilda
672 1336 138 23 förändringar,
820 1336 32 17 be-

95 1364 79 18 stäende
198 1364 46 22 deri,
267 1367 27 15 att
317 1364 42 18 frän
379 1364 91 18 förbudet
489 1365 120 23 undantagits
628 1364 47 24 glas-
691 1364 36 18 och
742 1363 70 19 lerkärl
826 1363 26 17 fa-

91 1393 190 24 janstillverkningar
303 1396 48 15 samt
371 1394 59 17 alster
450 1392 21 18 af
484 1393 87 18 inhemsk
587 1392 92 24 husslöjd,
695 1392 30 18 till
741 1392 64 18 hvilka
824 1397 29 12 ar-

93 1422 66 18 tiklars
183 1422 135 24 kringförande
341 1422 36 18 och
400 1422 116 24 försäljning
536 1422 64 24 hvarje
621 1421 106 25 välfräjäad
746 1420 36 18 och
798 1420 56 24 eljest

164 1460 127 18 Sammansatta
303 1460 46 22 Lag-
361 1460 31 17 och
404 1460 179 18 Ekonomiutskottets
595 1460 107 17 betänkande
714 1458 34 18 N:o
760 1458 28 18 10.

376 1485 17 15 .
