1014 1678
187 116 11 17 2
377 115 241 20 Petitionsbetänkande
632 116 35 17 N:o
680 115 29 20 17.

302 173 69 21 Mom.
387 173 23 28 a)
426 176 78 26 antogs
520 173 49 21 med
585 173 41 21 den
645 173 163 27 modifikation,
825 175 32 18 att
872 172 50 21 sko-

269 207 36 20 lan
327 208 7 20 i
356 207 91 29 Kuopio
471 207 70 22 skulle
565 207 93 22 inrättas
678 207 51 22 med
748 207 34 28 sju
801 206 42 22 och
858 205 63 23 den
907 201 18 40 i

269 241 126 29 Jyväskylä
409 242 49 21 med
473 242 50 29 fyra
538 241 92 22 klasser.

303 276 68 21 Mom.
387 276 24 28 b)
427 275 162 22 utmönstrades
605 275 42 22 och
663 275 126 29 Uleåborgs
801 275 63 22 skola
875 275 48 28 flyt-

269 309 62 22 tades
345 310 35 21 till
391 306 32 26 de
439 311 67 21 under
521 318 63 13 mom.
601 310 20 28 c)
634 310 119 21 omordade
767 309 156 22 fruntimmers-

270 344 82 28 skolor,
368 344 34 22 för
417 344 76 22 hvilka
509 344 130 22 subvention
656 344 99 29 begäres.

303 379 68 21 Mom.
387 379 22 28 c)
425 381 79 26 antogs
523 379 7 20 i
550 378 97 29 enlighet
665 379 50 21 med
734 378 127 22 Utskottets
881 378 43 21 för-

270 412 49 29 slag
333 412 49 22 med
393 413 76 28 utbyte
482 413 25 21 af
515 412 64 22 ordet
589 413 95 28 ,,högst*
695 413 34 21 till
741 412 130 29 ,omkring*
882 411 42 22 och

270 447 48 21 med
334 447 78 29 tillägg
428 447 25 21 af
466 447 123 29 Uleäborgs
607 447 70 21 skola.

236 481 146 30 Högvördiga
393 481 165 22 Presteständet
568 482 73 21 beslöt
651 482 56 21 efter
715 490 26 13 en
752 482 75 29 längre
839 481 86 22 diskus-

169 515 47 22 sion
233 516 35 21 för
283 517 34 20 sin
333 515 44 22 del:

305 551 69 21 Mon.
390 552 21 27 a)
427 551 42 21 och
485 551 22 28 b)
524 551 93 29 gillades
633 551 157 26 oförändrade;

306 585 67 22 Mom.
391 586 20 26 c)
426 585 93 29 gillades
535 586 7 21 i
558 585 69 30 öfrigt
649 585 150 28 oförändradt,
817 587 60 19 utom
893 587 33 18 att

272 619 63 22 ordet
349 619 96 30 ,,högst"
460 620 13 21 å
488 620 67 21 andra
570 619 67 22 raden
653 619 68 22 borde
736 619 89 30 utbytas
836 621 46 20 mot
891 627 35 13 or-

272 653 37 22 det
324 654 141 28 ,,omkring'';

305 688 69 21 Mom.
390 688 24 28 d)
430 688 97 21 deremot
552 688 140 21 förkastades
708 687 43 22 och
765 687 53 22 ville
834 686 93 22 Ståndet

272 721 77 22 dervid
372 722 65 21 hafva
460 722 100 27 uttaladt,
581 724 32 19 att
635 729 27 13 en
682 721 136 29 underdånig
832 721 94 29 petition

273 756 67 21 borde
363 756 24 21 af
409 755 123 23 Ständerna
555 756 77 21 aflätas
653 756 81 28 jemväl
755 756 82 27 derom,
852 758 32 19 att
899 756 28 28 pä

273 792 83 20 statens
379 790 124 22 bekostnad
521 790 66 22 mätte
602 790 95 22 inrättas
713 798 27 14 en
755 790 58 21 finsk
829 790 98 21 fruntim-

274 824 122 22 mersskola
411 825 7 21 i
434 818 57 34 Äbo,
507 825 88 21 hvilken
611 824 72 22 skulle
699 824 123 22 successivt
831 824 96 22 utbildas

273 859 34 21 till
323 859 104 28 antingen
443 860 49 28 fyra
507 859 54 21 eller
577 859 127 29 sjuklassig.

240 892 121 30 Vällofliga
379 893 189 29 Borgareständet
583 893 52 22 fann
651 893 35 21 för
701 893 56 29 godt
771 895 33 19 att
818 892 49 22 med
883 893 44 21 för-

169 926 107 22 kastande
299 927 25 21 af
339 927 42 21 den
399 928 144 28 formulering
562 935 64 14 mom.
642 928 23 28 a)
681 927 88 22 erhällit
783 927 8 21 i
807 927 120 21 utskottets

171 960 138 22 betänkande
323 961 62 29 gifva
400 962 69 28 sagde
483 964 95 19 moment
593 962 97 28 följande
705 961 96 29 lydelse:

309 998 48 24 sätt
371 996 226 21 fruntimmersskolor
611 996 50 21 med
670 996 70 21 finskt
749 995 180 28 undervisnings-

276 1029 66 28 spräk
357 1030 66 21 mätte
439 1030 29 28 pä
484 1033 83 18 statens
583 1030 124 22 bekostnad
721 1030 94 21 inrättas
830 1029 7 21 i
848 1029 81 28 Jyväs-

275 1063 54 29 kylä
343 1064 42 21 och
400 1064 91 29 Kuopio
507 1065 42 21 och
565 1065 55 20 efter
637 1063 127 30 Styrelsens
780 1065 98 20 närmare
893 1063 36 22 be-

276 1098 120 28 pröfvande
419 1099 138 28 organiseras
579 1098 50 22 med
649 1099 43 21 fem
707 1098 53 22 eller
775 1098 82 28 sjuärig
872 1097 57 22 läro-

276 1133 74 21 kurs,

310 1167 69 22 Mom.
395 1167 24 28 b)
435 1167 161 22 utmönstrades
612 1167 46 22 helt
673 1167 43 22 och
731 1166 74 22 hället.

311 1202 69 21 Mom.
397 1202 21 27 c)
434 1201 139 22 förkastades
596 1201 106 22 likaledes
727 1201 78 21 sådant
822 1201 109 21 utskottet

277 1236 116 28 föreslagit
408 1235 126 28 detsamma,
550 1236 113 21 hvaremot
673 1235 42 22 den
726 1235 25 21 af
759 1235 50 22 herr
824 1235 107 28 Vallgren

277 1270 35 20 till
334 1270 147 21 betänkandet
504 1270 119 29 vidfogade
645 1269 164 22 reservationen
829 1269 7 20 i
855 1269 76 21 stället

277 1304 136 28 godkändes,
435 1305 58 21 dock
515 1305 48 21 med
586 1304 41 22 den
647 1304 93 29 ändring
760 1306 33 19 att
810 1303 67 22 orden
893 1303 39 28 ,,så

278 1338 65 28 länge
362 1338 78 22 sådant
458 1339 59 21 visar
533 1339 34 28 sig
583 1339 120 28 behöfligt"
717 1339 100 27 utbyttes
833 1341 46 18 mot
893 1338 39 27 ,,så

278 1372 63 29 länge
361 1372 78 22 skolan
458 1373 7 21 i
484 1373 102 21 afseende
605 1373 12 21 å
635 1372 160 29 undervisning
819 1372 41 22 och
875 1372 57 22 elev-

279 1407 59 21 antal
353 1410 123 18 motsvarar
492 1408 39 20 sitt
546 1407 121 22 ändamäl*.

246 1448 69 21 Bihang
326 1447 28 17 till
366 1447 96 17 Allmänna
474 1448 160 17 Besvärsutskottets
645 1448 104 17 betänkande
762 1448 35 16 N:o
810 1448 26 16 14.
