1011 1678
281 117 251 23 Petitionsbetänkande
546 117 39 24 N:o
599 117 32 23 14.
780 119 24 20 21

81 187 32 20 att
126 184 70 29 jäfvas
211 184 73 22 kunna
299 184 70 27 pästä,
386 186 33 19 att
433 183 163 22 förhällandena
610 184 7 21 i
627 184 49 22 värt
690 184 50 21 land
756 183 82 27 nödgat

79 219 32 22 till
131 219 142 22 omfattandet
292 218 22 22 af
329 219 37 21 det
381 218 59 22 förra
455 220 110 25 systemet,
583 218 129 22 åtminstone
727 218 57 21 hvad
798 217 37 22 be-

79 253 75 22 träffar
168 253 131 27 stambanor,
316 253 39 21 och
371 255 34 19 att
420 253 42 21 den
478 253 122 22 erfarenhet
615 259 46 16 som
677 253 13 22 ä
705 253 51 22 vära
769 254 65 20 stats-

77 289 115 27 jernvägar
207 288 86 22 vunnits
309 288 47 21 icke
372 288 98 27 päkallar
486 290 32 19 ett
533 287 132 28 frängäende
680 287 23 22 af
710 288 125 21 detsamma.

79 323 137 21 Beträffande
236 323 46 21 äter
300 323 128 21 lokalbanor
448 323 62 21 torde
527 323 60 21 detta
602 325 88 25 systeen
704 323 48 21 icke
769 321 67 22 heller

79 358 46 21 helt
145 358 40 21 och
200 357 68 21 hället
282 357 73 21 kunna
370 357 116 26 uteslutas,
503 357 28 21 dä
547 357 36 21 det
598 357 43 21 kan
656 357 58 27 ligga
729 356 7 22 i
752 358 83 20 statens

78 392 93 22 intresse
194 394 33 20 att
250 398 76 20 genom
347 392 137 27 anläggande
502 391 22 22 af
542 392 97 26 bibanor,
659 391 33 22 för
708 391 71 21 hvilka
794 391 42 21 den

79 428 84 26 privata
180 427 196 27 företagsamheten
392 427 49 21 icke
456 427 42 21 kan
513 428 125 25 intreseras,
655 426 108 22 förstärka
777 424 58 23 trafi-

79 462 42 22 ken
137 462 13 21 ä
165 462 159 22 stambanorna.
354 462 50 21 Men
420 463 34 20 att
469 464 72 19 staten
556 462 67 21 borde
635 461 156 27 monopolisera
801 461 34 20 ut-

78 496 100 22 förandet
200 496 22 22 af
243 496 108 22 desamme
374 496 34 22 för
427 496 39 26 sig,
486 496 42 21 kan
548 498 52 19 utan
615 496 73 22 vidare
704 501 64 16 anses
783 500 52 16 vara

78 530 130 28 förkastligt.
238 531 74 21 Privat
326 530 85 27 företag
426 531 72 21 kunna
513 530 54 22 bära
582 531 39 27 sig,
633 531 38 21 der
682 532 56 20 stats
749 529 87 22 etablis-

80 567 108 20 sementer
202 564 58 28 gifva
274 564 84 22 förlust.
389 565 67 21 Detta
473 568 23 18 är
513 572 26 14 en
550 565 81 21 erkänd
643 565 96 27 sanning,
750 564 86 22 hvilken

79 601 40 21 här
137 600 68 22 finner
220 600 33 22 sin
269 600 53 21 fulla
337 600 142 27 tillämpning.
510 600 33 22 De
559 600 71 22 lokala
645 600 117 21 behofvens
778 598 58 22 ford-

79 636 72 26 ringar
172 636 72 20 kunna
264 635 18 27 ej
303 635 115 27 inrymmas
438 635 7 21 i
465 635 27 21 de
510 635 108 21 allmänna
637 635 77 27 reglor,
736 640 46 16 som
798 636 37 19 äro

79 670 135 27 nödvändiga
232 669 33 22 för
284 670 211 25 statsinstitutioner,
517 670 40 21 och
573 672 38 19 äro
627 670 110 21 desamma
752 668 84 23 derföre

79 705 73 21 bättre
172 705 96 27 betjenta
288 704 23 21 af
328 711 25 15 en
369 704 58 21 lokal
442 703 141 28 förvaltnings
600 704 148 27 tillgöranden,
764 703 72 22 hvilka

79 739 72 22 kunna
166 739 82 28 lämpas
265 739 55 22 efter
335 739 32 28 sig
383 739 125 22 företeende
525 739 184 27 omständigheter
724 738 40 22 och
780 738 55 21 deri-

80 780 76 21 genom
176 774 13 21 ä
208 774 66 21 andra
294 774 60 21 sidan
375 773 91 28 bidraga
485 776 32 19 att
536 775 53 26 göra
609 773 79 22 affären
706 773 74 28 möjlig
796 772 39 22 och

80 808 162 27 vinstgifvande.

148 843 114 22 Utskottet
282 849 63 15 anser
365 843 37 21 det
420 843 85 22 säledes
521 849 52 15 vara
588 843 118 21 önskvärdt
721 844 33 20 att
768 842 68 21 lokal-

79 877 69 22 banor
162 877 82 22 utföras
260 877 41 22 och
316 877 113 22 trafikeras
446 877 23 22 af
482 877 98 22 enskilda
590 883 104 21 personer
705 877 51 22 eller
767 877 69 27 bolag.

79 913 111 21 Erkännes
207 912 67 27 detta,
290 912 110 22 äfvensom
416 915 32 19 att
463 913 90 21 bibanor
569 915 36 19 äro
622 913 64 26 högst
701 912 136 27 nödvändiga

79 947 77 22 länkar
174 947 7 21 i
198 947 169 28 jernvägsnätet,
389 947 40 22 bör
445 953 49 16 man
510 947 54 22 söka
579 947 71 22 medel
665 946 33 23 för
713 946 124 27 ävägabrin-

80 981 71 27 gande
166 981 22 22 af
202 981 117 22 desamma.

149 1016 111 27 Exemplet
282 1016 47 21 frän
348 1016 7 20 i
375 1016 137 21 ekonomiskt
531 1016 123 22 hänseende
672 1016 50 21 vida
738 1021 98 22 gynsam-

79 1056 59 16 mare
154 1050 78 22 ställda
246 1050 76 22 länder
337 1053 27 19 än
379 1051 49 21 värt
442 1051 51 21 land
508 1051 63 26 visar,
588 1052 33 20 att
631 1052 72 21 staten
713 1050 75 23 härvid
798 1050 40 21 bör

79 1085 86 22 komma
180 1085 41 22 den
237 1085 99 22 enskilda
351 1085 199 27 företagsamheten
566 1085 32 22 till
614 1085 63 28 hjelp.
698 1085 58 22 Utan
772 1086 65 20 stats-

82 1120 119 21 understöd
220 1120 7 21 i
248 1126 26 15 en
295 1120 52 21 eller
362 1126 69 15 annan
447 1120 53 21 form
518 1121 87 20 komma
619 1121 69 26 privat
702 1121 114 26 jernvägar
830 1119 8 21 i

81 1154 26 22 de
127 1154 64 22 flesta
208 1155 135 26 Europeiska
362 1155 77 21 länder
456 1155 48 21 icke
524 1155 32 21 till
573 1155 70 25 ständ,
659 1155 68 21 ehuru
744 1153 93 22 erfaren-

80 1189 65 22 heten
161 1189 66 21 sedan
242 1189 42 21 kan
301 1189 70 21 utvisa
388 1191 32 19 att
435 1189 56 22 bäde
507 1191 71 20 staten
595 1189 40 22 och
651 1189 41 22 den
708 1189 99 22 enskilda
816 1188 22 21 fä

80 1223 39 22 sitt
133 1223 81 28 kapital
229 1223 166 22 räntebärande.

148 1258 45 21 Hos
217 1264 35 15 oss
276 1260 24 19 är
322 1258 157 21 misstroendet
495 1260 45 23 mot
555 1258 84 27 privata
652 1257 186 28 jernvägsföretag

80 1293 83 25 ganska
176 1294 62 20 stort.
269 1293 29 21 Sä
313 1293 64 26 länge
393 1292 73 27 Borgä
481 1293 40 21 och
536 1293 78 27 Hangö
630 1293 96 22 banorna
739 1291 99 23 förblifva

81 1327 26 21 de
130 1327 55 21 enda
207 1327 97 27 exempel
326 1327 29 27 pä
377 1327 145 27 privatbanor,
543 1327 55 22 skall
617 1334 50 14 man
686 1327 49 22 med
750 1327 87 21 misstro

81 1363 108 25 emottaga
208 1361 73 27 hvarje
297 1361 81 27 förslag
394 1367 34 15 om
443 1360 114 23 utförande
574 1361 23 22 af
610 1362 75 27 dylika.
716 1362 50 21 Man
782 1361 56 21 skall

81 1396 39 21 allt
141 1395 105 27 framgent
268 1396 58 21 hälla
347 1396 47 21 före
417 1397 33 20 att
472 1398 73 20 staten
565 1396 40 22 sist
625 1396 40 22 och
680 1396 101 27 slutligen
797 1395 41 22 blir

150 1435 191 23 Jernvägsutskottets
353 1435 118 18 betänkande
484 1435 36 18 N:o
532 1436 17 17 2.
