1023 1678
304 99 242 18 Petitionsbetänkande
558 98 38 19 N:o
608 98 19 18 9.

336 395 171 25 Allmänna
524 395 319 25 Besvärsutskottets

295 436 202 24 betänkande
520 436 47 24 N:o
589 436 16 24 9
627 436 8 23 i
657 435 139 31 anledning
817 435 29 24 af

297 478 92 22 trenne
415 476 72 25 inom
508 477 216 30 Borgareståndet
747 476 96 24 väckta

295 517 221 31 petitionsförslag
546 524 41 17 om
617 516 175 31 restaurering
818 515 29 24 af

296 551 62 35 Åbo,
376 557 121 31 Wiborgs
516 557 48 24 och
581 558 141 24 Kexholms
740 557 68 24 slott.

161 625 81 22 Genom
254 625 199 28 protokollsutdrag
461 626 24 21 af
495 626 41 21 den
543 627 14 20 4
568 626 40 21 och
617 627 11 20 7
637 627 97 20 sistlidne
742 625 104 22 Februari

93 661 39 21 har
146 660 108 26 vällofliga
269 660 182 26 Borgareståndet
466 661 34 21 till
514 661 114 21 Allmänna
637 660 209 22 Besvärsutskottets

92 694 159 28 handläggning
266 694 119 22 remitterat
401 694 97 28 följande
514 696 75 20 trenne
604 694 221 28 petitionsmemorial:

265 763 55 22 »Till
333 763 129 23 Vällofliga
474 763 197 23 Borgareståndet!

162 803 28 18 Då
209 803 39 18 vårt
265 803 52 18 lands
334 803 83 23 regering
431 809 64 16 genom
509 804 35 17 den
556 804 108 23 proposition
677 809 28 12 om
718 803 100 23 antagande
831 802 20 19 af

94 837 22 13 en
127 832 108 22 författning
247 831 91 24 angående
349 831 80 18 forntida
441 832 153 18 minnesmärkens
606 832 83 18 fredande
703 832 32 18 och
744 831 105 21 bevarande,

95 867 37 12 som
144 861 30 18 vid
186 860 59 19 denna
256 860 87 23 landtdag
355 860 60 18 blifvit
428 861 29 17 till
467 861 107 18 ständernas
582 861 83 23 pröfning
673 861 125 22 öfverlemnad,
807 860 41 18 åda-

95 890 68 23 galagt,
181 891 28 16 att
227 889 112 24 skyddandet
353 889 34 18 och
400 889 140 19 återställandet
552 890 20 17 af
583 889 42 18 våra
637 890 97 18 historiska
745 889 72 18 minnen
829 891 20 16 är

96 925 21 12 en
135 919 136 22 angelägenhet,
286 924 37 12 som
335 919 36 17 kan
382 919 58 17 räkna
452 919 25 23 på
489 919 67 18 hennes
568 919 101 21 understöd,
683 919 20 18 så
715 924 51 17 synes
778 918 37 23 mig
827 918 23 17 ti-

94 947 34 18 den
140 953 43 12 vara
195 948 46 21 inne,
256 948 28 17 att
296 947 47 18 fästa
358 947 115 23 regeringens
485 948 158 23 uppmärksamhet
655 947 23 24 på
690 947 130 23 behöfligheten
833 946 19 18 af

95 982 21 12 en
128 977 119 18 restauration
259 976 20 18 af
285 976 86 18 Finlands
383 977 6 16 i
402 977 98 17 historiskt
509 977 82 18 afseende
599 978 45 16 mest
651 976 100 23 betydande
760 976 90 23 fornborg,

94 999 39 24 Åbo
146 1005 53 21 Slott,
213 1005 32 18 och
257 1005 86 17 särskildt
355 1005 33 17 den
401 1005 57 20 äldre,
471 1005 53 18 äfven
536 1005 7 17 i
556 1005 139 17 arkitektoniskt
708 1005 82 17 afseende
802 1009 48 13 mera

95 1034 114 22 intressanta,
228 1034 50 18 delen
295 1033 54 18 deraf.
361 1044 22 2 —
396 1034 79 18 Slottets
491 1034 19 18 af
521 1034 108 22 längesedan
641 1034 59 22 flydda
712 1034 55 17 tiders
779 1033 71 18 minnen

95 1062 94 24 uppfyllda
201 1062 48 18 salar
261 1062 58 21 hafva,
331 1062 39 18 med
383 1062 96 23 undantag
492 1062 20 18 af
523 1064 27 16 ett
562 1068 32 18 par
606 1062 28 18 till
646 1063 57 23 kyrka
715 1062 82 18 använda
805 1067 44 17 rum,

96 1091 61 18 blifvit
174 1091 85 23 opterade
276 1091 30 17 till
323 1090 176 24 spanmålsmagasin
518 1091 27 18 för
563 1091 58 18 finska
635 1091 77 18 kronans
724 1091 81 23 räkning,
818 1091 32 17 och

96 1120 47 17 hvad
160 1120 28 17 för
206 1119 64 18 sådant
288 1119 83 18 ändamål
385 1120 40 17 icke
441 1120 48 17 varit
505 1120 87 23 behöfligt
604 1120 43 18 eller
659 1120 111 18 användbart
781 1120 33 17 har
827 1119 26 18 af-

96 1149 72 22 stängts
180 1154 62 17 genom
254 1148 115 18 tillmurande
381 1148 19 18 af
411 1148 75 21 fönster,
499 1148 63 18 dörrar
574 1149 33 17 och
618 1148 167 24 trappuppgångar,
793 1148 20 18 så
825 1149 29 17 att

96 1182 41 12 man
150 1182 72 12 numera
233 1177 80 17 hvarken
325 1177 32 17 har
369 1177 84 17 tillträde
467 1177 31 17 till
511 1177 91 18 särskilda
614 1183 38 12 rum
664 1178 43 17 eller
720 1177 35 17 kan
767 1176 19 18 få
798 1176 55 23 något

97 1205 78 23 begrepp
188 1211 27 12 om
228 1206 101 17 lokalernas
341 1205 110 23 disposition
464 1206 57 18 under
533 1206 21 18 de
567 1206 52 23 tider,
631 1205 24 18 då
666 1206 64 22 Hertig
742 1205 64 21 Johan,
819 1205 35 17 Per

98 1234 58 18 Brahe
174 1234 44 18 eller
235 1234 44 18 Klas
294 1234 81 23 Fleming
394 1234 31 18 der
443 1234 109 18 residerade.
575 1234 94 18 Dessutom
685 1234 54 18 hafva
751 1234 41 18 flere
804 1234 52 17 hvalf

98 1262 60 18 blifvit
170 1262 87 22 nedrifna,
269 1262 39 18 dels
319 1262 28 18 för
359 1262 103 19 beredande
475 1263 20 17 af
505 1264 88 22 utrymme
605 1263 27 17 för
644 1263 109 23 spanmålen,
765 1262 38 18 dels
816 1262 39 18 der-

98 1291 38 18 före
148 1292 28 17 att
188 1291 22 18 de
222 1292 52 17 hotat
285 1292 28 16 att
324 1296 49 16 rasa;
386 1301 22 3 —
421 1292 34 17 och
467 1292 34 17 här
515 1292 32 18 och
560 1292 31 18 der
599 1292 71 18 arbetar
677 1291 110 19 fortfarande
795 1291 60 17 tidens

98 1320 44 18 tand
158 1320 40 18 med
214 1320 93 22 framgång
322 1320 23 22 på
357 1320 173 18 förstörelseverket.
554 1320 34 18 Att
600 1320 19 18 så
632 1320 15 23 ej
659 1320 31 18 bör
701 1320 90 21 förblifva,
803 1319 52 18 torde

99 1349 39 17 icke
150 1348 93 18 bestridas.
268 1348 107 22 Spanmålen
390 1348 59 18 måste
464 1349 43 17 vika
518 1349 28 17 för
558 1349 88 23 pietetens
658 1349 47 21 kraf,
717 1349 32 17 och
762 1348 30 18 det
803 1348 7 17 i
823 1348 33 17 sitt

98 1376 80 18 forntida
190 1376 50 18 skick
252 1376 105 18 återställda
369 1376 51 18 äldre
432 1377 67 18 slottet
509 1377 72 18 blifva
574 1372 11 33 i
599 1377 52 18 stånd
663 1378 28 17 att
699 1379 59 21 öppna
767 1376 39 18 sina
815 1376 41 18 dör-

99 1411 30 12 rar
141 1405 39 19 icke
191 1405 49 18 blott
250 1404 27 19 för
290 1406 102 22 skuggorna
407 1405 40 19 från
461 1412 71 12 svunna
544 1406 62 21 sekler,
618 1407 43 17 utan
673 1406 52 18 äfven
737 1406 27 18 för
776 1405 80 18 de*min-

169 1440 96 17 Allmänna
276 1440 160 18 Besvärsutskottets
447 1441 108 17 betänkande
566 1441 35 17 N:o
613 1441 16 17 9.
