1014 1678
308 116 253 23 Petitionsbetänkande
576 117 38 22 N:o
629 116 31 24 13.
808 118 25 20 51

102 183 160 27 utvidgningen,
286 185 46 19 tror
346 183 115 21 Utskottet
477 183 32 27 sig
523 183 54 22 böra
592 183 40 22 hos
649 183 121 22 Ständerna
784 182 80 22 föreslå

101 217 60 22 bifall
184 217 32 22 till
239 217 36 22 det
298 217 22 21 af
341 217 50 21 herr
413 217 161 28 Neppenström
598 217 41 22 och
654 217 209 26 landtdagsmännen

101 252 104 26 Heikura,
221 252 111 25 Puhakka,
348 252 119 27 Leppänen
483 252 40 22 och
539 252 110 22 Hirvonen
668 251 126 22 framstälda
808 251 55 28 peti-

102 287 170 26 tionsförslaget.

171 321 170 21 Vidkommande
357 321 47 21 åter
421 321 38 21 det
475 321 21 21 af
510 321 51 21 hrar
576 321 96 27 Lampén
698 321 40 21 och
763 320 101 22 Hedlund

101 356 114 26 påpekade
230 354 102 23 behofvet
348 354 22 22 af
385 357 32 19 ett
432 355 139 27 fullständigt
585 355 158 27 finskspråkigt
758 355 84 27 lyceum
857 355 6 20 i

101 390 95 28 Nyslott,
220 392 24 19 är
267 390 37 21 det
326 390 7 21 i
350 391 84 25 ögonen
450 389 102 27 fallande,
569 391 33 20 att
616 390 75 27 frågan
707 390 73 21 derom
796 389 46 21 står
856 389 7 21 i

102 427 110 19 närmaste
234 425 103 21 samband
356 425 49 21 med
422 425 27 21 de
466 425 58 21 olika
539 425 125 27 yrkandena
679 424 91 22 rörande
785 424 78 21 under-

102 459 186 27 visningsspråket
303 459 36 21 vid
354 459 33 21 S:t
403 459 92 22 Michels
511 460 91 27 lyceum.

172 494 76 22 Såsom
271 494 26 21 hr
318 494 83 21 Berner
424 494 7 21 i
455 494 39 22 sitt
516 494 216 27 petitiorsmemorial
747 492 116 25 meddelar,

101 529 41 21 har
158 528 82 22 antalet
255 528 71 22 elever
340 528 35 22 vid
391 529 95 21 svenska
499 529 72 27 lyceet
586 529 7 21 i
609 529 33 21 S:t
657 528 79 22 Michel
753 528 68 21 under
837 527 26 21 de

102 565 88 20 senaste
199 563 51 21 åren
258 564 55 20 varit
320 563 8 21 i
335 563 135 27 nedgående,
480 564 69 21 ehuru
557 564 38 21 det
603 564 127 26 visserligen
739 563 47 21 åter
795 562 67 22 under

103 598 148 22 innevarande
266 598 72 22 läseär
353 598 68 27 något
436 599 69 27 stigit,
521 599 46 27 ithy
583 600 32 20 att
623 598 73 22 siffran
705 598 99 27 utgjorde
810 597 55 27 jemt

103 634 27 20 80
146 634 86 20 senaste
248 632 128 22 hösttermin
393 635 46 19 mot
455 635 25 19 71
498 633 130 27 föregående
647 633 44 21 vår.
722 632 38 21 Att
776 630 88 23 elevfre-

103 673 94 21 qvensen
212 668 36 21 vid
267 667 165 27 ifrågavarande
448 668 101 21 läroverk
565 668 85 21 således
667 670 24 18 är
706 666 90 28 ungefär
811 666 53 21 dub-

101 701 47 22 belt
166 701 59 28 lägre
249 704 27 19 än
298 702 36 21 vid
349 702 87 21 landets
453 702 69 21 andra
537 703 65 20 minst
617 702 94 21 besökta
725 701 140 26 fullständiga

101 736 78 27 lyceer,
186 737 106 26 nemligen
299 737 26 21 de
334 737 95 21 svenska
436 737 158 28 statslyceerna
602 737 7 21 i
617 737 72 26 Borgå
700 736 40 22 och
749 735 114 26 Uleåborg,

102 771 72 22 dertill
183 772 63 21 söker
253 771 145 28 petitionären
405 772 95 21 orsaken
508 772 7 21 i
525 773 41 20 den
575 771 167 27 omständighet,
749 772 32 20 att
786 770 78 21 under-

101 805 187 28 visningsspråket
296 808 24 19 är
328 807 97 25 svenskt,
436 806 69 22 ehuru
514 807 78 21 endast
607 813 27 15 en
650 805 109 28 obetydlig
774 804 90 22 bråkdel

103 840 22 21 af
138 841 218 26 befolkningen
298 835 13 38 i
322 835 39 38 den
366 841 137 27 omgifvande
519 841 88 22 trakten
622 841 83 21 känner
720 840 61 21 detta
792 839 70 28 språk.

101 875 29 21 Af
151 875 91 22 nämnde
258 877 28 20 80
302 875 72 22 elever
388 875 67 22 hafva
471 876 111 21 dessutom
599 876 82 27 sjutton
697 875 73 26 utgått
785 880 26 15 ur
825 873 39 22 fin-

102 910 40 21 ska
158 910 55 26 hem,
230 910 25 21 så
270 912 32 19 att
318 910 79 21 endast
413 912 34 25 63,
464 909 112 23 fördelade
591 911 28 26 på
634 910 46 21 åtta
696 909 118 25 årskurser,
830 915 34 14 re-

101 946 151 25 representera
275 944 35 22 vid
332 944 126 22 läroverket
479 945 41 21 den
535 945 93 21 svenska
644 944 87 21 talande
745 943 119 22 befolknin-

101 985 49 20 gen.
182 979 33 21 Då
230 979 71 22 dertill
317 979 98 22 kommer
431 982 34 19 att
481 979 62 22 äfven
560 979 81 22 enhvar
656 979 22 21 af
688 979 64 21 dessa
760 978 104 21 sextiotre

101 1013 113 27 ynglingar
228 1014 72 22 kunde
315 1014 52 27 följa
382 1014 51 22 med
449 1014 154 27 undervisning
618 1014 28 27 på
661 1013 77 26 finska,
754 1012 70 22 skulle
833 1013 31 20 ett

101 1047 157 29 finskspråkigt
279 1048 85 28 lyceum
379 1048 7 22 i
403 1048 34 22 S:t
452 1048 80 23 Michel
547 1048 117 27 tillgodose
679 1048 50 21 hela
744 1046 120 23 befolknin-

103 1089 52 20 gens
164 1083 67 22 behof
238 1083 22 21 af
274 1083 66 28 högre
348 1083 169 26 lärdomsskola,
535 1083 28 22 då
579 1083 97 22 deremot
691 1083 71 27 lyceet
777 1088 35 19 nu,
830 1081 34 22 så-

102 1123 47 15 som
165 1118 183 27 svenskspråkigt,
365 1118 48 21 dels
430 1118 135 27 omöjliggör,
583 1118 46 21 dels
645 1117 28 27 på
690 1117 36 22 det
734 1117 78 26 högsta
822 1115 43 22 för-

102 1152 74 21 svårar
191 1152 133 22 sträfvandet
340 1152 56 22 efter
411 1153 100 26 bildning
526 1152 40 22 hos
583 1152 40 22 den
643 1152 49 21 vida
708 1150 156 27 öfvervägande

103 1186 62 21 delen
188 1186 23 21 af
231 1187 85 27 sydliga
332 1187 93 21 Savolax
448 1187 94 26 manliga
557 1187 99 26 ungdom.
687 1180 18 27 Å
721 1185 67 22 andra
802 1184 62 22 sidan

101 1221 77 22 anföra
192 1221 75 21 herrar
283 1216 94 32 Öhberg,
393 1221 118 27 Lindberg,
528 1221 103 26 Hallberg
647 1220 40 22 och
704 1216 84 25 Öhman
802 1219 8 21 i
826 1219 39 21 sitt

101 1255 222 27 petitionsmemorial,
333 1257 33 20 att
380 1257 65 25 tager
459 1262 51 15 man
525 1256 7 21 i
547 1255 143 22 betraktande
706 1255 38 21 det
754 1253 110 22 motstånd

101 1289 123 22 läroverket
239 1290 7 21 i
263 1289 32 22 S:t
310 1290 79 21 Michel
405 1290 44 21 fått
465 1292 59 24 röna,
534 1290 83 21 antalet
632 1289 23 22 af
669 1289 49 22 dess
735 1289 71 21 elever
815 1294 49 15 sna-

101 1330 49 14 rare
172 1324 72 21 kunde
268 1330 63 15 anses
354 1323 205 23 tillfredsställande
582 1327 27 18 än
629 1325 101 24 tvärtom,
747 1323 41 21 och
804 1323 60 21 detta

101 1357 59 23 finna
182 1358 26 22 de
231 1358 46 22 helt
298 1359 105 27 naturligt
427 1360 50 21 med
501 1360 82 26 hänsyn
603 1359 32 21 till
651 1359 41 21 den
706 1356 158 29 jemförelsevis

101 1394 71 20 större
194 1393 79 27 mängd
297 1394 21 20 af
340 1393 191 27 ständspersoner,
555 1394 48 21 icke
619 1393 56 21 blott
689 1392 66 22 bland
772 1391 92 23 embets-

170 1466 106 18 Allmänna
290 1467 182 19 Besvärsutskottets
485 1467 116 18 betänkande
615 1468 36 17 N:o
664 1468 27 16 13.
