1020 1678
187 128 23 18 38
376 127 242 20 Petitionsbetänkande
631 128 37 19 N:o
681 128 32 19 32.

161 184 112 22 utlåtande
295 185 134 22 beträffande
451 186 137 21 läroverkens
611 185 58 22 såväl
689 186 170 27 reorganisation
874 192 45 15 som

161 219 136 21 dislokation.
327 219 11 22 I
357 220 93 27 enlighet
466 220 48 22 med
530 220 104 22 Senatens
649 220 82 28 förslag
746 221 40 20 och
802 219 48 22 med
866 219 53 22 afse-

162 253 54 22 ende
239 253 80 22 fästadt
342 253 57 27 derå,
423 257 31 19 att
476 253 115 23 bestående
614 254 119 22 realskolor
751 254 108 22 befunnits
873 253 46 22 icke

162 289 109 20 motsvara
287 288 34 21 det
337 289 47 21 med
401 289 46 21 dem
464 288 97 29 åsyftade
577 288 100 22 ändamål
693 289 40 21 och
749 288 72 22 derför
836 287 83 28 fåtaligt

160 321 107 26 besöktes,
287 321 66 29 ansåg
369 323 227 28 Generalguvernören
612 330 26 14 en
655 323 80 21 allmän
750 323 80 21 reform
845 323 24 20 af
881 329 38 14 un-

162 355 235 29 dervisningsväsendet
415 357 99 28 tidsenlig
530 359 55 19 samt
601 357 76 22 delade
693 356 109 22 dessutom
816 356 103 22 flertalets

162 390 25 22 af
207 390 142 22 Senatorerne
371 392 85 27 mening
479 392 134 25 derutinnan,
637 394 33 19 att
692 390 77 28 frågan
788 391 6 21 i
815 391 40 21 den
871 397 48 15 mon

162 424 125 22 densamma
303 426 88 21 berörde
407 426 75 21 endast
498 426 180 28 organisationen,
694 425 67 22 borde
772 426 85 27 afgöras
867 427 52 18 utan

160 460 33 20 att
215 459 33 21 till
272 459 129 22 Ständernas
424 460 100 28 pröfning
547 460 148 22 öfverlemnas.
726 460 101 21 Deremot
849 458 70 22 kunde

161 491 78 29 frågan
255 500 35 14 om
305 493 146 29 fördelningen
468 494 39 21 och
523 494 137 27 placeringen
677 493 24 21 af
715 493 25 21 de
755 500 28 21 ny
798 492 121 22 inrättande

161 526 127 22 läroverken
311 528 23 20 af
351 535 28 21 ny
394 530 37 26 typ
447 528 86 28 afgöras
548 527 30 28 på
592 530 30 19 ett
637 527 151 28 befolkningen
804 534 59 14 mera
878 526 40 21 till-

161 560 166 23 fredsställande
341 563 44 20 sätt
400 569 75 21 genom
492 564 32 20 att
538 562 119 22 behandlas
673 562 24 21 af
711 561 126 26 Ständerna,
848 560 71 22 hvilka

160 602 35 14 om
219 595 26 22 de
268 596 71 22 lokala
361 597 105 21 behofven
482 597 52 27 egde
550 598 99 20 närmare
665 596 127 22 kännedom.
822 595 48 22 Men
886 602 32 14 re-

162 629 42 21 dan
227 630 147 22 dessförinnan
397 631 67 21 borde
479 632 6 20 i
501 631 162 27 förteckningen
679 630 60 22 öfver
753 637 43 21 nya
810 630 108 21 undervis-

160 664 169 27 ningsanstalter
351 665 40 21 och
411 665 155 22 dislokationen
581 665 24 21 af
618 666 110 20 desamma
743 664 112 26 särskilda,
870 665 48 20 när-

160 704 60 15 mare
244 699 87 27 angifna
349 699 117 28 ändringar
482 699 32 21 till
529 698 83 23 förmån
628 699 34 21 för
678 699 99 21 läroverk
792 698 48 22 med
855 697 63 22 finskt

160 732 229 29 undervisningsspråk
404 734 103 27 vidtagas.

229 766 63 22 Hvad
315 767 46 21 åter
384 768 89 27 ryskans
496 767 163 22 bortlemnande
683 766 70 22 såsom
769 766 149 28 obligatoriskt

160 800 112 22 läroämne
293 802 32 21 uti
340 802 99 27 lyceerna
453 802 92 25 vidkom,
562 801 67 22 måste
645 801 227 28 Generalguvernören
887 800 31 21 af-

160 835 76 28 styrka
252 835 125 25 detsamma,
394 843 47 14 men
457 836 33 21 för
506 836 41 21 den
562 836 102 21 händelse
681 837 32 20 att
728 843 25 14 en
764 834 67 25 sådan
842 834 75 28 åtgärd

161 869 59 21 detta
243 869 89 22 oaktadt
354 869 128 29 medgåfves,
505 871 101 21 framhöll
629 871 43 21 han
695 869 69 22 såsom
781 869 136 27 nödvändigt,

160 905 33 19 att
215 903 34 21 vid
273 904 42 21 alla
337 905 128 27 treklassiga
487 905 190 21 elementarskolor
700 904 40 21 och
762 904 70 28 lyceer
842 903 75 24 lärare

159 938 33 21 uti
212 938 69 27 sagda
299 937 64 28 spräk
379 941 104 26 upptoges
498 938 29 28 pä
542 941 49 23 stat,
607 939 34 21 för
657 940 33 20 att
705 938 33 21 för
754 938 54 25 dem,
824 944 44 15 som
885 936 33 22 sä-

160 971 53 22 dant
235 972 75 26 önska,
333 973 127 28 möjliggöra
476 973 47 21 dess
542 973 118 26 inlärande,
676 972 118 27 hvarjemte
810 971 54 22 mätt
878 971 39 22 och

159 1007 47 26 steg
229 1006 68 22 borde
319 1007 98 27 vidtagas
432 1008 7 20 i
455 1007 53 27 syfte
524 1010 33 18 att
572 1007 93 21 studium
682 1006 63 22 deraf
758 1006 69 21 blefve
842 1012 75 21 genom

159 1040 173 22 tillerkännande
355 1041 24 21 af
400 1040 67 29 några
490 1040 108 23 förmåner
621 1040 22 23 ät
666 1041 65 28 ryska
746 1040 88 21 läsande
849 1039 68 22 elever

158 1075 165 26 uppmuntradt.

228 1108 32 22 Pä
282 1109 90 22 anförda
395 1110 46 21 skäl
465 1109 67 28 ansäg
551 1109 234 28 Generalguvernören,
801 1110 33 20 att
848 1109 69 21 derest

158 1142 61 22 Hans
242 1143 101 28 Majestät
362 1145 118 26 samtyckte
495 1144 33 21 till
543 1151 26 14 en
585 1143 183 29 genomgripande
784 1143 133 28 reorganisa-

158 1177 46 22 tion
228 1177 24 22 af
272 1177 125 22 läroverken
421 1179 40 21 och
484 1178 112 28 godkände
613 1178 24 21 de
653 1178 22 21 at
692 1177 225 28 Generalguvernören

158 1211 129 22 framstälda
313 1213 173 27 anmärkningar,
513 1213 36 21 det
574 1212 124 28 uppgjorda
724 1211 102 28 förslaget
851 1211 67 21 borde

158 1245 34 21 till
218 1245 93 22 Senaten
337 1246 34 21 för
396 1247 91 21 Finland
514 1246 127 22 äterlemnas
669 1246 34 21 för
728 1248 32 19 att
786 1246 7 20 i
815 1245 103 28 behöriga

158 1279 61 22 delar
246 1280 141 21 underkastas
413 1281 149 21 motsvarande
589 1281 92 27 ändring
710 1282 55 19 samt
791 1281 32 20 att
850 1279 68 21 deref-

158 1315 40 24 ter,
221 1321 35 14 om
272 1313 168 29 sädantansäges
456 1315 103 28 lämpligt,
576 1315 32 21 till
623 1314 133 22 Ständernas
771 1313 101 28 pröfning
887 1313 30 22 öf-

158 1348 147 21 verlemnades
329 1348 75 22 endast
425 1348 77 28 frägan
526 1348 110 29 angäende
651 1348 150 28 fördelningen
818 1348 40 21 och
873 1347 45 27 pla-

158 1382 102 27 ceringen
287 1382 24 22 af
335 1382 25 22 de
388 1382 32 22 till
446 1383 123 21 inrättande
592 1382 113 22 bestämda
727 1382 99 22 läroverk
848 1382 24 21 af
891 1388 27 21 ny

157 1417 45 25 typ.
234 1416 73 22 Skulle
331 1416 96 22 deremot
449 1417 60 21 Hans
532 1417 101 28 Majestät
648 1416 106 28 Kejsaren
773 1416 47 22 icke
835 1416 84 28 behaga

226 1456 98 17 Allmänna
336 1456 160 18 Besvärsutskottets
508 1458 103 16 betänkande
624 1457 34 17 N:o
673 1456 28 18 18.
