1020 1678
192 99 25 20 10
379 98 226 22 Petitionsbetänkande
621 98 35 22 N:o
672 98 34 22 37.

162 173 34 15 om
220 167 37 21 det
274 167 155 21 ofvananförda
444 167 124 21 uttalandet
583 167 6 21 i
605 167 259 26 Finans-Expeditionens
879 167 36 20 be-

160 201 98 28 rättelse,
275 203 32 19 att
323 202 26 21 de
364 202 49 21 med
427 202 41 21 den
479 202 112 21 tilltänkta
601 201 202 28 reorganisationen
814 201 101 22 förenade

160 236 112 27 betydliga
293 236 118 22 kostnader
433 238 58 19 ännu
514 236 87 21 hindrat
625 237 102 20 ärendets
750 236 88 27 slutliga
857 235 58 27 afgö-

160 271 74 27 rande,
251 271 77 21 endast
343 271 39 21 har
398 271 101 21 afseende
515 272 13 20 å
543 271 104 27 förslaget
659 277 33 15 om
704 270 211 22 Manufakturdirek-

160 305 86 21 tionens
270 305 182 27 omorganisation
474 305 34 22 till
531 312 27 15 en
580 305 160 28 öfverstyrelse,
759 307 24 20 så
798 305 69 22 håller
882 307 33 19 ut-

161 340 83 20 skottet
260 339 45 22 före
321 342 32 18 att
371 340 37 21 det
423 340 78 21 endast
516 342 24 19 är
555 340 100 21 behofvet
671 340 23 21 af
709 346 26 15 en
750 346 111 21 noggrann
877 340 39 21 och

160 374 133 21 omfattande
317 374 140 28 granskning,
476 381 46 15 som
537 374 78 21 hittills
631 374 67 22 vållat
713 374 94 27 uppskof
820 374 48 21 med
884 374 31 21 in-

160 409 114 21 rättandet
289 408 23 22 af
326 409 164 27 ifrågavarande
501 409 122 27 högnödiga
634 409 200 27 läroinrättningar.
858 409 59 21 Enär

160 443 123 21 emellertid
306 443 47 22 icke
376 444 62 26 ringa
460 444 33 21 tid
516 444 67 21 redan
598 444 92 21 förflutit
706 444 54 21 efter
776 444 36 21 det
828 444 89 20 ärendet

160 479 74 20 senast
258 478 24 21 af
301 478 59 27 Kejs.
385 478 93 22 Senaten
502 478 136 28 behandlats,
654 479 63 21 torde
733 478 49 21 dess
798 478 7 21 i
820 478 96 21 verksät-

160 512 66 22 tande
238 512 62 22 äfven
311 514 52 20 utan
375 519 26 15 en
413 513 181 27 ständerpetition
605 514 111 26 snarligen
726 519 52 15 vara
787 515 32 19 att
828 515 87 19 emotse.

159 547 34 21 Då
208 547 107 21 utskottet
331 548 28 26 på
375 548 69 20 denna
460 548 69 26 grund
545 554 64 14 anser
625 548 33 27 sig
674 548 53 20 böra
738 547 97 27 afstyrka
846 554 25 14 en
883 548 33 20 så-

161 581 49 27 dan,
234 582 52 20 sker
308 582 37 21 det
367 582 48 21 med
431 582 112 21 uttalande
559 582 23 21 af
596 582 41 21 den
653 582 58 22 fasta
726 582 142 26 förhoppning
885 583 31 19 att

160 616 215 28 handtverksskolor,
391 617 153 27 organiserade
555 618 28 26 på
594 619 44 19 sätt
649 617 110 27 Styrelsen
770 616 69 22 finner
849 616 66 27 lämp-

160 650 72 28 ligast,
248 651 49 21 med
313 651 36 21 det
363 651 69 21 första
447 651 88 27 möjliga
550 652 112 27 påbjudas.

232 685 138 22 Beträffande
393 686 36 21 det
452 686 23 21 af
492 686 93 21 nämnda
600 686 81 21 komité
697 686 115 21 förordade
828 685 87 22 statsbi-

160 719 54 27 drag
236 719 35 22 för
293 720 64 21 dessa
375 720 79 28 skolor,
471 720 120 21 beräknadt
607 721 33 21 till
656 727 27 15 en
699 721 74 26 början
789 720 34 21 till
839 721 76 26 41,000

159 754 63 21 mark
245 754 90 27 årligen,
353 755 39 20 bör
408 755 120 21 detsamma
543 755 7 21 i
566 755 143 21 betraktande
726 755 23 20 af
763 755 77 21 sakens
857 757 58 18 stora

160 789 113 26 betydelse
295 789 33 21 för
350 789 74 22 landet
446 790 117 27 ingalunda
586 797 63 14 anses
667 790 34 21 för
716 790 58 27 högt,
791 789 124 27 isynnerhet

160 829 34 15 om
217 829 50 15 man
288 825 61 25 tager
364 824 7 21 i
387 824 143 21 betraktande
546 826 32 19 att
593 826 71 19 staten
681 825 67 20 redan
764 824 151 26 understödjer

161 858 103 27 söndags-
281 859 39 20 och
336 858 162 22 aftonskolorna
514 859 49 21 med
578 859 99 27 omkring
693 860 77 27 20,000
786 859 67 21 mark.
883 859 31 20 En

160 893 57 21 inom
233 893 103 21 nationen
352 893 74 27 spridd
442 893 147 22 framstående
604 893 198 28 yrkesskicklighet
817 895 24 19 är
857 893 58 21 dess-

159 929 60 20 utom
235 929 32 20 ett
282 927 109 22 fruktbart
407 929 89 26 kapital,
512 929 33 20 för
560 929 63 21 hvars
639 929 103 21 bildande
758 929 37 20 det
808 928 108 21 allmänna

160 962 34 21 väl
210 962 43 21 kan
269 963 64 26 åtaga
349 963 34 26 sig
397 964 16 20 t.
429 969 19 15 o.
464 970 27 14 m.
511 964 82 26 ganska
609 966 60 19 stora
685 963 152 27 uppoffringar.
868 963 47 26 Sty-

160 996 71 21 relsen
252 1003 63 20 synes
332 997 62 21 äfven
410 997 71 21 funnit
496 997 100 21 behofvet
611 998 24 20 af
649 999 32 20 ett
697 999 69 19 större
783 997 132 26 statsbidrag

159 1030 34 22 för
216 1031 68 27 sagda
299 1031 100 21 ändamål
415 1032 138 27 nödvändigt,
570 1032 27 21 dä
613 1032 36 21 det
665 1032 7 21 i
689 1032 41 20 den
746 1031 169 27 approximativa

159 1065 74 27 kalkyl
258 1065 59 22 öfver
340 1066 146 21 statsfondens
509 1067 116 27 tillgängar
644 1067 40 21 och
700 1066 66 22 behof
779 1067 68 20 under
863 1067 51 20 ären

160 1101 120 26 1883—85,
296 1107 46 14 som
359 1101 109 26 delgifvits
484 1102 122 23 ständerna,
621 1103 82 26 yttras:
720 1101 21 28 ,,i
756 1101 104 21 händelse
875 1101 40 21 den

158 1135 114 27 angäende
294 1135 189 27 Bergsstyrelsens
499 1136 39 21 och
554 1135 289 22 Manufakturdirektionens
859 1142 55 14 sam-

158 1169 151 27 manslagning
333 1172 56 18 samt
413 1170 40 21 den
476 1170 101 21 tekniska
592 1170 194 26 undervisningens
804 1169 109 22 ordnande

157 1204 78 21 väckta
258 1204 76 27 frågan
357 1204 77 21 hinner
457 1205 69 20 under
547 1204 174 27 finansperioden
737 1204 102 27 slutligen
854 1205 59 26 afgö-

156 1245 44 20 ras,
215 1239 104 26 kommer,
335 1239 68 26 enligt
419 1239 37 21 det
471 1240 13 20 å
499 1239 249 27 Finans-Expeditionen
760 1239 6 20 i
778 1241 72 18 ämnet
860 1245 53 20 upp-

156 1273 83 27 gjorda,
263 1273 68 21 ehuru
354 1273 47 22 icke
425 1274 105 21 slutförda
553 1274 39 21 och
615 1274 123 27 granskade
755 1273 110 27 förslaget,
881 1275 32 19 att

157 1307 110 21 erfordras
290 1309 31 19 ett
344 1307 94 22 tillskott
461 1308 7 21 i
486 1308 123 21 nuvarande
624 1308 78 27 anslag
717 1307 23 22 af
754 1308 66 21 minst
837 1308 77 27 60,270

155 1342 62 20 mark
234 1341 105 27 årligen".
896 1341 2 2 |

229 1372 76 32 Öfriga
327 1376 7 22 i
357 1377 27 21 de
407 1376 148 28 föreliggande
574 1377 147 27 petitionerna
736 1377 128 21 framstälda
878 1383 35 20 yr-

155 1411 86 21 kanden
259 1418 64 20 synas
339 1412 107 22 utskottet
461 1418 51 15 vara
528 1412 24 21 af
560 1412 102 27 tämligen
674 1412 110 21 sekundär
793 1411 118 27 betydelse.

222 1450 95 19 Allmänna
329 1451 167 19 Besvärsutskottets
510 1452 105 17 betänkande
626 1452 34 17 N:o
673 1452 31 17 20.
