1020 1678
183 111 27 34 44
376 117 243 20 Petitionsbetänkande
632 118 38 19 N:o
682 118 32 19 32.

165 175 67 28 högre
255 175 61 21 skola
338 176 42 21 kan
402 175 164 28 ifrågakomma,
589 176 55 21 dock
667 183 25 14 en
715 175 142 25 bottenskola,
873 174 48 22 från

164 209 86 21 hvilken
273 209 142 29 öfvergången
437 210 32 21 till
492 210 68 21 andra
576 210 151 22 läroanstalter
741 217 52 14 vore
807 209 47 26 lätt,
869 211 53 19 utan

165 242 71 28 någon
259 243 136 28 betungande
417 244 91 22 kostnad
532 245 34 21 för
587 244 129 22 statsverket
734 243 71 22 kunde
823 245 97 20 inrättas.

276 278 68 21 andra
362 279 60 20 sidan
441 278 47 22 åter
502 279 40 21 har
558 281 57 19 emot
630 279 41 21 den
686 278 123 28 föreslagna
824 284 98 21 omorga-

165 311 122 22 nisationen
301 312 7 20 i
323 313 119 21 hufvudsak
458 312 129 22 framhållits
603 313 104 27 följande:

234 344 35 22 Då
283 353 49 14 man
348 346 36 21 vill
399 346 95 28 afhjelpa
510 348 31 20 ett
556 346 76 22 socialt
643 345 193 27 missförhållande,
846 345 76 22 sådant

166 386 45 14 som
235 380 27 21 de
284 380 85 22 bildade
391 380 121 22 klassernas
527 380 110 22 bristande
649 377 69 31 insigt
733 380 6 21 i
754 380 85 21 landets
855 380 68 22 andra

166 414 113 21 inhemska
300 413 71 29 språk,
394 414 35 22 må
447 422 49 14 man
512 415 18 28 ej
548 416 53 26 göra
617 415 36 21 det
668 422 75 20 genom
759 416 33 20 att
807 414 70 22 införa
892 416 31 20 ett

167 450 72 23 annat,
256 449 57 21 ännu
328 450 68 20 större
412 448 191 27 missförhållande,
619 448 108 28 nemligen
742 449 41 21 den
798 448 62 22 lärda
875 448 48 22 sko-

166 482 47 21 lans
236 482 136 29 försämring.
409 483 48 22 Men
479 484 4 20 i
501 483 76 28 sjelfva
599 484 74 21 verket
691 482 67 22 skulle
774 482 70 22 denna
863 482 60 22 skola

167 523 76 21 genom
260 517 40 21 den
316 517 24 21 af
352 518 141 26 petitionären
509 518 39 21 och
565 518 54 21 hans
638 517 186 28 meningsfränder
842 516 81 22 förfäk-

167 550 50 22 tade
239 551 143 28 omdaningen
401 552 7 21 i
430 552 42 28 hög
493 552 53 28 grad
562 552 67 21 blifva
644 552 92 21 lidande.
766 552 31 27 Ty
813 551 47 22 dess
875 551 48 21 huf-

167 584 94 27 vudmål,
277 585 39 22 den
332 586 99 28 allsidiga
445 586 148 28 utvecklingen
609 586 24 22 af
650 586 109 22 elevernas
778 585 87 28 andliga
880 585 43 21 för-

167 620 144 26 mögenheter,
335 620 67 21 skulle
417 620 81 22 lemnas
513 620 13 22 å
541 620 46 22 sido
603 620 34 22 för
652 620 105 22 vinnande
773 620 24 21 af
809 620 115 21 allehanda

166 653 114 27 praktiska
295 654 98 28 bisyften.
423 655 154 21 Bottenskolan
592 655 69 21 skulle
677 654 65 21 blifva
757 662 27 13 en
799 654 60 21 skola
868 654 55 21 före-

167 687 105 22 trädesvis
288 687 32 22 för
336 688 110 23 inlärande
462 689 23 21 af
499 689 90 22 svenska
605 689 40 22 och
659 689 70 21 finska
743 687 99 28 språken.
874 688 49 21 Men

167 721 62 22 äfven
252 722 8 21 i
283 722 58 21 detta
360 723 119 22 hänseende
502 730 50 15 vore
576 723 124 22 densamma
716 723 32 21 för
764 723 47 20 sina
826 723 97 21 alumner

167 756 118 27 ingalunda
300 757 71 21 städse
387 757 31 21 till
433 765 62 20 gagn.
525 758 30 27 Ty
570 757 89 22 alldeles
675 757 82 22 oafsedt
765 757 36 21 det
809 759 32 19 att
849 755 74 28 språk-

166 789 138 29 färdigheten
326 791 72 22 vinnes
421 791 7 21 i
447 792 59 21 lifvet
524 792 40 21 och
580 792 18 27 ej
614 792 7 20 i
637 791 82 26 skolan,
735 791 40 21 bör
791 791 35 21 det
841 793 61 25 tagas
916 791 7 20 i

167 824 149 27 betraktande,
340 827 31 20 att
390 826 45 21 ofta
454 827 26 20 30
496 826 14 21 &
525 827 27 20 40
567 825 26 24 %
610 826 24 21 af
647 826 98 21 eleverna
760 825 67 21 redan
842 825 35 21 vid
892 825 32 20 in-

167 858 72 21 trädet
247 859 71 21 känna
326 859 114 22 hvartdera
448 859 92 28 språket.
556 859 34 22 Då
597 859 119 22 emellertid
725 867 25 14 en
759 859 79 28 mängd
847 859 77 21 under-

167 893 182 28 visningstimmar
360 894 31 21 uti
403 894 149 22 bottenskolan
564 894 67 28 enligt
645 893 159 26 skolkomiténs,
821 893 103 22 Senatens

168 927 39 21 och
221 927 80 28 jemväl
312 929 154 26 petitionärens
473 929 81 27 förslag
562 929 68 21 skulle
639 927 71 23 anslås
718 927 33 22 till
759 927 36 22 det
810 928 111 27 praktiska

167 961 123 22 inlärandet
298 962 96 27 afprima
401 963 105 27 principia
514 963 6 21 i
530 963 36 21 det
574 962 183 22 andrainhemska
766 957 93 38 språket,
865 961 60 22 torde

168 995 48 21 med
228 996 47 20 skäl
291 996 71 22 kunna
373 996 143 28 ifrägasättas,
528 997 106 21 huruvida
650 997 19 27 ej
681 996 66 28 sagde
762 996 80 21 elevers
857 1003 68 14 sanna

167 1029 92 22 intresse
282 1029 90 23 sålunda
394 1038 58 14 mera
474 1032 28 20 än
524 1031 115 27 tillbörligi
665 1030 109 22 lemnades
800 1030 123 21 obeaktadt.

167 1064 78 21 Dertill
268 1065 101 26 kommer,
400 1067 31 19 att
453 1066 90 21 svenska
558 1066 39 21 och
613 1065 70 22 finska
699 1063 99 29 spräken,
815 1064 36 22 det
866 1065 59 21 förra

168 1104 76 21 genom
261 1099 31 20 sin
308 1099 169 28 formfattigdom
492 1100 6 20 i
514 1100 124 25 allmänhet,
655 1099 36 21 det
706 1105 75 15 senare
793 1105 75 21 genom
876 1099 48 20 sak-

168 1131 69 22 naden
254 1133 25 20 af
291 1133 98 21 ändelser
404 1133 33 21 för
452 1141 73 20 genus,
544 1134 107 27 passivum
669 1140 18 15 o.
704 1140 16 14 s.
737 1140 26 19 v.,
782 1135 56 18 samt
853 1133 71 20 hvart-

168 1166 52 21 dera
235 1165 71 23 såsom
323 1167 92 22 varande
430 1168 6 20 i
452 1168 141 27 pedagogiskt
608 1167 122 22 hänseende
741 1167 139 27 otillräckligt
888 1167 37 21 be-

168 1200 111 26 arbetade,
291 1202 37 20 äro
341 1201 129 28 ojemförligt
477 1202 83 21 mindre
568 1202 104 27 lämpliga
683 1203 27 20 än
718 1201 77 22 latinet
805 1201 33 21 till
846 1201 79 28 grund-

167 1235 34 20 val
213 1236 34 20 för
259 1235 251 28 språkundervisningen.
533 1236 49 21 Men
591 1237 52 20 enär
651 1236 27 21 de
687 1235 58 22 detta
756 1235 90 22 oaktadt
857 1235 68 22 skulle

167 1269 73 21 härtill
264 1270 115 25 användas,
402 1270 68 21 blefve
493 1270 86 28 följden,
603 1272 32 19 att
657 1277 26 14 en
703 1271 70 20 större
788 1269 31 22 tid
834 1268 90 23 måste
913 1264 15 38 i

168 1303 107 22 anseende
290 1303 32 21 till
336 1304 295 28 undervisningsmaterialets
646 1304 83 21 mindre
737 1303 126 28 lämplighet
871 1311 54 20 upp-

167 1336 73 26 offras,
265 1337 39 21 och
327 1337 27 21 då
370 1338 70 21 denna
462 1339 120 21 tidsförlust
603 1337 69 23 måste
694 1337 110 28 återtagas
823 1338 40 21 och
878 1338 47 21 icke

166 1371 43 21 kan
225 1370 109 28 återtagas
350 1372 140 22 annorstädes
512 1374 28 19 än
563 1371 28 28 på
605 1372 76 28 lyceet,
701 1371 25 23 så
741 1372 68 22 skulle
829 1372 96 21 eleverne

237 1412 96 16 Allmänna
345 1412 158 18 Besvärsutskottets
515 1413 104 17 betänkande
631 1412 34 17 N:o
680 1412 27 17 18.
