1014 1631
208 89 26 19 30
387 91 232 25 Petitiousbetänkande
638 95 36 21 N:o
694 94 33 23 13.

177 156 34 17 och
230 156 79 19 vetande
329 157 40 18 med
388 158 57 19 raska
461 161 41 21 steg
515 160 40 23 gätt
567 160 67 18 framät
647 161 54 17 äfven
714 160 26 18 uti
753 160 79 18 nämnda
844 159 90 22 landsort,

176 185 95 18 hvarifrån
290 191 23 12 nu
332 187 66 22 många
417 187 92 19 föräldrar
528 191 32 16 äro
578 192 81 19 tvungne
677 192 29 15 att
722 189 59 18 sända
794 189 40 18 sina
847 189 46 18 barn
906 188 27 18 till

176 213 53 23 långt
247 214 85 23 aflägsna
351 215 69 18 skolor.
444 217 37 17 För
494 217 35 18 den
543 218 49 17 skull
605 218 85 17 anhåller
704 218 105 22 ödmjukast
822 217 108 18 underteck-

176 242 41 19 nad,
232 242 63 19 dertill
308 245 104 21 uppmanad
426 245 20 18 af
457 246 101 23 inbyggare
571 247 6 17 i
589 247 81 17 nämnda
683 247 77 22 trakter,
774 247 42 17 att
812 238 10 37 i
826 246 108 23 ödmjukhet

176 271 18 17 få
206 271 30 17 för
248 271 33 18 det
293 272 117 19 hedervärda
423 274 140 19 Bondeståndet
575 275 75 22 föreslå,
663 277 28 16 att
704 278 26 15 ett
743 275 20 18 af
774 277 61 16 staten
849 277 83 20 upprätt-

175 299 59 18 hållet
247 300 109 23 fyrklassigt
369 302 80 22 Lyceum
467 304 56 17 måtte
536 304 80 18 inrättas
630 305 5 17 i
649 304 53 18 Kemi
716 304 48 22 stad,
775 304 76 17 hvilken
864 303 68 18 läroin-

174 329 85 22 rättning
272 330 59 18 skulle
344 330 87 23 begynna
444 332 28 18 sin
485 333 119 18 verksamhet
616 333 42 18 med
671 339 23 12 en
707 333 57 19 klass,
778 335 47 16 samt
838 332 57 19 sedan
905 333 27 17 år-

175 357 49 22 ligen
238 358 86 23 utvidgas
336 359 41 18 med
391 365 23 12 en
427 361 51 18 klass
491 361 65 23 hvarje
569 362 20 17 år
602 362 29 17 till
644 362 43 17 dess
701 361 107 19 densamma
820 361 62 18 blefve
895 361 35 23 fyr-

174 385 77 24 klassig.
276 387 36 23 Jag
324 389 85 18 anhäller
423 395 28 12 om
465 392 26 16 att
504 390 74 19 ståndet
590 391 44 18 ville
647 393 83 20 upptaga
744 391 57 18 saken
814 393 48 16 samt
870 391 61 17 remit-

174 417 40 16 tera
227 415 37 18 den
278 416 28 17 till
319 417 76 18 utskott.

241 445 123 23 Helsingfors,
379 446 35 19 den
428 448 9 16 4
451 448 90 18 Februari
557 449 48 17 1882.

604 498 56 21 Juho
679 497 74 22 Heikki
773 498 82 21 Luoma,

555 535 138 22 Representant
705 535 29 18 för
746 535 53 17 Kemi
812 535 93 22 domsaga.

310 607 47 17 Till
376 607 41 18 det
434 609 151 18 hedervärda
603 609 193 18 Bondeständet!

240 652 108 18 Förlitande
368 653 36 22 mig
423 654 24 22 pä
466 654 31 18 det
515 655 117 18 hedervärda
648 655 150 18 Bondoständets
812 655 115 18 medverkan.

172 680 69 17 dristar
258 681 34 22 jag
309 681 36 22 mig
364 682 34 17 här
417 686 82 19 upptaga
512 689 22 12 en
548 684 100 23 skolfräga,
663 690 39 12 som
715 685 24 22 pä
752 684 32 17 det
796 686 89 16 ömmaste
898 686 30 15 rör

170 709 117 22 nordligaste
300 709 54 19 delen
367 711 20 17 af
399 703 126 36 Österbotten,
539 713 74 18 Torneå
625 713 34 18 och
672 713 53 18 Kemi
738 713 64 18 städer
810 715 48 16 samt
865 713 62 22 Lapp-

170 737 52 22 land,
235 738 93 23 nämligen
340 739 65 23 frågan
419 746 28 12 om
461 741 105 18 inrättande
579 742 21 18 af
610 747 23 12 en
646 742 54 18 skola
713 742 5 17 i
731 741 74 18 Torneå
818 741 46 18 stad.
890 742 38 17 Un-

170 766 34 18 der
216 766 45 23 lång
274 767 25 18 tid
313 773 31 12 var
357 769 74 23 Torneä
443 769 40 18 lilla
497 771 115 22 tväklassiga
621 770 190 18 elementarläroverk
820 770 5 17 i
834 770 92 18 verksam-

170 795 32 18 het
221 795 35 18 och
276 796 56 22 fyllde
352 797 32 18 sitt
402 798 49 23 syfte
471 799 20 17 sä
509 799 29 18 väl
555 805 42 12 man
615 799 20 18 af
645 801 28 16 ett
686 799 67 18 sådant
764 799 88 18 läroverk
865 795 62 21 kunde

168 825 62 16 vänta.
255 824 68 19 Elever
341 825 67 19 funnos
427 827 24 22 pä
470 827 27 18 sin
515 828 26 17 tid
555 828 5 17 i
573 828 74 17 Torneä
659 828 55 18 skola
726 833 42 17 nog,
781 828 5 17 i
800 827 87 18 medeltal
900 829 28 19 30,

169 853 22 16 40
204 852 11 17 &
227 853 23 17 45
263 859 72 17 gossar,
352 855 115 18 tillhörande
486 856 38 18 alla
537 857 189 18 samhällsklasserna
738 857 6 17 i
757 856 67 18 staden
836 857 35 17 och
884 856 43 18 dess

168 881 102 23 omnejder.
295 883 57 18 Detta
365 883 40 19 lilla
418 884 86 19 läroverk
517 885 33 18 har
563 885 24 22 pä
599 886 28 18 sin
640 885 27 18 tid
679 885 24 23 pä
716 885 142 22 lärdomsvägen
871 885 56 18 infört

168 909 80 24 mången
260 911 115 19 intresserad
388 913 83 23 yngling,
483 919 39 13 som
535 914 64 22 sedan,
613 914 23 18 dä
649 915 37 17 han
699 914 35 18 fått
742 914 88 18 fortsätta
839 914 28 17 sin
876 914 49 17 skol-

167 938 53 23 gång,
234 945 45 12 vare
292 940 28 22 sig
331 941 6 17 i
346 943 28 16 ett
386 942 153 23 svenskspråkigt
552 943 47 18 eller
611 943 135 22 finskspräkigt
758 943 120 22 gymnasium,
886 942 40 18 blif-

167 967 26 18 vit
206 973 23 12 en
242 968 6 17 i
262 968 132 20 fosterlandets
408 971 57 22 tjenst
477 971 58 18 aktad
547 972 35 17 och
595 972 68 17 redbar
674 977 47 13 man.

236 997 215 24 Undervisningspräket
464 1000 5 17 i
482 1000 73 18 Torneä
567 1000 53 23 lägre
633 1000 158 18 elementarskola
800 1005 32 12 var
840 1000 84 19 svenska,

167 1030 41 12 men
222 1025 62 19 denna
296 1026 118 24 bestämning
427 1028 67 23 följdes
507 1029 61 22 aldrig
580 1029 132 22 bokstafligen,
721 1029 21 18 sä
750 1031 27 16 att
786 1029 66 18 elever,
863 1029 63 18 hvilka

164 1053 6 17 i
184 1053 57 23 öfrigt
254 1055 80 22 ansägos
347 1056 92 23 skickliga
452 1057 28 18 till
492 1057 73 18 inträde
578 1058 5 17 i
597 1058 72 22 skolan,
678 1058 42 18 icke
729 1057 121 23 förvägrades
860 1057 65 18 sädant

164 1082 24 22 pä
206 1083 61 22 grund
280 1083 20 18 af
311 1085 95 18 bristande
425 1085 57 24 insigt
494 1087 6 16 i
513 1087 80 17 svenska
613 1087 84 22 språket,
715 1088 44 16 utan
778 1087 50 22 fingo
844 1086 23 18 de
880 1089 44 15 utan

164 1111 66 18 hinder
243 1111 42 19 läsa
298 1113 39 18 sina
350 1114 95 22 uppgifter
455 1115 33 17 och
495 1114 93 24 redogöra
597 1115 28 18 för
635 1115 41 18 dem
685 1118 48 15 samt
742 1115 71 18 skrifva
822 1115 34 18 och
866 1115 58 18 räkna

164 1139 24 23 pä
200 1139 67 19 finska.
291 1141 56 19 Först
358 1143 24 21 pä
396 1143 59 18 andra
467 1143 76 19 klassen
557 1144 60 18 skulle
631 1144 28 22 de,
673 1150 29 12 om
716 1144 22 18 de
751 1143 61 19 nådde
826 1143 33 22 dit,
872 1143 52 23 börja

164 1169 85 18 använda
263 1171 97 17 svenskan.
386 1172 34 18 Om
433 1178 23 12 en
469 1172 57 18 sädan
539 1173 105 18 lärometod
656 1178 33 12 var
702 1172 86 18 bestämd
800 1172 6 18 i
820 1172 104 23 skollagen,

162 1200 31 15 vet
203 1198 34 22 jag
250 1199 18 22 ej
282 1200 68 21 säkert,
368 1206 42 12 men
425 1201 20 18 sä
458 1202 73 22 mycket
544 1202 33 17 har
588 1202 33 22 jag
634 1202 37 22 mig
683 1202 75 20 bekant,
772 1203 28 16 att
812 1201 74 18 lärarne
900 1202 24 22 pä

163 1226 36 17 den
218 1226 52 18 tiden
287 1227 41 19 icke
341 1229 70 22 ansägo
425 1230 164 22 tväspräkigheten
601 1236 40 12 som
654 1233 27 15 ett
694 1230 66 18 hinder
773 1230 5 17 i
792 1232 28 16 ett
832 1230 90 18 läroverk.

162 1254 33 18 der
214 1255 94 19 hvardera
326 1257 133 19 modersmålet
477 1258 95 18 förefanns
591 1264 39 13 som
648 1259 103 17 läroämne.
775 1258 70 23 Många
863 1258 20 18 af
900 1258 22 18 de

160 1283 53 17 forne
226 1284 88 18 eleverne
327 1286 5 16 i
345 1286 75 18 Torneå
432 1286 53 23 lägre
498 1287 189 18 elementarläroverk
701 1288 65 17 erinna
774 1289 50 16 ännu
838 1293 29 12 om
876 1288 47 17 huru

160 1312 36 17 lätt
208 1312 30 22 de,
252 1318 67 17 genom
332 1316 27 16 att
372 1314 59 18 ähöra
444 1315 32 18 det
488 1316 24 22 på
525 1316 30 18 två
562 1316 56 22 språk
628 1316 82 18 skeende
720 1316 84 18 förhöret
812 1316 20 18 af
839 1316 83 19 läxorna,

160 1340 53 18 lärde
227 1341 33 23 sig,
276 1342 22 17 de
311 1348 34 12 ene
358 1344 87 22 svenska,
459 1344 21 18 de
494 1344 57 18 andre
564 1345 66 17 finska.
655 1345 43 17 Som
712 1350 22 12 cen
746 1344 47 23 gärd
803 1344 20 18 af
830 1345 91 17 tacksam-

160 1369 33 17 het
211 1369 20 18 åt
250 1370 75 18 Torneå
342 1371 53 23 lägre
415 1372 168 19 elementarskolas
600 1374 61 17 lärare
675 1374 30 17 må
716 1374 35 17 här
764 1375 81 17 nämnas,
859 1375 28 16 att
900 1374 22 17 de

161 1398 39 17 läto
215 1398 42 18 sina
270 1399 62 18 elever
344 1400 89 18 fortsätta
446 1402 97 22 läsningen
556 1402 24 23 pä
593 1408 22 12 en
629 1408 14 12 s.
655 1402 18 18 k.
687 1402 127 18 rektorsklass
828 1402 20 18 sä
860 1402 62 23 länge,

229 1435 107 20 Allmänna
352 1436 191 22 Besvärsulskottets
558 1438 129 20 betänkande
702 1439 38 20 N:o
756 1438 34 21 13.
