1014 1681
201 126 11 18 4
393 126 242 19 Petitionsbetänkande
647 125 38 19 N:o
698 125 27 19 17.

179 183 149 23 offervilligheten
341 184 31 17 har
385 184 53 18 redan
450 185 6 16 i
469 185 36 22 hög
516 184 46 23 grad
574 184 56 23 tagits
643 184 5 17 i
662 183 77 23 anspråk
751 183 27 18 för
788 183 143 23 upprätthållan-

180 211 30 18 det
222 212 7 17 i
241 213 51 16 snart
303 212 27 23 sju
343 213 28 17 års
384 213 26 18 tid
422 213 20 17 af
452 213 58 18 finska
521 213 118 22 privatlyceet
651 213 27 17 för
690 218 62 17 gossar
764 212 24 23 på
800 213 50 17 orten
863 212 32 17 och
904 212 28 17 att

179 242 48 16 ännu
240 241 61 17 dertill
313 241 83 18 beskatta
408 247 67 12 samma
487 247 83 17 personer
582 241 26 18 för
621 241 113 18 underhållet
744 241 67 22 jemväl
823 241 19 17 af
853 247 21 11 en
886 240 44 18 finsk

180 269 172 18 fruntimmersskola
364 270 35 18 blir
411 271 6 17 i
429 271 76 22 längden
519 271 83 22 ogörligt.
624 270 77 17 Skolans
718 270 96 22 bestyrelse
828 270 33 17 har
874 269 58 18 derför

180 298 51 17 äfven
243 299 49 17 varit
305 299 91 18 nödsakad
412 300 28 17 att
451 300 6 17 i
471 299 142 22 underdånighet
625 299 59 17 vända
696 299 27 22 sig
735 299 30 17 till
777 299 103 22 regeringen
892 298 40 18 med

180 327 79 22 begäran
271 333 27 11 om
311 328 109 23 statsanslag
432 328 26 18 för
471 328 68 20 skolan,
555 328 33 17 och
603 328 33 17 har
648 327 87 24 styrelsen
748 327 52 18 äfven
813 327 75 22 benäget
902 332 30 17 ny-

180 356 47 22 ligen
239 356 76 23 beviljat
327 358 26 16 ett
368 357 68 21 sådant,
453 357 106 23 uppgående
571 357 30 17 till
614 357 51 20 1,000
677 356 50 18 mark
739 362 31 17 per
783 356 53 21 klass,
849 357 28 16 att
889 355 44 24 utgå

180 385 55 18 under
249 385 26 18 tio
288 385 24 21 år,
325 385 75 18 räknadt
413 386 38 17 från
464 386 33 17 den
511 389 8 15 1
534 385 102 24 September
650 387 42 17 1881
706 385 33 17 och
752 385 20 17 så
781 385 51 22 länge
841 385 62 17 skolan
913 386 20 16 är

180 414 6 17 i
204 413 54 24 gång.
282 414 42 17 Men
341 415 50 17 äfven
410 421 26 11 om
452 416 26 16 ett
490 415 65 17 sådant
567 414 97 19 understöd
676 414 34 18 kan
724 419 52 18 synas
789 413 92 23 frikostigt
892 419 41 17 nog,

180 442 20 17 så
213 443 19 16 är
245 443 31 17 det
288 443 44 17 dock
344 443 38 18 icke
394 443 22 23 på
429 443 51 23 långt
492 445 32 16 när
536 443 108 23 tillräckligt
656 444 28 17 att
695 443 107 17 säkerställa
811 442 71 18 skolans
892 443 40 16 eko-

181 471 81 18 nomiska
280 472 76 21 tillvaro,
376 478 36 12 som
430 472 58 23 enligt
505 472 99 23 beräkning
622 472 70 17 kräfver
710 472 52 19 2,550
779 471 50 18 mark
842 476 30 17 per
885 471 48 17 klass

181 500 42 17 eller
235 500 28 17 för
275 502 10 17 5
298 501 68 18 klasser
378 501 76 23 tillhopa
468 502 61 20 12,750
541 501 50 18 mark
604 507 28 12 om
644 501 44 17 året.
712 501 39 17 Den
764 499 81 18 enskilda
857 499 76 18 offervil-

180 529 81 22 ligheten
279 529 56 18 måste
353 530 54 17 alltså
424 532 48 16 ännu
490 530 66 17 anlitas
571 530 27 17 för
614 531 27 16 att
653 529 62 18 skolan
728 529 47 17 skall
788 529 60 17 kunna
860 534 32 17 cga
904 528 28 18 be-

181 557 53 18 stånd
253 558 38 21 och,
309 559 73 22 sålänge
400 559 49 18 detta
465 561 19 15 är
500 559 56 22 fallet,
568 561 31 16 äro
612 559 97 17 rättvisans
722 558 33 18 och
768 557 114 23 billighetens
894 557 41 18 kraf

180 587 39 17 icke
232 586 136 23 tillgodosedda.

250 615 28 18 Då
291 616 57 18 derför
360 617 42 17 våra
414 617 70 17 valmän
497 617 30 17 vid
538 617 58 17 hållet
608 617 76 17 allmänt
696 615 131 19 sammanträde
836 615 99 18 framhållit

180 645 60 22 vigten
260 645 20 17 af
296 651 21 12 en
335 645 55 23 högre
408 646 46 17 finsk
472 645 181 18 fruntimmersskolas
669 642 73 21 tillvaro
755 645 6 16 i
774 643 94 24 Uleåborg,
881 644 54 17 hafva

181 673 149 23 undertecknade,
342 673 72 18 stadens
426 675 142 22 representanter
580 674 29 17 vid
622 673 51 18 detta
685 673 126 20 ständermöte,
823 673 48 17 velat
879 672 55 18 öfver-

182 702 58 17 lemna
253 702 57 17 denna
322 703 68 22 vigtiga
402 703 142 22 bildningsfråga
556 703 29 17 till
598 703 30 17 det
640 702 92 23 vällofliga
740 701 156 24 borgareståndets
905 701 29 17 be-

181 732 59 21 nägna
259 731 113 22 behjertande
391 731 32 18 och
441 731 19 18 få
474 731 47 22 förty
534 731 101 23 ödmjukast
646 731 67 18 föreslå
725 736 22 12 en
759 729 111 23 underdånig
882 729 51 18 fram-

181 759 89 23 ställning
283 759 64 22 derom,

387 809 25 14 att
430 813 20 11 en
469 807 11 16 5
495 807 62 21 klassig
571 807 44 22 finsk
627 805 170 24 fruntimmersskola
815 806 74 16 inrättas
906 806 30 16 och

387 835 124 23 upprätthälles
522 836 7 15 i
544 835 90 22 Uleåborgs
646 836 39 16 stad
696 835 46 22 eller,
754 835 7 16 i
774 835 77 17 händelse
863 835 45 16 detta
920 834 15 21 ej

387 865 34 16 kan
432 865 55 16 vinna
500 864 60 22 nådigt
573 864 82 23 afseende,
668 867 26 14 att
706 864 32 17 den
750 863 103 17 nuvarande
864 863 71 22 privata

383 894 56 22 finska
450 893 180 23 fruntimmersskolan
644 893 86 18 derstädes
744 893 51 17 måtte
812 893 37 16 med
860 892 75 17 tillräck-

388 923 30 21 ligt
430 923 103 21 statsanslag
544 923 143 17 subventioneras.

251 962 112 23 Helsingfors
376 963 32 17 den
421 964 11 17 2
444 963 85 17 Februari
543 963 49 18 1882.

251 1014 89 19 Alarick
354 1014 138 19 Hasselblatt.
662 1014 23 18 A.
700 1014 22 18 O.
736 1013 130 19 Snellman''.

310 1089 81 28 vÄrade
403 1095 98 21 Talman,
514 1095 140 18 Hedervärda
666 1095 150 18 Bondeständ!

251 1141 28 18 Dä
295 1141 121 23 landsbygden
428 1142 47 17 inom
489 1142 97 23 Uleäborgs
598 1143 30 16 län
642 1144 20 15 är
674 1142 39 17 helt
725 1141 33 18 och
770 1141 58 18 hället
840 1141 95 23 finsksprä-

182 1171 30 22 kig
225 1170 33 18 och
271 1170 120 18 inmevänarne
403 1171 5 17 i
421 1171 40 17 dess
473 1171 60 18 städer
549 1172 63 17 nästan
626 1171 36 17 alla
674 1171 30 17 väl
716 1171 61 17 känna
789 1170 57 18 finska
859 1170 77 23 språket,

183 1199 55 17 under
251 1199 30 18 det
293 1200 56 17 större
362 1200 51 17 delen
426 1200 19 17 af
456 1200 39 18 dem
507 1200 15 22 ej
534 1200 37 23 just
583 1200 66 17 förstår
662 1200 56 22 något
730 1200 62 21 annat,
805 1204 39 12 men
857 1199 27 17 uti
896 1200 41 16 hela

181 1228 50 17 länet
243 1228 16 22 ej
272 1228 56 17 finnes
340 1234 21 12 en
374 1228 45 18 enda
431 1228 19 18 af
462 1230 58 16 staten
532 1228 87 18 bekostad
628 1228 122 23 finskspräkig
758 1228 178 19 fruntimmersskola,

181 1256 20 18 sä
219 1256 54 18 hafva
285 1256 58 18 länets
356 1257 112 21 innevänare,
479 1257 59 18 säsom
551 1257 30 17 det
593 1257 110 17 hedervärda
716 1256 72 18 ständet
800 1256 29 18 väl
842 1257 34 21 vet,
889 1256 47 18 varit

182 1285 108 21 nödsakade,
303 1286 28 16 att
343 1285 39 18 med
394 1286 72 22 privata
477 1286 56 18 medel
546 1286 5 17 i
565 1286 98 22 Uleäborgs
676 1285 41 18 stad
730 1285 69 17 inrätta
811 1290 21 12 en
840 1284 97 24 finsksprä-

183 1314 30 22 kig
231 1314 177 21 fruntimmersskola,
427 1320 37 12 som
482 1315 54 17 redan
554 1315 41 17 flere
608 1314 19 18 är
639 1314 87 18 likaledes
739 1314 40 17 med
792 1314 71 22 privata
874 1313 63 22 medel,

182 1342 62 18 blifvit
256 1342 121 18 underhållen.
402 1343 66 18 Skolan
483 1344 65 17 räknar
560 1344 27 17 för
598 1343 111 18 närvarande
722 1344 27 16 tre
762 1342 69 18 klasser
843 1342 33 18 och
888 1342 50 18 inne-

183 1372 36 16 mot
238 1372 27 16 ett
283 1371 47 17 halft
348 1372 91 18 hundrade
451 1372 62 18 elever.
536 1372 52 18 Flere
600 1372 54 18 hafva
666 1372 42 17 sökt
720 1371 76 21 inträde,
810 1376 39 12 men
862 1371 20 17 af
892 1371 46 18 brist

182 1400 23 22 pä
217 1401 87 21 utrymme
316 1400 39 18 icke
367 1400 61 18 blifvit
440 1402 108 22 emottagna.
572 1401 55 17 Detta
638 1400 93 18 läroverks
744 1400 110 22 behöflighet
866 1400 71 22 intygas

183 1429 50 18 säväl
247 1430 20 17 af
278 1429 91 18 allmänna
381 1430 151 22 omständigheter
544 1430 32 17 och
590 1430 19 18 af
619 1429 199 23 spräkförhällandena,
831 1434 38 13 som
878 1429 32 18 ock
920 1429 19 18 af

253 1464 94 18 Allmänna
360 1464 158 18 Besvärsutskottets
529 1465 104 18 betänkande
645 1465 35 17 N:o
693 1465 28 17 14.
