1020 1678
196 118 15 20 4
381 116 239 25 Petitionsbetänkande
637 117 37 23 N:o
692 117 29 22 10.

168 174 98 27 sågvirke
288 175 38 21 och
349 175 195 27 byggnadstimmer
567 175 135 27 temmeligen
724 175 40 21 lätt
786 175 71 21 kunna
876 174 49 21 ned-

167 210 163 26 transporteras.
361 203 17 27 Å
398 209 66 22 andra
483 209 61 22 sidan
559 209 41 22 blir
620 209 134 28 naturligtvis
769 209 109 22 frestelsen
894 208 30 22 till

167 243 93 22 åverkan
276 244 23 21 så
314 243 82 28 mycket
411 244 103 26 starkare,
527 244 24 27 ju
563 250 57 15 mera
630 244 151 21 medvetandet
791 250 35 15 om
837 243 88 28 egande-

168 280 81 19 rättens
269 277 63 28 helgd
351 284 76 21 genom
442 277 154 28 förordningar,
612 278 72 22 hvilka
699 279 67 21 måste
782 277 94 22 förefalla
891 277 35 22 be-

168 312 122 27 folkningen
306 312 91 27 obilliga,
412 312 86 27 bringas
513 314 32 20 att
561 313 78 21 vackla.
663 313 10 21 I
684 313 141 21 betraktande
835 312 22 22 af
866 312 60 22 dessa

168 346 180 28 omständigheter
363 348 67 20 måste
446 347 105 21 utskottet
567 347 57 21 hålla
638 346 52 28 före,
707 349 32 19 att
754 354 26 14 en
794 346 132 27 förlängning

167 380 22 23 af
209 380 159 29 ifrågavarande
391 381 72 28 påbud
485 381 53 22 efter
561 382 106 27 utgången
686 381 22 23 af
727 382 25 22 år
772 382 53 21 1885
841 381 7 21 i
863 381 61 28 ingen

167 415 101 22 händelse
283 415 65 22 borde
363 415 158 28 ifrågakomma.

236 451 62 21 Hvad
312 451 47 21 åter
374 451 131 22 vidkommer
519 453 32 20 ett
566 451 74 27 tillägg
655 451 33 22 till
703 451 150 27 förordningen
869 450 6 21 i
890 451 36 21 det

167 485 21 21 af
209 485 141 27 petitionären
372 485 119 28 föreslagna
514 485 60 28 syfte,
598 485 35 22 vill
656 486 106 21 utskottet
782 486 27 27 på
831 485 35 22 det
881 491 44 16 var-

167 521 67 20 maste
256 519 86 22 förorda
364 520 123 21 detsamma.
521 521 59 26 Föga
603 521 61 21 torde
687 520 105 27 nemligen
815 519 110 27 bestridas,

166 556 32 19 att
214 561 34 14 om
264 554 39 21 och
318 554 102 27 styrelsen
436 555 42 20 kan
493 554 62 22 hafva
570 555 55 21 varit
640 555 7 21 i
663 555 33 21 sin
711 556 44 20 rätt
770 554 34 22 vid
819 553 107 22 utfärdan-

167 589 35 21 det
217 589 22 21 af
253 589 65 26 sagda
336 588 127 28 förordning,
481 590 39 21 den
537 589 53 22 dock
606 590 55 21 hade
677 591 36 26 egt
729 591 32 20 att
776 590 23 21 så
814 589 63 27 begå;
890 589 36 22 det

166 623 26 22 de
215 623 95 22 enskilde
332 623 155 27 skogsegarene
510 624 120 27 derigenom
650 624 47 22 icke
718 624 124 21 äsamkades
857 624 68 26 någon

166 657 91 22 särskild
275 658 131 21 omkostnad.
437 658 68 22 Häraf
524 661 23 19 är
567 659 118 21 emellertid
701 660 115 20 motsatsen
832 657 32 22 för
879 660 46 19 när-

166 692 93 22 varande
274 691 65 27 fallet,
356 692 27 21 då
398 692 75 22 endast
489 692 171 27 kronolänsman,
676 693 63 21 hvars
755 692 76 22 bostad
842 692 30 22 uti
883 692 42 22 lan-

167 727 46 21 dets
239 726 119 27 nordligare
382 726 58 22 delar
464 726 43 22 ofta
530 730 23 18 är
575 728 80 26 ganska
678 727 92 27 aflägsen
789 726 46 22 från
855 726 70 22 veder-

166 761 94 21 börande
282 761 143 27 skogsegares,
449 768 49 20 cger
521 764 43 19 rätt
584 764 32 19 att
635 761 85 23 utfärda
739 761 132 27 förpassning
886 761 38 21 och

165 795 79 22 honom
270 795 107 21 dessutom
407 796 127 22 tillkommer
557 796 118 27 ersättning
697 796 33 21 för
752 802 77 21 synens
851 795 74 22 förrät-

166 830 63 22 tande
246 830 38 21 och
306 830 59 22 lösen
383 830 33 22 för
431 830 86 28 intyget.
548 832 42 21 Det
604 838 62 21 synes
682 830 71 23 derför
769 836 50 16 vara
834 830 91 22 nödvän-

166 865 50 26 digt,
237 867 33 19 att
290 865 128 26 föreskrifva,
437 866 37 21 del
489 865 92 22 hvarken
597 865 33 22 för
644 865 162 28 ifrågavarande
821 871 37 22 syn
874 865 50 21 eller

165 899 59 28 intyg
246 900 69 26 nägon
338 899 58 28 afgift
419 899 32 22 fär
474 900 112 27 uppbäras,
610 902 55 20 samt
684 901 33 20 att
733 900 102 26 derjemte
849 899 75 28 älägga

166 934 60 21 äfven
241 934 222 27 forsttjenstemännen
478 937 32 19 att
526 935 47 21 med
588 935 139 27 iakttagande
743 934 22 22 af
778 934 55 21 hvad
845 934 6 21 i
863 933 61 28 öfrigt

166 971 23 18 är
204 969 100 26 stadgadt
320 969 83 21 utfärda
418 969 91 22 nämnda
524 969 138 28 förpassning.

234 1003 70 21 Jemte
327 1003 35 21 det
385 1003 105 21 utskottet
513 1004 81 21 således
617 1004 47 21 icke
687 1004 42 21 kan
752 1003 119 27 godkänna,
893 1005 32 19 att

166 1037 104 27 styrelsen
286 1037 22 21 af
321 1037 144 27 föreliggande
488 1038 179 27 omständigheter
690 1040 71 19 ansett
783 1038 31 26 sig
835 1040 89 24 tvungen

166 1074 32 19 att
220 1071 85 27 vidtaga
330 1072 106 27 åtgärder,
459 1072 71 22 hvilka
548 1072 6 21 i
573 1072 41 27 hög
632 1072 53 27 grad
700 1072 83 27 ingripa
798 1072 7 21 i
820 1072 105 21 enskildes

165 1106 39 21 fria
219 1105 123 28 förfogande
358 1108 49 25 rätt,
423 1106 32 22 får
471 1106 116 22 detsamma
602 1107 110 21 vördsamt
727 1106 86 22 föreslå:

372 1178 32 18 utt
424 1176 85 21 landets
525 1176 94 21 Ständer
634 1176 51 21 ville
701 1176 38 21 hos
757 1175 64 21 Hans
837 1175 87 27 Kejser-

304 1210 44 28 liga
364 1210 106 28 Majestät
486 1211 7 20 i
508 1210 173 28 underdänighet
701 1210 98 25 anhålla,
819 1210 35 21 det
869 1209 56 28 skyl-

303 1244 100 28 digheten
425 1247 33 19 att
477 1244 92 27 utfärda
584 1245 70 21 sädan
664 1244 158 28 förpassning,
837 1244 88 21 hvarom

304 1280 7 20 i
327 1280 89 27 Nädiga
432 1279 80 28 brefvet
527 1279 29 28 af
568 1280 40 21 den
624 1281 13 19 5
653 1280 51 27 Muj
721 1280 58 21 1881
785 1279 72 27 finnes
867 1279 58 21 stad-

303 1315 57 27 gadt,
384 1315 35 20 mä
441 1315 120 21 utsträckas
575 1315 84 27 jemväl
680 1315 35 21 till
725 1314 200 28 forsttjenstemän-

303 1356 41 13 nen
360 1350 13 19 &
389 1351 61 19 orten
465 1348 108 28 äfvensom
590 1352 32 18 att
632 1348 44 28 för
692 1349 93 27 intygets
799 1348 126 22 erhållande

304 1384 66 27 nödig
394 1390 41 21 syn
460 1384 153 26 kostnadsfritt
638 1384 36 21 mä
692 1383 115 27 förrättas
830 1383 38 21 och
891 1383 34 21 det

303 1418 81 21 äskade
396 1418 81 28 intyget
488 1421 53 19 utan
552 1420 71 26 nägon
634 1419 124 27 ersättning
771 1418 155 22 vederbörande

304 1452 189 22 tillhandahållas.

233 1492 103 18 Allmänna
350 1493 177 18 Besvärsutskotteis
540 1493 116 19 betänkande
670 1493 38 18 N:o
722 1493 31 17 10.
