1020 1675
297 101 243 19 Petitionsbetänkande
551 100 43 20 N:o'
602 101 32 19 32.
809 102 11 17 9

89 158 85 22 landets
196 158 215 22 elementarläroverk
434 158 40 22 och
488 158 133 22 inrättandet
636 158 24 22 af
673 165 41 21 nya
729 158 72 22 skolor
815 156 29 29 på

91 193 35 21 det
148 194 109 20 närmaste
272 192 181 28 sammanhängde
468 192 69 22 andra
553 192 61 28 djupt
629 192 126 28 ingripande
770 191 74 29 frågor

90 227 93 22 rörande
197 226 136 22 läroverkens
348 227 46 21 inre
410 227 153 27 organisation,
579 227 39 21 och
634 226 66 22 sedan
709 226 92 22 Senaten
809 233 35 15 en-

90 262 40 27 ligt
145 262 63 20 hvars
223 261 71 26 tanke,
310 261 32 21 för
358 268 26 15 en
404 261 197 22 tillfredsställande
620 261 85 27 lösning
720 261 23 21 af
757 261 41 22 den
813 261 32 21 in-

91 295 101 22 vecklade
207 294 186 29 läroverksfrågan
408 295 85 22 biträde
512 296 24 21 af
549 296 93 27 kunnige
657 296 109 21 fackmäns
781 295 64 27 insig-

91 332 34 19 ter
147 330 40 21 och
210 336 78 21 mogna
310 330 122 21 erfarenhet
454 337 38 14 var
515 330 24 21 af
559 330 75 25 nöden,
651 328 90 22 anhållit
756 336 34 14 om
806 330 39 20 och

90 364 80 27 jemväl
185 363 86 22 erhållit
286 364 59 22 Hans
360 364 101 28 Majestät
469 364 117 27 Kejsarens
595 362 79 30 nådiga
682 363 60 22 bifall
750 363 33 21 till
790 363 56 21 hvad

93 398 93 21 Senaten
208 398 7 21 i
238 398 114 28 anledning
374 398 63 21 deraf
449 398 108 26 hemstält,
580 397 168 23 öfverlemnades
770 404 77 21 genom

94 432 109 22 skrifvelse
226 432 24 22 af
268 432 38 22 den
322 433 12 20 2
350 432 43 27 Maj
412 433 53 20 1879
482 431 23 22 åt
520 439 26 14 en
561 432 91 22 särskild
668 432 85 26 komité,
769 433 32 20 att
817 431 30 21 af-

95 466 56 28 gifva
166 466 135 22 betänkande
317 466 39 22 och
372 466 81 27 förslag
469 466 93 22 rörande
576 465 186 29 läroverksfrågan
777 466 7 20 i
799 465 49 21 hela

95 501 48 21 dess
161 500 56 26 vidd,
233 500 47 22 icke
295 500 91 22 allenast
401 499 111 29 angående
528 500 25 22 de
569 500 23 22 af
605 500 83 22 landets
708 500 91 22 Ständer
814 502 34 19 ut-

96 534 72 22 talade
184 534 165 29 önskningsmål,
365 534 101 22 särskildt
481 535 7 21 i
504 534 77 29 frågan
596 542 34 14 om
646 542 42 21 nya
702 534 99 22 läroverk
808 534 40 21 och

96 569 62 22 deras
172 569 118 28 placering,
306 571 51 20 utan
372 569 62 22 äfven
457 569 93 22 rörande
573 569 25 21 de
613 569 151 28 förordningar
779 569 7 20 i
801 569 48 20 sko-

96 603 73 22 lornas
184 603 131 26 läroämnen,
330 603 129 26 lärokurser,
475 602 229 29 undervisningsspråk
719 603 48 21 med
783 609 65 18 mera,

97 644 46 15 som
164 637 71 22 kunde
256 637 68 22 finnas
346 637 80 28 nödiga
450 638 34 21 för
503 636 190 23 åstadkommande
708 637 23 22 af
745 638 30 21 ett
789 637 60 21 verk-

97 679 106 14 sammare
226 671 128 28 tillgörande
376 671 48 22 från
446 672 87 21 skolans
555 672 47 21 sida
624 672 34 21 för
672 671 142 28 bibringande
829 670 24 22 af

97 705 164 28 fullständigare
283 706 119 21 kännedom
425 706 23 21 af
468 706 85 21 landets
573 706 66 28 begge
654 706 110 21 inhemska
779 704 72 29 språk,

98 740 108 21 äfvensom
229 740 33 21 för
284 740 208 28 tillvägabringande
513 741 24 21 af
558 742 30 20 ett
610 741 100 20 närmare
725 739 127 22 samband
834 735 20 38 i

98 774 158 26 lärokurserna,
280 775 134 28 synnerligen
429 773 12 22 å
461 775 26 21 de
501 775 60 27 lägre
577 774 114 26 stadierna,
708 773 13 22 å
735 781 40 14 ena
791 773 62 22 sidan

99 809 91 21 emellan
205 809 71 28 lyceer
291 809 39 21 och
346 809 118 22 realskolor
480 809 41 22 och
537 808 12 22 å
565 809 68 21 andra
648 809 61 21 sidan
721 808 90 22 emellan
827 807 26 22 de

99 843 133 21 sistnämnda
248 843 40 21 och
303 843 199 22 industriskolorna.

168 877 46 21 Den
232 876 139 29 allernådigst
386 878 98 22 nedsatte
499 878 105 21 komiténs
620 877 133 22 betänkande
761 877 40 21 och
811 876 42 22 för-

100 912 46 27 slag
162 912 24 20 är
201 912 89 27 afgifvet
312 912 40 22 den
368 914 27 19 24
410 912 59 22 Mars
486 914 61 24 1880,
564 912 39 22 och
619 911 125 26 innehäller,
761 910 93 22 rörande

100 946 137 21 läroverkens
259 946 109 22 allmänna
386 946 153 28 organisation,
561 946 177 28 hufvudsakligen
760 944 95 28 följande

100 980 172 28 bestämningar:

172 1014 20 28 1)
216 1014 174 28 Latinläsningen
413 1014 128 29 framflyttas
559 1014 33 22 till
607 1014 85 22 skolans
708 1013 67 29 fjerde
791 1013 64 21 klass.

101 1048 33 21 De
148 1050 33 19 tre
196 1048 70 28 lägsta
281 1048 110 22 klasserna
406 1048 82 22 erhålla
503 1056 82 14 samma
604 1048 145 28 organisation
763 1048 8 20 i
786 1047 71 28 lyceer

102 1082 40 21 och
164 1082 119 22 realskolor
305 1083 39 21 och
359 1083 59 21 bilda
437 1082 91 22 sålunda
544 1090 25 14 en
585 1090 121 20 gemensam
722 1081 135 23 bottenskola

102 1116 34 22 för
150 1116 116 23 hvartdera
282 1117 67 28 slaget
364 1118 23 21 af
400 1118 105 21 läroverk.
536 1117 153 22 Bottenskolan
697 1116 119 29 uppträder
824 1114 33 23 så-

103 1158 45 14 som
164 1151 34 22 för
213 1151 33 28 sig
260 1151 116 22 bestående
391 1151 136 28 sjelfständig
542 1152 118 27 inrättning
675 1151 7 21 i
698 1151 26 21 de
732 1150 79 26 städer,
821 1149 37 22 der

103 1185 67 28 högre
185 1185 127 22 läroanstalt
321 1186 46 21 icke
382 1186 150 26 förekommer,
549 1193 47 14 men
612 1186 37 21 der
665 1185 57 28 dylik
737 1185 74 25 finnes,
827 1184 32 21 in-

103 1218 40 29 går
156 1219 151 22 bottenskolan
322 1220 7 21 i
344 1219 124 22 densamma
483 1221 41 20 och
539 1219 140 22 sammanslås
695 1218 86 23 dermed
789 1218 33 21 till
830 1220 30 19 ett

103 1253 105 22 läroverk.

174 1288 22 27 2)
218 1287 116 22 Lärotiden
356 1288 35 21 vid
414 1288 106 28 lyceerna,
549 1287 149 22 bottenskolan
720 1286 141 26 inberäknad,

104 1321 77 22 förblir
204 1321 100 29 åttaårig,
324 1329 48 14 men
395 1322 49 22 med
463 1322 41 22 den
519 1323 132 27 förändring,
667 1324 31 19 att
713 1322 77 27 högsta
805 1321 56 21 klas-

105 1362 49 15 sens
170 1355 60 22 äldre
245 1356 109 28 afdelning
370 1356 95 29 åtskiljes
481 1357 33 21 till
530 1364 26 15 en
571 1356 88 22 åttonde
674 1356 63 22 klass.
756 1356 32 21 De
800 1355 62 21 ofull-

105 1390 100 28 ständiga
227 1390 99 28 lyceerna
344 1390 93 28 qvarstå,
454 1398 48 15 men
518 1391 92 26 tillökas,
626 1391 68 21 under
709 1389 154 31 förutsättning

175 1430 96 17 Allmänna
283 1430 160 18 Besvärsutskottets
454 1431 106 18 betänkande
572 1431 35 17 N:o
620 1431 27 16 18.
