1020 1675
237 108 278 24 Petitionsbetänkande.
532 121 26 4 —
574 109 41 22 N:o
629 108 36 22 35.
787 108 13 21 3

77 173 73 18 minska
166 174 92 22 importen
271 173 20 17 af
302 172 46 22 mjöl
360 172 41 17 från
418 172 100 22 Ryssland,
532 177 40 12 som
584 174 21 15 är
616 171 43 18 hela
671 167 55 21 Östra
738 170 89 18 Finlands

77 201 138 23 spanmålsbod,
230 201 33 18 och
277 201 38 18 lära
327 200 135 24 befolkningen
475 202 27 16 att
515 200 59 18 skaffa
585 201 30 22 sig
627 200 84 23 spanmål
726 200 40 17 med
781 204 47 18 egen

77 230 66 23 möda
135 226 11 31 ;

145 259 28 17 8:0
192 260 44 16 enär
255 258 79 23 mycken
352 257 81 25 tillgång
452 258 23 22 på
492 258 119 23 odlingsbara
630 258 132 22 skogsmarker
778 259 50 15 ännu

78 289 68 21 finnes;
158 288 34 17 och

146 316 28 18 9:o
192 318 45 15 enär
254 315 23 23 pä
295 316 49 17 detta
361 318 37 15 sätt
415 316 97 17 bebrukad
526 316 43 22 jord
585 315 78 17 bereder
675 315 36 23 god
725 315 103 17 betesmark

78 345 33 18 och
125 344 79 18 sålunda
215 344 24 23 på
252 350 69 12 samma
333 344 51 23 gång
396 344 101 23 befrämjar
508 344 172 23 boskapsskötseln.

146 373 35 23 Jag
198 372 83 18 anhåller
293 374 27 16 att
333 372 30 18 det
376 372 56 18 ärade
448 372 78 18 Ståndet
542 372 45 18 ville
604 372 63 18 härtill
685 372 97 23 samtycka
795 373 33 17 och

79 402 68 18 föreslå
159 398 103 22 detsamma
274 402 28 18 till
315 401 50 18 Hans
379 401 93 23 Majestäts
485 402 142 23 godkännande.

147 436 117 23 Helsingfors
277 436 34 17 den
324 436 11 17 4
347 436 89 18 Februari
450 436 50 18 1882.

555 495 77 17 Petter
645 494 116 18 Auvinen.

245 633 48 22 Till
309 632 154 23 Hedervärda
479 632 184 23 Bondeståndet.

151 685 7 16 I
172 685 30 17 det
211 685 33 22 jag
257 685 4 16 i
276 684 36 17 allo
328 685 75 16 förenar
422 685 38 22 mig
472 685 7 16 i
492 685 35 17 den
544 684 32 17 vid
593 686 73 15 senaste
685 684 75 23 plenum
778 684 53 17 bord-

82 713 56 23 lagda
156 713 79 23 petition
254 713 95 23 angående
366 713 119 22 svedjebruk,
498 713 84 18 anhåller
591 713 34 22 jag
638 712 108 23 ödmjukast
758 715 27 14 att
797 714 35 15 rätt

83 742 28 17 till
124 741 66 18 sådant
204 742 111 23 svedjebruk
333 742 62 17 blefve
411 742 106 23 medgifven
528 742 71 23 jemväl
612 741 109 24 Pudasjärvi
734 741 34 18 och
782 741 49 18 Kuu-

83 776 51 12 samo
152 771 129 18 kommuner
272 766 13 31 i
295 771 102 22 Uleåborgs
410 771 36 20 län,
460 773 44 15 enär
517 771 54 17 äfven
585 771 32 17 der
630 771 59 17 finnes
706 770 90 18 öfverflöd
810 770 22 23 på

83 799 70 24 höjder,
165 800 88 17 bevuxna
265 799 40 18 med
319 799 65 18 endast
397 799 28 18 till
438 799 102 23 svedjande
554 799 66 23 tjenlig
632 799 100 23 granskog.

152 834 116 23 Helsingfors
282 834 33 17 den
329 834 10 16 4
352 834 89 17 Februari
455 834 49 18 1882.

462 892 84 18 Johan
558 892 95 18 Henrik
666 892 98 18 Luoma.

452 920 116 24 Fullmäktig
580 921 29 17 för
622 920 52 17 Kemi
687 920 94 23 domsaga.

254 1058 48 22 Till
319 1058 153 22 Hedervärda
487 1058 186 23 Bondeståndet.

154 1110 35 18 Det
201 1112 20 16 är
233 1110 78 18 allmänt
323 1110 79 18 erkändt
414 1112 27 16 att
451 1110 114 23 jordbruket
578 1112 19 16 är
611 1110 42 18 vårt
665 1110 53 18 lands
730 1110 105 17 hufvudnä-

86 1140 51 22 ring;
152 1145 40 11 men
206 1139 55 17 också
275 1139 60 17 denna
348 1139 77 23 närings
437 1140 103 22 vigtigaste
553 1139 29 17 del
595 1139 39 23 har,
649 1140 29 17 för
687 1141 26 15 att
722 1139 116 22 förverkliga

85 1169 55 16 äfven
153 1168 34 17 den
201 1167 89 24 flitigaste
305 1168 150 23 jordbrukarens
474 1169 65 16 mödor
552 1168 34 17 och
599 1168 153 23 förhoppningar,
767 1168 6 17 i
786 1167 52 18 olika

86 1196 70 18 trakter
168 1197 20 16 af
199 1195 41 18 vårt
252 1197 52 20 land,
316 1196 61 18 såsom
390 1202 23 12 en
426 1196 45 23 lång
484 1197 105 17 erfarenhet
601 1202 33 18 ger
647 1197 30 17 vid
690 1197 80 22 handen,
778 1196 58 18 betin-

85 1227 33 21 gat
130 1225 98 21 särskilda,
242 1226 47 17 efter
299 1225 76 23 jordens
388 1227 56 16 natur
456 1225 86 23 lämpade
555 1225 82 24 odlings-
647 1225 45 18 eller
700 1225 137 23 bebruknings-

85 1256 38 15 sätt
135 1254 34 17 och
181 1254 75 22 former,
269 1254 34 17 allt
314 1254 47 17 efter
373 1259 40 12 som
424 1254 114 23 jordmonen
552 1255 33 17 och
594 1255 36 16 den
640 1255 21 17 af
667 1255 107 17 densamma
783 1254 55 17 fram-

86 1283 67 22 bragta
165 1282 154 23 förmögenheten
332 1283 118 22 möjliggjort
462 1282 71 18 sådant.
558 1283 39 17 Men
611 1283 18 17 åt
642 1288 22 12 en
678 1285 39 16 stor
729 1283 29 17 del
770 1283 20 17 af
798 1281 40 22 vårt

85 1310 55 18 lands
152 1311 114 18 innevånare
278 1311 33 17 har
323 1313 80 16 naturen
416 1311 72 18 utdelat
501 1313 41 16 sina
554 1311 66 24 gåfvor
633 1311 122 23 synnerligen
769 1312 71 22 ojemnt

87 1340 41 17 med
141 1340 87 17 afseende
240 1339 12 18 &
261 1340 122 23 jordmonens
396 1340 126 18 omvexlande
535 1340 131 23 beskaffenhet,
680 1340 20 17 så
713 1342 27 15 att
748 1340 91 23 inbygga-

88 1374 43 12 rene
143 1369 5 16 i
163 1369 27 18 S:t
202 1369 76 17 Michels
287 1369 33 17 och
333 1369 75 22 Kuopio
421 1370 29 17 län
464 1369 35 18 och
512 1370 6 16 i
531 1375 22 12 en
567 1369 28 18 del
608 1369 79 18 härader
698 1370 6 16 i
717 1369 121 20 Tavastehus,

87 1397 88 24 Wiborgs
187 1398 35 17 och
236 1398 55 17 Wasa
302 1398 31 17 län
346 1400 31 15 äro
391 1399 20 17 af
421 1398 146 18 förhållandena
581 1401 84 20 tvungne
677 1401 27 15 att
717 1399 29 16 för
756 1398 84 23 jordmo-

87 1431 46 12 nens
146 1427 135 22 ombytlighets
293 1427 51 17 skull
359 1427 87 18 använda
458 1429 27 16 ett
498 1427 81 18 särdeles
598 1427 105 18 mödosamt
721 1427 119 22 odlingssätt.

87 1455 137 22 Svedjebruket
243 1457 21 16 är
282 1456 65 17 främst
363 1457 26 16 ett
406 1457 21 16 af
442 1455 54 19 dessa
515 1455 147 24 nödtvångssätt.
686 1455 56 18 Detta
760 1455 80 18 bebruk-
