1023 1678
212 86 27 20 10
343 85 280 22 Petitionsbetänkande.
639 97 28 3 —
683 84 40 23 N:o
738 83 37 22 29.

426 189 267 18 Reservation.

252 234 109 23 Utskottet
381 242 61 21 synes
457 235 8 21 i
480 234 58 29 fråga
554 243 34 13 om
604 235 77 22 sociala
698 234 101 21 reformer
815 233 56 28 hylla
886 232 51 28 åsig-

181 272 46 19 ten:
245 269 38 21 allt
299 269 50 22 eller
364 269 59 22 intet.
454 269 43 22 För
515 269 45 21 min
576 269 33 22 del
625 272 44 19 tror
683 269 35 28 jag
733 270 30 20 att
778 277 48 13 man
842 268 95 21 kommer

181 303 86 22 säkrare
282 303 32 22 till
330 303 70 26 målet,
415 311 74 21 genom
506 306 31 19 att
552 303 131 29 småningom
701 303 94 28 afhjelpa
809 303 25 21 de
845 302 92 22 svåraste

182 337 217 22 missförhållandena.
429 338 44 22 Det
487 338 39 21 har
541 338 55 22 visat
611 338 38 28 sig,
665 341 30 19 att
708 345 26 14 en
745 338 77 20 allmän
833 337 104 28 reglering

181 372 24 22 af
217 372 167 29 presterskapets
404 373 59 21 löner
478 373 42 21 kan
536 375 55 19 stöta
606 372 27 29 på
648 372 147 28 oberäkneliga
810 372 81 24 hinder,
908 371 29 21 in-

180 406 99 29 galunda,
302 406 68 22 såsom
393 407 62 21 också
476 406 141 29 petitionären
638 407 62 24 visar,
716 406 73 21 endast
805 405 31 22 till
852 405 49 28 följe
917 405 22 22 af

180 441 167 28 presterskapets
362 441 111 22 motstånd.
504 441 127 22 Emellertid
647 441 38 22 vill
700 441 103 22 utskottet
818 440 18 29 ej
847 440 89 22 förorda,

180 477 31 20 att
227 475 41 21 den
284 475 93 22 svåraste
395 478 128 19 stötestenen
540 475 7 22 i
562 475 70 22 denna
647 475 64 29 fråga,
727 475 158 28 Förordningen
902 482 34 13 an-

180 509 81 28 gående
277 509 220 29 presterättigheterna
512 510 8 21 i
535 506 134 26 Österbotten
685 509 24 22 af
721 509 41 22 den
780 511 25 20 18
820 509 50 22 Jan.
881 509 54 21 1743

179 543 33 22 får
227 544 100 22 särskildt
341 544 32 21 för
388 544 32 29 sig
434 544 104 22 afskaffas.
565 540 211 32 Österbottningarna
790 543 66 22 måste
867 543 69 22 fortfa-

180 578 65 21 rande
268 578 55 29 ligga
344 579 76 21 mellan
439 579 122 21 hammaren
578 579 39 21 och
632 579 74 25 städet,
722 578 43 21 tills
781 577 97 29 möjligen
895 578 41 21 alla

180 613 107 28 klagomål
302 613 27 29 på
343 613 82 28 engång
439 613 73 22 kunna
528 613 111 29 afhjelpas.

249 647 43 27 Jag
315 647 58 22 delar
387 647 7 22 i
410 648 57 22 detta
485 647 99 22 afseende
600 647 19 29 ej
635 648 120 21 Utskottets
775 647 90 28 mening,
885 650 50 19 utan

180 680 65 29 vågar
260 681 107 21 vördsamt
382 681 82 26 föreslå,
481 684 31 19 att
527 682 120 22 Ständerna
662 682 50 21 ville
727 682 38 21 hos
780 682 61 20 Hans
852 681 84 29 Kejser-

180 715 43 28 liga
239 715 100 29 Majestät
354 716 7 20 i
377 716 169 28 underdånighet
560 716 91 26 anhålla,
663 718 30 20 att
704 716 127 28 proposition
842 724 32 13 om
887 724 49 20 upp-

179 749 107 22 häfvande
309 750 22 21 af
352 750 161 29 Förordningen
534 750 22 22 af
573 751 40 21 den
635 752 26 20 18
676 751 51 21 Jan.
745 751 60 25 1743,
828 750 107 28 angående

179 784 211 29 presträttigheterna
405 785 7 21 i
428 781 140 30 Österbotten,
589 785 65 21 måtte
670 785 32 21 till
718 787 59 19 nästa
795 785 98 27 landtdag
909 784 27 22 af-

179 818 59 26 låtas,
255 819 117 21 oberoende
388 819 65 26 deraf,
469 827 33 13 om
518 819 78 29 förslag
611 820 32 21 till
659 820 78 21 allmän
748 819 103 28 reglering
861 819 21 21 af
892 826 44 21 pre-

179 852 130 30 sterskapets
324 853 98 29 aflöning,
438 854 41 21 blir
495 854 119 22 Ständerna
630 854 120 21 meddeladt
765 854 50 20 eller
831 853 24 28 ej.

691 906 27 17 4.
733 906 134 17 Meurman.

249 945 13 21 I
277 945 69 21 denna
361 945 128 22 reservation
506 946 74 21 förena
595 946 40 28 sig:

249 997 29 17 4.
295 997 25 18 O.
337 997 119 18 Törnudd.
700 998 26 17 N.
741 998 126 17 Järvinen.

461 1094 202 17 Dae

292 1426 133 24 Helsingfors,
437 1427 18 18 J.
469 1427 75 17 Simelii
556 1427 114 23 arfvingars
682 1425 92 24 tryckeri,
788 1425 48 17 1882.
