1020 1678
190 112 12 20 6
374 112 238 24 Petitionsbetänkande
628 112 38 24 N:o
683 112 30 24 10,

457 419 169 27 Reservation.

230 482 73 27 Enligt
324 482 56 22 hvad
400 483 26 22 de
443 482 106 28 uppgifter
568 482 56 28 gifva
644 483 35 22 vid
694 483 90 26 handen,
800 482 73 23 hvaraf
888 484 31 20 ut-

160 517 81 21 skottet
257 517 45 22 haft
316 517 40 27 del,
372 519 24 20 är
411 517 35 22 det
461 524 26 15 en
503 517 59 22 stark
578 517 70 28 oloflig
664 517 123 28 afverkning
797 517 21 22 af
826 517 93 22 kronans

159 551 53 27 skog
227 551 7 22 i
250 551 31 28 Ijo
304 552 73 27 revier,
400 559 45 14 som
465 551 58 28 gifvit
542 552 112 28 anledning
673 552 33 21 till
722 552 39 22 den
777 552 81 27 åtgärd,
873 558 46 15 som

160 588 63 25 utgör
245 586 88 22 föremål
355 586 33 22 för
407 587 58 21 såväl
484 587 241 27 petitionsmemorialet,
744 593 45 15 som
805 587 114 21 utskottets

160 621 140 21 betänkande.
324 621 10 21 I
349 621 144 22 betänkandet
508 623 24 20 är
547 621 60 22 äfven
621 621 121 22 framhållet
758 621 57 22 såväl
826 621 36 22 det
871 621 48 27 föga

160 655 180 27 ändamålsenliga
354 655 7 21 i
376 656 109 26 åtgärden,
501 655 6 21 i
519 655 97 23 afseende
626 657 14 20 å
651 655 93 27 utsigten
756 657 32 20 att
798 655 120 27 derigenom

160 689 62 27 stäfja
245 689 77 28 ofoget,
341 696 45 16 som
406 690 35 22 det
461 690 59 27 långt
535 690 82 27 gångna
632 690 90 28 ingrepp
738 690 6 21 i
760 690 40 21 den
815 690 104 22 enskildes

160 724 63 21 frihet
247 724 40 21 och
309 724 180 27 dispositionsrätt
513 724 57 22 öfver
588 724 31 22 sin
638 724 111 27 egendom,
768 731 45 15 som
834 724 85 22 dermed

160 758 62 21 skett.
250 758 50 21 Men
314 759 105 21 utskottet
434 759 39 21 har
489 759 54 21 dock
558 760 85 21 stannat
659 759 35 21 vid
709 758 92 23 beslutet
816 760 32 20 att
858 758 7 21 i
875 758 44 21 huf-

160 793 82 21 vudsak
266 793 74 22 endast
362 793 78 27 begära
462 794 66 27 några
550 793 173 22 modifikationer
741 793 7 22 i
764 793 35 22 det
822 793 98 27 vidtagna

160 827 144 27 tillgörandet.

230 863 66 20 Detta
319 868 62 22 synes
403 862 42 27 mig
467 862 46 22 icke
536 869 50 15 vara
605 862 48 21 fullt
668 862 132 27 följdriktigt.
831 862 39 22 Väl
885 863 34 21 må

160 897 106 21 erkännas
290 898 31 19 att
343 896 124 28 regeringen
490 897 39 21 har
552 897 37 21 och
610 897 40 21 bör
669 897 28 21 ha
713 903 26 15 en
754 897 116 22 vidsträckt
885 897 35 22 be-

159 930 101 28 fogenhet
283 932 31 20 att
336 931 85 27 vidtaga
439 938 25 15 en
485 931 33 22 hel
534 931 77 28 mängd
626 931 102 28 åtgärder
744 931 48 22 med
807 931 112 27 anledning

160 965 22 22 af
202 965 174 22 förekommande
399 965 185 28 omständigheter.
615 966 50 21 Men
685 966 37 21 det
739 965 66 22 finnes
824 966 55 21 dock
893 972 26 15 en

159 1002 64 25 gräns
245 999 78 27 härför,
346 999 87 22 framför
453 1000 44 26 allt,
516 1002 38 19 när
570 1000 35 22 det
620 1000 67 27 gäller
703 1000 84 27 intrång
802 1000 7 21 i
824 1000 96 21 medbor-

159 1040 76 21 garnes
259 1035 43 21 rätt
324 1034 58 21 öfver
402 1034 32 22 sin
453 1034 108 27 egendom.
592 1034 45 22 Och
653 1034 68 22 finnes
737 1034 36 22 det
788 1036 26 20 än
830 1036 31 20 ett
876 1041 43 15 om-

159 1069 58 26 råde,
241 1068 39 22 der
298 1068 36 22 det
351 1068 43 22 kan
409 1075 51 15 vara
475 1068 153 22 underkastadt
643 1068 133 28 tvifvelsmål,
791 1068 55 22 huru
861 1068 58 28 långt

159 1103 125 27 regeringen
306 1103 42 21 kan
367 1103 28 21 ha
416 1104 43 20 rätt
479 1104 31 20 att
525 1103 126 21 härutinnan
667 1104 34 26 gå,
717 1104 51 20 utan
784 1104 31 20 att
831 1103 88 21 utverka

159 1138 31 26 sig
206 1138 126 21 ständernas
346 1137 60 22 bifall
422 1138 39 22 och
474 1140 112 26 samtycke,
598 1139 23 21 så
632 1144 63 22 synes
707 1138 53 22 dock
770 1138 7 21 i
787 1138 131 22 närvarande

159 1172 35 21 fall
214 1174 98 25 gränsen,
332 1172 37 22 der
388 1172 58 22 detta
464 1172 45 22 icke
526 1180 57 14 mera
598 1175 24 19 är
637 1172 118 28 tillbörligt,
771 1173 27 21 ha
813 1172 67 22 blifvit
895 1174 23 20 så

158 1208 52 20 nära
233 1207 106 27 uppnådd,
363 1208 32 20 att
415 1214 26 15 en
460 1207 96 22 bestämd
571 1214 92 20 gensaga
679 1208 95 21 deremot
796 1207 46 21 från
858 1208 61 21 Stän-

160 1241 77 21 dernas
254 1241 46 21 sida
314 1241 46 22 icke
377 1242 60 22 torde
457 1242 53 22 böra
526 1242 106 27 uteblifva,
648 1242 66 22 sedan
730 1242 61 22 deras
807 1242 112 28 uppmärk-

158 1275 84 22 samhet
258 1282 26 14 en
299 1276 55 27 gång
369 1276 68 22 blifvit
453 1277 61 21 väckt
529 1278 27 26 på
571 1276 148 22 förhållandet.
746 1277 42 21 Det
803 1276 38 22 har
856 1276 6 21 i
877 1276 42 22 alla

159 1310 54 21 tider
229 1310 56 21 varit
300 1317 25 15 en
341 1311 112 26 grundsats
469 1311 6 21 i
491 1312 46 21 vårt
553 1311 167 27 samhällsskick,
731 1313 32 20 att
774 1312 39 22 den
824 1318 38 15 ene
873 1310 46 22 icke

158 1344 40 20 bör
219 1344 45 21 lida
286 1344 32 21 för
341 1345 40 21 den
404 1345 76 22 andres
499 1345 58 22 brott
577 1346 39 21 och
631 1345 119 27 förseelser,
766 1347 55 20 samt
836 1347 32 20 att
883 1345 36 21 det

158 1377 46 22 icke
227 1378 81 28 åligger
331 1379 40 21 den
394 1380 108 27 oskyldige
525 1382 31 19 att
577 1380 78 26 bevisa,
676 1381 33 20 att
728 1380 41 21 han
790 1382 23 19 är
828 1380 6 21 i
849 1379 70 27 lofliga

158 1413 92 21 ärender
273 1414 68 26 stadd,
365 1416 50 19 utan
439 1416 31 20 att
493 1414 35 22 det
549 1417 22 19 är
592 1415 46 26 den,
654 1414 88 22 hvilken
757 1416 66 20 sätter
839 1414 80 22 detta
907 1409 15 37 i

158 1446 65 28 fråga,
248 1454 46 15 som
316 1448 40 22 bör
378 1448 72 22 bevisa
473 1450 32 20 att
523 1450 22 20 så
564 1449 45 22 icke
625 1451 24 19 är
665 1448 64 22 fallet.
760 1450 67 21 Dessa
841 1449 77 27 grund-

229 1487 104 19 Allmänna
345 1489 178 19 Besvärsutskottets
535 1490 116 18 betänkande
664 1490 39 18 N:o
717 1490 30 17 10.
