1014 1678
156 152 27 19 34
338 151 233 25 Petitionshetänkande
590 154 35 22 N:o
645 153 33 22 13.

125 218 17 17 d.
156 220 16 15 &.
185 219 84 18 läseäret
287 221 33 15 äro
338 219 127 18 urständsatta
482 221 29 16 att
529 219 106 18 framforsla
654 218 84 23 behöflig
753 219 44 17 kost
809 219 19 17 ät
840 219 43 17 våra

125 247 53 22 barn,
190 247 80 18 likasom
284 248 34 17 ock
331 250 28 15 att
371 248 72 18 besöka
456 248 47 18 dem.

196 276 21 18 Vi
230 277 64 17 känna
306 277 36 18 det,
356 279 27 16 att
394 277 20 22 ju
427 277 41 18 icke
481 277 53 18 alltid
547 277 109 18 rikedomen
669 279 23 15 är
705 276 94 18 verkande
811 276 74 18 faktorn

125 305 29 17 för
171 305 131 18 intellektuela
320 305 113 23 bildningen,
452 309 44 15 utan
515 306 79 22 mängen
610 306 50 23 gäng
672 306 35 17 har
720 311 21 12 ur
753 305 131 23 fattigdomens

125 333 53 18 sköte
197 337 79 15 ammats
292 337 42 15 män
348 340 39 12 som
400 337 64 20 trängt
476 335 46 17 fram
535 335 29 17 till
577 335 139 21 vetenskapens
729 335 68 22 högsta
809 334 76 22 stadier,

121 362 21 22 ja
155 372 21 2 —
189 362 60 19 blifvit
268 368 23 12 en
308 365 33 16 ära
358 363 30 18 för
400 364 40 17 vårt
452 364 52 18 land.
527 364 37 22 Jag
577 364 72 17 känner
661 363 30 18 för
705 363 115 18 närvarande
834 362 51 22 flere,

125 391 63 18 hvilka
201 392 72 17 kunnat
281 392 57 17 blifva
346 392 126 18 framstäende
480 394 42 16 män
531 393 24 22 pä
563 392 62 18 denna
633 393 55 21 bana,
697 397 42 12 men
748 392 48 18 varit
804 394 81 20 tvungna

125 422 27 15 att
171 420 48 18 efter
237 421 94 18 afslutade
348 421 71 18 studier
433 421 3 17 i
449 421 126 18 Mariehamns
587 421 63 23 Lägre
663 421 171 21 Elementarskola,
846 421 39 17 ofta

124 449 100 22 motvilligt
242 450 56 17 kasta
316 450 28 23 sig
361 451 19 16 in
397 451 27 17 uti
437 451 136 22 sjömansyrket
586 451 34 17 och
634 451 68 22 kämpa
715 453 103 15 matrosens
832 449 53 18 svära

125 478 59 23 kamp,
204 481 20 20 ty
242 479 43 17 icke
303 484 33 13 ens
354 479 69 23 plogen
442 482 22 15 är
476 480 55 18 allom
544 479 81 18 beskärd
639 481 28 16 att
680 482 56 20 styra.
750 479 78 17 emedan
841 478 43 18 vära

125 508 42 16 Öars
178 507 43 22 jord
234 509 21 16 är
268 507 28 19 för
309 508 44 17 liten
366 508 29 18 för
408 509 20 17 sä
440 509 72 22 många,
525 509 34 17 och
575 511 140 15 not-trossarna
731 507 44 18 föda
789 508 41 17 icke
845 507 38 17 hel-

124 536 28 17 ler
164 541 40 13 mer
218 537 28 17 sin
259 542 48 13 man.

193 565 37 18 Det
243 567 22 16 är
278 566 45 18 visst
335 569 61 20 sannt,
412 569 28 16 att
451 567 42 18 icke
506 567 25 18 all
545 567 71 17 lärdom
629 567 36 17 kan
679 566 92 18 inhemtas
784 565 24 23 pä
820 565 23 18 de
856 568 28 15 tre

123 593 60 18 första
195 594 101 18 klasserna
308 595 6 17 i
327 597 27 16 ett
366 595 58 23 högre
432 596 94 22 läroverk,
535 601 41 12 men
585 596 34 17 har
629 600 69 17 gossen
708 595 108 22 genomgätt
824 594 60 17 denna

123 623 49 18 kurs,
193 623 21 17 sä
232 625 22 16 är
270 623 36 18 han
324 624 57 18 redan
399 625 21 17 sä
432 625 28 17 till
474 625 44 17 ären
532 625 91 21 kommen,
636 625 28 17 att
677 624 36 17 han
727 624 6 17 i
746 623 32 18 det
790 625 94 16 närmaste

123 651 37 18 kan
179 651 55 18 sköta
253 652 30 22 sig
299 652 45 22 sjelf
354 653 35 17 och
403 653 34 18 har
450 653 47 18 visat
510 653 91 18 huruvida
614 653 36 18 han
664 653 108 21 verkeligen
784 653 35 17 har
832 652 51 17 sinne

122 679 30 17 för
164 680 72 18 studier
249 680 48 18 eller
309 681 48 17 icke.

192 708 70 24 Mänga
275 709 58 18 andra
346 710 41 18 skäl
400 710 62 18 kunde
476 710 28 18 väl
517 710 104 23 uppgifvas,
633 716 42 12 men
686 710 34 22 jag
728 710 31 18 vill
769 710 40 17 icke
818 709 65 22 längre

122 739 45 20 taga
180 737 88 18 Ständets
282 738 80 23 dyrbara
375 739 27 17 tid
415 739 5 17 i
433 739 86 22 anspråk,
532 742 45 15 utan
589 739 58 17 beder
659 739 55 21 blott,
728 741 26 15 att
768 738 116 18 hedervärda

123 766 141 18 Bondeständet
277 767 43 17 ville
333 767 56 18 hafva
401 768 94 22 godheten
508 770 83 20 upptaga
604 768 61 18 säsom
678 768 34 17 sitt
720 770 43 20 eget
773 767 109 22 önsknings-

122 794 36 18 mäl
172 794 60 18 denna
244 795 30 17 för
286 791 62 22 Äland
361 796 20 18 sä
395 796 96 18 ömmande
504 797 34 17 och
552 796 108 18 brännande
674 796 60 22 fråga.

192 824 124 22 Helsingfors,
330 824 36 18 den
378 825 23 17 30
413 825 78 18 Januari
506 826 50 17 1882.

607 863 15 22 I.
641 863 21 22 E.
682 862 129 27 Rosenberg.

287 955 50 19 Till
355 956 140 23 Vällofliga
511 956 209 22 Borgaretändet!

191 1001 85 17 Landets
290 1001 76 18 sednast
378 1001 113 18 församlade
507 1002 76 17 ständer
595 1001 56 18 hafva
664 1002 35 17 hos
712 1001 51 18 Hans
776 1001 106 23 Kejserliga

121 1029 90 22 Majestät
223 1029 6 17 i
242 1029 150 23 underdänighet
410 1030 79 17 anhällit
502 1032 28 15 att
542 1030 51 17 Hans
607 1029 107 24 Kejserliga
726 1029 96 23 Majestät,
835 1029 48 18 efter

121 1058 117 23 sakkunnige
257 1060 53 16 mäns
330 1058 89 22 hörande,
436 1059 43 17 ville
492 1058 6 18 i
511 1059 58 17 näder
581 1059 105 18 bestämma
698 1064 28 12 om
740 1058 22 18 de
776 1058 104 18 förändrin-

122 1092 34 17 gar
169 1087 6 16 i
187 1086 225 19 elementarläroverkens
425 1087 126 23 läseordning,
563 1093 38 12 som
615 1087 62 18 kunde
691 1087 57 18 blifva
760 1087 121 22 nödvändiga,

121 1115 29 18 för
168 1117 28 16 att
214 1115 88 18 eleverne
320 1115 30 18 vid
368 1115 74 18 landets
460 1115 63 24 lyceer
541 1116 56 18 måtte
615 1116 57 18 vinna
684 1115 144 24 fullständigare
842 1115 38 18 för-

122 1144 54 22 måga
188 1146 28 15 att
228 1144 5 17 i
246 1144 28 17 tal
288 1144 34 17 och
335 1144 55 18 skrift
403 1144 86 23 begagna
498 1144 73 18 landets
581 1144 60 23 begge
650 1144 98 18 inhemska
757 1144 61 23 språk.
840 1144 42 18 Den

121 1173 69 17 komité
209 1178 39 12 som
261 1173 7 16 i
280 1172 102 23 anledning
401 1173 56 18 häraf
474 1173 47 18 varit
539 1173 80 22 nedsatt,
638 1173 35 18 har
690 1173 98 22 föreslagit
801 1175 28 16 att
842 1173 40 18 lösa

121 1201 61 18 denna
200 1201 76 23 uppgift
294 1206 66 17 genom
373 1201 121 18 anordnande
507 1201 20 18 af
538 1201 62 18 skilda
612 1201 138 23 bottenskolor,
764 1201 73 18 hvilkas
850 1203 31 16 än-

121 1229 61 18 damål
194 1235 44 12 vore
252 1229 42 18 dels
306 1232 28 16 att
346 1230 57 23 lägga
415 1230 84 23 grunden
512 1230 29 17 för
553 1230 35 17 den
601 1230 139 23 undervisning,
752 1235 40 12 som
804 1230 6 17 i
819 1229 23 18 de
851 1230 31 17 hö-

121 1263 33 18 gre
172 1258 217 18 elementarläroverken
409 1259 62 18 skulle
490 1258 101 19 meddelas,
605 1258 41 18 dels
658 1261 29 15 att
699 1258 101 18 förbereda
812 1258 29 18 till
854 1259 28 17 in-

121 1287 53 17 träde
187 1287 24 22 på
223 1287 99 22 praktiska
334 1287 141 22 lefnadsbanor,
493 1287 35 18 och
541 1287 26 18 uti
579 1287 65 19 hvilka
656 1287 66 18 skolor
734 1287 87 18 eleverna
834 1287 48 18 föru-

121 1318 38 15 tom
171 1320 23 13 en
207 1315 89 23 grundlig
314 1315 133 24 undervisning
459 1316 5 17 i
477 1315 73 18 landets
568 1315 60 23 begge
641 1315 99 18 inhemska
752 1315 56 23 språk
821 1316 60 18 skulle

120 1344 97 22 bibringas
230 1344 110 22 kunskaper
352 1344 27 18 uti
391 1344 86 22 religion,
489 1344 88 22 geografi,
590 1344 86 22 historia,
688 1344 109 18 matematik
806 1344 34 18 och
849 1350 32 12 na-

119 1372 72 18 turlära
204 1372 97 18 äfvensom
314 1372 100 23 kalligrafi,
429 1372 88 23 teckning
529 1372 35 18 och
577 1372 52 23 sång,
642 1372 104 22 hvarjämte
759 1372 5 18 i
777 1372 65 19 stället
853 1373 29 18 för

121 1401 71 21 latinet,
212 1406 39 12 som
271 1401 58 18 borde
342 1401 93 18 inhemtas
448 1401 67 18 endast
527 1401 26 18 uti
566 1401 22 18 de
602 1401 95 18 klassiska
709 1401 93 23 lyceerna,
814 1402 67 23 tyskan

120 1430 62 17 skulle
200 1429 71 18 införas
288 1430 62 18 såsom
363 1430 32 18 det
407 1430 62 22 språk,
482 1430 71 18 hvilket
566 1429 58 19 borde
638 1432 67 20 utgöra
717 1430 84 23 grunden
814 1430 29 18 för
855 1430 25 18 vi-

121 1458 45 18 dare
179 1458 82 18 studium
274 1458 20 18 af
304 1458 115 18 fremmande
432 1458 62 23 språk.

192 1495 107 19 Allmänna
316 1495 190 19 Besvärsutskottets
522 1494 127 20 betänkande
665 1495 38 19 N:o
719 1495 34 20 13.
