1020 1678
185 115 24 18 42
375 115 243 20 Petitionsbetänkande
630 117 37 18 N:o
680 116 32 19 32.

161 170 63 22 hållit
243 173 32 20 att
293 173 93 22 hvarken
402 173 104 22 komitöns
521 174 53 22 eller
588 173 66 28 något
670 176 66 19 annat
750 173 87 28 förslag,
853 172 64 29 angå-

161 205 55 22 ende
238 205 135 24 läroverkens
396 208 171 29 omgestaltning,
583 209 67 21 borde
665 207 22 23 få
702 210 77 26 utgöra
795 208 75 21 hinder
884 207 33 22 för

161 239 131 22 tillkomsten
308 241 24 21 af
344 242 94 21 nämnda
453 243 104 26 läroverk,
571 243 90 22 oaktadt
675 243 74 22 vidare
759 241 158 24 Bondeståndet

162 273 33 22 för
217 273 164 29 ifrågavarande
403 276 110 22 ändamåls
533 277 106 22 vinnande
654 277 144 22 tillförbundit
812 277 105 28 allmogen

161 308 93 21 särskild
269 310 306 29 stämpelpappersbevillning,
592 311 38 22 allt
646 312 59 21 detta
720 312 89 21 oaktadt
820 311 64 22 hafva
892 311 25 21 de

161 342 77 28 lyceer,
263 350 33 14 om
319 344 71 22 hvilka
413 344 120 22 Ständerna
549 345 162 28 petitionerade,
727 345 91 21 lemnats
833 345 24 21 af
871 344 46 29 Sty-

161 376 69 22 relsen
255 378 126 26 oinrättade,
401 379 39 21 och
457 380 56 21 ända
528 380 34 21 till
577 380 59 21 Hans
652 380 112 28 Majestäts
779 380 32 21 uti
827 379 90 22 Statsse-

161 410 137 23 kreteriatets
313 412 110 22 skrifvelse
438 414 24 20 af
475 414 40 21 den
531 412 35 25 7/19
581 414 120 22 December
716 414 97 21 sistlidne
828 412 24 22 är
859 413 57 21 med-

162 445 76 22 delade
261 446 83 28 Nädiga
366 447 70 22 beslut
458 448 103 21 förblifvit
583 448 107 22 beroende
713 448 24 21 af
749 447 77 29 frägan
841 455 34 14 om
890 454 26 15 en

161 481 170 26 reorganisation
355 482 24 20 af
398 482 83 22 landets
504 482 140 22 skolväsende
666 483 7 21 i
696 482 71 28 öfrigt.
798 482 45 22 Och
863 482 53 21 dock

160 514 63 26 hade,
247 514 69 22 såsom
336 516 80 27 jemväl
437 516 151 22 skolkomitöns
608 516 130 22 ordförande
752 517 7 20 i
775 517 32 21 sin
823 523 93 15 reserva-

160 548 46 22 tion
222 549 82 28 antydt,
319 550 63 28 ingen
398 551 117 21 nämnvärd
534 550 108 29 svärighet
657 551 49 21 med
722 551 99 21 afseende
836 550 13 22 &
864 550 51 28 möj-

161 582 30 28 lig
210 584 181 27 omorganisation
407 585 23 21 af
444 585 62 21 dessa
521 585 98 22 läroverk
634 586 6 20 i
656 585 115 21 framtiden
787 585 54 21 varit
855 584 60 22 tänk-

160 617 47 26 bar,
230 619 53 20 enär
304 618 100 22 lärarena
426 619 43 22 tills
491 619 74 22 vidare
587 620 82 21 kunnat
684 621 91 26 antagas
789 618 30 28 pä
833 618 82 22 förord-

160 652 71 21 nande
254 653 40 20 och
315 653 118 26 tjensterna
455 654 147 21 dessförinnan
626 654 18 27 ej
669 654 74 21 behöft
758 653 95 22 besättas
868 652 47 22 med

161 685 109 22 ordinarie
285 687 143 22 innehafvare.

229 719 109 23 Utskottet
364 721 40 22 har
430 722 47 21 med
503 722 115 28 anledning
645 722 64 21 deraf
733 723 53 20 trott
808 722 32 27 sig
862 721 53 22 böra

160 753 92 28 påpeka,
276 755 35 22 det
334 755 118 28 Styrelsens
473 756 123 22 förfarande
615 758 32 20 att
666 756 47 21 icke
727 755 100 28 särskilja
841 755 74 28 sjelfva

159 789 260 28 reorganisationsfrågan
447 789 46 22 från
521 789 75 29 frågan
624 798 33 15 om
684 789 133 22 inrättandet
842 790 22 21 at
890 789 25 22 de

160 821 120 24 åstundade
302 831 41 21 nya
365 824 69 22 finska
457 825 106 26 skolorna,
586 825 56 21 varit
665 824 79 28 egnadt
766 826 32 19 att
820 823 44 22 låta
882 831 32 14 re-

158 857 264 29 organisationsätgärden
452 858 90 23 framstå
567 859 33 22 för
626 859 144 22 allmänheten
793 857 69 22 såsom
885 860 30 19 ett

158 891 78 22 hinder
266 892 33 21 för
328 893 153 22 realiserandet
511 894 24 21 af
563 893 35 22 det
624 900 77 15 senare
727 891 187 29 önskningsmålet.

159 925 44 22 Oro
226 926 40 21 och
290 927 188 28 missuppfattning
499 928 40 21 har
562 927 122 28 derigenom
708 926 99 28 uppstått
822 927 6 21 i
843 927 72 21 landet

158 961 56 20 samt
230 960 61 27 gifvit
306 961 85 27 upphof
404 962 33 21 till
452 969 25 14 en
493 969 42 20 nog
551 962 83 28 mycket
649 961 94 22 utbredd
759 961 92 27 opinion,
863 961 52 21 hvil-

158 993 41 21 ken
214 994 34 20 till
264 994 49 28 föga
328 995 91 21 fromma
434 996 33 21 för
482 1003 26 14 en
523 996 98 27 allvarlig
640 995 131 28 granskning
787 995 24 21 af
825 995 25 21 de
865 993 50 23 ifrå-

159 1030 86 25 gasatta
260 1029 185 27 förordningarne,
461 1030 66 21 redan
542 1029 29 28 på
586 1030 93 22 förhand
690 1029 109 21 betraktat
807 1028 108 22 desamma

157 1061 71 23 såsom
244 1063 84 21 riktade
342 1066 58 19 emot
410 1064 40 21 den
461 1064 68 22 finska
540 1064 86 22 talande
636 1064 161 27 befolkningens
804 1063 109 22 intressen.

227 1096 110 23 Utskottet
352 1098 40 21 har
408 1101 70 19 ansett
492 1101 32 19 att
540 1099 58 21 detta
614 1097 187 23 missförhållande
809 1097 34 22 för
850 1097 64 22 fram-

158 1130 58 22 tiden
236 1131 67 22 borde
322 1131 28 28 på
365 1132 39 21 allt
419 1134 44 20 sätt
477 1133 146 27 undanrödjas
638 1133 41 21 och
696 1132 39 21 har
751 1131 72 22 derför
837 1132 8 20 i
860 1138 54 15 sam-

157 1165 111 28 manhang
290 1166 47 21 med
359 1166 121 22 uttalandet
502 1174 35 15 om
557 1167 173 28 organisationen
746 1167 53 20 trott
815 1166 31 27 sig
861 1165 54 22 böra

157 1199 39 22 hos
220 1199 122 22 Ständerna
364 1200 80 22 föreslå
466 1208 25 14 en
513 1200 133 29 underdånig
665 1201 91 27 petition
772 1207 35 14 om
822 1199 93 22 nämnda

157 1233 110 22 läroverks
290 1234 152 28 öfvertagande
465 1235 23 22 af
509 1237 70 20 staten
601 1235 48 22 från
665 1235 41 22 och
721 1234 48 22 med
784 1235 62 20 nästa
861 1234 54 21 läse-

157 1267 37 22 års
209 1267 84 28 början.

226 1302 163 28 Föreliggande,
406 1303 24 22 af
443 1304 26 21 hr
484 1304 120 28 Chydenius
619 1304 58 21 inom
694 1301 221 30 Borgareständet
881 1297 37 39 in-

157 1336 99 21 lemnade
279 1337 212 27 petitionsmemorial
513 1338 201 22 öfverensstämmer
735 1337 8 21 i
764 1337 47 21 sina
825 1336 90 21 hufvud-

156 1370 94 27 punkter
274 1370 47 22 med
343 1371 122 28 Kejserliga
487 1372 102 22 Senatens
612 1372 63 21 ofvan
694 1370 123 22 refererade
835 1370 80 27 förslag

157 1404 33 20 till
212 1403 66 29 nådig
301 1404 126 29 förordning
445 1405 110 29 angående
571 1406 107 21 särskilda
692 1404 152 28 förändringar
858 1404 8 21 i
881 1411 33 14 or-
931 1405 3 3 '

156 1438 150 27 ganisationen
322 1439 23 21 af
358 1439 360 28 elementarundervisningsverken
733 1439 7 21 i
755 1438 97 22 Finland.
868 1438 47 22 Den

225 1478 95 18 Allmänna
333 1479 160 18 Besvärsutskottets
503 1480 104 17 betänkande
618 1480 35 16 N:o
667 1480 29 16 18.
