1011 1678
188 109 26 20 40
362 107 250 24 Petitionsbetänkande
626 108 38 24 N:o
678 107 31 23 14.

433 381 207 24 Reservationer.

225 445 35 21 Då
275 445 172 22 undertecknade
463 446 31 21 uti
507 446 211 27 jernvägsutskottet
734 446 59 22 såväl
809 446 54 21 talat
872 445 38 28 för,

157 485 47 16 som
218 479 51 22 med
284 480 37 21 vår
335 481 46 20 röst
396 481 94 27 bidragit
505 481 38 27 till,
560 483 32 20 att
608 481 109 22 utskottet
732 481 67 21 måtte
815 481 40 21 hos
865 481 46 21 lan-

156 514 48 21 dets
220 514 90 21 ständer
323 514 85 22 förorda
423 515 131 28 beviljandet
568 515 22 22 af
604 522 26 15 en
646 515 128 22 subvention
790 515 22 22 af
821 517 33 20 tre
865 515 46 22 mil-

156 548 68 23 lioner
243 549 61 22 mark
319 549 32 22 för
365 550 124 27 byggandet
503 550 22 22 af
539 557 26 15 en
578 551 90 27 jernväg
683 549 47 23 från
748 550 115 22 Uleåträsk
879 550 32 21 till

155 583 117 28 Uleåborg,
296 584 24 21 så
339 584 39 21 har
398 585 61 22 detta
478 585 59 22 skett
556 585 69 22 under
644 586 40 21 den
700 584 161 28 förutsättning,
879 587 32 19 att

156 618 70 22 denna
247 619 79 21 bandel
341 619 68 22 tillika
424 619 69 22 skulle
508 621 78 26 utgöra
602 627 25 14 en
643 619 161 27 föreningslänk
820 619 91 22 emellan

155 653 70 21 denna
240 653 50 21 stad
306 653 38 21 och
361 654 64 21 södra
440 654 88 22 Finland
544 655 40 21 och
600 654 62 22 hafva
677 654 21 21 vi
709 653 71 22 derför
790 656 73 19 ansett
874 660 35 16 oss

154 687 54 22 böra
222 687 107 27 nedlägga
343 688 38 21 vår
395 689 133 21 reservation
544 691 44 19 mot
604 689 60 21 detta
680 688 72 22 beslut
762 688 33 22 för
806 689 41 21 den
858 689 50 21 hän-

156 722 65 26 delse,
239 724 34 19 att
288 722 107 28 Uleåborg
410 723 29 27 på
455 724 68 26 någon
539 730 69 15 annan
623 726 42 25 väg
681 723 69 22 skulle
766 723 84 22 förenas
861 723 49 22 med

155 757 65 21 södra
235 757 63 22 delen
314 756 22 22 af
349 757 74 22 landet
438 758 40 22 och
494 758 32 21 S:t
541 758 136 27 Petersburg.
709 757 43 22 Det
766 758 70 21 måste
852 764 59 15 nem-

157 791 56 27 ligen
236 797 66 22 synas
322 797 35 16 oss
377 792 151 27 oberättigadt,
550 795 33 19 att
602 792 33 22 för
655 792 119 27 Uleåborgs
791 792 50 21 stad
858 791 53 23 offra

154 826 25 21 så
202 827 60 20 stora
284 832 93 15 summor
396 826 23 22 af
437 829 82 20 statens
540 827 119 28 tillgångar,
681 828 32 20 att
728 826 32 22 för
776 827 70 21 denna
861 827 48 21 stad

153 860 81 27 bygges
259 862 76 20 tvenne
355 861 121 27 jernvägar,
499 862 77 21 medan
599 861 81 22 sådana
699 861 147 27 centralorter,
863 867 46 16 som

157 895 130 27 exempelvis
303 895 83 28 Kuopio
403 896 40 21 och
460 896 138 27 Björneborg,
614 909 29 2 —
653 896 74 22 städer
738 902 45 15 som
795 896 67 27 enligt
872 896 38 21 vår

153 929 57 28 åsigt
230 929 64 22 hafva
313 937 25 14 en
353 931 112 27 betydelse
478 931 102 27 jemngod
596 931 56 22 eller
666 932 69 20 större
752 933 25 19 än
794 931 114 27 Uleåborg,

154 976 26 3 —
196 967 58 19 ännu
274 965 67 21 sakna
356 965 60 22 detta
432 966 39 21 den
488 972 65 20 nyare
569 966 70 21 tidens
655 965 119 22 förnämsta
790 965 118 22 kommuni-

154 999 164 22 kationsmedel.

221 1034 142 28 Helsingfors,
381 1034 41 23 den
438 1037 12 20 6
467 1036 41 26 Maj
526 1037 62 20 1882.

221 1097 51 23 Nils
288 1098 129 22 Grotenfelt.
677 1098 25 22 H.
717 1098 123 22 Tikkanen.

220 1213 215 29 Jernvägsutskottet
455 1214 39 23 har
513 1215 7 21 i
540 1215 38 22 sitt
597 1214 137 22 betänkande
752 1214 40 22 N:o
810 1216 9 19 1
836 1214 28 28 på
880 1214 28 22 si-

151 1248 67 22 dorna
233 1251 29 19 22
278 1250 40 21 och
329 1251 26 20 23
366 1250 55 27 tagit
431 1250 105 22 bandelen
549 1249 210 28 Uleäborg—Waala
770 1249 32 21 till
812 1248 96 22 behand-

151 1283 50 27 ling,
221 1284 7 20 i
250 1284 38 22 det
308 1286 33 19 att
361 1284 125 22 densamma
504 1285 38 21 der
557 1285 84 21 berörts
657 1284 73 22 säsom
745 1283 121 28 utgörande
882 1289 26 16 en

153 1318 33 22 del
210 1317 22 22 af
254 1319 180 22 stambanenätet.
465 1319 79 22 Likaså
559 1320 57 21 läses
636 1319 14 21 &
669 1325 49 21 pag.
739 1320 33 20 48:
794 1320 47 24 ,3:0
861 1317 47 22 från

148 1352 84 27 Kuopio
257 1352 60 22 öfver
332 1353 114 21 Idensalmi
467 1354 31 20 till
518 1353 122 28 Wuolijoki,
656 1353 49 21 med
721 1354 78 20 tvänne
815 1353 92 21 alterna-

147 1386 45 22 tiva
214 1387 156 27 sträckningar,
387 1387 60 22 öfver
462 1388 106 22 Frantsila
585 1388 41 22 och
642 1387 95 22 Waala.*
768 1387 51 21 Icke
835 1387 72 21 desto-

149 1420 83 22 mindre
255 1421 40 21 har
310 1422 108 22 utskottet
433 1422 54 28 ånyo
503 1422 55 28 tagit
572 1422 105 22 bandelen
695 1421 107 27 Uleåborg
815 1416 93 39 —Waala

215 1461 192 23 Jernvägsutskottets
421 1462 115 18 betänkande
549 1462 36 18 N:o
597 1462 17 19 2.
