1020 1678
197 110 26 20 10
378 109 240 24 Petitionsbetänkande
634 110 38 23 N:o
689 109 38 23 38.

167 166 47 22 Det
229 170 25 17 är
270 168 34 19 att
314 166 111 29 förmoda,
436 169 35 19 att
481 167 100 21 sålunda
589 175 29 14 en
628 167 80 29 nyttig
718 166 137 22 samfärdsel
865 165 62 22 skall

167 201 141 28 uppkomma
324 201 42 21 och
382 203 34 20 ett
430 201 178 29 vänskapligare
624 201 146 22 förhållande
792 201 85 22 mellan
896 200 28 21 de

166 235 72 28 ryska
260 235 43 21 och
324 235 76 22 finska
422 235 166 30 infödingarne
610 236 85 29 uppstå
718 239 29 18 än
770 235 92 22 härtills
885 236 39 27 egt

167 277 57 14 rum.
255 269 35 22 De
304 269 75 22 finska
394 270 192 29 bosättningarne
602 270 117 22 betraktas
735 270 36 21 för
780 269 144 23 närvarande

168 303 26 22 af
206 311 108 21 ryssarne
329 311 49 15 som
392 304 181 29 inkräktningar
587 305 30 29 på
632 305 66 22 deras
714 304 93 22 område
823 305 44 21 och
885 307 42 26 gö-

167 345 37 14 ras
220 338 38 22 till
273 338 96 22 föremål
384 338 36 22 för
435 339 112 29 afvoghet
563 340 43 21 och
626 339 139 29 förföljelser
790 338 26 22 af
835 338 90 29 hvarje-

167 372 79 22 handa
261 372 54 30 slag.
348 373 80 21 Skulle
435 374 104 21 Finland
553 374 9 21 i
578 374 70 22 ofvan
664 374 83 21 anförd
757 374 80 27 måtto,
849 374 75 20 såsom

168 407 30 29 på
216 407 77 28 grund
317 407 26 22 af
362 408 65 21 Hans
449 408 122 29 Majestäts
592 409 134 28 Kejserliga
747 407 58 22 löfte
828 408 97 21 erhållet

168 441 110 29 vederlag
293 441 36 22 för
344 442 151 29 Systerbäcks
511 443 100 28 område,
626 443 94 22 komma
735 443 8 21 i
758 443 128 28 besittning
902 442 28 21 af

168 483 30 14 en
213 483 60 22 egen
288 476 146 23 kuststräcka
456 477 41 22 vid
519 477 111 29 Ishafvet,
654 478 26 21 så
703 477 74 22 skulle
801 477 27 22 de
850 477 74 28 begge

168 511 205 22 nationaliteterna
388 511 40 22 der
443 512 116 29 uppträda
575 520 48 14 som
640 513 49 21 lika
704 511 153 30 berättigade,
880 511 44 22 den

168 553 44 14 ena
227 545 75 22 skulle
317 546 51 21 icke
383 554 62 14 mera
460 547 119 22 betraktas
594 555 49 14 som
659 547 82 22 endast
765 546 115 22 tolererad
902 545 25 22 af

168 580 46 21 den
230 580 78 28 andra,
330 588 54 14 man
400 581 73 22 skulle
496 584 65 19 snart
580 582 49 21 inse
652 584 36 19 att
709 589 54 14 man
785 581 60 22 hade
866 581 59 21 både

168 614 74 22 behof
262 615 42 21 och
326 614 76 23 fördel
422 616 26 21 af
468 623 29 14 en
518 617 140 28 vänskaplig
680 616 109 29 beröring
815 615 43 22 och
880 615 45 22 den

168 649 92 22 härtills
276 649 101 22 rådnade
394 650 142 34 afvogheten
551 651 75 22 skulle
648 651 105 28 förbytas
775 650 38 22 till
833 650 92 21 ömsesi-

168 684 52 28 digt
234 684 209 30 tillmötesgående.
473 680 78 27 Äfven
566 686 52 21 med
633 686 93 28 hänsyn
741 685 37 21 till
794 684 39 22 det
848 684 77 22 inbör-

168 718 40 22 des
224 718 157 23 förhållandet
395 720 86 22 mellan
503 720 28 22 de
547 721 68 27 olika,
638 720 75 22 under
731 720 66 21 Hans
817 719 108 29 Majestät

168 753 127 29 Kejsarens
310 754 43 21 och
363 754 154 22 Storfurstens
529 755 61 29 spira
600 754 111 23 förenade
722 754 204 22 nationaliteterna

168 795 55 15 vore
240 788 88 22 således
344 788 40 22 det
401 789 133 29 föreslagna
556 788 200 23 tillförsäkrandet
779 789 24 21 åt
823 788 102 22 Finland

170 822 26 22 af
209 830 29 14 en
254 830 59 22 egen
327 824 148 21 kuststräcka
489 824 41 22 vid
554 824 105 22 Ishafvet
684 823 27 22 af
729 823 48 29 hög
798 822 125 29 betydelse.

168 857 44 22 Att
234 858 216 22 hufvudorsakerna
473 858 38 22 till
534 859 45 21 den
600 859 76 21 finska
699 858 168 28 emigrationen
889 856 37 22 till

170 893 79 29 Norge
266 892 133 30 derigenom
414 893 75 22 skulle
504 893 156 29 undanrödjas
671 897 26 17 är
706 892 72 22 redan
788 892 138 22 framhållet.

238 928 34 21 På
295 928 76 28 grund
390 927 26 22 af
429 928 62 22 hvad
506 928 114 22 utskottet
636 927 98 23 sålunda
749 926 52 22 haft
816 930 55 18 äran
886 933 39 14 an-

169 962 52 22 föra
236 962 37 22 får
288 962 115 22 utskottet
418 962 119 22 vördsamt
551 962 95 22 föreslå:

376 1034 30 17 att
429 1031 104 21 Finlands
558 1030 121 30 Höglofliga
695 1030 93 21 Ständer
803 1031 63 19 måtte
876 1030 49 28 för-

308 1073 39 14 ena
362 1067 31 26 sig
408 1073 33 12 om
457 1073 24 13 en
497 1065 130 28 underdånig
640 1065 90 29 petition
747 1064 32 21 till
797 1063 59 21 Hans
873 1063 53 28 Kej-

308 1100 76 27 serliga
410 1099 101 28 Majestät
535 1101 8 20 i
567 1100 33 21 det
624 1101 53 27 syfte
698 1102 29 17 att
742 1099 47 20 med
803 1098 124 21 undanröd-

308 1135 64 26 jande
388 1135 25 28 aj
428 1135 24 20 de
467 1135 82 24 hinder,
565 1141 42 14 som
623 1133 85 22 härtills
724 1135 51 19 stått
790 1133 8 20 i
813 1135 65 25 vägen
888 1133 39 28 för

311 1169 131 29 upplåtande
467 1169 27 28 af
516 1169 32 20 det
565 1169 94 21 Finland
674 1168 83 27 nådigst
773 1167 106 29 utlofvade
895 1174 32 13 ve-

309 1204 174 27 derlagsområde
507 1203 36 21 vid
564 1203 150 28 Ishafskusten,
735 1201 59 21 Hans
810 1201 115 29 Kejserliga

309 1239 101 26 Majestät
427 1238 47 21 ville
490 1239 8 19 i
512 1238 108 20 omordadt
630 1237 98 29 afseende
738 1236 125 21 tillerkänna
876 1235 51 20 Fin-

309 1273 52 20 land
385 1273 32 20 det
441 1273 86 20 område
543 1273 25 26 af
588 1271 144 28 Arkangelska
755 1273 171 26 guvernementet,

305 1315 44 13 som
372 1307 79 21 komme
475 1310 30 17 att
522 1306 59 29 falla
604 1310 64 17 vester
691 1313 34 14 om
749 1313 25 14 en
802 1305 125 27 gränslinie,

307 1342 80 27 dragen
407 1342 56 28 från
487 1341 136 21 Konsavodsk
643 1341 48 19 rakt
706 1343 77 17 österut
799 1343 30 17 tre
844 1339 37 20 mil
896 1338 31 20 till

310 1376 38 20 den
364 1376 82 20 mindre
460 1376 41 27 sjö,
517 1376 37 20 der
562 1375 122 27 Paatsjokis
696 1374 65 28 högra
773 1373 88 21 källarm
871 1380 54 21 upp-

307 1411 77 23 rinner,
407 1411 52 26 från
484 1410 69 21 denna
572 1410 30 26 sjö
616 1410 50 27 fyra
682 1408 37 21 mil
733 1408 83 27 framåt
831 1409 8 19 i
856 1406 24 22 O.
898 1406 29 22 N.

307 1444 68 28 O.-lig
400 1445 92 27 riktning
517 1444 32 21 till
573 1442 147 27 Petsinki-elfs
743 1446 68 18 vestra
829 1441 97 26 källarm,

238 1485 192 17 Ekonomiutskottets
443 1484 116 18 betänkande
573 1483 36 19 N:o
622 1484 30 18 12.
