1014 1678
305 110 228 23 Petitionsbetänkande
549 111 34 22 N:o
600 111 36 22 20.
808 111 13 20 5

163 179 50 21 Med
229 179 155 21 föranledande
403 179 23 21 af
440 179 157 22 ofvanstående
613 179 187 27 petitionsförslag
810 179 39 21 har

89 214 115 27 utskottet,
220 215 57 25 uppå
292 214 62 26 gjord
370 213 110 28 anhållan,
491 214 49 21 från
549 213 151 22 Ordföranden
712 214 6 21 i
727 213 121 28 Kejserliga

89 248 94 22 Senaten
207 248 33 21 för
261 248 91 21 Finland
368 248 43 21 fått
427 250 110 25 emottaga
553 249 18 26 ej
588 249 84 21 mindre
688 249 113 26 bestyrkta
816 248 31 21 af-

89 283 89 21 skrifter
201 283 23 20 af
245 283 56 20 elfva
324 283 90 27 stycken
430 283 124 27 Kejserliga
570 283 106 21 Senatens
692 283 154 21 Ekonomiede-

89 319 134 25 partements
240 317 152 27 resolutioner,
409 317 6 21 i
431 317 119 27 anledning
565 317 23 21 af
602 318 110 20 särskilda
726 317 120 21 fabriksbo-

89 352 48 27 lags
160 352 6 20 i
190 352 143 24 Tammerfors
357 352 49 20 stad
423 352 69 21 under
507 352 59 21 olika
581 352 58 21 tider
654 352 76 27 gjorda
746 352 101 20 anhållan

90 392 34 15 om
147 386 100 21 tillstånd
270 388 39 26 att,
332 386 34 21 för
381 386 91 21 befarad
487 387 138 27 vattenbrist,
642 387 22 20 få
680 387 7 20 i
703 386 143 21 Tammerfors

90 422 68 19 ström
174 421 81 20 inrätta
271 427 26 14 en
313 421 132 26 provisionel
462 421 71 21 damm
546 421 32 21 till
591 421 158 26 inbesparande
760 421 24 21 af
792 422 55 19 vatt-

90 457 44 25 net,
145 455 88 21 hvilken
244 455 102 21 anhållan
357 455 70 21 under
437 455 59 22 vissa
510 455 69 22 vilkor
590 455 130 28 medgifvits,
732 457 27 19 än
770 457 76 19 tvenne

90 489 96 28 grafiska
208 489 92 22 tabeller
323 490 112 27 angående
458 491 163 20 vattenståndet
645 491 9 20 i
674 490 108 27 Näsijärvi
808 490 38 21 och

91 524 99 22 Palovesi
214 525 64 27 sjöar,
301 525 78 21 hvaraf
401 524 88 22 erfarits
505 525 66 21 bland
587 527 66 19 annat
669 527 32 19 att
716 526 84 20 vattnet
815 524 32 21 uti

89 559 151 21 förstnämnda
256 559 32 27 sjö
304 559 83 26 årligen
404 559 68 27 stiger
488 565 34 15 om
538 560 66 21 våren
618 559 57 21 intill
687 559 67 21 slutet
764 559 24 21 af
796 559 50 21 Juni

90 594 54 21 eller
159 593 75 27 början
251 593 23 21 af
288 593 44 22 Juli
348 594 117 25 månader;
482 594 39 21 och
540 595 33 20 att
587 593 115 22 skilnaden
717 593 32 22 uti
764 596 83 19 vatten-

90 629 88 20 ståndet
193 628 32 21 uti
242 628 70 21 denna
328 628 31 27 sjö
376 628 69 21 under
461 630 32 19 ett
509 629 24 20 år
544 629 91 26 uppgått
646 629 56 20 ända
712 628 34 21 till
756 629 28 20 55
794 630 52 19 tum.

162 663 157 26 Föreliggande
343 663 194 27 petitionsförslag,
561 669 45 15 som
628 663 139 27 synbarligen
782 663 64 20 fram-

90 697 80 21 kallats
194 696 22 22 af
230 702 87 21 omsorg
333 703 33 15 om
383 697 26 21 de
426 699 60 19 stora
501 697 128 21 industriela
645 697 94 27 företag,
751 697 73 21 hvilka
840 696 7 22 i

91 732 85 20 landets
200 733 81 19 största
303 731 135 21 fabriksstad
461 731 145 21 Tammerfors
629 732 69 21 under
717 732 26 20 de
759 732 88 20 sednast

90 766 102 21 förflutna
207 766 52 21 åren
275 766 67 21 delvis
354 766 71 21 blifvit
436 766 88 22 lidande
535 766 39 21 och
584 766 74 21 hvilka
668 766 86 21 befaras
765 766 7 21 i
782 766 64 21 fram-

91 801 60 21 tiden
166 800 67 22 blifva
248 802 28 19 än
291 807 60 14 mera
366 800 142 27 äfventyrade
527 801 6 21 i
549 801 52 27 följd
617 801 23 21 af
654 801 26 21 de
696 801 150 21 förhållanden

90 836 170 26 petitionärerne
284 835 125 27 framhållit,
429 836 40 20 har
485 836 108 20 föranledt
608 836 114 27 utskottet,
738 838 33 18 att
786 836 60 20 skär-

91 871 68 21 skåda
182 870 100 27 gällande
305 870 200 27 lagbestämningar
529 871 7 20 i
559 872 72 19 ämnet
654 871 49 21 med
718 870 82 21 fästadt
816 870 30 21 af-

91 905 79 21 seende
194 906 12 19 å
229 904 140 27 möjligheten
393 906 32 20 att
444 904 33 22 för
496 905 192 21 fabriksindustrin
704 905 143 27 tillgodogöra

91 939 131 21 drifkraften
237 939 31 21 uti
285 939 85 21 landets
387 939 115 21 vattenfall
517 940 40 20 och
569 941 121 19 strömmar.
716 939 82 21 Dervid
808 940 39 20 har

90 974 107 21 utskottet
219 974 78 27 funnit,
321 976 32 18 att
372 974 67 20 sedan
455 974 34 20 uti
505 974 79 26 nådiga
599 974 154 26 förordningen
768 974 24 20 af
806 974 41 20 den

90 1009 27 21 23
132 1008 59 21 Mars
209 1009 60 26 1868,
286 1008 112 27 angående
414 1008 190 27 vattenledningar
620 1008 40 21 och
670 1008 134 27 vattenverk,
816 1008 31 21 in-

90 1043 54 21 förts
160 1043 136 26 stadganden
311 1043 32 20 uti
360 1043 11 26 $
390 1044 31 25 11,
438 1043 88 21 hvilken
545 1042 68 22 finnes
629 1043 116 26 rätteligen
761 1042 97 21 afskrif-'

89 1084 41 15 ven
152 1077 32 21 uti
206 1077 247 27 petitionsmemorialet,
478 1078 112 26 angående
608 1077 96 21 bredden
719 1077 33 21 för
768 1077 79 27 kungs-

89 1113 54 20 ådra
158 1112 40 21 och
214 1112 33 21 till
263 1112 56 21 hvad
334 1112 102 21 ändamål
452 1112 43 21 den
511 1112 56 21 skall
582 1111 70 22 hållas
668 1113 70 25 öppen
749 1113 56 20 samt
815 1111 32 22 uti

90 1147 11 27 8
117 1148 27 21 29
161 1153 34 15 om
214 1147 26 21 de
256 1146 143 28 föreskrifter,
411 1153 46 15 som
469 1147 36 20 vid
515 1147 139 21 vattenverks
665 1147 132 26 anläggning
807 1146 40 21 och

89 1182 136 27 ombyggnad
241 1182 61 21 skola
318 1182 110 27 iakttagas
447 1181 35 22 till
497 1182 126 21 bevakande
640 1181 22 22 af
676 1181 54 22 allas
746 1183 51 26 rätt,
808 1181 40 21 har

90 1217 23 20 åt
128 1217 12 27 &
156 1217 27 20 30
198 1216 74 27 gifvits
288 1216 95 27 följande
398 1216 95 27 lydelse:

162 1251 85 28 »Sedan
263 1251 163 21 vederbörande
442 1251 43 20 fått
503 1251 86 20 tillfälle
604 1252 33 19 att
652 1250 38 21 hos
707 1250 139 21 Guvernören

90 1286 86 21 bemöta
200 1285 149 27 ansökningen
366 1285 40 21 och
421 1285 250 27 förrättningsmannens
687 1285 89 27 förslag,
792 1287 56 18 samt

90 1315 173 31 Öfverstyrelsen
287 1320 33 21 för
338 1321 51 25 väg-
404 1319 40 21 och
460 1319 316 22 vattenkommunikationerna
791 1319 7 20 i
814 1325 34 14 sa-

89 1354 43 21 ken
148 1354 84 26 afgifvit
247 1354 119 27 utlåtande,
384 1354 28 20 då
428 1354 81 20 sådant
524 1360 63 14 anses
603 1353 81 27 nödigt,
700 1359 51 21 eger
767 1352 81 22 Guver-

90 1390 67 19 nören
180 1388 85 26 slutligt
283 1388 73 26 utslag
371 1387 107 28 meddela,
495 1390 53 19 utan
563 1390 32 18 att
610 1387 121 27 häradssyn
746 1386 102 22 behöfver

91 1422 151 22 dessförinnan
266 1422 112 22 anställas.
408 1422 93 22 Bifalles
525 1422 155 27 ansökningen,
704 1422 54 20 böra
782 1423 67 19 sättet

161 1462 126 18 Sammansatta
300 1462 45 22 Lag-
358 1462 30 17 och
401 1462 178 17 Ekonomiutskottets
592 1462 106 17 betänkande
710 1461 34 17 N:o
757 1461 16 17 9.
