1017 1664
289 88 242 19 Petitionsbetänkande
543 88 38 19 N:o
593 89 28 18 11.
802 89 10 17 7

80 147 41 21 den
145 147 27 21 10
193 147 57 26 Sept.
275 147 55 20 1800
352 147 169 21 kronolaxfisket
542 147 46 20 icke
611 147 56 20 blott
685 147 7 20 i
711 146 69 26 Kemi,
795 145 40 28 Ijo,

82 181 64 26 Simo,
166 180 134 21 Kuivaniemi
317 181 37 21 och
371 181 140 26 Haukipudas
527 180 74 27 elfvar,
617 182 52 20 utan
685 180 62 21 äfven
763 181 6 20 i
786 180 50 21 salt-

81 215 47 26 sjön
147 214 85 21 utanför
252 215 114 26 desamma,
382 215 133 21 fortfarande
530 215 125 21 innehafves
671 215 23 21 af
708 215 106 26 allmogen
830 214 7 21 i

81 249 63 22 Kemi
164 249 39 21 och
218 249 124 21 Rovaniemi
360 249 91 22 socknar
466 250 48 21 med
530 249 91 22 Tervola
637 250 39 21 och
692 249 57 22 Simo
764 249 74 26 kapell

82 285 56 20 samt
164 283 32 27 Ijo
219 283 39 21 och
281 283 102 27 Kiimingi
407 283 90 22 socknar
520 284 48 21 med
590 284 142 25 Kuivaniemi,
756 283 82 21 Hauki-

82 318 69 27 pudas
174 317 39 22 och
236 313 162 32 Öfverkiimingi
413 318 79 27 kapell.
523 318 102 27 Delaktig
637 318 6 21 i
656 318 63 21 dessa
735 317 103 21 laxfisken

83 353 25 20 är
127 352 54 21 dock
199 351 116 27 ingalunda
333 351 50 22 hela
401 352 41 21 den
458 352 100 21 besuttna
572 351 159 28 befolkningen,
749 351 38 22 och
802 357 37 14 na-

83 386 109 27 turligtvis
214 388 56 19 ännu
292 386 83 21 mindre
394 387 69 26 nägon
483 387 35 21 del
537 386 23 21 af
581 386 41 21 den
645 386 119 25 obesuttna,
788 387 52 19 utan

84 420 93 27 ätnjutes
200 421 161 20 arrenderätten
381 421 76 20 endast
475 421 23 20 af
516 421 26 20 de
561 421 105 25 hemman,
686 420 73 21 hvilka
774 419 66 22 redan

85 455 68 20 under
176 455 60 20 äldre
254 455 55 20 tider
328 455 56 20 varit
402 457 109 24 upptagna
529 455 56 21 inom
605 455 26 20 de
647 455 62 20 forna
724 454 62 21 Kemi
802 453 39 22 och

85 489 32 26 Ijo
137 489 124 21 socknarne.
291 489 154 21 Förhällandet
461 489 92 21 emellan
569 489 72 27 dylika
655 489 72 26 gamla
742 489 99 20 hemman

87 523 39 21 och
149 523 55 26 dem,
227 529 46 15 som
292 523 79 21 efterät
389 523 131 26 tillkommit,
536 529 62 22 synes
613 530 26 14 ur
655 523 94 27 följande
764 522 76 21 tabell:

224 569 63 21 Antal
302 569 100 21 hemman
418 575 45 15 som
480 569 24 21 är
520 570 55 21 1872
590 570 6 20 i
612 569 99 21 laxfisket

455 604 56 21 hade
527 604 41 26 del,
599 604 46 21 icke
661 603 55 22 hade
733 603 41 21 del.

226 638 10 21 I
253 638 63 21 Kemi
332 638 78 21 socken
497 639 41 20 135
657 638 48 21 164.

228 689 11 10 »
256 672 57 21 Simo
330 673 70 26 kapell
510 673 25 20 31
613 681 4 4 +
671 672 34 21 45.

228 723 12 10 »
255 706 91 21 Tervola
365 723 13 10 ,,
512 707 27 21 57
672 706 34 21 88.

228 757 12 10 ,
256 741 124 21 Rovaniemi
397 741 78 21 socken
513 741 27 21 69
673 741 34 20 85.

228 792 12 9 »
255 775 32 26 Ijo
431 791 12 10 4
500 776 41 21 110
673 775 34 20 89.

229 826 12 9 ,
256 809 135 21 Kuivaniemi
407 809 72 27 kapell
513 810 28 21 24
672 809 35 21 41.

229 860 12 9 »
255 843 103 27 Kiimingi
374 843 78 22 socken

229 895 11 9 »
256 878 141 27 Haukipudas
405 855 86 84 kapell
500 879 41 20 154
661 878 46 21 105.

230 929 12 10 »
259 908 162 31 Öfverkiimingi
444 929 12 9 ,,

500 952 43 21 580
661 952 47 21 617.

162 999 79 21 Vidare
263 999 39 20 bör
321 998 75 21 härvid
416 998 132 26 framhållas,
567 1000 32 19 att
618 998 26 21 de
660 997 97 22 enskilde
772 997 77 21 intres-

94 1035 110 20 senternes
222 1033 63 21 andel
303 1033 6 20 i
328 1032 101 22 laxfisket
447 1033 47 21 icke
513 1035 24 18 är
552 1033 107 21 beroende
674 1032 23 21 af
710 1032 139 21 hemmanens

93 1068 36 21 vid
152 1067 34 22 ref
206 1067 39 22 och
268 1067 187 26 skattläggningen
479 1067 96 21 erhållna
597 1061 86 31 mantal,
707 1068 51 19 utan
787 1065 63 21 idkas

94 1101 63 22 fisket
172 1101 132 22 fortfarande
320 1101 55 22 efter
390 1107 82 16 samma
488 1101 167 27 delningsgrund
668 1107 45 15 som
725 1100 46 21 före
783 1099 67 22 skatt-

94 1136 136 27 läggningen,
252 1135 86 22 hvarför
357 1136 36 21 det
412 1142 16 15 s.
444 1136 20 21 k.
481 1135 152 22 laxemantalet
648 1135 105 27 betydligt
768 1133 82 22 afviker

95 1170 47 21 från
168 1171 37 20 det
230 1170 85 27 vanliga
339 1170 229 26 jordeboksmantalet.
606 1169 44 22 Och
677 1169 33 21 till
737 1168 39 21 och
802 1167 49 21 med

94 1205 67 21 redan
180 1205 60 26 långt
255 1205 46 20 före
317 1205 40 21 den
373 1204 110 22 definitiva
499 1204 199 27 skatteläggningen
713 1203 57 21 hade
784 1202 68 27 några

96 1239 23 22 af
132 1239 168 22 intressenterne
315 1239 106 21 kommit
412 1232 13 38 i
435 1239 118 26 besittning
569 1238 22 21 af
605 1245 26 14 en
646 1238 49 21 vida
707 1239 69 20 större
788 1236 64 21 andel

95 1273 8 22 i
118 1273 64 22 fisket
199 1275 28 19 än
241 1273 86 22 hvartill
344 1273 26 21 de
385 1273 28 27 på
428 1273 70 27 grund
514 1273 23 21 af
552 1273 40 21 den
607 1273 64 25 skatt,
687 1273 27 20 de
730 1271 72 22 erlade
818 1270 34 21 för

97 1308 47 21 sina
164 1307 106 26 hemman,
293 1307 55 22 hade
370 1308 57 21 varit
448 1307 142 27 berättigade.
624 1306 127 22 Emellertid
770 1307 24 19 är
817 1305 38 20 det

97 1341 163 28 otvifvelaktigt,
288 1343 31 20 att
342 1341 199 22 hemmansskatten
563 1341 153 27 urspungligen
739 1339 56 22 varit
816 1338 37 22 be-

97 1376 133 21 stämmande
249 1375 34 22 för
300 1376 53 21 hvar
373 1375 38 22 och
431 1381 38 16 ens
489 1375 64 22 andel
568 1375 7 21 i
589 1374 70 22 fisket.
689 1373 38 22 Uti
742 1373 60 22 Hans
817 1372 37 21 Ja-

167 1415 95 17 Allmänna
274 1415 160 18 Besvärsutskottets
446 1415 106 18 betänkande
563 1415 34 16 N:o
609 1415 27 16 11.
