1014 1678
297 111 242 20 Petitionsbetänkande
551 112 38 19 N:o
601 113 29 18 17.
795 113 24 18 23

359 376 208 24 Reservationer.

154 442 95 22 Emedan
273 445 82 18 senaste
375 442 103 22 Ständers
497 444 90 27 petition
603 444 7 21 i
625 444 142 21 förevarande
781 443 62 30 fråga

84 476 104 29 framgått
203 484 26 13 ur
244 484 26 14 en
285 477 223 28 sammanjemnkning
523 478 91 21 emellan
630 478 26 21 de
672 479 57 21 olika
744 479 76 26 beslut,
836 479 7 20 i

84 511 72 21 hvilka
180 511 26 21 de
228 511 69 21 skilda
319 510 91 22 stånden
433 513 93 24 stannat,
546 512 40 21 och
602 512 89 21 emedan
707 513 61 21 äfven
785 515 30 19 ett
831 514 12 20 2

85 545 90 28 klassigt
197 547 80 20 statens
301 545 98 22 läroverk
418 545 33 22 för
467 546 177 28 qvinnobildning
659 547 8 20 i
681 547 74 21 landet
769 547 74 26 finnes,

85 579 25 22 sä
122 580 42 21 kan
173 580 108 27 uttrycket
291 596 9 10 ,
303 579 128 28 fullständig
438 580 63 27 högre
509 580 217 27 fruntimmersskola*
737 581 6 20 i
750 581 94 22 nämnda

85 614 97 27 petition,
199 613 27 22 då
241 614 161 28 bestämningen
419 614 114 28 sjuklassig
548 615 47 21 icke
610 615 67 21 finnes
693 615 95 28 bifogad,
803 615 41 22 fat-

85 651 34 19 tas
135 649 6 20 i
157 649 124 27 betydelsen
296 649 24 21 af
333 648 59 22 såväl
407 650 14 19 4
436 649 91 27 klassigt
542 657 45 14 som
604 651 12 19 7
632 649 90 28 klassigt
736 649 107 27 läroverk;

85 683 100 21 hvarföre
200 683 133 21 närvarande
349 682 185 22 Besvärsutskotts
549 683 140 28 formulering
709 683 23 22 af
746 684 47 21 dess
808 690 36 21 pe-

85 718 62 21 tition
163 718 130 20 härutinnan
308 718 43 20 kan
367 724 62 14 anses
444 717 232 22 öfverensstämmande
688 718 48 21 med
747 719 52 20 1877
809 717 35 22 års

86 752 103 21 Ständers
212 752 123 25 resolution,
358 758 48 14 men
429 752 63 21 äfven
515 752 41 21 den
579 752 68 21 andra
666 752 131 28 tolkningen,
813 754 32 20 att

85 786 50 21 med
151 786 76 28 ,högre
242 786 136 27 fullständig"
394 786 61 21 skola
471 786 106 21 förstodes
593 793 26 14 en
635 788 12 19 4
663 786 85 28 klassig,
760 786 34 21 väl
802 786 43 22 för-

86 827 70 15 varas.
187 820 10 21 I
218 820 40 22 den
277 820 156 28 öfvertygelsen
454 820 61 26 dock,
532 822 33 20 att
579 820 72 22 skolor
666 820 33 22 för
714 821 67 27 högre
796 821 49 21 bor-

87 855 68 27 gerlig
171 854 182 28 qvinnobildning,
373 854 48 22 med
440 854 133 22 folkskolans
588 855 51 21 kurs
654 855 7 20 i
677 855 120 21 hufvudsak
812 854 33 22 så-

86 896 47 14 som
148 889 155 21 förberedande
318 889 111 27 underlag,
445 889 134 27 gemenligen
593 889 68 21 borde
676 890 73 20 kunna
756 889 89 22 afslutas

87 922 29 29 på
131 926 13 18 4
160 922 88 29 enåriga
263 924 82 20 klasser
360 924 40 20 och
415 924 35 20 vid
466 930 26 14 en
509 922 60 23 ålder
584 924 39 21 hos
639 924 40 21 den
687 930 58 21 unga
753 924 92 27 qvinnan

87 958 25 21 af
131 958 62 27 högst
214 959 24 20 15
259 958 51 21 eller
330 960 25 19 16
375 957 31 26 år,
423 960 56 19 samt
494 960 32 19 att
541 960 12 19 7
570 958 52 21 eller
637 959 13 20 8
665 958 95 28 klassiga
775 958 71 21 skolor

87 992 34 21 för
143 993 67 27 högre
233 992 181 27 gvinnobildning,
437 992 49 21 med
506 1000 25 13 en
551 992 70 27 lägsta
636 992 57 21 klass
709 992 34 21 för
758 992 87 21 alldeles

87 1026 134 28 nybörjande
236 1025 70 23 såsom
321 1027 7 20 i
343 1026 136 28 Helsingfors
494 1027 91 20 svenska
600 1026 207 22 fruntimmersskola
821 1028 25 19 är

87 1061 67 26 fallet,
177 1061 46 21 icke
243 1061 24 21 af
283 1062 69 20 staten
368 1061 68 21 borde
451 1061 93 21 inrättas
560 1061 51 21 eller
626 1060 138 22 underhällas
780 1063 66 19 annat

88 1096 28 20 än
132 1095 7 20 i
155 1095 106 28 egenskap
277 1095 24 21 af
313 1095 164 25 normalskolor,
494 1095 89 22 afsedda
599 1095 61 21 äfven
675 1095 35 21 för
726 1095 40 21 den
782 1095 64 27 prak-

87 1129 57 22 tiska
167 1129 148 28 utbildningen
337 1129 24 22 af
377 1129 129 26 lärarinnor,
526 1129 36 22 vill
574 1129 39 28 jag
629 1129 32 22 för
677 1130 43 20 min
736 1129 35 21 del
785 1129 7 21 i
808 1129 38 21 all-

87 1164 88 21 mänhet
197 1163 107 28 tillstyrka
324 1163 75 22 endast
423 1171 24 14 en
471 1164 90 27 petition
581 1171 34 14 om
635 1163 128 28 fyrklassiga
778 1163 69 22 finska

87 1198 80 26 skolor,
186 1198 24 21 af
227 1200 70 19 staten
312 1198 115 26 inrättade,
443 1198 127 28 öfvertagna
581 1198 51 21 eller
647 1198 199 25 subventionerade,

88 1233 41 21 och
145 1240 34 14 om
193 1232 56 22 blott
265 1240 24 14 en
305 1233 115 27 sjuklassig
435 1245 28 3 —
480 1233 51 21 eller
547 1240 66 20 gerna
627 1233 34 21 för
669 1233 43 27 mig
721 1231 126 28 ättaklassig

88 1279 28 3 —
133 1267 25 21 de
174 1267 93 21 öfversta
282 1267 111 21 klasserna
407 1267 7 20 i
431 1267 70 21 denna
521 1266 70 22 säsom
607 1267 191 21 seminariiklasser
813 1267 34 20 för

88 1301 137 22 uthbildandet
239 1301 24 22 af
277 1301 126 22 lärarinnor.
434 1301 43 28 Jag
492 1300 69 23 håller
580 1301 106 28 nämligen
703 1301 51 26 före,
771 1302 32 19 att
820 1300 27 21 dä

88 1336 20 20 vi
124 1335 91 21 sålunda
230 1336 24 20 af
267 1335 134 21 sistnämnda
416 1335 47 27 slag
479 1335 56 27 finge
551 1337 75 19 tvenne
641 1335 66 27 högre
718 1335 73 21 skolor
799 1335 48 20 med

88 1370 84 21 finskan
187 1377 46 14 som
248 1368 237 28 undervisningsspräk,
501 1376 26 14 en
542 1369 67 21 redan
624 1369 133 21 understödd
772 1368 23 22 af
804 1370 43 20 sta-

88 1406 37 20 ten
147 1405 7 20 i
177 1404 134 28 Helsingfors
334 1404 40 21 och
398 1404 39 21 den
457 1404 76 26 andra,
553 1404 62 21 äfven
635 1406 12 19 7
662 1404 87 27 klassig,
765 1410 44 15 som
826 1403 23 21 af

159 1444 95 18 Allmänna
266 1445 161 17 Besvärsutskottets
439 1444 106 18 betänkande
558 1444 35 17 N:o
605 1445 27 16 14.
