1020 1675
256 105 280 23 Petitionsbetänkande.
551 117 27 4 —
593 105 42 23 N:o
649 105 34 22 34.
818 106 13 21 3

102 168 92 19 träffande
204 174 25 12 nu
237 168 144 23 ifrågavarande
390 168 116 22 öfverlopps-
515 168 45 17 eller
569 168 212 22 impedimentsmarker,
788 168 68 17 vunnit

103 198 44 23 laga
157 198 57 18 kraft.
238 196 36 18 Det
291 196 100 23 stadgades
409 196 112 24 visserligen
539 197 7 17 i
558 196 86 18 besluten
657 202 29 12 om
700 196 155 20 tunnelandtalet,

104 228 28 16 att
144 225 144 24 ifrågavarande
297 226 44 22 jord
354 225 61 17 skulle
428 225 126 23 ovilkorligen
568 225 30 17 till
611 225 76 18 Kronan
701 226 92 22 utbrytas.
814 225 41 17 Men

102 256 54 17 dessa
173 254 62 18 beslut
252 254 55 23 gälde
324 254 80 18 allenast
421 255 27 16 ett
463 255 7 16 i
489 254 98 18 framtiden
607 254 81 18 skeende
706 254 103 23 storskifte,
822 253 32 18 vid

104 284 72 17 hvilket
194 282 122 24 utbrytandet
334 283 58 17 borde
410 283 38 17 ske.
472 282 37 18 Det
526 283 75 23 tillgick
619 283 54 23 dock,
691 282 62 18 såsom
766 284 18 16 vi
797 282 57 18 redan

102 311 110 23 framhållit,
231 312 41 17 icke
289 311 24 23 på
325 311 50 18 detta
388 313 41 19 sätt,
443 313 45 16 utan
502 312 59 17 erhöll
573 312 106 18 storskiftet
690 312 44 23 laga
745 312 51 16 kraft
808 313 45 16 utan

103 343 27 15 att
143 340 65 18 sådant
220 340 113 22 utbrytande
346 340 128 18 verkställdes.
500 340 36 18 Vid
548 340 67 18 sådant
627 340 117 18 törhållande
757 340 54 18 torde
823 340 30 17 be-

101 370 64 17 sluten
185 374 31 13 om
234 369 150 17 tunnelandtalet
401 369 57 17 hafva
475 370 57 22 ingen
551 369 98 23 betydelse
667 370 34 17 och
718 372 51 15 ännu
782 368 72 18 mindre

104 398 52 18 torde
169 398 53 18 deras
234 398 50 17 kraft
296 398 34 17 och
343 398 70 17 verkan
425 398 75 17 sträcka
512 399 30 22 sig
554 398 29 17 till
596 398 46 17 våra
654 398 63 23 dagar,
729 398 23 17 då
762 398 30 17 det
802 397 52 18 verk-

104 426 67 18 ställda
187 427 105 17 storskiftet
305 426 48 18 varit
365 426 111 18 stadfästadt
488 428 7 16 i
508 429 85 15 närmare
605 427 23 18 70
641 427 25 18 år.
689 428 87 17 Kronans
789 427 66 17 intres-

103 461 33 12 sen
154 455 48 17 hade
220 456 42 17 bort
280 455 59 18 blifva
354 455 102 23 bevakade,
470 455 24 17 då
506 456 133 23 skifteslagens
652 456 78 22 rösning
741 454 115 19 verkstäldes

104 485 35 17 och
155 484 150 23 ifrågavarande,
323 484 72 18 kronan
412 484 118 18 förbehållna
541 484 207 23 impedimentsmarker
760 484 94 18 lemnades

103 515 52 16 inom
168 514 74 22 privata
253 512 117 24 lägenheters
383 512 94 18 områden.
503 513 80 17 Hvarför
591 513 78 17 Kronan
677 513 42 17 icke
728 512 23 18 då
759 512 95 19 bevakade

105 543 29 17 sin
154 544 42 19 rätt,
210 542 34 17 har
256 542 139 23 otvifvelaktigt
407 542 29 17 sin
448 542 57 17 orsak
517 542 68 23 deruti,
599 544 28 15 att
639 541 173 24 öfverloppsjorden
824 540 31 18 då-

105 571 82 18 förtiden
207 577 33 11 var
257 571 7 16 i
282 569 66 19 sådant
365 571 60 22 skick,
441 572 27 16 att
487 571 108 17 densamma
613 571 15 23 ej
642 571 63 17 kunde
717 571 69 17 åsättas
799 569 57 24 något

105 600 56 17 värde
181 600 34 17 och
230 600 41 23 just
289 599 63 18 derför
369 599 44 17 ville
433 599 75 18 Kronan
526 600 16 22 ej
556 600 98 23 öfvertaga
665 599 42 18 den,
730 599 30 17 Nu
773 599 84 17 deremot

105 629 33 17 har
150 629 11 17 &
173 629 54 18 dessa
239 628 60 18 säsom
312 629 88 22 onyttiga
411 629 84 17 ansedda
506 629 207 23 impedimentsmarker
725 628 95 23 uppvuxit
833 633 23 12 en

104 658 64 23 väldig
181 658 53 23 skog.

174 687 147 17 Innehafvarene
339 687 20 16 af
377 686 23 17 de
417 686 115 23 lägenheter,
550 687 28 17 till
591 687 65 16 hvilka
667 685 143 24 ifrägavarande
823 685 33 17 im-

105 715 179 24 pedimentsmarker
298 715 51 22 höra,
362 715 61 22 hafva,
436 715 62 17 såsom
510 715 57 18 redan
580 715 119 21 framhållits,
712 715 80 17 besuttit
804 714 53 17 dessa

106 745 74 17 marker
198 745 6 16 i
221 746 84 15 närmare
319 744 22 17 70
353 743 26 19 år.
404 743 28 18 De
444 744 58 17 hafva
514 744 34 17 alls
560 745 41 17 icke
613 744 73 17 kunnat
698 743 77 18 betvifla
787 744 27 16 att
827 742 28 17 de-

105 779 30 12 ras
153 773 109 23 eganderätt
279 773 75 17 hvilade
372 772 24 23 på
411 773 59 22 laglig
483 773 67 23 grund,
565 773 76 18 hvarför
653 773 53 18 dessa
718 772 139 23 impediments-

106 802 74 17 marker
196 802 32 17 vid
247 802 37 22 köp
302 802 45 17 eller
365 807 62 12 annan
446 801 119 18 öfverlåtelse
583 803 20 16 af
617 801 109 23 lägenheter
738 800 120 23 oskiljaktigt

103 831 65 22 åtföljt
180 831 95 17 desamma
288 831 33 17 och
334 830 23 18 då
370 831 120 22 naturligtvis
501 831 70 22 jemväl
583 830 142 23 ifrågakommit
738 829 30 18 vid
777 829 79 17 bestäm-

106 859 75 17 mandet
198 859 21 17 af
235 860 64 22 priset.
323 858 25 19 På
367 859 62 23 grund
440 859 57 18 häraf
507 859 53 18 torde
573 859 31 18 det
615 864 46 12 vara
672 859 84 17 hvarken
769 857 41 18 med
823 856 35 18 bil-

105 888 59 23 jighet
182 888 47 17 eller
246 888 79 17 rättvisa
342 888 211 22 öfveronsstämmande,
571 890 26 16 att
613 886 245 24 lägenhetsinnehafvarene

107 917 59 17 blifva
178 916 101 18 beröfvade
292 916 60 18 denna
362 917 49 23 jord.
436 916 28 18 Då
476 916 144 24 ifrågavarande
633 919 50 15 orter
695 916 57 18 redan
765 916 52 17 förut
826 916 32 16 äro

106 946 98 18 hemsökta
216 947 20 16 af
247 945 21 18 sä
280 948 38 15 stor
330 946 105 22 fattigdom,
448 948 27 15 att
488 946 23 18 de
523 946 92 22 knappast
627 944 61 19 förmä
700 945 77 23 erlägga
785 944 36 17 den
829 943 29 18 till

106 975 54 23 Höga
177 974 77 18 Kronan
272 974 92 24 utgäende
383 975 81 22 skatten,
483 977 21 15 är
520 975 31 17 det
562 975 35 17 lätt
610 976 27 16 att
649 975 46 19 inse,
707 973 73 18 hvilket
792 972 66 18 elände

107 1004 55 17 deraf
178 1004 91 20 betingas,
286 1005 27 16 att
325 1009 42 12 man
380 1004 98 22 begynner
491 1004 20 17 af
522 1003 105 19 derboende
639 1001 219 25 lägenhetsinnehafvare

105 1033 87 22 bdorttaga
210 1032 53 17 deras
282 1032 52 17 ärfda
351 1032 35 18 och
403 1032 59 23 köpta
480 1032 98 24 egendom.
602 1032 37 17 Det
652 1032 53 17 torde
717 1031 94 22 knappast
823 1034 33 13 ens

105 1062 31 17 för
153 1061 54 23 Höga
225 1061 75 18 Kronan
319 1061 85 17 medföra
416 1061 62 23 någon
492 1063 55 21 nytta
558 1063 27 16 att
597 1061 57 17 redan
667 1061 52 17 förut
731 1060 67 22 fattiga
810 1060 50 16 orter

105 1092 51 15 ännu
169 1095 51 12 mera
231 1090 98 23 betungas.

174 1118 26 18 På
219 1119 62 23 grund
300 1119 19 17 af
337 1119 33 17 allt
389 1119 50 18 detta
452 1119 49 23 våga
513 1120 19 16 vi
545 1119 107 23 ödmjukast
664 1118 80 21 anhålla,
757 1119 27 16 att
796 1116 66 19 heder-

106 1147 58 18 värda
182 1147 146 22 Bondeståndet,
347 1149 89 22 antingen
454 1149 32 17 för
503 1149 30 22 sig
550 1148 46 17 eller
613 1149 117 22 gemensamt
744 1146 42 18 med
798 1146 63 23 öfriga

105 1176 61 23 stånd,
182 1176 45 18 ville
240 1177 65 17 förena
317 1177 30 22 sig
359 1182 30 13 om
401 1182 23 12 en
437 1177 119 23 underdånig
568 1177 80 22 petition
660 1176 70 21 derom,

380 1207 29 16 att
424 1205 126 24 ofvannämda
561 1205 111 24 utbrytande
683 1205 25 23 af
717 1203 145 24 öfverloppsjord

321 1234 44 18 eller
377 1234 240 23 impedimentsmarker
590 1227 34 35 för
622 1234 89 19 Kronans
719 1233 80 23 räkning
804 1231 58 20 skulle

321 1263 88 23 afbrytas
421 1263 32 18 och
465 1261 107 21 återkallas.

176 1296 119 24 Helsingfors
308 1297 35 18 den
355 1298 10 17 4
379 1297 89 18 Februari
483 1298 49 17 1882.

570 1339 66 18 Juho
649 1338 144 19 Isomöttöld.

175 1377 34 18 Om
224 1378 50 17 detta
286 1379 162 22 petitionsförslag
461 1379 77 18 förenar
550 1380 30 22 sig

610 1421 25 17 J.
651 1419 142 20 Riihimäki.
