1020 1673
224 116 80 23 Ständ.
319 118 52 22 Pet.
387 130 27 4 —
429 115 169 25 Petitlonsbet.
614 118 40 22 N:o
669 118 36 22 33.

367 394 129 25 Finlands
536 395 138 25 Ständers
710 394 136 26 underdä-

298 434 64 31 niga
395 435 134 33 petition,
556 434 114 32 angäende
698 436 96 24 revision
822 435 26 25 af

299 474 133 30 banklagen.

178 531 221 28 Stormäktigste,
419 532 210 28 Allernädigste
646 532 113 29 Kejsare

353 572 48 22 och
419 572 166 22 Storfurste!

163 630 36 21 Uti
221 632 32 19 ett
273 630 38 21 hos
326 630 184 27 Borgareständet
524 631 36 22 vid
576 632 71 20 denna
662 631 104 27 landtdag
781 630 63 22 fram-

94 664 66 22 stäldt
174 664 185 28 petitionsförslag
374 665 40 21 har
428 664 135 28 framhållits,
579 666 102 21 hurusom
697 666 149 27 stadgandena

93 699 8 21 i
124 699 80 27 nädiga
226 698 156 28 förordningen
405 699 24 21 af
450 700 41 21 den
508 701 26 20 15
550 700 89 22 Januari
655 701 62 25 1866,
733 701 113 27 angäende

95 734 99 21 enskilda
216 734 83 21 banker
320 735 49 20 med
392 734 223 28 sedelutgifningsrätt
630 738 55 18 samt
701 742 33 15 om
750 734 96 22 vilkoren

95 768 32 22 för
142 769 125 21 inrättande
283 768 24 22 af
320 768 99 22 enskilda
433 768 84 22 banker
532 770 6 20 i
554 769 124 27 allmänhet,
694 771 36 20 äro
746 770 7 20 i
768 770 79 27 mänga

95 804 116 20 afseenden
234 803 81 26 oklara,
338 804 154 28 ofullständiga
515 804 39 22 och
570 804 67 22 delvis
653 804 62 22 äfven
730 804 117 28 olämpliga

94 841 56 18 samt
172 840 33 19 att
227 845 27 14 en
270 838 150 28 omarbetning
435 839 25 21 af
473 840 110 21 desamma
597 847 51 14 vore
664 839 132 28 erforderlig,
812 846 34 14 om

94 874 36 20 det
145 874 49 20 med
208 873 155 28 förordningen
379 873 90 22 afsedda
484 874 100 22 ändamål
600 874 55 21 skall
666 875 7 20 i
683 874 163 27 fullständigare

94 908 51 21 män
160 907 76 22 kunna
250 908 82 21 vinnas.

161 942 41 22 Vid
224 943 61 21 tiden
299 943 34 21 för
348 944 94 21 nämnda
457 943 137 28 förordnings
610 943 129 22 utfärdande
753 943 95 22 förefans

93 977 58 21 inom
171 977 94 22 Finland
280 978 76 21 endast
371 984 26 15 en
413 978 137 27 privatbank,
566 978 86 22 hvilken
668 979 108 21 dessutom
792 977 54 22 blott

94 1018 27 15 en
144 1011 50 22 kort
216 1012 32 21 tid
263 1011 56 22 hade
335 1014 36 25 egt
385 1012 99 27 bestånd,
499 1013 100 22 hvarföre
615 1014 24 21 sä
654 1014 51 26 godt
721 1020 45 14 som
782 1013 66 26 ingen

94 1046 123 21 erfarenhet
232 1046 30 28 pä
276 1047 60 21 detta
351 1048 87 20 område
453 1054 39 15 var
507 1050 33 19 att
555 1048 62 27 tillgå
631 1047 8 21 i
654 1050 49 25 eget
717 1048 58 21 land.
805 1047 42 21 Det

93 1081 25 20 är
139 1080 36 22 vid
196 1081 80 21 sådant
297 1080 135 23 förhållande
446 1082 49 22 icke
510 1082 140 26 förvånande,
666 1090 34 14 om
716 1082 131 22 bestämnin-

93 1122 69 21 garna
183 1115 8 21 i
214 1116 71 21 denna
299 1116 36 27 lag
350 1116 48 22 icke
413 1118 38 20 äro
466 1117 7 21 i
490 1117 44 21 alla
548 1117 117 21 afseenden
681 1116 49 22 fullt
746 1116 102 22 tillfreds-

94 1150 114 22 ställande.

161 1185 34 21 En
217 1185 122 28 betydande
361 1186 115 28 olägenhet
499 1187 30 26 är,
545 1186 66 28 enligt
626 1186 131 22 Ständernas
774 1186 73 26 tanke,

95 1220 92 21 förenad
209 1220 50 21 med
282 1222 13 19 2
310 1222 45 26 &:ns
370 1222 121 26 stadgande
507 1222 80 25 derom,
602 1223 33 19 att
650 1222 24 20 sä
688 1221 73 21 kallad
776 1220 70 28 oktroj

93 1254 50 22 icke
157 1254 43 22 kan
216 1255 23 21 ät
256 1254 85 22 enskild
356 1255 59 21 bank
429 1256 112 21 meddelas
556 1255 33 21 för
603 1256 75 27 längre
693 1256 32 21 tid
736 1257 27 19 än
774 1254 31 22 tio
817 1256 30 21 är.

93 1289 43 21 För
150 1288 91 28 banker,
257 1289 76 23 hvilka
348 1290 70 22 drifva
433 1291 79 20 endast
528 1291 36 21 det
574 1290 57 28 slags
642 1290 87 26 rörelse,
740 1297 46 15 som
796 1290 53 21 vära

94 1324 125 22 nuvarande
242 1324 162 28 privatbanker,
427 1326 23 20 är
472 1326 96 20 nämnda
590 1326 119 26 stadgande
724 1324 124 28 visserligen

93 1358 51 28 föga
158 1358 96 28 menligt,
270 1359 40 21 och
325 1358 57 22 hvad
397 1359 104 21 beträffar
511 1359 88 27 banker,
612 1367 45 14 som
667 1359 181 27 hufvudsakligen

93 1393 70 27 bygga
185 1393 33 21 sin
241 1394 95 21 existens
358 1394 29 27 pä
410 1394 174 28 sedelutgifning,
600 1394 72 22 kunde
688 1395 36 21 det
739 1394 109 21 måhända

93 1434 110 21 synassom
219 1435 35 14 om
270 1428 65 27 försig
350 1428 96 27 tigheten
456 1428 67 28 bjöde
533 1431 33 19 att
576 1429 119 21 förbehälla
705 1428 142 22 statsmakten

94 1462 102 27 rättighet
220 1465 32 19 att
275 1463 62 21 hvart
360 1463 74 21 tionde
457 1464 25 20 är
497 1466 51 24 taga
564 1464 67 20 under
646 1464 107 27 pröfning,
769 1470 34 14 om
820 1470 26 14 en
