1023 1675
451 196 12 27 8
479 197 34 21 36.

172 241 71 21 Sedan
267 241 60 21 Hans
347 241 122 27 Kejserliga
484 242 102 27 Majestät
601 242 33 21 till
650 242 40 21 Oss
705 242 103 21 atlemnat
823 243 36 20 nå-

104 276 35 26 dig
162 275 141 27 proposition,
327 276 113 26 angående
455 275 119 28 bevillning
591 276 34 21 för
641 276 42 21 fast
699 277 106 26 egendom
820 277 39 21 och

103 309 101 26 inkomst,
221 316 48 15 men
285 310 53 21 Vårt
353 310 145 21 Statsutskott
521 310 31 21 uti
568 310 89 28 afgifvet
673 310 138 22 betänkande
827 310 32 22 öf-

103 351 37 15 ver
164 344 145 22 Statsverkets
332 344 117 28 tillgångar
473 345 39 21 och
535 345 68 21 behof
615 346 73 20 utredt
704 347 33 19 att
752 345 33 21 för
801 348 59 18 stun-

103 379 71 21 dande
189 378 147 28 finansperiod
351 379 71 27 någon
438 378 124 28 förhöjning
581 379 25 21 af
618 379 171 27 bevillningarne
805 380 54 21 utöf-

103 420 38 14 ver
156 414 26 20 de
198 413 35 21 vid
249 414 71 20 denna
335 413 106 27 landtdag
456 413 102 22 beslutna
572 414 88 27 afgifter
679 414 34 21 för
727 414 133 27 importerad

104 447 66 21 tobak
186 447 40 21 och
248 447 33 21 för
303 447 140 28 tillverkning
459 448 24 21 af
496 448 144 28 maltdrycker
654 448 48 22 icke
717 448 142 26 erfordrades,

104 481 64 22 hafve
192 482 31 25 Vi,
246 482 29 27 pä
295 483 43 20 sätt
353 482 44 21 Vär
411 482 153 28 underdäniga
579 482 111 22 skrifvelse
706 482 25 22 af
744 484 41 20 den
800 484 14 20 2
828 483 31 21 in-

104 517 123 20 nevarande
243 516 51 21 Juni
309 516 144 26 omförmäler,
469 516 69 28 afböjt
548 518 40 20 den
599 517 80 27 nädiga
690 518 169 26 propositionen,

104 550 70 22 sävidt
190 550 46 22 deri
250 550 90 22 föresläs
355 550 123 29 beviljande
493 551 24 22 af
530 558 26 15 en
572 558 28 21 ny
615 551 180 28 fastighetsskatt,
804 555 55 19 samt

104 585 69 27 åtagit
197 585 39 21 Oss
259 587 32 20 att
305 586 58 21 intill
377 587 111 26 utgången
504 586 24 21 af
541 587 23 20 är
581 587 54 20 1885
652 587 77 26 utgöra
744 586 116 28 bevilloing

104 619 34 22 för
152 619 101 26 inkomst,
269 620 67 27 enligt
345 614 41 27 den
401 620 8 21 i
424 621 79 20 sädant
511 620 102 22 afseende
625 628 28 13 nu
665 621 101 27 gällande
777 622 82 27 stadga,

105 655 49 20 med
169 653 138 22 uteslutande
322 654 95 21 derifrän
434 656 78 20 endast
528 655 24 21 af
564 656 26 20 de
604 655 133 27 paragrafer,
748 662 45 15 som
804 657 57 26 angå

105 690 62 19 extra
190 688 117 27 bevillning
330 689 35 21 för
387 689 97 27 spelkort
500 689 40 22 och
555 689 151 28 maltdrycker,
722 689 88 22 hvarom
825 690 36 22 vid

106 723 72 20 denna
193 723 105 27 landtdag
313 723 102 22 särskildt
430 723 108 22 beslutits.

454 782 11 25 S
481 782 33 20 37.

174 825 76 22 Säsom
272 826 93 22 tillskott
386 826 32 21 till
434 826 170 22 militiefondens
619 827 109 22 ordinarie
743 827 118 22 inkomster

104 859 34 21 för
160 860 139 22 bestridande
321 860 25 22 af
366 861 148 22 kostnaderna
536 862 33 20 för
588 862 71 21 finska
674 862 108 21 militären
798 862 63 22 hafve

106 894 32 24 Vi,
160 896 51 20 med
233 895 156 21 föranledande
407 895 24 21 af
445 897 75 20 derom
535 896 32 21 till
584 896 39 22 Oss
639 896 79 22 afläten
733 897 66 27 nädig
813 904 48 20 pro-

106 928 100 28 position,
229 930 85 21 anvisat
337 930 69 21 under
428 931 174 27 treärsperioden
624 931 142 21 1883-1835
785 931 76 21 inalles

106 963 35 21 nio
156 963 100 27 miljoner
271 964 120 22 trehundra
401 965 174 27 sjuttiotretusen
586 965 132 21 ättahundra
727 965 63 21 nittio
801 966 61 20 mark

106 997 116 22 ättatiotvä
244 999 73 26 penni.
340 1000 153 20 motsvarande
516 1001 31 19 ett
562 999 63 27 årligt
641 1000 75 26 anslag
731 999 25 21 af
768 1002 32 18 tre
815 1000 47 20 mil-

103 1032 64 26 joner
190 1032 118 22 etthundra
327 1033 175 27 tjugufyratusen
518 1034 122 21 sexhundra
655 1034 74 21 trettio
743 1034 62 22 mark
820 1034 41 28 tju-

104 1066 64 28 gusju
184 1067 73 26 penni,
272 1067 89 21 hvarom
376 1068 26 20 Vi
417 1068 32 20 uti
465 1068 113 22 skrifvelse
593 1068 25 22 af
631 1069 41 20 den
687 1070 14 19 2
715 1068 147 22 innevarande

106 1100 52 21 Juni
177 1100 40 22 hos
232 1101 60 22 Hans
307 1102 122 27 Kejserliga
444 1102 103 28 Majestät
562 1103 7 21 i
584 1103 173 27 underdänighet
772 1102 89 22 anmält.

456 1161 10 25 s
483 1160 34 21 38.

174 1203 10 21 I
200 1203 118 28 anledning
334 1205 25 21 af
372 1205 39 21 Oss
427 1205 99 28 förelagd
542 1205 65 27 nådig
617 1204 134 29 proposition
763 1205 63 22 hafve
837 1205 26 21 Vi

106 1237 33 21 för
154 1238 52 21 ären
223 1239 141 21 1883—1885
381 1240 84 21 anvisat
482 1242 32 19 ett
529 1240 63 27 ärligt
607 1240 75 27 anslag
697 1241 25 21 af
734 1240 129 21 femhundra

106 1272 176 22 trettiotvätusen
298 1273 63 21 mark
376 1273 33 22 till
423 1275 116 21 underhäll
553 1275 24 21 af
585 1275 148 21 folkskolorna
743 1275 7 21 i
761 1275 102 21 städerna

107 1305 40 22 och
169 1307 29 26 pä
219 1307 82 26 landet,
324 1307 34 21 till
379 1308 202 28 löneförhöjningar
603 1309 22 21 ät
643 1309 164 22 folkskollärare
824 1309 39 21 och

106 1339 129 27 lärarinnor,
258 1343 56 19 samt
337 1342 175 27 pensionerande
533 1343 24 21 af
574 1343 164 22 folkskollärare
753 1343 40 21 och
808 1343 55 21 lära-

107 1374 74 21 rinnor
196 1375 29 27 pä
240 1375 75 22 landet
331 1376 110 22 äfvensom
457 1377 35 21 till
507 1377 134 21 betäckande
657 1377 24 22 af
693 1378 42 21 den
746 1377 61 26 brist,
818 1384 45 14 som

107 1408 33 21 till
162 1410 110 26 utgången
291 1410 24 21 af
327 1411 25 20 år
367 1411 57 21 1882
439 1411 119 22 beräknats
573 1413 80 26 uppstå
667 1412 7 21 i
689 1412 36 21 det
741 1411 25 22 af
778 1413 85 20 senaste

106 1443 107 27 landtdag
228 1443 107 29 beviljade
351 1445 192 28 folkskoleanslag,
559 1446 88 21 hvarom
657 1446 134 27 underdänig
803 1445 61 21 skrif-
