1020 1675
191 117 11 17 4
375 116 243 20 Petitionsbetänkande
630 116 37 20 N:o
680 116 31 19 33.

169 176 53 20 utan
245 174 70 21 såsom
334 176 141 26 petitionären
494 176 133 26 framhåller,
646 175 70 22 skulle
734 176 72 20 lemna
825 181 46 15 rum
891 174 32 22 för

170 208 166 28 anmärkningar
350 209 24 21 af
388 211 69 20 större
472 210 55 21 eller
540 210 83 21 mindre
638 210 51 26 vigt.

240 242 39 21 Att
292 243 46 22 åter
353 244 75 27 frågan
443 250 35 15 om
493 244 99 22 enskilda
606 244 81 22 banker
702 244 34 21 för
752 245 30 20 ett
797 244 61 21 lands
873 243 50 22 eko-

170 277 57 21 nomi
247 277 40 22 har
302 278 40 21 den
357 278 116 27 betydelse,
489 280 33 20 att
536 278 160 27 lagstiftningen
712 279 92 20 rörande
818 279 48 21 dem
881 278 43 21 för-

170 311 71 27 tjenar
261 311 40 22 den
316 313 80 20 största
411 313 189 26 uppmärksamhet
614 313 48 21 från
677 312 178 22 statsmakternas
870 313 53 26 sida,

170 345 76 22 derom
257 347 25 20 är
294 346 109 22 Utskottet
411 347 104 21 likaledes
522 347 132 26 fullkomligt
661 353 52 15 ense
720 347 48 20 med
776 347 148 26 petitionären.

170 380 44 21 Det
232 381 62 20 torde
313 380 47 22 icke
379 387 51 15 vara
448 381 131 27 nödvändigt
597 382 33 20 att
647 381 40 21 här
705 383 98 19 närmare
819 381 104 26 utveckla,

171 413 57 22 hvad
243 420 56 21 gagn
316 415 38 21 och
364 416 60 26 nytta
435 417 31 19 ett
475 415 62 22 lands
548 415 81 22 banker
639 415 72 21 kunna
721 415 76 26 bringa
807 415 118 21 detsamma

171 454 78 21 genom
268 450 32 19 att
318 450 76 26 utgöra
413 449 144 22 förmedlaren
575 450 79 21 mellan
669 449 88 27 kapital,
773 455 45 16 som
833 449 92 21 behöfva

170 483 107 26 placeras,
292 483 39 21 och
346 483 90 28 företag,
451 484 72 21 hvilka
538 483 34 22 för
586 485 32 20 att
628 484 72 21 kunna
710 483 114 22 realiseras
834 482 91 22 behöfva

171 517 90 26 kapital,
281 519 55 20 samt
354 524 76 21 genom
449 520 32 19 att
496 518 114 21 förmedels
626 517 93 22 handeln
734 517 49 22 med
798 517 73 22 vexlar
885 516 39 22 och

171 551 133 27 invisningar
319 552 122 22 underlätta
455 553 264 27 penningeomsättningen
734 551 24 22 så
768 551 35 22 väl
813 551 57 22 inom
880 551 45 21 lan-

172 586 37 21 det
231 592 47 15 som
296 586 78 22 mellan
393 587 58 21 olika
465 587 81 26 länder,
561 598 27 4 —
603 587 31 21 alt
652 586 114 28 uppgifter,
786 592 46 15 som
851 586 75 21 endast

172 620 69 22 delvis
258 620 38 22 och
312 620 148 28 ofullständigt
474 621 71 21 kunna
559 621 104 27 fullgöras
673 621 24 21 af
705 627 27 15 en
742 621 55 21 enda
808 620 117 22 statsbank.

171 654 44 21 För
233 656 34 20 att
285 655 45 21 visa
348 655 191 27 privatbankernas
556 656 111 27 betydelse
685 654 103 22 särskildt
806 654 55 22 hvad
875 654 51 22 Fin-

172 688 52 22 land
247 688 107 27 beträffar,
377 690 62 21 torde
457 690 36 21 det
511 696 52 15 vara
581 689 126 27 tillräckligt
725 690 31 20 att
774 688 99 28 påminna
891 694 35 16 om

172 722 42 22 den
233 722 75 22 starka
325 724 121 26 utveckling
466 724 63 22 dessa
548 724 80 22 banker
646 724 39 21 hos
705 730 34 14 oss
754 723 90 27 uppnått
858 723 68 21 under

173 757 42 21 den
235 756 159 27 jemförelsevis
416 758 63 21 korta
497 759 31 20 tid
547 758 24 21 af
586 759 37 21 två
641 758 121 26 decennier,
780 764 46 15 som
845 757 82 21 förlidit

172 791 67 22 sedan
255 792 41 21 den
311 791 68 23 första
393 793 126 26 privatbank
535 793 39 21 här
588 793 125 21 inrättades.

243 826 32 21 På
289 827 68 26 grund
372 827 64 20 häraf
449 827 39 21 och
503 827 27 21 då
545 827 37 21 det
591 833 90 16 numera
690 826 46 21 icke
747 826 41 21 kan
799 833 52 14 vara
860 825 66 27 omöj-

173 859 47 27 ligt,
236 861 34 20 att
284 861 48 20 med
347 861 87 26 ledning
448 861 24 21 af
485 861 41 21 den
541 861 65 22 sedan
624 861 140 22 1863—1864
779 861 35 21 års
824 860 103 26 landtdag

173 900 72 15 vunna
265 895 148 22 erfarenheten
433 895 96 26 bedöma,
548 896 7 20 i
573 895 73 22 hvilka
661 895 60 22 delar
741 895 55 21 1866
811 895 35 20 års
861 894 66 21 bank-

173 928 127 27 förordning
311 929 69 22 skulle
388 929 97 22 erfordra
493 929 134 28 förbättring,
636 929 39 22 har
683 929 165 21 Bankutskottet
855 928 72 21 enhäl-

174 962 40 27 ligt
225 964 72 20 ansett
305 969 26 15 en
339 964 93 21 revision
439 964 24 21 af
470 964 145 26 stadgandena
624 964 6 21 i
639 964 70 21 denna
717 963 124 26 förordning
849 969 51 14 vara
908 962 19 26 ej

174 995 56 22 blott
245 997 107 21 önskvärd
368 999 50 20 utan
435 998 61 21 äfven
512 998 23 21 af
550 997 40 22 den
605 998 52 26 vigt,
670 999 33 20 att
713 997 65 21 saken
789 997 66 21 borde
864 998 64 25 göras

173 1030 34 21 till
220 1030 90 22 föremål
323 1031 33 21 för
368 1038 26 15 en
403 1033 183 26 ständerpetition.
604 1033 104 20 Deremot
715 1031 39 21 har
761 1031 111 21 Utskottet
882 1030 47 21 icke

174 1064 64 21 hällit
257 1065 36 21 det
311 1065 33 21 för
362 1066 99 27 lämpligt
475 1067 59 26 eller,
550 1067 48 21 med
613 1066 102 21 afseende
730 1066 12 20 ä
758 1066 40 21 den
814 1065 62 21 korta
890 1065 38 25 tid,

175 1105 45 15 som
239 1101 58 19 ännu
316 1100 92 21 äterstär
426 1101 23 21 af
467 1101 129 21 Ständernas
615 1106 155 20 sammanvaro,
790 1105 38 16 ens
847 1099 83 27 möjligt

174 1134 32 20 att
225 1133 121 22 Ständerna
364 1140 29 16 nu
412 1134 69 22 skulle
500 1135 50 27 ingä
564 1136 7 20 i
586 1135 99 27 pröfning
701 1134 23 22 af
737 1134 87 26 frägans
839 1133 91 27 detaljer

175 1167 54 21 eller
246 1168 69 21 uttala
330 1168 32 27 sig
378 1175 34 15 om
428 1169 154 27 befogenheten
598 1169 22 21 af
634 1169 75 26 hvarje
724 1168 146 26 anmärkning,
884 1173 46 15 som

175 1201 24 21 af
218 1202 143 26 petitionären
380 1203 77 21 riktats
472 1205 44 19 mot
531 1203 152 27 förordningen
698 1203 7 20 i
720 1202 62 26 fräga
796 1204 56 18 samt
866 1202 64 20 huru-

175 1235 51 21 vida
244 1236 47 22 icke
310 1237 69 21 denna
400 1237 62 21 äfven
481 1238 7 20 i
506 1238 67 21 andra
588 1237 135 21 hänseenden
739 1236 82 22 lemnar
835 1242 46 14 rum
897 1235 34 21 för

176 1270 133 27 berättigadt
319 1271 95 22 klander.
430 1272 109 21 Utskottet
546 1272 37 21 vill
592 1272 7 21 i
607 1272 60 21 detta
675 1271 100 22 afseende
784 1270 76 21 endast
867 1269 64 21 fram-

176 1304 59 21 hålla
252 1305 67 26 några
334 1306 137 27 synpunkter,
485 1306 73 21 hvilka
573 1305 89 22 framför
678 1305 68 21 andra
761 1310 63 21 synas
839 1303 93 27 förtjena

176 1339 32 20 att
224 1338 37 21 vid
277 1339 85 27 frågans
378 1339 131 22 bedömande
524 1342 61 24 tagas
600 1340 7 21 i
623 1339 164 26 öfvervägande.

248 1378 32 21 En
296 1379 23 20 af
332 1379 27 21 de
374 1381 56 20 mest
444 1380 120 27 betydande
579 1380 139 26 olägenheter
732 1379 38 20 hos
781 1379 40 20 den
832 1377 100 27 gällande

177 1411 220 28 banklagstiftningen
409 1414 72 21 består
491 1414 68 26 enligt
569 1413 122 22 Utskottets
703 1413 65 20 tanke
779 1413 7 20 i
798 1414 13 19 2
819 1413 45 26 $:ns
875 1412 57 21 stad-

247 1452 138 17 Bankutskottets
396 1453 103 17 betänkande
513 1453 33 17 N:o
559 1454 17 16 5.
