1011 1675
278 105 250 24 Petitionsbetänkande
543 105 37 23 N:o
595 104 32 24 14.
778 106 25 20 17

75 177 34 18 och
131 176 106 23 billigheten
260 176 53 18 deraf
329 177 28 16 att
376 172 120 22 Österbotten
515 176 6 17 i
540 175 58 18 likhet
616 175 41 18 med
672 175 23 18 de
709 175 53 17 flesta
777 173 56 18 andra

76 206 104 17 landsdelar
201 206 81 16 kommer
300 205 6 17 i
325 204 108 24 åtnjutande
453 204 20 18 af
484 204 113 18 förbättrade
619 203 177 19 kommunikationer
810 202 24 23 på

77 235 66 17 allmän
166 234 106 21 bekostnad,
295 236 47 15 samt
362 235 28 15 ett
409 234 63 21 längre
494 233 81 24 uppskof
592 233 41 17 med
649 232 154 24 tillgodoseendet
818 230 19 18 af

77 261 128 20 Österbottens
220 263 33 18 och
269 268 54 12 norra
337 263 87 17 Finlands
439 262 57 18 behof
508 263 5 16 i
529 263 51 17 detta
592 262 104 18 hänseende
707 261 57 18 skulle
775 261 59 18 verka

78 293 76 22 menligt
173 293 23 22 pä
215 292 53 17 dessa
290 291 113 18 landsdelars
421 291 118 18 ekonomiska
559 291 105 22 utveckling
683 291 34 18 och
732 290 102 23 säkerligen

78 321 77 23 bidraga
174 321 27 17 till
221 321 35 17 den
276 320 79 17 derifrån
378 320 104 23 påbegynta
501 320 141 23 emigrationens
662 320 78 21 tillvext,
756 319 46 22 våga
817 319 17 17 vi

78 350 132 17 vördsammast
225 349 76 22 anhålla,

251 389 27 33 att
285 395 115 18 .Ständerna
415 395 40 17 ville
466 395 34 23 för
514 395 29 17 sin
558 395 29 17 del
601 395 69 17 besluta
685 394 32 18 och
731 394 33 17 hos
778 393 57 18 Hans

183 423 104 24 Kejserliga
306 423 88 24 Majestät
413 424 7 17 i
434 423 148 24 underdänighet
596 423 94 18 hemställa
705 425 28 15 att
747 429 23 11 en
785 422 50 18 bana

182 458 64 18 genom
263 444 124 39 Österbotten,
410 452 111 18 sträckande
543 453 28 22 sig
588 453 50 23 från
656 452 75 23 lämplig
749 451 61 24 punkt
824 451 12 16 å

188 480 84 19 Wasa—
280 475 124 34 Tammerfors
415 482 79 22 jernväg
509 481 54 23 längs
577 481 63 18 kusten
655 481 26 18 til
697 479 89 24 Uleåborg
796 479 40 18 med

184 510 102 18 berörande
302 511 24 22 af
338 509 110 18 deremellan
468 510 78 23 belägna
560 510 68 22 städer,
644 515 39 12 som
697 510 65 18 kunna
777 509 60 23 lämp-

184 539 48 23 ligen
255 539 85 23 anlöpas,
363 539 55 17 skulle
436 539 71 24 främst
522 539 29 23 pä
568 541 69 16 statens
652 538 100 18 bekostnad
767 538 70 23 byggas

185 569 44 23 efter
244 568 107 24 afslutande
367 568 23 24 af
403 574 26 11 nu
441 568 100 23 pågående
552 568 182 24 jernvägsbyggnad,
750 569 49 16 samt
803 567 34 23 för

185 596 108 18 ändamälet
309 596 70 24 nödiga
398 596 58 18 medel
470 597 77 17 anvisas
562 599 27 15 att
607 597 3 17 i
624 598 44 16 män
684 597 24 23 af
720 596 54 24 behof
786 596 51 22 utgä.

152 644 9 17 I
176 644 129 22 sammanhang
319 644 40 16 med
378 644 60 16 denna
451 643 87 23 jernvägs
553 644 109 22 anläggning
677 643 61 18 kunde
753 642 86 23 möjligen

83 678 23 12 en
122 672 67 18 bibana
204 672 39 18 från
259 672 97 18 Uleäträsk
372 672 27 17 till
415 672 92 22 Uleåborg
522 672 91 22 anläggas,
622 674 46 15 samt
678 672 46 18 efter
735 672 104 17 densamma

84 702 60 17 banan
159 701 39 18 från
218 701 100 17 Davidstad
339 706 65 18 genom
424 701 28 17 S:t
466 701 66 17 Michel
551 701 28 17 till
594 701 73 23 Kuopio
681 701 73 18 komma
769 700 28 17 till
812 701 27 16 ut-

84 729 96 19 förande".

115 779 22 23 G.
154 779 24 22 A.
194 779 97 29 Ingman.
382 779 26 23 R.
424 778 97 23 Castrén.
594 778 56 23 Karl
664 778 24 23 H.
705 778 120 23 Lindholm.

451 935 29 21 ri

157 982 54 21 Frän
226 982 163 21 Bondeständet
409 988 25 15 en
450 981 91 28 petition
561 982 110 27 angäende
687 981 42 22 den
744 983 98 20 närmare

89 1017 153 27 sträckningen
258 1016 23 22 af
294 1023 26 15 en
336 1017 55 21 bana
406 1016 46 21 från
469 1016 33 22 S:t
516 1016 78 22 Michel
604 1016 33 21 till
647 1016 91 28 Kuopio,
750 1015 94 28 ingifven

89 1051 22 22 af
124 1051 193 22 landtdasmannen
335 1051 57 22 Juho
408 1051 103 27 Kaksola,
527 1051 85 22 hvilken
627 1051 7 22 i
650 1051 156 27 öfversättning
821 1053 23 19 är

89 1086 126 28 sälydande:

269 1166 9 10 n
282 1149 39 27 Till
336 1149 139 21 Hedervärda
490 1149 167 22 Bondeständet.

159 1193 35 22 Jag
209 1193 81 17 avhåller
305 1193 5 17 i
326 1193 84 23 djupaste
426 1192 107 24 ödmjukhet
547 1194 28 16 att
590 1193 40 17 med
641 1192 99 24 anledning
750 1192 21 18 af
778 1194 67 16 tvenne

91 1222 141 22 församlingars,
254 1222 66 17 Joutsa
339 1221 33 18 och
392 1222 118 17 Leivonmäki
526 1222 115 17 kommuners
655 1222 191 17 kommunalstämmo-

90 1250 93 24 protokoll
205 1250 18 18 få
241 1250 66 18 föreslå
327 1256 22 12 en
362 1250 84 23 jernväg,
464 1250 71 23 gående
549 1250 46 18 ifrån
610 1250 27 19 S:t
652 1250 65 18 Michel
732 1250 29 18 till
774 1250 73 23 Kuopio

91 1281 91 16 vesterom
197 1280 85 23 Kyyvesi,
299 1278 78 24 (hvilket
392 1279 54 18 äfven
462 1281 20 16 är
490 1279 237 24 jernvägskommissionens
737 1279 110 18 alternativa

91 1307 82 24 förslag),
196 1308 75 18 sälunda
291 1310 28 15 att
339 1309 35 17 den
394 1308 24 23 pä
433 1308 57 23 nägot
507 1309 53 17 ställe
576 1309 57 17 skulle
649 1309 63 17 beröra
728 1308 87 17 stranden
831 1307 19 18 af

91 1337 98 18 Pnulavesi
208 1337 33 23 sjö,
261 1337 74 18 hvilken
355 1337 27 23 sjö
397 1337 5 18 i
418 1337 98 18 framtiden
531 1337 61 18 kunde
606 1337 71 18 förenas
692 1337 41 18 med
749 1337 98 18 Suontien-

89 1365 49 24 järvi
161 1371 65 16 genom
245 1371 22 12 en
288 1366 60 17 kanal.
378 1365 26 18 Pä
424 1366 66 17 sädant
511 1367 38 16 sätt
566 1366 59 17 blefve
640 1366 22 17 de
678 1366 104 18 vattenrika
797 1365 51 18 sock-

92 1399 57 13 narne
171 1395 135 22 Kangasniemi,
329 1395 124 21 Leivonmäki,
476 1395 71 22 Joutsa,
567 1395 76 18 Hartola
662 1395 33 18 och
710 1394 89 19 Luhanko
813 1394 35 17 för-

93 1423 57 18 sedda
165 1423 41 18 med
220 1424 61 17 bättre
296 1423 184 18 kommunikationer.

163 1459 189 23 JTernvägsutskottets
364 1459 118 18 betänkande
494 1460 37 17 N:o
543 1461 17 17 2.
771 1460 10 16 2
