1023 1681
193 116 13 21 4
375 115 241 24 Petitionsbetänkande
633 116 37 23 N:o
687 116 22 23 8.

234 173 75 22 Ehuru
325 174 81 21 således
423 174 216 28 medicinalstyrelsen
649 174 116 22 förordade
776 175 32 20 att
818 173 108 22 Kuusamo

165 208 39 21 och
219 208 124 27 Kuolajärvi
358 209 91 21 socknar
461 209 67 26 jemte
546 209 102 26 Jokijärvi
664 209 71 27 kapell
752 209 66 21 måtte
834 207 92 27 afskiljas

165 242 32 21 till
217 244 32 20 ett
269 245 48 24 eget
336 243 281 27 provincialläkaredistrikt,
633 243 51 21 fann
701 243 120 27 Kejserliga
836 242 92 21 Senaten

167 277 52 26 godt
239 279 33 19 att
290 277 47 22 icke
357 277 72 22 bifalla
450 277 239 28 kommunalstyrelsens
705 277 7 21 i
728 277 108 21 Kuusamo
856 277 72 20 derom

165 311 76 27 gjorda
264 312 144 27 underdåniga
431 312 160 27 framställning,
615 314 52 19 utan
687 313 32 20 att
739 311 29 22 uti
785 311 143 22 resolutionen

166 346 65 26 några
247 346 65 21 motiv
327 346 33 21 för
375 346 88 27 afslaget
478 346 105 22 anfördes.

234 380 75 22 Redan
324 381 97 27 tidigare,
437 381 32 22 för
484 381 55 22 elfva
555 382 24 21 år
593 381 66 22 sedan
675 381 61 22 skola
747 379 129 26 Rovaniemi,
888 379 41 21 Ke-

167 414 89 22 miträsk
273 415 39 22 och
327 415 124 28 Kuolajärvi
465 416 126 21 kommuner
605 416 32 21 till
653 415 204 27 Civilexpeditionen
868 413 62 22 hafva

166 449 86 22 insändt
267 456 26 15 en
309 456 126 21 gemensam,
452 450 22 22 af
488 450 204 28 provincialläkaren
704 450 7 21 i
721 450 91 25 Torneå,
824 449 33 21 till
867 449 62 20 hvars

167 483 86 22 distrikt
269 484 26 21 de
311 484 40 22 alla
367 484 58 27 höra,
448 484 102 22 förordad
573 485 105 27 anhållan,
698 491 35 15 om
749 485 33 20 att
797 490 26 15 en
838 482 91 23 särskild

166 518 191 26 provincialläkare
367 519 32 22 för
409 519 91 22 nämnde
508 519 148 27 församlingar
664 520 68 21 måtte
741 519 105 21 tillsättas.
868 513 62 26 Ännu

167 552 39 21 har
221 553 62 26 dock,
299 553 65 27 enligt
375 553 55 22 hvad
439 554 205 27 landtdagsmannen
659 553 87 22 Hoikka
757 553 40 21 här
807 552 61 21 ofvan
879 558 51 21 upp-

167 587 62 27 lyser,
245 587 118 28 Kejserliga
379 588 103 22 Senatens
497 588 70 27 utslag
584 588 91 21 rörande
691 588 63 21 deras
770 587 99 22 anhållan
884 586 46 21 icke

167 620 68 22 blifvit
251 621 48 22 dem
315 622 118 21 meddelad.

235 655 35 22 Då
288 656 82 22 således
392 656 74 27 frågan
488 663 35 15 om
545 657 134 21 anställande
700 656 23 21 af
741 662 53 21 egna
809 655 73 22 läkare
897 654 34 21 för

169 690 61 21 dessa
246 690 94 27 aflägsna
355 690 82 22 trakter
452 691 46 22 icke
514 692 27 26 på
556 691 70 27 vanlig
641 691 125 26 embetsväg
777 690 81 21 kunnat
868 689 63 21 vinna

169 730 26 15 en
209 723 33 22 för
258 725 61 21 deras
334 724 122 28 befolkning
466 725 196 22 tillfredsställande
677 725 91 26 lösning,
784 725 39 20 har
838 724 41 21 den
894 729 37 15 nu-

168 765 58 15 mera
241 765 77 21 genom
333 762 200 25 representanterne
549 760 33 21 för
597 760 62 21 Kemi
670 759 40 22 och
722 759 85 22 Torneå
819 758 112 26 domsagor

168 793 73 27 bragts
258 794 67 21 under
336 795 128 22 Ständernas
475 795 104 27 pröfning.
603 795 74 22 Såsom
689 800 70 21 synes,
770 793 161 22 öfverensstäm-

168 834 46 15 mer
228 828 205 27 landtdagsmannen
449 830 92 21 Luomas
552 829 181 27 petitionsförslag
743 828 7 21 i
761 827 42 22 allo
815 827 47 21 med
873 827 59 20 kom-

167 862 188 28 munalstyrelsens
370 863 7 22 i
392 864 108 21 Kuusamo
517 864 39 21 den
572 865 27 20 27
614 863 89 22 Januari
716 863 56 21 1880
783 861 22 22 af
814 861 118 27 Kejserliga

169 896 94 22 Senaten
273 897 96 28 afslagna
379 898 146 27 underdåniga
535 898 160 26 framställning,
708 897 90 21 likasom
810 897 46 21 åter
863 895 69 22 landt-

169 931 145 27 dagsmannen
337 932 85 22 Hoikka
444 933 97 21 förordar
559 933 40 21 den
617 932 23 21 af
653 931 133 26 Rovaniemi,
810 930 121 22 Kemiträsk

169 965 40 22 och
225 966 124 27 Kuolajärvi
364 967 125 22 kommuner
504 967 65 22 redan
585 967 90 26 tidigare
691 966 76 27 gjorda
783 965 104 22 anhållan.

238 1000 112 22 Utskottet
365 1001 40 21 har
419 1001 75 22 främst
508 1001 34 21 vid
553 1001 156 26 behandlingen
721 1000 22 21 af
752 1000 62 21 dessa
823 999 109 27 petitions-

169 1034 111 21 memorial
303 1035 56 21 velat
382 1035 70 22 erinra
475 1036 79 25 derom,
574 1037 32 20 att
623 1035 67 21 redan
707 1041 26 15 en
747 1033 121 28 jemförelse
884 1033 48 21 med

170 1069 150 22 motsvarande
342 1069 146 22 förhållanden
509 1069 7 22 i
535 1070 171 26 grannländerna
729 1068 148 27 ådagalägger,
901 1069 32 20 att

170 1102 81 22 antalet
267 1103 22 21 af
302 1103 73 22 läkare
397 1103 61 22 äfven
472 1104 8 21 i
495 1104 104 27 sydligare
615 1104 60 21 delar
691 1103 22 22 af
728 1103 47 21 vårt
791 1102 51 21 land
857 1104 24 19 är
896 1101 36 22 be-

170 1137 77 27 tydligt
269 1137 82 22 mindre
374 1140 27 19 än
420 1137 56 22 hvad
495 1145 49 14 man
559 1138 140 21 annorstädes
716 1139 71 20 ansett
802 1143 50 14 vara
868 1135 66 22 ound-

170 1171 113 27 gängligen
305 1172 135 27 nödvändigt.
471 1172 10 22 I
501 1172 71 27 Norge
594 1172 38 21 har
651 1178 50 15 man
718 1177 26 15 en
760 1171 73 21 läkare
849 1171 27 27 på
891 1171 19 24 6,
927 1169 7 21 i

171 1205 87 27 Sverige
273 1212 26 15 en
314 1206 28 27 på
362 1206 144 27 ungefärligen
523 1208 11 20 7
550 1206 134 27 qvadratmil,
701 1206 6 20 i
724 1205 92 22 Finland
838 1205 96 21 deremot

171 1246 26 14 en
220 1240 28 26 på
269 1246 26 15 en
315 1240 58 21 areal
391 1240 22 21 af
432 1243 98 19 närmare
545 1242 27 20 23
588 1240 134 27 gvadratmil.
755 1239 45 22 Och
822 1245 26 15 ur
863 1238 71 22 ofvan-

173 1274 89 21 stående
277 1274 107 27 uppgifter
398 1274 132 22 beträffande
545 1275 75 21 vidden
637 1274 22 22 af
672 1274 120 26 Uleåborgs
804 1273 38 21 och
853 1273 83 21 Torneå

172 1308 161 22 läkaredistrikt
347 1308 99 28 framgår,
458 1311 31 19 att
499 1308 141 22 förhållandet
653 1310 14 20 å
678 1308 27 22 de
716 1308 122 27 nordligare
849 1309 85 19 orterna

173 1344 24 20 är
212 1344 57 20 ännu
285 1342 48 22 vida
349 1349 166 21 ogynsammare,
531 1344 24 20 så
570 1345 31 19 att
617 1344 6 20 i
633 1342 76 27 sjelfva
719 1342 75 22 verket
804 1342 131 21 vidsträckta

173 1376 103 22 områden
291 1377 116 27 derstädes,
419 1378 69 20 såsom
499 1377 217 27 medicinalstyrelsen
727 1376 129 26 framhåller,
867 1377 67 20 måste

173 1417 61 15 anses
249 1411 108 21 uteslutne
375 1411 46 21 från
437 1411 135 27 möjligheten
587 1414 32 19 att
634 1411 85 21 erhålla
735 1410 135 27 läkarehjelp.
902 1411 33 21 Då

173 1445 106 21 utskottet
301 1445 108 22 dessutom
431 1446 54 26 tagit
499 1445 6 21 i
521 1445 146 27 betraktande,
689 1447 33 19 att
740 1444 149 28 befolkningen
904 1444 31 22 uti

240 1484 105 18 Allmänna
357 1485 177 18 Besvärsutskottets
547 1486 115 17 betänkande
676 1486 39 17 N:o
729 1485 17 19 8.
