1020 1678
189 113 13 22 8
360 113 239 24 Petitionsbetänkande
614 114 37 23 M:o
667 113 37 24 27.

159 171 92 26 komma,
267 170 41 22 kan
324 172 30 20 ett
370 171 66 28 dylikt
450 171 55 29 syfte
520 173 24 21 sä
558 172 49 27 föga
621 171 7 22 i
644 172 47 22 dem
699 171 102 27 inläggas,
812 171 32 21 att
851 169 67 22 hellre

160 211 26 16 en
204 206 89 21 motsatt
307 205 65 22 tanke
386 205 43 23 läte
443 207 32 27 sig
490 207 64 21 derur
568 206 104 22 härledas.
703 205 31 28 Ty
749 205 36 22 det
799 204 119 28 föreslagna

160 239 128 28 stadgandet
311 240 117 23 innehåller
451 241 57 22 blott
526 243 32 20 ett
571 241 111 22 uttalande
697 240 110 27 angående
821 238 96 29 lagsti/t-

159 275 188 27 ningsinitiativet.
379 275 45 22 Och
444 275 45 22 lika
510 276 48 22 litet
580 282 45 16 som
645 275 128 27 rättigheten
788 276 32 20 att
834 273 83 29 petitio-

159 315 53 16 nera
235 309 8 21 i
265 309 184 28 grundlagsfrägor
467 310 52 22 eller
534 311 108 27 angäende
657 309 172 28 organisationen
843 308 23 23 af
878 309 40 27 sjö-

161 343 39 21 och
225 343 163 23 landtförsvaret
406 344 121 28 derigenom
542 344 107 27 afskurits,
665 344 43 22 lika
723 344 48 22 litet
786 344 42 21 kan
843 343 76 21 sädant

160 377 62 22 hafva
238 378 89 28 äsyftats
342 378 7 22 i
364 378 98 23 afseende
477 380 13 21 &
505 379 100 28 presslag.
631 379 10 22 I
655 378 73 29 sjelfva
743 378 74 22 verket
831 377 88 28 ingifver

160 413 65 21 redan
251 413 72 27 sjelfva
347 413 221 28 sammanställningen
590 414 49 22 med
653 413 54 22 först
722 413 139 22 omförmälda
875 412 43 27 lag-

159 447 185 28 stiftningsämnen
358 455 46 15 mer
419 451 26 19 än
460 448 56 22 blott
532 451 30 20 ett
577 449 63 27 hopp,
657 451 32 20 att
697 449 60 21 Hans
765 447 106 28 Majestät,
879 449 39 19 när

160 482 58 21 tiden
230 482 70 21 dertill
311 485 24 19 är
344 483 55 27 inne,
409 483 6 21 i
422 484 66 21 nåder
496 490 62 15 ernar
566 485 50 26 taga
624 483 36 22 det
671 483 22 22 af
701 483 78 21 honom
788 481 131 22 förbehållna

159 516 94 22 initiativ
275 517 32 22 till
327 524 25 15 en
368 518 136 28 sannskyldig
519 518 171 28 tryckfrihetslag
705 517 33 22 för
753 515 166 24 Storfurstendö-

160 553 49 19 met.
241 552 42 21 Det
305 552 41 21 kan
366 552 27 22 dä
415 553 45 21 icke
475 553 57 27 ligga
546 553 65 27 nägot
626 551 125 28 otillbörligt
766 551 31 22 uti
812 552 32 20 att
859 550 60 22 Stän-

161 585 65 22 derna
250 585 54 22 inför
329 588 75 21 tronen
428 587 106 22 frambära
559 587 110 22 nationens
689 586 66 27 lifliga
770 585 128 27 önskningar
912 585 6 20 i

161 620 58 22 detta
238 621 98 22 afseende
352 624 56 19 samt
423 622 25 21 de
464 622 45 21 skäl
525 622 39 21 och
580 621 186 28 omständigheter,
782 620 72 21 hvilka
868 619 50 27 möj-

159 653 57 28 ligen
240 662 51 14 vore
314 656 80 26 egnade
416 658 32 19 att
465 656 86 21 inverka
566 657 27 26 pä
608 656 129 21 Monarkens
752 655 75 21 beslut.
859 654 60 22 Stän-

161 688 65 22 derna
251 690 61 22 skola
336 690 121 27 derigenom
481 690 56 22 blott
558 690 62 22 hafva
637 690 96 27 fullgjort
748 695 25 15 en
789 688 130 26 undersätlig

160 722 59 28 pligt,
242 724 40 22 och
303 725 55 21 huru
373 725 36 21 det
423 725 56 27 höga
494 725 91 21 beslutet
601 727 26 19 än
642 724 92 26 utfaller,
750 723 55 22 skall
820 723 37 21 det
871 723 47 21 med

160 763 53 16 sann
237 759 161 21 konstitutione]
419 759 96 22 vördnad
537 759 33 22 för
584 758 231 23 Statsöfverhufvudets
831 757 88 28 öfverty-

159 793 58 27 gelse
232 794 40 21 och
287 793 49 27 vilja
352 795 122 26 emottagas.

229 828 77 27 Kejsar
326 828 120 22 Alexander
468 828 32 22 III
520 828 38 22 har
572 828 8 21 i
595 828 38 22 ord
649 828 39 22 och
704 827 88 28 gerning
807 826 112 27 ådagalagt

159 862 32 21 sin
215 862 131 27 högsinnade
371 863 62 26 afsigt
450 865 32 19 att
496 863 70 27 fortgä
580 863 27 27 pä
623 863 40 21 den
679 863 57 20 bana
751 861 22 22 af
785 861 133 22 samhällsre-

159 896 80 22 former
257 896 32 22 för
304 897 100 21 Finlands
419 897 40 27 väl,
474 903 46 16 som
535 897 59 22 Hans
609 897 126 27 oförgätlige
750 895 69 22 Fader
833 895 85 22 beträdt

160 931 39 21 och
215 931 101 22 vidhällit.
338 931 60 22 Hans
414 931 99 28 Majestät
527 931 39 22 har
581 932 39 21 ock
635 931 108 27 värdigats
758 929 55 28 gifva
825 929 25 22 de
860 929 57 22 nädi-

159 967 60 25 gaste
241 965 85 28 uttryck
344 965 22 22 af
380 965 35 22 det
430 965 56 28 höga
500 965 126 27 förtroende,
642 965 102 22 hvarmed
760 963 101 22 Finlands
875 963 43 22 folk

159 999 22 21 af
199 999 48 21 dess
263 999 115 22 Storfurste
394 1000 103 21 omfattas.
528 1000 36 21 Mä
580 1000 26 21 dä
621 1000 120 21 Ständerna
756 998 117 28 uppriktigt
887 1000 32 18 ut-

159 1033 50 27 tala,
225 1035 34 20 att
273 1034 36 21 det
324 1034 46 21 icke
385 1034 64 26 gifves
464 1035 69 26 nägon
548 1034 81 27 ätgärd,
645 1040 47 16 som
703 1032 139 28 ojäfaktigare
852 1032 68 21 skulle

159 1068 52 21 bära
236 1068 132 21 vittnesbörd
393 1075 34 15 om
450 1069 69 21 denna
541 1068 61 28 afsigt
617 1068 40 22 och
673 1068 61 22 detta
748 1067 128 26 förtroende,
892 1069 27 19 än

159 1102 41 21 den
215 1108 47 16 som
277 1102 79 28 åsyftas
371 1102 7 21 i
393 1102 137 23 förevarande
546 1102 164 28 önskningsmäl.

228 1137 44 21 För
287 1136 31 22 sin
334 1136 34 22 del
382 1137 32 21 fär
428 1138 150 26 Lagutskottet
593 1138 110 21 vördsamt
717 1135 84 27 föreslä,

368 1204 31 17 att
424 1200 117 22 Ständerna
562 1200 47 22 ville
623 1200 34 21 hos
675 1199 61 21 Hans
753 1198 101 29 Majestät
869 1198 50 28 Kej-

297 1242 61 14 saren
373 1235 36 21 och
429 1234 130 26 Storfursten
574 1236 8 19 i
597 1234 167 28 underdänighet
779 1232 92 28 anhålla,
886 1234 33 20 det

300 1270 75 20 täcktes
392 1269 59 21 Hans
468 1270 117 27 Kejserliga
602 1268 108 29 Majestät,
727 1270 23 19 sä
759 1272 60 17 snart
829 1271 90 17 omstän-

298 1304 119 28 digheterna
442 1305 104 28 medgifva
569 1304 36 21 och
623 1304 48 21 helst
687 1304 66 21 redan
770 1303 31 21 till
814 1303 105 20 nästkom-

298 1339 75 21 mande
398 1339 112 27 landtdag,
526 1339 42 19 läta
582 1338 116 28 förelägga
716 1337 124 21 Ständerna
856 1337 64 27 nädig

295 1374 134 27 proposition
446 1373 31 21 till
493 1374 34 27 lag
544 1374 104 27 angäende
665 1372 122 28 tryckfrihet
798 1372 9 20 i
818 1370 102 26 Finland,

298 1407 80 21 hvilken
403 1408 35 27 lag
462 1408 70 24 borde,
557 1408 46 20 med
619 1407 152 29 upphäjvande
787 1406 28 28 af
827 1406 93 21 häremot

296 1442 110 21 stridande
429 1442 168 21 administrativa
616 1442 141 28 stadganden,
772 1442 67 20 säsom
855 1441 65 27 öfver-

228 1482 140 22 Lagutskottets
381 1482 115 18 betänkande
508 1481 36 19 N:o
557 1482 29 18 11.
