1009 1678
220 126 81 23 Ständ.
316 127 52 22 Pet.
384 139 27 4 —
426 127 171 23 Petitionsbet.
612 128 41 22 N:o
667 127 36 23 16.

362 403 130 25 Finlands
529 403 136 24 Ständers
702 400 132 27 underdå-

291 444 62 30 niga
375 444 120 31 petition
522 442 113 32 angående
652 443 182 31 jordskatternas

291 483 139 31 förvandling
450 484 34 24 till
503 483 38 25 fixt
560 483 196 32 penningebelopp.

121 550 262 28 Stormäktigste,
404 551 243 27 Allernådigste
669 550 131 28 Kejsare

323 585 54 22 och
399 586 194 21 Storfurste!

153 642 71 22 Sedan
247 643 35 21 vid
303 644 146 21 innevarande
472 644 105 26 landtdag
599 643 58 21 inom
678 642 158 28 Ridderskapet

86 676 39 21 och
138 676 69 22 Adeln
222 677 74 21 väckts
311 677 80 28 förslag
402 685 35 14 om
448 677 110 22 aflåtande
569 677 24 22 af
601 684 26 15 en
639 677 133 26 underdånig
782 676 54 27 peti-

85 711 52 25 tion,
153 712 112 26 angående
273 712 26 21 de
310 712 33 21 till
353 714 71 19 staten
435 713 110 26 utgående
553 711 173 28 jordskatternas
736 711 98 21 förvand-

85 745 45 27 ling
152 745 33 21 till
208 745 38 22 fixt
269 746 186 28 penningebelopp
472 749 57 19 samt
544 746 75 27 frågan
635 746 55 21 varit
705 745 130 27 hänskjuten

86 779 33 21 till
139 779 118 28 beredning
276 780 25 21 af
317 781 90 21 allmänt
421 781 92 31 utskott,
529 781 64 21 hafva
608 780 121 22 Ständerna
744 779 93 22 förehaft

86 815 90 20 ärendet
191 815 34 20 till
240 815 107 27 pröfning.
567 840 3 3 ,

153 849 10 21 I
178 849 214 28 petitionsförslaget'
407 850 40 22 har
470 850 135 25 framhållits,
621 849 101 22 hurusom
738 849 40 21 den
794 848 42 21 för-

85 884 86 20 nämsta
193 884 150 28 anmärkning,
367 892 46 14 som
435 885 7 21 i
464 885 107 21 kameralt
590 884 123 21 hänseende
734 883 40 21 och
789 883 48 20 från

83 917 184 28 jordbrukarenas
289 919 46 22 sida
350 919 70 22 blifvit
435 919 64 28 gjord
515 921 56 20 emot
587 918 250 28 räntepersedelomsätt-

87 952 80 27 ningen
182 953 24 21 af
222 953 60 26 1840,
298 955 30 24 är,
345 956 32 19 att
388 954 109 21 ordinarie
508 955 88 20 räntans
606 953 173 28 penningevärde
791 952 46 21 der-

86 987 85 26 igenom
187 987 60 27 stigit
262 988 7 20 i
285 988 50 21 vida
350 989 67 20 större
433 988 144 27 progression,
594 989 27 19 än
637 987 60 21 fallet
718 986 69 22 skulle
802 993 36 14 va-

87 1021 27 21 rit
130 1022 71 20 derest
217 1022 71 21 denna
303 1022 58 21 skatt
372 1022 135 22 fortfarande
518 1022 55 21 hade
584 1021 115 22 beräknats
709 1021 8 21 i
727 1022 26 20 de
764 1021 74 26 mäng-

86 1055 81 28 faldiga
182 1056 73 27 alster,
271 1063 44 15 som
326 1058 26 20 de
363 1056 71 28 gamla
445 1064 16 14 s.
472 1056 22 22 k.
505 1056 205 27 undervisningarne
721 1055 117 22 bestämde.

86 1090 33 21 En
139 1091 104 27 återgång
261 1091 33 21 till
313 1092 60 21 detta
388 1091 72 28 gamla
476 1094 79 25 system
569 1091 40 22 har
624 1091 61 26 dock,
700 1090 34 22 till
748 1089 54 28 följd
817 1089 24 22 af

87 1125 48 20 dess
157 1127 78 25 ytterst
257 1125 174 28 komplicerande
452 1126 41 21 och
513 1125 87 28 brokiga
621 1125 155 25 beskaffenhet,
791 1123 47 22 icke

87 1159 84 21 kunnat
185 1160 8 20 i
207 1159 62 28 fråga
283 1160 91 22 komma.
399 1161 24 27 Ej
440 1161 69 21 heller
523 1161 40 21 har
578 1161 65 26 något
659 1160 23 21 af
695 1161 26 20 de
732 1159 106 22 särskilda

87 1201 42 20 nya
143 1193 81 28 förslag
240 1195 32 20 till
288 1195 213 28 räntepersedlarnes
513 1195 200 27 sammansättning,
725 1193 71 22 hvilka
807 1200 32 14 se-

88 1229 42 20 dan
148 1229 54 20 1863
217 1229 55 22 varit
288 1229 90 22 föremål
393 1229 33 22 för
441 1229 110 28 pröfning,
566 1230 55 21 visat
637 1229 32 27 sig
679 1231 109 19 motsvara
798 1227 41 28 syf-

87 1263 94 26 temålet,
200 1265 33 19 att
248 1263 65 22 vinna
328 1271 27 14 en
376 1264 208 27 beräkningsgrund,
601 1271 44 14 som
661 1263 68 22 skulle
745 1262 95 21 utesluta

88 1297 185 28 skattebeloppets
288 1299 146 26 nyssnämnda
449 1299 103 27 stegring.
577 1299 31 20 På
623 1299 69 26 grund
702 1297 65 22 häraf
775 1297 65 22 hafva

86 1331 86 21 landets
187 1332 32 20 till
235 1334 85 20 senaste
335 1333 104 27 landtdag
455 1333 131 21 församlade
601 1333 92 21 Ständer
703 1334 42 19 sett
755 1331 32 27 sig
798 1331 42 21 för-

87 1366 90 21 anlåtna
192 1368 32 19 att
240 1366 75 28 afböja
330 1368 41 20 den
387 1368 48 20 dem
446 1361 29 38 då
488 1366 113 28 förelagda
611 1366 78 28 nådiga
699 1365 141 29 proposition,

88 1401 112 26 angående
215 1400 130 22 förändrade
360 1402 95 26 grunder
470 1401 35 21 för
520 1400 321 28 räntepersedleomsättningen

88 1434 7 21 i
110 1434 81 26 landet,
204 1435 68 27 jemte
291 1436 36 20 det
348 1436 26 20 de
389 1436 8 20 i
412 1436 37 20 sitt
470 1436 149 26 underdåniga
641 1442 48 15 svar
703 1434 81 22 uttalat
800 1435 41 20 den

88 1469 148 27 öfvertygelse,
255 1472 32 18 att
301 1470 169 27 grundräntans,
487 1470 90 22 likasom
593 1470 63 22 äfven
671 1470 69 20 andra
755 1469 7 21 i
778 1475 62 23 span-
