1020 1678
184 127 10 18 8
367 127 242 20 Petitionsbetänkande
621 128 37 19 N:o
670 128 34 19 26.

161 184 94 22 varande
275 185 181 27 omständigheter
471 185 109 28 påbjudet,
595 186 132 22 framställer
742 187 34 26 sig
790 187 70 22 tillika
875 187 42 21 den

160 218 68 28 fråga,
244 218 106 22 huruvida
369 220 31 21 ett
417 219 93 28 verkligt
528 220 67 22 behof
612 221 115 22 förefinnes
746 222 33 21 att
798 221 121 22 oberoende

161 253 64 21 häraf
239 253 61 22 stifta
314 253 35 28 lag
364 254 132 22 beträffande
512 255 75 27 öfrige,
599 255 7 22 i
617 255 73 22 landet
701 255 100 28 möjligen
812 255 107 22 förekom-

160 287 77 22 mande
253 287 122 22 dissenters.

231 327 50 21 Wid
303 328 41 21 den
363 327 169 29 öfverläggning,
552 335 45 15 som
616 329 134 22 beträffande
769 330 70 21 denna
857 330 62 26 fråga

161 362 56 21 inom
236 362 113 21 Utskottet
367 364 36 25 egt
422 369 53 20 rum,
494 362 40 22 har
548 363 112 22 Utskottet
675 365 86 20 stannat
775 364 7 21 i
799 364 41 21 den
855 364 62 26 åsigt,

161 398 32 19 att
208 398 31 19 ett
254 396 77 21 sådant
345 396 66 22 behof
425 399 55 19 ännu
496 398 47 21 icke
558 398 115 21 framträdt
688 398 49 21 med
753 398 41 21 den
810 398 63 26 kraft,
887 400 32 19 att

162 430 49 21 dess
226 430 189 22 tillfredställande
431 431 69 22 skulle
511 431 127 28 oafvisligen
649 431 115 22 erfordras.
789 432 48 21 Wäl
848 433 24 20 är
883 432 36 21 det

162 466 54 25 sant,
233 466 33 20 att
280 465 99 27 kyrkliga
394 465 39 22 och
443 465 102 28 religiösa
555 466 94 21 rörelser
659 466 58 21 inom
729 466 73 21 landet
813 466 105 21 förekom-

161 499 39 21 mit
219 499 40 22 och
278 499 132 22 fortfarande
429 506 40 21 ega
483 506 47 15 rum
546 502 55 19 samt
617 502 32 19 att
664 501 6 20 i
687 500 72 27 dylika
775 500 37 21 fall
829 501 89 20 lärosat-

162 540 35 15 ser
216 533 46 22 ofta
280 540 42 21 nog
340 533 71 22 blifvit
429 534 132 27 framstälda,
576 535 73 21 hvilka
664 534 48 22 icke
728 534 191 22 öfverensstämma

162 569 49 21 med
240 569 42 20 den
307 569 245 26 evangelisk-lutherska
576 569 94 27 kyrkans
694 568 224 22 bekännelseskrifter.

161 603 50 21 Men
226 603 66 21 bland
308 603 63 21 dessa
386 603 58 21 olika
458 603 108 22 tänkande
581 603 39 22 har
635 605 58 20 ännu
708 603 47 21 icke
766 602 105 27 försports
881 603 37 21 nå-

161 643 42 22 gon
223 637 98 22 starkare
341 638 81 21 önskan
440 639 32 20 att
492 638 86 21 utträda
597 644 25 15 ur
641 638 41 21 den
698 637 112 22 lutherska
825 637 94 28 kyrkans

161 672 130 26 gemenskap
315 672 39 21 och
376 672 59 21 bilda
457 678 54 20 egna
529 672 175 27 kyrkosamfund.
735 671 100 22 Tvertom
854 671 64 21 hafva

161 706 62 21 desse
242 706 131 21 dissidenter
391 706 7 21 i
418 706 26 22 de
462 706 63 22 flesta
544 706 38 22 fall
600 706 145 28 uttryckligen
764 706 106 21 förklarat
884 706 33 26 sig

161 740 51 27 vilja
235 740 133 22 fortfarande
387 740 87 27 qvarstå
492 740 71 22 såsom
583 740 141 22 medlemmar
742 740 24 22 af
784 740 40 22 den
843 740 74 27 kyrka,

160 774 61 22 hvari
244 774 28 22 de
293 776 100 25 uppväxt,
409 775 24 26 ja
451 775 100 21 stundom
570 775 33 21 till
622 775 39 21 och
681 774 49 22 med
748 775 79 21 uttalat
845 774 32 21 sin
896 774 24 21 af

160 808 83 22 Herren
260 808 59 28 gifna
333 809 91 21 kallelse
439 815 51 15 vara
505 811 33 19 att
553 809 70 21 såsom
639 811 32 19 ett
687 808 63 28 ,salt*
765 810 153 25 genomtränga

161 843 125 21 densamma
301 842 32 22 för
349 845 32 19 att
396 843 76 27 bringa
486 843 70 22 henne
567 844 6 20 i
584 845 99 20 närmare
695 842 224 22 öfverensstämmelse

160 877 50 21 med
233 877 82 22 hennes
337 883 54 21 egen
415 878 99 26 erkända,
534 877 28 28 på
580 878 41 21 den
639 877 80 27 Heliga
737 877 63 21 skrift
819 877 99 21 hvilande

160 912 125 27 lärogrund,
307 912 55 21 ifrån
385 912 86 22 hvilken
494 912 26 22 de
543 912 96 22 förmena
661 912 71 21 henne
754 912 64 21 hafva
836 912 81 21 afvikit.

160 946 38 21 Ett
220 946 95 27 verkligt
333 946 66 22 behof
417 946 23 22 af
456 946 143 28 dissenterlag
618 946 73 22 kunde
710 946 68 27 enligt
796 946 122 22 Utskottets

160 980 65 22 tanke
241 980 78 22 endast
333 981 7 20 i
357 980 36 22 det
409 980 38 22 fall
463 980 112 28 föreligga,
592 982 32 20 att
639 980 70 22 finske
725 980 140 26 medborgare
876 980 42 21 för-

160 1014 72 21 klarat
251 1014 33 21 sin
303 1014 81 22 önskan
403 1021 52 15 vara
474 1016 31 20 att
524 1021 101 20 separera
640 1015 34 26 sig
689 1013 47 22 från
752 1014 40 21 den
808 1013 112 22 lutherska

160 1049 83 27 kyrkan
263 1049 39 21 och
321 1049 153 22 sammansluta
493 1049 33 27 sig
544 1049 34 21 till
593 1049 72 21 skilda
680 1048 168 27 kyrkosamfund
864 1049 56 20 samt

161 1084 32 20 att
212 1083 26 21 de
258 1083 8 21 i
281 1083 76 22 sådant
372 1083 101 22 afseende
488 1083 112 21 inkommit
614 1083 34 21 till
664 1083 85 21 landets
765 1082 90 27 styrelse
870 1082 50 21 med

161 1117 102 22 anhållan
280 1123 33 16 om
329 1119 32 20 att
376 1117 22 22 åt
413 1118 62 22 deras
490 1117 159 22 konfessionela
665 1117 123 26 föreningar
803 1116 71 22 blefve
885 1116 35 21 til-

160 1151 65 27 lagda
244 1152 112 21 enahanda
375 1151 127 28 rättigheter
522 1158 46 15 som
587 1152 34 26 de,
640 1151 75 22 hvilka
732 1151 137 27 statskyrkan
888 1150 33 21 åt-

160 1186 78 27 njuter.
270 1186 50 22 Men
336 1186 65 27 något
417 1186 76 21 sådant
507 1186 40 21 har
558 1185 118 28 veterligen
688 1187 56 19 ännu
760 1185 47 21 icke
818 1184 103 26 inträffat,

162 1220 38 21 och
220 1221 92 21 orsaken
333 1220 72 21 dertill
426 1220 60 21 torde
504 1220 150 27 förnämligast
673 1219 54 21 böra
742 1219 64 22 sökas
822 1219 51 26 deri,
889 1220 33 20 att

160 1254 67 27 något
251 1254 160 27 samvetstvång
430 1254 46 22 icke
495 1254 71 22 blifvit
584 1254 99 21 utöfvadt
702 1253 24 22 af
743 1253 111 22 lutherska
871 1253 50 27 kyr-

160 1289 55 21 kans
233 1291 86 24 prester
337 1289 40 21 och
396 1289 99 27 kyrkliga
512 1289 156 28 myndigheter,
688 1288 73 21 hvilka
780 1287 141 22 öfverhufvud

160 1323 50 21 med
225 1324 47 20 stor
282 1323 172 27 fördragsamhet
464 1323 116 21 behandlat
590 1323 45 21 alla
644 1323 58 25 dem,
714 1322 82 21 hvilkas
807 1321 114 22 afvikande

161 1356 82 28 åsigter
263 1363 63 21 synas
344 1357 65 21 hafva
427 1357 103 27 framgått
548 1363 26 15 ur
592 1357 46 21 inre
657 1356 164 22 samvetsallvar
836 1355 39 22 och
891 1357 31 20 ett

160 1391 123 27 upprigtigt
297 1391 95 22 sökande
409 1392 54 22 efter
479 1392 40 21 den
535 1391 152 27 uppenbarade
703 1390 123 27 sanningen.

232 1448 125 22 Lagutskottets
370 1448 104 17 betänkande
487 1448 34 16 N:o
534 1448 29 17 10.
