1017 1678
187 114 13 20 2
363 114 241 24 Petitionsbetänkande
620 114 37 23 N:o
672 114 39 23 24.

294 172 64 21 furste
372 171 78 19 anhålla
463 178 27 12 om
504 178 22 11 en
539 172 61 17 sådan
613 172 37 22 lag,
663 177 37 12 som
713 170 59 19 skulle
783 170 92 24 förbjuda
889 174 25 12 ve-

298 200 114 18 derbörande
420 201 98 23 hästegare
531 202 28 16 att
569 201 28 22 på
605 206 102 18 gemensam
718 199 100 18 betesmark
826 199 89 21 utsläppa

299 229 73 17 sådana
390 230 81 23 ettåriga
488 230 44 17 eller
548 230 52 17 äldre
618 229 97 23 hingstföl,
728 234 37 12 som
779 228 17 22 ej
808 228 29 17 till
849 227 67 23 afvels-

299 258 44 22 djur
356 258 63 23 blifvit
430 259 98 23 godkände
541 259 25 23 af
576 259 7 17 i
592 258 68 18 sådant
669 258 88 23 afseende
766 258 7 16 i
781 257 63 22 hvarje
853 256 64 18 socken

299 286 78 18 tillsatte
388 288 223 22 granskningsnämnder.

229 320 124 23 Helsingfors
365 321 36 17 den
414 322 10 16 6
437 322 92 17 Februari
544 322 48 18 1882.

708 356 19 18 J.
741 355 108 18 Riihimäki.

230 447 42 23 Vid
293 449 155 28 behandlingen
471 449 22 22 af
514 450 58 21 detta
594 449 77 22 ärende
694 449 39 21 har
747 448 105 21 utskottet
867 447 51 27 tagit

162 482 121 23 kännedom
299 490 34 15 om
349 486 31 19 ett
396 485 39 21 den
452 485 26 21 15
495 484 58 28 April
571 485 55 21 1880
641 483 85 28 afgifvet
741 483 109 21 utlätande
863 481 22 22 af
894 481 25 21 de

161 518 140 27 komiterade,
323 525 45 15 som
388 519 84 22 erhällit
487 519 7 21 i
510 519 96 28 uppdrag
621 520 31 20 att
667 517 121 22 undersöka
803 515 116 24 ändamäls-

162 552 122 27 enligheten
299 553 22 21 af
339 553 26 22 de
384 554 106 27 ätgärder,
506 553 103 28 styrelsen
624 553 89 26 vidtagit
728 551 32 22 till
775 551 145 22 förbättrande

163 587 22 21 af
198 587 112 22 hästrasen
325 588 7 20 i
347 588 78 27 landet,
441 588 39 21 och
496 588 80 21 tilläter
591 588 31 27 sig
637 587 106 22 utskottet
753 588 30 19 att
795 593 25 14 ur
830 585 90 22 nämnde

161 621 111 22 utlätande
288 621 94 29 aftrycka
396 622 100 27 följande:

233 672 9 9 »
246 656 55 25 Värt
319 656 49 22 land
384 659 23 19 är
422 657 7 21 i
444 657 87 22 främsta
546 659 91 19 rummet
653 658 31 20 ett
696 655 160 28 jordbrukande
872 655 48 21 land

163 690 39 22 och
219 690 167 27 jordbrukarens
405 691 164 27 oumbärligaste
584 691 83 21 biträde
683 693 24 19 är
722 690 79 22 hästen.
833 688 87 22 Derföre

163 727 25 19 är
203 725 65 21 också
283 726 128 21 åtminstone
431 726 69 21 nitton
516 726 161 27 tjugundedelar
693 725 22 22 af
728 725 48 21 hela
791 724 80 22 antalet
886 724 36 21 hä-

163 761 45 20 star
230 760 7 21 i
259 760 48 21 värt
329 759 49 22 land
398 760 123 27 jordbruks-
544 761 39 20 och
606 760 150 22 arbetshästar.
792 759 47 21 Den
864 759 58 26 ringa

163 795 124 21 återstoden
310 796 84 26 utgöres
418 795 21 22 af
460 795 108 28 lyxhästar
587 795 6 21 i
612 795 92 27 egentlig
727 794 89 27 mening,
833 793 38 22 och
887 794 35 20 nä-

163 831 38 25 got
222 829 103 22 kavalleri
348 829 66 22 finnes
436 830 26 27 ej
492 830 31 21 Pä
546 830 67 27 grund
635 829 64 22 häraf
719 829 52 21 böra
791 827 132 28 naturligtvis

165 863 119 28 Styrelsens
307 870 109 21 omsorger
437 864 174 27 hufvudsakligen
629 863 62 22 hafva
707 863 31 21 till
754 862 86 23 föremål
857 862 66 22 landt-

164 898 119 21 hästafveln
299 898 39 21 och
354 899 46 21 dess
415 898 151 22 förbättrande.
592 898 43 21 Och
651 899 33 20 att
699 898 69 21 denna
783 897 54 22 afv.1
852 896 71 22 behöf-

165 939 37 15 ver
224 932 123 28 förbättras,
363 933 61 22 torde
444 935 51 19 utan
512 933 70 22 vidare
597 933 21 22 få
633 935 89 24 antagas
737 933 69 21 såsom
823 931 100 22 obestrid-

165 967 38 27 ligt
219 967 40 22 och
275 967 109 22 obestridt.
412 968 48 21 Den
475 968 113 26 småvexta,
604 967 63 22 klena
682 967 40 22 och
737 967 36 21 illa
788 967 71 21 skötta
869 965 53 27 häst,

165 1001 103 21 hvarmed
281 1001 127 27 jordbruket
422 1002 40 21 hos
478 1008 33 15 oss
526 1002 7 20 i
548 1001 115 22 allmänhet
677 1001 111 27 bedrifves,
800 1000 124 27 omöjliggör

166 1035 45 22 helt
234 1035 73 22 enkelt
319 1035 138 27 jordbrukets
472 1036 79 22 skötsel
568 1036 26 27 på
610 1036 35 21 det
659 1037 45 20 sätt
719 1035 38 22 och
774 1035 47 21 med
837 1034 26 22 de
879 1034 44 21 red-

165 1070 60 27 skap,
249 1076 45 15 som
317 1069 105 23 beteckna
445 1070 40 22 den
507 1070 140 22 framskridna
667 1069 150 29 jordkulturen
837 1069 7 21 i
859 1068 66 22 andra

165 1104 80 22 länder.

237 1138 87 26 »Redan
332 1138 63 22 häraf
403 1138 92 28 framgår
504 1138 64 28 klart,
578 1140 31 20 att
622 1139 73 27 frågan
705 1145 34 15 om
747 1137 128 23 hästafvelns
885 1137 40 21 för-

168 1172 114 22 bättrande
298 1175 63 25 utgör
376 1180 25 15 en
417 1173 93 27 lifsfråga
526 1173 32 22 för
572 1174 47 21 vårt
633 1173 57 27 land,
707 1173 39 21 och
761 1174 32 20 att
803 1172 41 22 den
853 1174 24 19 är
886 1172 40 21 för-

167 1208 54 26 tjent
239 1208 22 21 af
275 1209 31 20 att
321 1208 58 21 såväl
390 1209 70 20 staten
475 1214 45 15 som
536 1208 95 21 enskilda
646 1208 62 21 deråt
723 1214 54 20 egna
792 1207 40 21 den
848 1208 78 20 största

167 1242 189 27 uppmärksamhet
371 1242 39 22 och
425 1242 46 22 icke
486 1242 38 28 sky
540 1242 76 27 nödiga
630 1241 151 28 uppoffringar.
812 1242 39 20 Att
866 1241 60 21 dessa

167 1276 47 22 icke
229 1276 66 22 blifva
309 1276 157 28 improduktiva
480 1278 50 20 utan
546 1278 98 26 tvärtom,
661 1276 38 22 der
711 1276 25 22 de
747 1276 107 27 verkligen
864 1275 63 22 lända

168 1310 33 22 till
216 1310 106 22 vinnande
337 1310 22 22 af
373 1311 35 21 det
424 1311 94 28 åsyftade
537 1310 125 28 ändamålet,
680 1310 99 28 medföra
789 1317 26 15 en
825 1310 103 21 national-

169 1344 125 22 ekonomisk
316 1344 61 27 vinst,
395 1345 86 21 hvartill
497 1345 25 21 de
537 1345 74 27 gjorda
626 1344 171 28 uppoffringarne
813 1344 45 21 icke
873 1345 33 20 stå
921 1343 7 21 i

169 1380 65 25 något
250 1378 138 27 förhållande,
404 1378 92 28 framgår
511 1386 24 14 ur
550 1381 31 20 ett
596 1386 38 21 par
649 1379 64 22 enkla
727 1378 101 28 kalkyler.
857 1378 10 21 I
883 1378 45 21 vårt

170 1413 50 21 land
240 1412 67 22 finnes
324 1413 60 27 (eller
399 1415 81 20 rättare
495 1413 60 22 fanns
570 1415 24 20 år
611 1414 53 21 1877
681 1413 66 27 enligt
762 1412 117 22 statistiska
893 1412 36 28 by-

171 1448 49 20 råns
244 1447 113 27 uppgifter)
382 1448 58 21 öfver
460 1449 92 26 280,000
574 1448 80 22 hästar:
672 1454 35 16 om
723 1454 29 15 nu
767 1446 117 28 Styrelsens
899 1447 31 21 åt-

240 1487 192 19 Ekonomiutskottets
445 1488 115 18 betänkande
572 1494 30 11 n:o
616 1488 29 18 10.
