1023 1678
188 113 13 19 2
359 110 248 25 Petitionsbetänkande
622 111 38 23 N:o
676 110 36 24 30.

158 181 52 21 tider,
233 186 65 17 genom
320 182 117 22 regeringens
459 182 131 23 förtjenstfulla
609 186 78 18 omsorg,
703 180 11 18 &
729 180 102 18 boställena
845 179 71 18 införda

158 210 97 18 rationella
270 210 193 24 skogshushällningen
483 211 58 18 mäste
556 210 57 19 blifva
627 212 45 16 utan
688 210 112 18 nämnvärda
814 209 101 21 resultater,

157 239 6 17 i
179 239 91 17 anseende
286 239 28 18 till
329 240 176 23 boställsskogarnes
527 240 55 23 högst
596 239 106 24 obetydliga
716 239 64 18 vidder
794 239 34 18 och
843 238 73 24 spridda

157 268 53 23 lägen
227 268 6 17 i
248 268 36 18 alla
299 268 51 18 delar
365 269 19 17 af
396 269 69 18 landet.

226 297 27 17 På
268 298 58 22 grund
342 298 19 18 af
373 298 47 18 hvad
433 298 33 23 jag
481 304 24 12 nu
520 298 40 18 haft
575 299 44 17 äran
635 297 64 19 anföra
714 297 34 18 och
763 297 23 18 då
802 297 31 18 det
848 296 30 18 vid
888 296 26 18 in-

158 326 104 18 nevarande
284 327 87 22 landtdag
388 328 69 22 åligger
476 327 99 18 ständerna
594 328 29 16 att
641 326 65 18 anvisa
720 326 59 17 medel
794 326 28 18 till
837 326 79 23 fyllande

158 355 20 17 af
190 355 23 18 de
228 355 54 23 högst
297 356 92 23 betydliga
411 356 105 21 kostnader,
531 356 62 17 hvilka
608 355 129 24 värnepligten
752 355 78 22 kräfver,
845 355 27 17 får
884 355 32 22 jag

158 384 93 18 vördsamt
273 384 67 18 föreslå
362 387 31 20 att,
415 385 58 18 såsom
495 385 65 23 bidrag
582 385 28 17 till
630 385 80 17 nämnda
725 385 104 21 kostnader,
844 384 72 17 landets

158 413 83 22 samtliga
262 414 139 18 utarrenderade
421 414 91 18 boställen
527 414 60 17 blefve
603 413 23 24 på
642 413 150 23 fördelaktigaste
807 413 59 18 vilkor
880 413 35 17 för-

158 442 56 22 sålda,
230 442 35 18 och
279 443 27 17 får
319 443 37 23 jag,
371 443 28 18 till
414 443 100 24 belysande
530 443 19 18 af
561 443 109 18 hithörande
686 442 133 23 förhållanden,
834 442 82 18 meddela

157 471 85 23 följande,
265 477 21 12 ur
308 473 171 23 statsräkenskaper
501 472 33 18 och
557 472 84 18 officiella
656 471 108 24 handlingar
779 473 56 22 tagna
850 471 65 18 siffror:

158 500 91 23 nemligen
265 502 27 16 att
308 501 69 18 antalet
392 501 19 18 af
424 501 71 18 militie-
516 501 33 18 och
564 501 115 18 civilstatens
694 501 92 18 boställen
800 502 54 21 utgör
869 499 47 22 791,

158 529 28 18 för
200 529 62 18 hvilka
278 529 35 18 den
329 530 95 18 afkortade
439 531 91 18 ordinarie
546 531 65 17 räntan
627 530 71 23 uppgär
714 530 28 17 till
760 529 88 22 140,000
859 529 56 18 mark.

158 559 65 17 Staten
238 559 72 23 uppbär
325 559 70 18 således
410 560 5 17 i
431 559 153 19 boställsarrende
600 559 85 23 omkring
696 557 90 23 310,000
799 559 51 18 mark
860 558 56 23 högre

157 587 68 24 belopp
240 589 24 16 än
279 588 48 18 hvad
345 589 35 17 den
402 589 103 18 boställena
528 589 59 17 äsatta
608 594 42 12 men
670 593 76 13 numera
760 588 94 18 afkortade
869 587 47 18 ordi-

158 617 50 17 nario
224 618 66 17 räntan
305 618 54 22 utgör
373 617 46 18 efter
434 617 243 24 markegängsförvandling.
705 617 65 18 Denna
784 623 70 12 summa
871 617 44 17 min-

158 645 42 18 skas
215 646 91 23 betydligt
320 652 65 17 genom
403 647 123 18 kostnaderna
541 647 28 17 för
584 646 219 23 boställsförvaltningen,
818 646 98 18 bestäonde

158 674 6 18 i
180 674 100 23 aflöningar
298 675 28 17 till
345 675 110 23 tjenstemän
475 676 30 18 vid
520 675 139 18 embetsverken
675 675 34 18 och
724 675 28 17 till
767 675 149 23 boställsinspek-

158 704 54 22 törer,
236 704 98 18 kostnader
356 704 27 18 för
403 704 103 24 husesyner,
522 704 250 22 landtmäteriförrättningar
786 710 24 12 m.
826 710 24 12 m.
880 704 36 17 För

158 737 22 12 en
196 734 38 16 stor
256 733 68 22 mängd
346 733 83 18 enskilda
449 733 92 18 boställen
564 733 70 24 uppgår
656 733 83 18 deremot
754 733 85 18 arrendet
853 733 28 17 till
896 732 20 18 sä

158 761 51 22 ringa
227 761 69 24 belopp
314 763 28 16 att
360 763 31 17 det
407 763 39 17 icke
462 763 72 22 engång
548 764 102 16 motsvarar
664 762 37 17 den
717 761 94 19 afkortade
827 762 89 18 ordinarie

158 791 72 21 räntan,
246 790 69 24 hvarpä
329 791 100 23 flerfaldiga
444 792 82 23 exempel
542 791 58 18 skulle
614 791 62 18 kunna
692 791 78 18 anföras.

226 819 63 18 Ehuru
304 820 74 17 osäkert
393 821 32 17 det
439 822 21 16 är
475 823 28 15 att
517 826 33 12 ens
565 820 119 18 närmelsevis
700 819 72 24 angifva
786 820 37 18 den
837 820 79 17 inkomst

158 849 60 16 staten
238 848 59 18 skulle
315 849 68 18 erhålla
400 855 66 16 genom
485 849 108 23 försäljning
607 849 20 18 af
639 849 99 22 boställen,
753 849 20 17 sä
788 849 52 18 torde
855 848 61 22 likväl,

158 877 46 17 efter
226 877 31 23 låg
279 877 101 24 beräkning
395 879 20 16 af
428 879 5 16 i
449 879 86 17 medeltal
556 877 73 23 15,000
646 878 51 18 mark
712 878 29 17 för
755 877 62 24 hvarje
832 878 84 21 boställe,

158 907 60 16 staten
242 906 104 23 derigenom
370 907 109 24 tillskyndas
494 910 28 15 ett
536 907 69 24 kapital
621 907 20 18 af
653 907 6 18 i
675 907 33 18 det
723 908 90 17 närmaste
828 907 37 18 tolf
877 907 39 17 mil-

155 935 55 22 joner
231 935 57 22 mark,
311 936 114 18 oberäknadt
443 937 35 17 den
501 936 57 23 ärliga
573 936 81 18 inkomst
668 936 6 17 i
690 936 91 18 ordinarie
796 937 58 20 ränta,
869 938 47 15 rote-

158 964 68 17 vakans
242 970 24 11 m.
281 970 31 16 m.,
327 970 38 13 som
381 967 60 16 staten
456 965 46 18 efter
517 965 93 18 verkstäld
625 965 109 23 försäljning
746 965 70 18 komme
834 966 28 16 att
871 971 45 17 upp-

158 993 44 17 bära
220 993 41 17 utaf
280 993 107 18 boställena.
417 995 66 17 Denna
504 994 108 23 försäljning
634 994 59 18 skulle
713 999 75 12 numera
808 994 40 17 icke
868 995 48 16 möta

158 1021 56 23 några
228 1022 7 17 i
250 1022 133 23 grundlagarne
399 1023 85 23 liggande
499 1023 70 21 hinder,
584 1023 56 17 sedan
655 1022 171 24 indelningsverket
835 1022 31 19 vid
876 1024 40 16 vär-

142 1064 3 3 «
158 1050 104 24 nepligtens
277 1051 94 18 införande
386 1052 61 18 blifvit
462 1052 20 17 af
495 1052 47 18 båda
557 1052 143 18 statsmakterna
715 1052 95 23 upphäfdt.

228 1079 76 19 Oafsedt
318 1080 23 18 de
356 1080 101 18 finansiella
469 1080 96 22 förmoner,
580 1080 62 18 hvilka
657 1081 60 17 skulle
733 1080 108 24 tillskyndas
856 1082 60 16 staten

158 1113 65 17 genom
245 1109 113 18 boställenas
380 1109 113 23 försäljning,
511 1110 60 17 blefve
586 1115 65 17 genom
667 1110 62 18 denna
744 1109 64 23 åtgärd
824 1111 27 16 ett
866 1109 50 18 miss-

157 1137 113 18 förhällande
290 1138 44 17 eller
349 1144 23 12 en
387 1138 96 24 obillighet
498 1138 94 24 afhulpen,
608 1144 38 12 som
662 1138 85 18 vidläder
762 1138 34 18 den
812 1138 104 18 nuvarande

157 1166 212 23 boställsinstitutionen,
384 1168 6 16 i
406 1168 31 17 det
453 1169 32 20 att,
503 1168 60 18 säsom
578 1168 58 17 kändt
652 1169 25 20 är,
694 1167 31 18 vid
740 1167 176 23 indelningsverkets

157 1196 124 22 upprättande
296 1196 29 18 till
340 1196 91 18 boställen
447 1196 59 18 blefvo
522 1196 88 23 anslagna
623 1196 29 18 för
666 1196 34 18 det
714 1198 59 16 mesta
787 1196 73 23 vanliga
875 1196 42 18 kro-

157 1224 115 22 nohemman,
287 1224 62 18 hvilka
364 1231 65 17 genom
445 1226 89 17 särskilda
549 1225 79 18 derefter
642 1226 90 17 utkomna
746 1225 128 23 författningar
886 1225 30 17 be-

158 1252 51 18 friats
231 1253 47 18 ifrån
301 1254 101 22 utgörande
422 1254 20 18 af
457 1254 82 23 rotering
557 1254 33 18 och
610 1254 116 21 rotevakans,
742 1254 66 18 krono-
824 1254 32 18 och
872 1253 44 18 häll-

157 1281 59 23 skjuts
238 1284 48 16 samt
300 1282 88 24 fängvärd
409 1283 93 18 äfvensom
517 1283 130 23 ingvartering,
663 1283 35 18 och
714 1288 29 13 om
759 1283 53 17 dessa
826 1283 91 17 förmoner

157 1310 60 18 kunde
232 1311 7 17 i
254 1312 37 16 viss
306 1317 43 12 mon
364 1317 53 12 anses
432 1312 120 22 berättigade,
568 1312 63 18 medan
648 1312 171 22 indelningsverket
831 1312 45 22 egde
886 1312 30 17 be-

158 1339 53 18 stånd
226 1340 34 17 och
276 1340 87 17 bostället
376 1341 85 22 utgjorde
476 1341 201 22 indelningehafvarens
692 1340 80 22 aflöning
788 1340 33 18 och
832 1340 84 22 hemvist,

157 1368 21 16 sä
199 1368 33 17 har
254 1374 75 12 numera
348 1370 28 16 ett
395 1369 39 17 helt
453 1371 56 16 annat
523 1369 112 18 förhållande
650 1369 78 23 inträdt,
744 1369 54 17 sedan
814 1368 103 19 boställena

156 1396 29 17 för
199 1396 81 18 kronans
295 1397 78 23 räkning
391 1398 134 22 utarrenderas,
541 1398 33 18 och
590 1399 22 17 de
626 1398 58 23 högre
700 1398 89 18 arrenden
805 1400 60 16 staten
880 1398 36 18 kan

156 1424 75 24 betinga
253 1426 29 23 sig
303 1426 72 23 tillfölje
397 1427 20 17 af
430 1428 102 18 boställena
550 1428 74 18 sålunda
640 1427 79 23 tillagda
733 1427 91 19 förmoner
839 1427 77 18 erhållas

226 1474 151 19 Statsutskotteis
389 1475 117 19 betänkande
518 1476 37 18 N:o
566 1476 17 18 7.
