1020 1678
189 112 23 18 26
372 111 242 20 Petitionsbetänkande
627 112 43 19 N:o.
684 112 32 19 32.

237 169 54 21 Lika
310 169 47 22 med
372 170 95 21 komitén
483 171 40 20 och
538 170 215 28 Skolötverstyrelsen
768 177 63 15 anser
843 171 38 27 jag
897 170 26 21 de

166 203 125 21 nuvarande
312 203 109 28 lyceernas
440 204 48 21 7:de
503 204 57 21 klass
576 205 48 20 med
639 206 13 19 2
668 204 47 28 årig
729 205 52 21 kurs
797 205 53 21 böra
865 204 58 21 delas

166 237 7 20 i
188 239 78 19 tvenne
281 237 68 22 skilda
364 238 87 26 klasser,
468 239 137 27 hvarigenom
621 239 62 21 dessa
698 239 151 22 läroanstalter
859 239 64 21 fram-

167 271 57 21 deles
240 271 69 22 blefve
324 271 146 28 ättaklassiga.

236 305 156 22 Erfarenheten
408 307 39 20 har
462 307 106 27 nemligen
584 305 116 30 ädagalagt
716 307 165 28 olämpligheten
892 309 32 20 att

166 338 29 28 pä
218 346 25 14 en
264 340 39 21 och
318 347 82 14 samma
415 340 58 22 klass
488 340 75 22 förena
578 343 76 19 tvenne
670 340 177 29 ärsafdelningar.
879 341 45 21 Och

168 373 58 21 detta
249 374 61 21 torde
332 375 7 20 i
358 374 117 22 allmänhet
490 375 62 21 äiven
568 382 52 14 vara
634 375 61 21 fallet
709 376 7 20 i
732 375 70 28 öfriga
817 376 33 20 för
865 382 60 14 man-

166 408 44 27 liga
233 408 41 21 och
297 408 94 28 gvinliga
414 409 68 21 elever
505 409 88 21 afsedda
612 410 79 25 skolor,
707 409 90 21 emedan
813 410 35 20 det
863 409 61 21 alltid

167 442 76 21 blifver
263 442 57 22 svårt
338 445 32 19 att
385 443 117 28 förebygga
517 444 99 21 kollision
631 444 79 21 mellan
726 444 25 21 de
767 444 57 21 olika
839 442 85 23 ärskur-

167 483 74 15 sernas
257 477 272 29 undervisningsprogram.

236 511 54 21 Lika
304 512 48 21 med
368 512 214 28 Skolöfverstyrelsen
597 519 63 15 anser
672 512 38 28 jag
725 512 79 28 nyttigt
819 514 32 19 att
866 511 59 22 bibe-

166 544 60 22 hålla
248 546 119 21 realskolor
385 545 29 29 pä
430 546 25 22 de
471 549 64 23 orter,
551 546 37 22 der
604 547 26 21 de
646 547 86 21 besökts
748 546 24 22 af
785 549 31 19 ett
831 546 94 21 tillräck-

165 579 39 28 ligt
212 580 61 21 antal
281 580 77 26 elever;
368 588 47 14 men
424 581 25 21 de
457 581 74 26 elever,
541 581 70 21 hvilka
620 580 94 22 derifrän
723 582 67 20 önska
797 580 87 28 öfvergä
892 580 33 22 till

165 614 113 28 lyceernas
301 615 54 27 3:dje
377 615 64 26 klass,
464 616 66 21 borde
549 614 28 29 pä
596 616 132 21 realskolans
744 616 61 20 2:dra
820 615 56 21 klass
892 622 33 14 er-

166 647 59 22 hälla
240 649 150 28 undervisning
405 650 8 20 i
428 650 52 21 latin
495 650 69 21 under
579 651 12 19 8
606 650 94 25 timmar,
715 650 7 20 i
737 650 74 27 utbyte
826 651 45 19 mot
886 656 39 14 un-

167 682 122 28 dervisning
311 683 7 20 i
337 683 99 28 teckning
452 684 39 21 och
507 684 183 27 naturkunnighet
705 683 143 28 (sistnämnda
863 684 62 20 ämne

166 716 98 22 inträder
286 717 7 20 i
314 717 83 28 lyceum
420 717 54 22 först
492 717 29 28 pä
535 720 33 19 4:e
583 718 102 28 klassen).
717 717 82 22 Sädant
814 717 74 28 utbyte
904 717 23 22 af

166 750 112 22 läroämne
300 751 70 22 kunde
393 752 116 27 medgifvas
532 752 68 21 elever
623 753 47 21 icke
692 752 55 21 blott
766 753 7 20 i
789 751 135 28 tväklassiga,

166 787 54 19 utan
242 785 61 22 äfven
322 786 7 21 i
348 786 127 28 fyrklassiga
490 787 118 21 realskolor
623 786 29 28 pä
668 787 26 21 de
710 789 64 24 orter,
791 787 37 20 der
843 786 82 28 lyceum

166 819 48 22 icke
236 819 73 22 finnes.
340 820 128 28 Derigenom
490 821 69 21 blefve
582 821 144 28 öfvergängen
749 820 48 22 från
819 821 106 21 realskola

166 853 34 21 till
222 853 83 28 lyceum
328 855 145 28 väsendtligen
496 855 137 22 underlättad
656 857 56 20 samt
734 857 31 20 ett
784 855 24 21 af
821 855 104 21 komiténs

167 888 129 21 hufvudskäl
314 889 34 21 för
363 889 122 22 inrättande
500 889 23 21 af
537 889 116 22 elementar
668 901 26 4 —
712 889 51 22 eller
779 889 146 22 bottenskolor

168 922 139 28 undanröjdt.

237 956 138 22 Beträffande
394 957 159 22 bottenskolans
575 957 129 28 afskiljande
722 957 49 22 från
786 958 83 27 lyceum
885 957 40 21 och

168 989 124 22 inrättande
314 990 70 22 såsom
407 992 55 20 skild
477 992 127 21 läroanstalt
619 992 41 21 bör
675 992 121 25 anmärkas,
813 993 32 19 att
859 991 7 21 i
882 993 42 19 sta-

168 1026 47 19 tens
230 1025 124 21 nuvarande
370 1025 33 21 för
419 1025 138 28 fullstänäiga
572 1026 70 27 lyceer
658 1026 108 21 inrättade
781 1025 87 22 skolhus
878 1025 47 21 icke

168 1058 43 21 alla
226 1058 107 22 klassrum
348 1059 69 22 blefve
432 1062 111 25 upptagna
557 1060 25 21 af
594 1060 80 28 lyceets
690 1059 135 22 återstående
841 1061 12 19 5
869 1060 56 21 klas-

167 1099 45 20 ser;
236 1091 108 30 åtskilliga
366 1101 48 14 rum
437 1094 83 21 komme
543 1096 32 19 att
588 1093 33 22 stå
637 1095 77 26 lediga,
729 1094 34 21 till
778 1095 64 26 ingen
857 1096 66 25 nytta.

166 1127 39 20 Att
220 1126 48 22 åter
283 1128 7 20 i
305 1128 25 21 de
345 1127 72 28 lediga
432 1135 95 14 rummen
542 1129 88 27 placera
645 1136 26 14 en
687 1129 55 20 skild
757 1128 67 25 skola,
841 1135 33 14 om
886 1128 39 21 ock

167 1161 55 21 blott
245 1161 106 28 3:klassig,
375 1169 50 14 vore
447 1163 24 20 af
488 1162 51 22 flere
555 1163 88 21 orsaker
659 1163 103 27 omöjligt,
777 1162 66 21 bland
859 1164 66 19 annat

167 1194 93 26 derföre,
283 1197 32 19 att
336 1195 34 22 för
392 1195 129 27 densamma,
541 1199 59 18 utom
616 1199 33 18 tre
664 1196 114 26 klassrum,
794 1196 131 27 nödvändigt

166 1228 102 22 behöfves
285 1231 29 19 ett
329 1229 65 22 skildt
408 1237 47 14 rum
471 1230 32 21 till
518 1231 83 20 rektors
616 1231 71 21 kansli
702 1231 40 21 och
759 1230 107 21 dessutom
877 1237 48 14 rum

166 1263 34 20 för
217 1263 110 26 bibliotek,
343 1264 116 27 samlingar
474 1272 27 13 m.
512 1272 27 13 m.
563 1265 42 20 För
615 1264 166 21 underlättande
791 1264 24 21 af
824 1264 100 21 skolbud-

166 1299 64 26 geten
253 1299 25 19 är
302 1298 6 20 i
331 1297 62 28 fråga
408 1301 49 24 satt,
472 1301 32 18 att
519 1298 77 28 ålägga
612 1299 102 21 städerna
729 1298 147 28 skyldigheten
892 1300 33 19 att

166 1331 91 21 bekosta
280 1331 62 26 lokal,
366 1332 86 28 eldning
475 1333 39 21 och
529 1333 112 27 belysning
657 1333 34 21 för
706 1332 219 22 elementarskolorna

166 1366 40 20 och
230 1366 63 20 deras
315 1366 149 22 vaktmästare.
495 1367 149 27 Tvifvelaktigt
666 1374 63 20 synes
750 1366 62 26 dock,
832 1368 33 19 att
879 1366 46 21 lan-

166 1399 47 22 dets
236 1400 79 25 städer,
338 1407 45 14 som
406 1401 66 21 redan
495 1400 67 22 måste
584 1400 128 22 underhålla
727 1401 68 27 högre
810 1400 40 22 och
865 1400 60 27 lägre

235 1440 96 17 Allmänna
343 1440 160 18 Besvärsutskottets
514 1442 103 16 betänkande
629 1441 36 17 N:o
678 1441 29 17 18.
