1020 1675
282 154 239 24 Petitionsbetänkande
538 153 37 23 N:o
591 154 38 23 38.
799 153 12 20 9

87 220 45 22 gen
146 220 64 15 mera
225 212 86 29 styrka,
334 212 43 22 har
391 211 144 30 gränslinjen
550 211 80 22 blifvit
644 211 93 22 fortsatt
759 218 84 22 genom

85 246 177 24 Fiskarhalföns
281 249 77 19 vestra
383 246 44 28 del,
450 246 151 29 hvarigenom
625 246 140 21 ätminstone
787 248 58 19 stör-

87 284 36 19 sta
139 281 67 22 delen
222 281 26 22 af
260 281 66 21 dessa
341 280 163 29 bosättningar
519 280 75 22 skulle
609 280 57 22 falla
688 280 63 21 inom
772 279 73 22 finskt

87 315 100 23 omräde.

156 351 35 20 Pä
213 352 33 19 ett
269 349 93 22 afständ
377 349 26 22 af
422 350 41 21 tvä
478 350 42 21 mil
543 350 55 21 eller
619 350 73 29 nägot
712 349 133 22 derutöfver

89 384 52 23 frän
155 385 140 21 Normansät
309 384 65 29 ligga
389 384 28 21 de
440 392 17 14 s.
473 385 22 22 k.
511 385 141 27 Han-öarne,
675 385 169 26 Heinä-saaret,

89 421 59 20 samt
164 419 8 21 i
186 419 28 21 N.
231 419 27 22 V.
274 419 52 21 frän
342 419 52 21 dem
409 421 34 19 ett
465 419 129 22 vidsträckt
609 419 83 28 grund,
715 419 81 21 hvilka
811 419 35 21 sä-

89 461 49 14 som
153 453 130 29 utgörande
297 453 112 29 lämpliga
432 454 112 21 stationer
559 453 35 22 för
616 453 121 22 hafsfisket
759 453 88 29 jemväl

91 489 56 21 böra
162 487 141 22 förbehållas
318 488 28 21 de
368 489 30 28 pä
413 488 86 22 kusten
513 488 97 22 bosatte.
640 488 46 22 Till
708 487 58 30 följd
781 487 68 22 häraf

90 523 42 22 har
147 522 144 29 gränslinien
304 522 80 22 blifvit
400 522 87 29 dragen
502 523 51 22 utåt
568 523 105 22 Ishafvet
696 523 25 21 så
745 524 34 20 att
802 522 45 21 den

91 557 110 23 omfattar
213 557 88 29 jemväl
316 557 66 22 dessa
398 561 39 18 öar
453 558 44 22 och
512 558 81 29 grund.

160 592 37 21 En
212 592 73 28 karta,
301 592 72 21 hvarå
388 592 46 21 den
448 592 133 30 föreslagna
594 592 144 30 gränslinjen
753 596 26 17 är
791 599 57 21 upp-

90 626 96 29 dragen,
201 626 92 29 bifogas
308 626 118 29 härjemte.

162 661 79 29 Några
257 661 69 29 ryska
340 661 165 29 bosättningar
519 662 75 21 finnas
609 662 51 22 icke
682 662 30 28 på
733 661 116 29 ifrågava-

93 695 71 22 rande
180 695 37 21 del
234 695 26 21 af
271 695 168 28 Ishafskusten,
464 696 112 22 ehuruväl
593 697 70 28 ryska
684 696 84 22 fiskare
791 703 58 14 som-

95 730 85 22 martid
195 730 70 28 pläga
280 729 88 22 infinna
396 730 36 29 sig
447 733 16 19 t.
481 738 34 14 ex.
537 730 40 22 vid
595 731 140 21 Normansät
757 730 36 22 för
816 732 34 19 att

93 764 55 22 idka
163 764 65 28 fiske,
244 765 8 21 i
266 764 90 22 hvilket
372 764 109 22 afseende
500 765 69 22 äfven
591 766 73 28 några
685 765 166 28 fiskarestugor

94 803 39 18 äro
149 798 26 22 af
188 799 52 21 dem
256 798 118 29 uppförda.
405 799 111 22 Deremot
530 800 74 21 finnes
626 799 98 29 ungefär
739 802 34 18 tre
788 801 63 19 verst

95 833 67 22 söder
177 840 37 14 om
230 833 130 29 Paatsjokis
376 834 81 28 utlopp
474 834 9 21 i
499 834 44 21 den
559 841 16 15 s.
586 834 21 21 k.
619 834 186 28 Klisterfjorden,
821 833 30 28 pä

92 870 80 19 vestra
187 867 110 22 stranden
305 867 26 22 af
343 867 100 22 nämnde
459 867 54 29 flod,
529 870 34 19 ett
577 868 52 21 från
644 868 85 21 norska
748 867 105 22 området

97 902 102 22 afrösadt
212 902 134 29 jordstycke
362 902 26 21 af
400 902 101 29 ungefär
516 910 29 14 en
561 903 98 28 qvadrat
668 905 69 25 verst,
753 903 30 28 på
793 901 60 22 hvil-

98 937 41 21 ket
154 939 34 19 ett
201 937 67 28 ryskt
283 937 83 28 kapell,
384 937 78 28 ,Boris
479 937 44 22 och
531 937 70 22 Gleb*
616 937 133 28 benämndt,
761 941 25 17 är
796 944 57 21 upp-

95 971 69 22 fördt.
195 971 47 21 Det
256 971 77 21 består
348 971 26 21 af
387 973 33 19 ett
435 971 54 22 litet
504 971 94 22 trädhus
615 971 120 22 afdeladti
745 972 40 21 två
796 979 57 19 rum,

97 1005 43 22 och
163 1005 73 22 ehuru
261 1005 38 22 det
323 1005 109 22 stundom
453 1006 126 22 benämnes
601 1007 94 27 kloster,
717 1007 42 20 bor
783 1006 71 28 ingen

97 1040 72 21 munk
186 1040 46 21 der.
262 1039 90 22 Endast
367 1042 34 19 ett
416 1048 42 21 par
473 1041 89 28 gånger
578 1048 36 14 om
630 1041 50 21 året
698 1041 103 21 kommer
815 1047 40 22 po-

99 1082 45 21 pen
160 1074 53 21 från
228 1075 83 20 Peisen
334 1075 36 20 till
392 1075 105 28 kapellet
519 1075 36 22 för
577 1077 35 20 att
634 1075 62 22 hålla
718 1075 137 29 gudstjenst.

96 1109 82 29 Några
195 1109 90 21 bofasta
300 1109 141 22 innevånare
456 1109 77 22 finnas
549 1109 87 23 således
652 1110 50 22 icke
717 1110 73 22 heller
807 1109 49 27 här,

99 1152 53 13 men
175 1144 135 21 sommartid
332 1144 29 21 bo
386 1144 65 21 invid
475 1144 102 29 kapellet
601 1146 82 20 10—12
702 1144 156 29 lappfamiljer

99 1178 26 22 af
139 1178 94 28 grekisk
249 1178 196 28 trosbekännelse,
461 1178 82 22 hvilka
558 1179 115 22 betraktas
689 1186 48 14 som
753 1177 106 23 innehaf-

102 1220 55 14 vare
174 1212 26 22 af
213 1212 39 22 det
268 1212 102 29 kapellet
385 1213 132 28 tillydande
532 1213 107 22 laxfisket
654 1214 8 20 i
677 1214 82 21 elfven.
785 1213 74 21 Dessa

101 1248 64 21 såväl
181 1254 49 14 som
246 1247 71 21 andra
337 1247 71 29 ryska
430 1247 148 22 undersåters
600 1248 95 28 möjliga
717 1250 46 19 rätt
785 1248 74 20 måste

101 1282 151 28 naturligtvis
268 1281 75 22 blifva
359 1281 138 22 oförkränkt
513 1282 73 22 under
600 1282 64 29 hägn
686 1282 26 22 af
731 1282 60 21 finsk
813 1282 46 28 lag.

102 1315 120 22 Tillvaron
238 1316 26 21 af
277 1316 102 29 kapellet
394 1316 140 22 Boris-Gleb
557 1316 42 22 bör
614 1317 38 21 väl
668 1317 19 29 ej
703 1317 79 21 kunna
805 1319 56 25 göra

101 1351 79 28 någon
196 1350 118 29 svårighet
330 1350 28 22 då
374 1350 121 22 allaredan
509 1351 63 21 inom
587 1351 71 21 finskt
674 1350 92 22 område
785 1350 76 21 finnas

102 1385 41 21 två
157 1385 107 28 verkliga
279 1384 109 29 grekiska
400 1385 90 21 kloster
513 1386 6 20 å
536 1386 107 21 Walamo
663 1386 43 21 och
720 1384 141 22 Konnevitz.

101 1419 40 21 Då
155 1419 115 21 Finlands
285 1419 141 21 innevånare
442 1419 93 29 åtnjuta
549 1419 106 22 fiskerätt
670 1419 43 22 och
728 1409 82 43 frihet
824 1409 39 43 att

104 1453 101 29 anlägga
220 1453 127 29 fiskelägen
363 1453 13 21 å
391 1453 70 28 ryska
469 1453 169 28 Ishafskusten,
654 1454 42 21 bör
712 1453 151 28 naturligtvis

101 1488 151 29 reciprocitet
267 1487 109 22 förunnas
393 1487 28 22 de
435 1488 74 28 ryska
525 1488 167 21 undersåtarne
702 1489 14 20 å
726 1487 45 22 den
781 1487 82 22 finska.

172 1528 192 18 Ekonomiutskottets
377 1528 119 18 betänkande
509 1529 36 17 N:o
558 1529 29 16 12.
