<?xml version="1.0" encoding="UTF-8"?>
<alto xmlns="http://www.loc.gov/standards/alto/ns-v3#" xmlns:xlink="http://www.w3.org/1999/xlink" xmlns:xsi="http://www.w3.org/2001/XMLSchema-instance" xsi:schemaLocation="http://www.loc.gov/standards/alto/ns-v3# http://www.loc.gov/alto/v3/alto-3-0.xsd">
	<Description>
		<MeasurementUnit>pixel</MeasurementUnit>
		<sourceImageInformation>
			<fileName>/tmp/tess_iz4n9322_input.PNG</fileName>
		</sourceImageInformation>
		<OCRProcessing ID="OCR_0">
			<ocrProcessingStep>
				<processingSoftware>
					<softwareName>tesseract 5.3.4</softwareName>
				</processingSoftware>
			</ocrProcessingStep>
		</OCRProcessing>
	</Description>
	<Layout>
		<Page WIDTH="1017" HEIGHT="1678" PHYSICAL_IMG_NR="0" ID="page_0">
			<PrintSpace HPOS="0" VPOS="0" WIDTH="1017" HEIGHT="1678">
				<ComposedBlock ID="cblock_0" HPOS="191" VPOS="115" WIDTH="516" HEIGHT="20">
					<TextBlock ID="block_0" HPOS="191" VPOS="115" WIDTH="516" HEIGHT="20">
						<TextLine ID="line_0" HPOS="191" VPOS="115" WIDTH="516" HEIGHT="20">
							<String ID="string_0" HPOS="191" VPOS="116" WIDTH="11" HEIGHT="17" WC="0.96" CONTENT="4"/><SP WIDTH="181" VPOS="116" HPOS="202"/>
							<String ID="string_1" HPOS="383" VPOS="115" WIDTH="243" HEIGHT="20" WC="0.90" CONTENT="Petitionsbetänkande"/><SP WIDTH="11" VPOS="115" HPOS="626"/>
							<String ID="string_2" HPOS="637" VPOS="116" WIDTH="36" HEIGHT="19" WC="0.96" CONTENT="N:o"/><SP WIDTH="14" VPOS="116" HPOS="673"/>
							<String ID="string_3" HPOS="687" VPOS="116" WIDTH="20" HEIGHT="18" WC="0.95" CONTENT="4."/>
						</TextLine>
					</TextBlock>
				</ComposedBlock>
				<ComposedBlock ID="cblock_1" HPOS="168" VPOS="173" WIDTH="760" HEIGHT="1288">
					<TextBlock ID="block_1" HPOS="169" VPOS="173" WIDTH="750" HEIGHT="62">
						<TextLine ID="line_1" HPOS="169" VPOS="173" WIDTH="750" HEIGHT="27">
							<String ID="string_4" HPOS="169" VPOS="180" WIDTH="52" HEIGHT="20" WC="0.96" CONTENT="egen"/><SP WIDTH="16" VPOS="180" HPOS="221"/>
							<String ID="string_5" HPOS="237" VPOS="174" WIDTH="122" HEIGHT="26" WC="0.96" CONTENT="inrättning,"/><SP WIDTH="17" VPOS="174" HPOS="359"/>
							<String ID="string_6" HPOS="376" VPOS="174" WIDTH="85" HEIGHT="21" WC="0.96" CONTENT="hvilken"/><SP WIDTH="17" VPOS="174" HPOS="461"/>
							<String ID="string_7" HPOS="478" VPOS="174" WIDTH="32" HEIGHT="21" WC="0.96" CONTENT="för"/><SP WIDTH="16" VPOS="174" HPOS="510"/>
							<String ID="string_8" HPOS="526" VPOS="175" WIDTH="32" HEIGHT="20" WC="0.96" CONTENT="att"/><SP WIDTH="14" VPOS="175" HPOS="558"/>
							<String ID="string_9" HPOS="572" VPOS="174" WIDTH="71" HEIGHT="21" WC="0.96" CONTENT="kunna"/><SP WIDTH="14" VPOS="174" HPOS="643"/>
							<String ID="string_10" HPOS="657" VPOS="174" WIDTH="49" HEIGHT="21" WC="0.96" CONTENT="med"/><SP WIDTH="15" VPOS="174" HPOS="706"/>
							<String ID="string_11" HPOS="721" VPOS="173" WIDTH="112" HEIGHT="27" WC="0.96" CONTENT="framgång"/><SP WIDTH="16" VPOS="173" HPOS="833"/>
							<String ID="string_12" HPOS="849" VPOS="173" WIDTH="70" HEIGHT="26" WC="0.96" CONTENT="verka,"/>
						</TextLine>
						<TextLine ID="line_2" HPOS="169" VPOS="207" WIDTH="588" HEIGHT="28">
							<String ID="string_13" HPOS="169" VPOS="207" WIDTH="110" HEIGHT="22" WC="0.96" CONTENT="erfordrar"/><SP WIDTH="15" VPOS="207" HPOS="279"/>
							<String ID="string_14" HPOS="294" VPOS="208" WIDTH="49" HEIGHT="21" WC="0.96" CONTENT="dess"/><SP WIDTH="15" VPOS="208" HPOS="343"/>
							<String ID="string_15" HPOS="358" VPOS="208" WIDTH="122" HEIGHT="27" WC="0.96" CONTENT="synnerliga"/><SP WIDTH="14" VPOS="208" HPOS="480"/>
							<String ID="string_16" HPOS="494" VPOS="209" WIDTH="56" HEIGHT="26" WC="0.96" CONTENT="hägn"/><SP WIDTH="16" VPOS="209" HPOS="550"/>
							<String ID="string_17" HPOS="566" VPOS="208" WIDTH="39" HEIGHT="21" WC="0.96" CONTENT="och"/><SP WIDTH="15" VPOS="208" HPOS="605"/>
							<String ID="string_18" HPOS="620" VPOS="208" WIDTH="137" HEIGHT="21" WC="0.96" CONTENT="omvårdnad."/>
						</TextLine>
					</TextBlock>
					<TextBlock ID="block_2" HPOS="168" VPOS="242" WIDTH="760" HEIGHT="1188">
						<TextLine ID="line_3" HPOS="237" VPOS="242" WIDTH="683" HEIGHT="27">
							<String ID="string_19" HPOS="237" VPOS="242" WIDTH="44" HEIGHT="21" WC="0.91" CONTENT="Det"/><SP WIDTH="14" VPOS="242" HPOS="281"/>
							<String ID="string_20" HPOS="295" VPOS="242" WIDTH="196" HEIGHT="27" WC="0.89" CONTENT="uppfattningssätt,"/><SP WIDTH="16" VPOS="242" HPOS="491"/>
							<String ID="string_21" HPOS="507" VPOS="243" WIDTH="79" HEIGHT="20" WC="0.92" CONTENT="hvarur"/><SP WIDTH="14" VPOS="243" HPOS="586"/>
							<String ID="string_22" HPOS="600" VPOS="243" WIDTH="162" HEIGHT="26" WC="0.89" CONTENT="ifrågavarande"/><SP WIDTH="16" VPOS="243" HPOS="762"/>
							<String ID="string_23" HPOS="778" VPOS="242" WIDTH="142" HEIGHT="27" WC="0.89" CONTENT="petitionsför-"/>
						</TextLine>
						<TextLine ID="line_4" HPOS="169" VPOS="276" WIDTH="751" HEIGHT="27">
							<String ID="string_24" HPOS="169" VPOS="276" WIDTH="47" HEIGHT="26" WC="0.96" CONTENT="slag"/><SP WIDTH="15" VPOS="276" HPOS="216"/>
							<String ID="string_25" HPOS="231" VPOS="276" WIDTH="107" HEIGHT="27" WC="0.95" CONTENT="framgått,"/><SP WIDTH="19" VPOS="276" HPOS="338"/>
							<String ID="string_26" HPOS="357" VPOS="276" WIDTH="41" HEIGHT="21" WC="0.96" CONTENT="kan"/><SP WIDTH="19" VPOS="276" HPOS="398"/>
							<String ID="string_27" HPOS="417" VPOS="276" WIDTH="47" HEIGHT="21" WC="0.96" CONTENT="icke"/><SP WIDTH="17" VPOS="276" HPOS="464"/>
							<String ID="string_28" HPOS="481" VPOS="277" WIDTH="23" HEIGHT="20" WC="0.96" CONTENT="af"/><SP WIDTH="14" VPOS="277" HPOS="504"/>
							<String ID="string_29" HPOS="518" VPOS="277" WIDTH="104" HEIGHT="21" WC="0.96" CONTENT="utskottet"/><SP WIDTH="16" VPOS="277" HPOS="622"/>
							<String ID="string_30" HPOS="638" VPOS="276" WIDTH="107" HEIGHT="21" WC="0.93" CONTENT="omfattas."/><SP WIDTH="30" VPOS="276" HPOS="745"/>
							<String ID="string_31" HPOS="775" VPOS="276" WIDTH="145" HEIGHT="21" WC="0.91" CONTENT="Petitionären"/>
						</TextLine>
						<TextLine ID="line_5" HPOS="169" VPOS="309" WIDTH="752" HEIGHT="28">
							<String ID="string_32" HPOS="169" VPOS="312" WIDTH="24" HEIGHT="19" WC="0.96" CONTENT="är"/><SP WIDTH="15" VPOS="312" HPOS="193"/>
							<String ID="string_33" HPOS="208" VPOS="310" WIDTH="23" HEIGHT="21" WC="0.96" CONTENT="af"/><SP WIDTH="14" VPOS="310" HPOS="231"/>
							<String ID="string_34" HPOS="245" VPOS="311" WIDTH="41" HEIGHT="20" WC="0.93" CONTENT="den"/><SP WIDTH="15" VPOS="311" HPOS="286"/>
							<String ID="string_35" HPOS="301" VPOS="311" WIDTH="62" HEIGHT="26" WC="0.90" CONTENT="åsigt,"/><SP WIDTH="18" VPOS="311" HPOS="363"/>
							<String ID="string_36" HPOS="381" VPOS="312" WIDTH="32" HEIGHT="19" WC="0.96" CONTENT="att"/><SP WIDTH="18" VPOS="312" HPOS="413"/>
							<String ID="string_37" HPOS="431" VPOS="311" WIDTH="94" HEIGHT="26" WC="0.96" CONTENT="kyrkans"/><SP WIDTH="19" VPOS="311" HPOS="525"/>
							<String ID="string_38" HPOS="544" VPOS="311" WIDTH="114" HEIGHT="26" WC="0.96" CONTENT="inflytande"/><SP WIDTH="16" VPOS="311" HPOS="658"/>
							<String ID="string_39" HPOS="674" VPOS="311" WIDTH="28" HEIGHT="26" WC="0.96" CONTENT="på"/><SP WIDTH="15" VPOS="311" HPOS="702"/>
							<String ID="string_40" HPOS="717" VPOS="309" WIDTH="122" HEIGHT="22" WC="0.96" CONTENT="folkskolan"/><SP WIDTH="16" VPOS="309" HPOS="839"/>
							<String ID="string_41" HPOS="855" VPOS="310" WIDTH="66" HEIGHT="27" WC="0.96" CONTENT="enligt"/>
						</TextLine>
						<TextLine ID="line_6" HPOS="169" VPOS="344" WIDTH="753" HEIGHT="28">
							<String ID="string_42" HPOS="169" VPOS="344" WIDTH="100" HEIGHT="26" WC="0.95" CONTENT="gällande"/><SP WIDTH="11" VPOS="344" HPOS="269"/>
							<String ID="string_43" HPOS="280" VPOS="344" WIDTH="124" HEIGHT="27" WC="0.96" CONTENT="författning"/><SP WIDTH="11" VPOS="344" HPOS="404"/>
							<String ID="string_44" HPOS="415" VPOS="346" WIDTH="25" HEIGHT="19" WC="0.96" CONTENT="är"/><SP WIDTH="12" VPOS="346" HPOS="440"/>
							<String ID="string_45" HPOS="452" VPOS="344" WIDTH="73" HEIGHT="22" WC="0.95" CONTENT="alltför"/><SP WIDTH="13" VPOS="344" HPOS="525"/>
							<String ID="string_46" HPOS="538" VPOS="345" WIDTH="83" HEIGHT="27" WC="0.96" CONTENT="mycket"/><SP WIDTH="13" VPOS="345" HPOS="621"/>
							<String ID="string_47" HPOS="634" VPOS="344" WIDTH="117" HEIGHT="26" WC="0.96" CONTENT="inskränkt,"/><SP WIDTH="10" VPOS="344" HPOS="751"/>
							<String ID="string_48" HPOS="761" VPOS="344" WIDTH="39" HEIGHT="21" WC="0.96" CONTENT="och"/><SP WIDTH="12" VPOS="344" HPOS="800"/>
							<String ID="string_49" HPOS="812" VPOS="344" WIDTH="33" HEIGHT="21" WC="0.96" CONTENT="till"/><SP WIDTH="9" VPOS="344" HPOS="845"/>
							<String ID="string_50" HPOS="854" VPOS="344" WIDTH="68" HEIGHT="21" WC="0.96" CONTENT="denna"/>
						</TextLine>
						<TextLine ID="line_7" HPOS="169" VPOS="378" WIDTH="753" HEIGHT="27">
							<String ID="string_51" HPOS="169" VPOS="378" WIDTH="136" HEIGHT="27" WC="0.95" CONTENT="uppfattning"/><SP WIDTH="19" VPOS="378" HPOS="305"/>
							<String ID="string_52" HPOS="324" VPOS="384" WIDTH="61" HEIGHT="21" WC="0.96" CONTENT="synes"/><SP WIDTH="18" VPOS="384" HPOS="385"/>
							<String ID="string_53" HPOS="403" VPOS="378" WIDTH="41" HEIGHT="22" WC="0.96" CONTENT="han"/><SP WIDTH="20" VPOS="378" HPOS="444"/>
							<String ID="string_54" HPOS="464" VPOS="379" WIDTH="85" HEIGHT="21" WC="0.96" CONTENT="komma"/><SP WIDTH="19" VPOS="379" HPOS="549"/>
							<String ID="string_55" HPOS="568" VPOS="384" WIDTH="76" HEIGHT="21" WC="0.96" CONTENT="genom"/><SP WIDTH="16" VPOS="384" HPOS="644"/>
							<String ID="string_56" HPOS="660" VPOS="380" WIDTH="31" HEIGHT="20" WC="0.96" CONTENT="att"/><SP WIDTH="16" VPOS="380" HPOS="691"/>
							<String ID="string_57" HPOS="707" VPOS="384" WIDTH="58" HEIGHT="20" WC="0.95" CONTENT="anse,"/><SP WIDTH="16" VPOS="384" HPOS="765"/>
							<String ID="string_58" HPOS="781" VPOS="378" WIDTH="36" HEIGHT="22" WC="0.96" CONTENT="det"/><SP WIDTH="14" VPOS="378" HPOS="817"/>
							<String ID="string_59" HPOS="831" VPOS="378" WIDTH="91" HEIGHT="21" WC="0.95" CONTENT="nämnda"/>
						</TextLine>
						<TextLine ID="line_8" HPOS="170" VPOS="412" WIDTH="752" HEIGHT="28">
							<String ID="string_60" HPOS="170" VPOS="412" WIDTH="115" HEIGHT="27" WC="0.96" CONTENT="inflytande"/><SP WIDTH="12" VPOS="412" HPOS="285"/>
							<String ID="string_61" HPOS="297" VPOS="413" WIDTH="5" HEIGHT="20" WC="0.96" CONTENT="i"/><SP WIDTH="12" VPOS="413" HPOS="302"/>
							<String ID="string_62" HPOS="314" VPOS="413" WIDTH="88" HEIGHT="21" WC="0.96" CONTENT="främsta"/><SP WIDTH="11" VPOS="413" HPOS="402"/>
							<String ID="string_63" HPOS="413" VPOS="415" WIDTH="92" HEIGHT="19" WC="0.96" CONTENT="rummet"/><SP WIDTH="13" VPOS="415" HPOS="505"/>
							<String ID="string_64" HPOS="518" VPOS="413" WIDTH="63" HEIGHT="22" WC="0.96" CONTENT="beror"/><SP WIDTH="13" VPOS="413" HPOS="581"/>
							<String ID="string_65" HPOS="594" VPOS="413" WIDTH="55" HEIGHT="27" WC="0.96" CONTENT="uppå"/><SP WIDTH="11" VPOS="413" HPOS="649"/>
							<String ID="string_66" HPOS="660" VPOS="419" WIDTH="26" HEIGHT="15" WC="0.96" CONTENT="en"/><SP WIDTH="14" VPOS="419" HPOS="686"/>
							<String ID="string_67" HPOS="700" VPOS="413" WIDTH="148" HEIGHT="26" WC="0.96" CONTENT="kyrkoherden"/><SP WIDTH="12" VPOS="413" HPOS="848"/>
							<String ID="string_68" HPOS="860" VPOS="413" WIDTH="7" HEIGHT="20" WC="0.92" CONTENT="i"/><SP WIDTH="12" VPOS="413" HPOS="867"/>
							<String ID="string_69" HPOS="879" VPOS="412" WIDTH="43" HEIGHT="21" WC="0.91" CONTENT="för-"/>
						</TextLine>
						<TextLine ID="line_9" HPOS="169" VPOS="447" WIDTH="752" HEIGHT="26">
							<String ID="string_70" HPOS="169" VPOS="447" WIDTH="120" HEIGHT="26" WC="0.93" CONTENT="samlingen"/><SP WIDTH="23" VPOS="447" HPOS="289"/>
							<String ID="string_71" HPOS="312" VPOS="447" WIDTH="119" HEIGHT="26" WC="0.92" CONTENT="medgifven"/><SP WIDTH="24" VPOS="447" HPOS="431"/>
							<String ID="string_72" HPOS="455" VPOS="449" WIDTH="43" HEIGHT="19" WC="0.96" CONTENT="rätt"/><SP WIDTH="22" VPOS="449" HPOS="498"/>
							<String ID="string_73" HPOS="520" VPOS="449" WIDTH="32" HEIGHT="20" WC="0.96" CONTENT="att"/><SP WIDTH="22" VPOS="449" HPOS="552"/>
							<String ID="string_74" HPOS="574" VPOS="447" WIDTH="70" HEIGHT="21" WC="0.93" CONTENT="såsom"/><SP WIDTH="23" VPOS="447" HPOS="644"/>
							<String ID="string_75" HPOS="667" VPOS="447" WIDTH="144" HEIGHT="26" WC="0.88" CONTENT="sjelfskrifven"/><SP WIDTH="20" VPOS="447" HPOS="811"/>
							<String ID="string_76" HPOS="831" VPOS="447" WIDTH="90" HEIGHT="21" WC="0.96" CONTENT="medlem"/>
						</TextLine>
						<TextLine ID="line_10" HPOS="169" VPOS="481" WIDTH="753" HEIGHT="22">
							<String ID="string_77" HPOS="169" VPOS="481" WIDTH="64" HEIGHT="21" WC="0.96" CONTENT="hafva"/><SP WIDTH="16" VPOS="481" HPOS="233"/>
							<String ID="string_78" HPOS="249" VPOS="483" WIDTH="46" HEIGHT="19" WC="0.96" CONTENT="säte"/><SP WIDTH="16" VPOS="483" HPOS="295"/>
							<String ID="string_79" HPOS="311" VPOS="481" WIDTH="38" HEIGHT="21" WC="0.96" CONTENT="och"/><SP WIDTH="16" VPOS="481" HPOS="349"/>
							<String ID="string_80" HPOS="365" VPOS="483" WIDTH="90" HEIGHT="20" WC="0.96" CONTENT="stämma"/><SP WIDTH="11" VPOS="483" HPOS="455"/>
							<String ID="string_81" HPOS="466" VPOS="482" WIDTH="7" HEIGHT="20" WC="0.93" CONTENT="i"/><SP WIDTH="11" VPOS="482" HPOS="473"/>
							<String ID="string_82" HPOS="484" VPOS="481" WIDTH="249" HEIGHT="22" WC="0.91" CONTENT="folkskoledirektionen."/><SP WIDTH="24" VPOS="481" HPOS="733"/>
							<String ID="string_83" HPOS="757" VPOS="481" WIDTH="104" HEIGHT="21" WC="0.92" CONTENT="Häremot"/><SP WIDTH="11" VPOS="481" HPOS="861"/>
							<String ID="string_84" HPOS="872" VPOS="481" WIDTH="50" HEIGHT="20" WC="0.93" CONTENT="nöd-"/>
						</TextLine>
						<TextLine ID="line_11" HPOS="169" VPOS="514" WIDTH="754" HEIGHT="28">
							<String ID="string_85" HPOS="169" VPOS="521" WIDTH="39" HEIGHT="20" WC="0.93" CONTENT="gas"/><SP WIDTH="15" VPOS="521" HPOS="208"/>
							<String ID="string_86" HPOS="223" VPOS="515" WIDTH="94" HEIGHT="21" WC="0.91" CONTENT="utkottet"/><SP WIDTH="15" VPOS="515" HPOS="317"/>
							<String ID="string_87" HPOS="332" VPOS="515" WIDTH="75" HEIGHT="22" WC="0.96" CONTENT="främst"/><SP WIDTH="16" VPOS="515" HPOS="407"/>
							<String ID="string_88" HPOS="423" VPOS="516" WIDTH="76" HEIGHT="26" WC="0.96" CONTENT="erinra,"/><SP WIDTH="17" VPOS="516" HPOS="499"/>
							<String ID="string_89" HPOS="516" VPOS="518" WIDTH="31" HEIGHT="19" WC="0.96" CONTENT="att"/><SP WIDTH="15" VPOS="518" HPOS="547"/>
							<String ID="string_90" HPOS="562" VPOS="517" WIDTH="6" HEIGHT="19" WC="0.96" CONTENT="i"/><SP WIDTH="16" VPOS="517" HPOS="568"/>
							<String ID="string_91" HPOS="584" VPOS="515" WIDTH="155" HEIGHT="27" WC="0.96" CONTENT="församlingar,"/><SP WIDTH="16" VPOS="515" HPOS="739"/>
							<String ID="string_92" HPOS="755" VPOS="515" WIDTH="38" HEIGHT="21" WC="0.93" CONTENT="der"/><SP WIDTH="14" VPOS="515" HPOS="793"/>
							<String ID="string_93" HPOS="807" VPOS="514" WIDTH="116" HEIGHT="28" WC="0.92" CONTENT="kyrkoher-"/>
						</TextLine>
						<TextLine ID="line_12" HPOS="170" VPOS="549" WIDTH="752" HEIGHT="28">
							<String ID="string_94" HPOS="170" VPOS="549" WIDTH="41" HEIGHT="22" WC="0.96" CONTENT="den"/><SP WIDTH="15" VPOS="549" HPOS="211"/>
							<String ID="string_95" HPOS="226" VPOS="549" WIDTH="58" HEIGHT="21" WC="0.96" CONTENT="visar"/><SP WIDTH="15" VPOS="549" HPOS="284"/>
							<String ID="string_96" HPOS="299" VPOS="550" WIDTH="33" HEIGHT="26" WC="0.96" CONTENT="sig"/><SP WIDTH="15" VPOS="550" HPOS="332"/>
							<String ID="string_97" HPOS="347" VPOS="550" WIDTH="48" HEIGHT="21" WC="0.95" CONTENT="med"/><SP WIDTH="15" VPOS="550" HPOS="395"/>
							<String ID="string_98" HPOS="410" VPOS="550" WIDTH="93" HEIGHT="27" WC="0.95" CONTENT="verkligt"/><SP WIDTH="15" VPOS="550" HPOS="503"/>
							<String ID="string_99" HPOS="518" VPOS="551" WIDTH="90" HEIGHT="20" WC="0.96" CONTENT="intresse"/><SP WIDTH="17" VPOS="551" HPOS="608"/>
							<String ID="string_100" HPOS="625" VPOS="549" WIDTH="89" HEIGHT="22" WC="0.96" CONTENT="omfatta"/><SP WIDTH="15" VPOS="549" HPOS="714"/>
							<String ID="string_101" HPOS="729" VPOS="549" WIDTH="132" HEIGHT="22" WC="0.96" CONTENT="folkskolans"/><SP WIDTH="18" VPOS="549" HPOS="861"/>
							<String ID="string_102" HPOS="879" VPOS="549" WIDTH="43" HEIGHT="26" WC="0.96" CONTENT="sak,"/>
						</TextLine>
						<TextLine ID="line_13" HPOS="170" VPOS="583" WIDTH="752" HEIGHT="27">
							<String ID="string_103" HPOS="170" VPOS="584" WIDTH="39" HEIGHT="21" WC="0.92" CONTENT="der"/><SP WIDTH="14" VPOS="584" HPOS="209"/>
							<String ID="string_104" HPOS="223" VPOS="583" WIDTH="69" HEIGHT="27" WC="0.90" CONTENT="väljes"/><SP WIDTH="15" VPOS="583" HPOS="292"/>
							<String ID="string_105" HPOS="307" VPOS="583" WIDTH="40" HEIGHT="22" WC="0.97" CONTENT="han"/><SP WIDTH="17" VPOS="583" HPOS="347"/>
							<String ID="string_106" HPOS="364" VPOS="584" WIDTH="23" HEIGHT="21" WC="0.97" CONTENT="så"/><SP WIDTH="15" VPOS="584" HPOS="387"/>
							<String ID="string_107" HPOS="402" VPOS="584" WIDTH="52" HEIGHT="26" WC="0.95" CONTENT="godt"/><SP WIDTH="15" VPOS="584" HPOS="454"/>
							<String ID="string_108" HPOS="469" VPOS="590" WIDTH="44" HEIGHT="15" WC="0.96" CONTENT="som"/><SP WIDTH="17" VPOS="590" HPOS="513"/>
							<String ID="string_109" HPOS="530" VPOS="585" WIDTH="62" HEIGHT="20" WC="0.96" CONTENT="alltid"/><SP WIDTH="16" VPOS="585" HPOS="592"/>
							<String ID="string_110" HPOS="608" VPOS="585" WIDTH="32" HEIGHT="20" WC="0.96" CONTENT="till"/><SP WIDTH="17" VPOS="585" HPOS="640"/>
							<String ID="string_111" HPOS="657" VPOS="584" WIDTH="92" HEIGHT="21" WC="0.96" CONTENT="medlem"/><SP WIDTH="15" VPOS="584" HPOS="749"/>
							<String ID="string_112" HPOS="764" VPOS="584" WIDTH="7" HEIGHT="21" WC="0.95" CONTENT="i"/><SP WIDTH="13" VPOS="584" HPOS="771"/>
							<String ID="string_113" HPOS="784" VPOS="583" WIDTH="138" HEIGHT="26" WC="0.96" CONTENT="direktionen,"/>
						</TextLine>
						<TextLine ID="line_14" HPOS="170" VPOS="617" WIDTH="752" HEIGHT="27">
							<String ID="string_114" HPOS="170" VPOS="618" WIDTH="100" HEIGHT="26" WC="0.95" CONTENT="vanligen"/><SP WIDTH="15" VPOS="618" HPOS="270"/>
							<String ID="string_115" HPOS="285" VPOS="618" WIDTH="32" HEIGHT="21" WC="0.95" CONTENT="till"/><SP WIDTH="16" VPOS="618" HPOS="317"/>
							<String ID="string_116" HPOS="333" VPOS="618" WIDTH="49" HEIGHT="21" WC="0.96" CONTENT="dess"/><SP WIDTH="16" VPOS="618" HPOS="382"/>
							<String ID="string_117" HPOS="398" VPOS="618" WIDTH="134" HEIGHT="21" WC="0.96" CONTENT="ordförande."/><SP WIDTH="24" VPOS="618" HPOS="532"/>
							<String ID="string_118" HPOS="556" VPOS="618" WIDTH="41" HEIGHT="21" WC="0.96" CONTENT="Till"/><SP WIDTH="17" VPOS="618" HPOS="597"/>
							<String ID="string_119" HPOS="614" VPOS="619" WIDTH="47" HEIGHT="20" WC="0.96" CONTENT="stöd"/><SP WIDTH="16" VPOS="619" HPOS="661"/>
							<String ID="string_120" HPOS="677" VPOS="617" WIDTH="74" HEIGHT="22" WC="0.96" CONTENT="härför"/><SP WIDTH="15" VPOS="617" HPOS="751"/>
							<String ID="string_121" HPOS="766" VPOS="618" WIDTH="42" HEIGHT="21" WC="0.96" CONTENT="kan"/><SP WIDTH="11" VPOS="618" HPOS="808"/>
							<String ID="string_122" HPOS="819" VPOS="617" WIDTH="103" HEIGHT="26" WC="0.95" CONTENT="åberopas"/>
						</TextLine>
						<TextLine ID="line_15" HPOS="170" VPOS="651" WIDTH="754" HEIGHT="28">
							<String ID="string_123" HPOS="170" VPOS="651" WIDTH="161" HEIGHT="22" WC="0.91" CONTENT="erfarenhetens"/><SP WIDTH="16" VPOS="651" HPOS="331"/>
							<String ID="string_124" HPOS="347" VPOS="652" WIDTH="129" HEIGHT="26" WC="0.91" CONTENT="vitnesbörd,"/><SP WIDTH="17" VPOS="652" HPOS="476"/>
							<String ID="string_125" HPOS="493" VPOS="653" WIDTH="38" HEIGHT="20" WC="0.96" CONTENT="och"/><SP WIDTH="17" VPOS="653" HPOS="531"/>
							<String ID="string_126" HPOS="548" VPOS="659" WIDTH="26" HEIGHT="14" WC="0.96" CONTENT="en"/><SP WIDTH="17" VPOS="659" HPOS="574"/>
							<String ID="string_127" HPOS="591" VPOS="653" WIDTH="79" HEIGHT="26" WC="0.96" CONTENT="borgen"/><SP WIDTH="17" VPOS="653" HPOS="670"/>
							<String ID="string_128" HPOS="687" VPOS="651" WIDTH="33" HEIGHT="22" WC="0.96" CONTENT="för"/><SP WIDTH="15" VPOS="651" HPOS="720"/>
							<String ID="string_129" HPOS="735" VPOS="653" WIDTH="31" HEIGHT="20" WC="0.96" CONTENT="att"/><SP WIDTH="15" VPOS="653" HPOS="766"/>
							<String ID="string_130" HPOS="781" VPOS="651" WIDTH="143" HEIGHT="22" WC="0.95" CONTENT="förhållandet"/>
						</TextLine>
						<TextLine ID="line_16" HPOS="168" VPOS="685" WIDTH="755" HEIGHT="27">
							<String ID="string_131" HPOS="168" VPOS="686" WIDTH="81" HEIGHT="26" WC="0.92" CONTENT="jemväl"/><SP WIDTH="15" VPOS="686" HPOS="249"/>
							<String ID="string_132" HPOS="264" VPOS="686" WIDTH="7" HEIGHT="20" WC="0.96" CONTENT="i"/><SP WIDTH="15" VPOS="686" HPOS="271"/>
							<String ID="string_133" HPOS="286" VPOS="686" WIDTH="113" HEIGHT="21" WC="0.96" CONTENT="framtiden"/><SP WIDTH="15" VPOS="686" HPOS="399"/>
							<String ID="string_134" HPOS="414" VPOS="686" WIDTH="55" HEIGHT="21" WC="0.93" CONTENT="skall"/><SP WIDTH="15" VPOS="686" HPOS="469"/>
							<String ID="string_135" HPOS="484" VPOS="686" WIDTH="101" HEIGHT="21" WC="0.91" CONTENT="förblifva"/><SP WIDTH="15" VPOS="686" HPOS="585"/>
							<String ID="string_136" HPOS="600" VPOS="686" WIDTH="76" HEIGHT="21" WC="0.96" CONTENT="sådant"/><SP WIDTH="15" VPOS="686" HPOS="676"/>
							<String ID="string_137" HPOS="691" VPOS="692" WIDTH="35" HEIGHT="15" WC="0.96" CONTENT="ser"/><SP WIDTH="16" VPOS="692" HPOS="726"/>
							<String ID="string_138" HPOS="742" VPOS="685" WIDTH="104" HEIGHT="21" WC="0.96" CONTENT="utskottet"/><SP WIDTH="15" VPOS="685" HPOS="846"/>
							<String ID="string_139" HPOS="861" VPOS="685" WIDTH="7" HEIGHT="20" WC="0.96" CONTENT="i"/><SP WIDTH="16" VPOS="685" HPOS="868"/>
							<String ID="string_140" HPOS="884" VPOS="685" WIDTH="39" HEIGHT="21" WC="0.96" CONTENT="den"/>
						</TextLine>
						<TextLine ID="line_17" HPOS="171" VPOS="719" WIDTH="753" HEIGHT="27">
							<String ID="string_141" HPOS="171" VPOS="720" WIDTH="114" HEIGHT="26" WC="0.95" CONTENT="glädjande"/><SP WIDTH="13" VPOS="720" HPOS="285"/>
							<String ID="string_142" HPOS="298" VPOS="720" WIDTH="162" HEIGHT="26" WC="0.96" CONTENT="omständighet,"/><SP WIDTH="12" VPOS="720" HPOS="460"/>
							<String ID="string_143" HPOS="472" VPOS="722" WIDTH="32" HEIGHT="19" WC="0.96" CONTENT="att"/><SP WIDTH="12" VPOS="722" HPOS="504"/>
							<String ID="string_144" HPOS="516" VPOS="720" WIDTH="36" HEIGHT="21" WC="0.96" CONTENT="det"/><SP WIDTH="11" VPOS="720" HPOS="552"/>
							<String ID="string_145" HPOS="563" VPOS="720" WIDTH="69" HEIGHT="21" WC="0.96" CONTENT="finska"/><SP WIDTH="12" VPOS="720" HPOS="632"/>
							<String ID="string_146" HPOS="644" VPOS="720" WIDTH="78" HEIGHT="21" WC="0.96" CONTENT="folkets"/><SP WIDTH="13" VPOS="720" HPOS="722"/>
							<String ID="string_147" HPOS="735" VPOS="722" WIDTH="58" HEIGHT="18" WC="0.96" CONTENT="stora"/><SP WIDTH="11" VPOS="722" HPOS="793"/>
							<String ID="string_148" HPOS="804" VPOS="719" WIDTH="68" HEIGHT="21" WC="0.96" CONTENT="flertal"/><SP WIDTH="15" VPOS="719" HPOS="872"/>
							<String ID="string_149" HPOS="887" VPOS="719" WIDTH="37" HEIGHT="21" WC="0.96" CONTENT="allt"/>
						</TextLine>
						<TextLine ID="line_18" HPOS="171" VPOS="753" WIDTH="752" HEIGHT="27">
							<String ID="string_150" HPOS="171" VPOS="754" WIDTH="133" HEIGHT="21" WC="0.96" CONTENT="fortfarande"/><SP WIDTH="16" VPOS="754" HPOS="304"/>
							<String ID="string_151" HPOS="320" VPOS="754" WIDTH="47" HEIGHT="21" WC="0.96" CONTENT="med"/><SP WIDTH="15" VPOS="754" HPOS="367"/>
							<String ID="string_152" HPOS="382" VPOS="760" WIDTH="59" HEIGHT="15" WC="0.96" CONTENT="varm"/><SP WIDTH="16" VPOS="760" HPOS="441"/>
							<String ID="string_153" HPOS="457" VPOS="754" WIDTH="74" HEIGHT="21" WC="0.96" CONTENT="kärlek"/><SP WIDTH="15" VPOS="754" HPOS="531"/>
							<String ID="string_154" HPOS="546" VPOS="754" WIDTH="101" HEIGHT="21" WC="0.96" CONTENT="omfattar"/><SP WIDTH="15" VPOS="754" HPOS="647"/>
							<String ID="string_155" HPOS="662" VPOS="754" WIDTH="40" HEIGHT="20" WC="0.96" CONTENT="den"/><SP WIDTH="17" VPOS="754" HPOS="702"/>
							<String ID="string_156" HPOS="719" VPOS="753" WIDTH="110" HEIGHT="21" WC="0.96" CONTENT="lutherska"/><SP WIDTH="15" VPOS="753" HPOS="829"/>
							<String ID="string_157" HPOS="844" VPOS="753" WIDTH="79" HEIGHT="27" WC="0.96" CONTENT="kyrkan"/>
						</TextLine>
						<TextLine ID="line_19" HPOS="171" VPOS="787" WIDTH="753" HEIGHT="28">
							<String ID="string_158" HPOS="171" VPOS="788" WIDTH="40" HEIGHT="21" WC="0.96" CONTENT="och"/><SP WIDTH="12" VPOS="788" HPOS="211"/>
							<String ID="string_159" HPOS="223" VPOS="788" WIDTH="50" HEIGHT="21" WC="0.92" CONTENT="dess"/><SP WIDTH="8" VPOS="788" HPOS="273"/>
							<String ID="string_160" HPOS="281" VPOS="788" WIDTH="131" HEIGHT="27" WC="0.89" CONTENT="presterkap."/><SP WIDTH="16" VPOS="788" HPOS="412"/>
							<String ID="string_161" HPOS="428" VPOS="788" WIDTH="146" HEIGHT="22" WC="0.92" CONTENT="Petitionären"/><SP WIDTH="12" VPOS="788" HPOS="574"/>
							<String ID="string_162" HPOS="586" VPOS="790" WIDTH="24" HEIGHT="19" WC="0.96" CONTENT="är"/><SP WIDTH="10" VPOS="790" HPOS="610"/>
							<String ID="string_163" HPOS="620" VPOS="788" WIDTH="63" HEIGHT="21" WC="0.96" CONTENT="äfven"/><SP WIDTH="12" VPOS="788" HPOS="683"/>
							<String ID="string_164" HPOS="695" VPOS="788" WIDTH="50" HEIGHT="26" WC="0.96" CONTENT="sjelf"/><SP WIDTH="9" VPOS="788" HPOS="745"/>
							<String ID="string_165" HPOS="754" VPOS="788" WIDTH="112" HEIGHT="20" WC="0.93" CONTENT="medveten"/><SP WIDTH="11" VPOS="788" HPOS="866"/>
							<String ID="string_166" HPOS="877" VPOS="787" WIDTH="47" HEIGHT="21" WC="0.91" CONTENT="här-"/>
						</TextLine>
						<TextLine ID="line_20" HPOS="171" VPOS="821" WIDTH="754" HEIGHT="28">
							<String ID="string_167" HPOS="171" VPOS="828" WIDTH="41" HEIGHT="20" WC="0.96" CONTENT="om,"/><SP WIDTH="13" VPOS="828" HPOS="212"/>
							<String ID="string_168" HPOS="225" VPOS="828" WIDTH="49" HEIGHT="15" WC="0.96" CONTENT="men"/><SP WIDTH="15" VPOS="828" HPOS="274"/>
							<String ID="string_169" HPOS="289" VPOS="822" WIDTH="42" HEIGHT="21" WC="0.95" CONTENT="han"/><SP WIDTH="14" VPOS="822" HPOS="331"/>
							<String ID="string_170" HPOS="345" VPOS="822" WIDTH="93" HEIGHT="27" WC="0.96" CONTENT="påpekar"/><SP WIDTH="16" VPOS="822" HPOS="438"/>
							<String ID="string_171" HPOS="454" VPOS="822" WIDTH="70" HEIGHT="22" WC="0.96" CONTENT="såsom"/><SP WIDTH="12" VPOS="822" HPOS="524"/>
							<String ID="string_172" HPOS="536" VPOS="828" WIDTH="27" HEIGHT="16" WC="0.95" CONTENT="en"/><SP WIDTH="11" VPOS="828" HPOS="563"/>
							<String ID="string_173" HPOS="574" VPOS="822" WIDTH="111" HEIGHT="27" WC="0.96" CONTENT="möjlighet"/><SP WIDTH="12" VPOS="822" HPOS="685"/>
							<String ID="string_174" HPOS="697" VPOS="822" WIDTH="39" HEIGHT="21" WC="0.96" CONTENT="och"/><SP WIDTH="12" VPOS="822" HPOS="736"/>
							<String ID="string_175" HPOS="748" VPOS="821" WIDTH="34" HEIGHT="21" WC="0.96" CONTENT="för"/><SP WIDTH="11" VPOS="821" HPOS="782"/>
							<String ID="string_176" HPOS="793" VPOS="821" WIDTH="132" HEIGHT="21" WC="0.95" CONTENT="närvarande"/>
						</TextLine>
						<TextLine ID="line_21" HPOS="172" VPOS="855" WIDTH="753" HEIGHT="28">
							<String ID="string_177" HPOS="172" VPOS="857" WIDTH="66" HEIGHT="20" WC="0.96" CONTENT="redan"/><SP WIDTH="16" VPOS="857" HPOS="238"/>
							<String ID="string_178" HPOS="254" VPOS="856" WIDTH="128" HEIGHT="21" WC="0.95" CONTENT="åtminstone"/><SP WIDTH="15" VPOS="856" HPOS="382"/>
							<String ID="string_179" HPOS="397" VPOS="857" WIDTH="6" HEIGHT="20" WC="0.96" CONTENT="i"/><SP WIDTH="15" VPOS="857" HPOS="403"/>
							<String ID="string_180" HPOS="418" VPOS="857" WIDTH="71" HEIGHT="26" WC="0.96" CONTENT="någon"/><SP WIDTH="15" VPOS="857" HPOS="489"/>
							<String ID="string_181" HPOS="504" VPOS="857" WIDTH="100" HEIGHT="20" WC="0.96" CONTENT="kommun"/><SP WIDTH="16" VPOS="857" HPOS="604"/>
							<String ID="string_182" HPOS="620" VPOS="863" WIDTH="25" HEIGHT="14" WC="0.95" CONTENT="en"/><SP WIDTH="15" VPOS="863" HPOS="645"/>
							<String ID="string_183" HPOS="660" VPOS="856" WIDTH="127" HEIGHT="27" WC="0.95" CONTENT="verklighet,"/><SP WIDTH="16" VPOS="856" HPOS="787"/>
							<String ID="string_184" HPOS="803" VPOS="858" WIDTH="32" HEIGHT="19" WC="0.93" CONTENT="att"/><SP WIDTH="14" VPOS="858" HPOS="835"/>
							<String ID="string_185" HPOS="849" VPOS="855" WIDTH="76" HEIGHT="28" WC="0.92" CONTENT="kyrko-"/>
						</TextLine>
						<TextLine ID="line_22" HPOS="171" VPOS="888" WIDTH="754" HEIGHT="29">
							<String ID="string_186" HPOS="171" VPOS="890" WIDTH="88" HEIGHT="27" WC="0.93" CONTENT="herden,"/><SP WIDTH="24" VPOS="890" HPOS="259"/>
							<String ID="string_187" HPOS="283" VPOS="890" WIDTH="88" HEIGHT="21" WC="0.92" CONTENT="oaktadt"/><SP WIDTH="21" VPOS="890" HPOS="371"/>
							<String ID="string_188" HPOS="392" VPOS="891" WIDTH="29" HEIGHT="20" WC="0.96" CONTENT="all"/><SP WIDTH="20" VPOS="891" HPOS="421"/>
							<String ID="string_189" HPOS="441" VPOS="891" WIDTH="32" HEIGHT="20" WC="0.96" CONTENT="sin"/><SP WIDTH="20" VPOS="891" HPOS="473"/>
							<String ID="string_190" HPOS="493" VPOS="891" WIDTH="130" HEIGHT="26" WC="0.92" CONTENT="lämplighet,"/><SP WIDTH="17" VPOS="891" HPOS="623"/>
							<String ID="string_191" HPOS="640" VPOS="903" WIDTH="26" HEIGHT="3" WC="0.92" CONTENT="—"/><SP WIDTH="17" VPOS="903" HPOS="666"/>
							<String ID="string_192" HPOS="683" VPOS="890" WIDTH="39" HEIGHT="21" WC="0.96" CONTENT="och"/><SP WIDTH="16" VPOS="890" HPOS="722"/>
							<String ID="string_193" HPOS="738" VPOS="889" WIDTH="81" HEIGHT="22" WC="0.93" CONTENT="kanske"/><SP WIDTH="16" VPOS="889" HPOS="819"/>
							<String ID="string_194" HPOS="835" VPOS="888" WIDTH="90" HEIGHT="23" WC="0.91" CONTENT="företrä-"/>
						</TextLine>
						<TextLine ID="line_23" HPOS="173" VPOS="923" WIDTH="752" HEIGHT="28">
							<String ID="string_195" HPOS="173" VPOS="924" WIDTH="38" HEIGHT="21" WC="0.96" CONTENT="des"/><SP WIDTH="15" VPOS="924" HPOS="211"/>
							<String ID="string_196" HPOS="226" VPOS="925" WIDTH="7" HEIGHT="20" WC="0.96" CONTENT="i"/><SP WIDTH="16" VPOS="925" HPOS="233"/>
							<String ID="string_197" HPOS="249" VPOS="925" WIDTH="38" HEIGHT="20" WC="0.96" CONTENT="det"/><SP WIDTH="16" VPOS="925" HPOS="287"/>
							<String ID="string_198" HPOS="303" VPOS="924" WIDTH="45" HEIGHT="27" WC="0.96" CONTENT="fall,"/><SP WIDTH="20" VPOS="924" HPOS="348"/>
							<String ID="string_199" HPOS="368" VPOS="926" WIDTH="31" HEIGHT="19" WC="0.96" CONTENT="att"/><SP WIDTH="14" VPOS="926" HPOS="399"/>
							<String ID="string_200" HPOS="413" VPOS="925" WIDTH="42" HEIGHT="20" WC="0.96" CONTENT="han"/><SP WIDTH="16" VPOS="925" HPOS="455"/>
							<String ID="string_201" HPOS="471" VPOS="927" WIDTH="24" HEIGHT="18" WC="0.97" CONTENT="är"/><SP WIDTH="15" VPOS="927" HPOS="495"/>
							<String ID="string_202" HPOS="510" VPOS="925" WIDTH="56" HEIGHT="21" WC="0.96" CONTENT="känd"/><SP WIDTH="16" VPOS="925" HPOS="566"/>
							<String ID="string_203" HPOS="582" VPOS="925" WIDTH="71" HEIGHT="20" WC="0.91" CONTENT="såsom"/><SP WIDTH="15" VPOS="925" HPOS="653"/>
							<String ID="string_204" HPOS="668" VPOS="924" WIDTH="137" HEIGHT="21" WC="0.91" CONTENT="nitälskande"/><SP WIDTH="16" VPOS="924" HPOS="805"/>
							<String ID="string_205" HPOS="821" VPOS="925" WIDTH="32" HEIGHT="20" WC="0.93" CONTENT="att"/><SP WIDTH="14" VPOS="925" HPOS="853"/>
							<String ID="string_206" HPOS="867" VPOS="923" WIDTH="58" HEIGHT="22" WC="0.92" CONTENT="bibe-"/>
						</TextLine>
						<TextLine ID="line_24" HPOS="172" VPOS="957" WIDTH="754" HEIGHT="28">
							<String ID="string_207" HPOS="172" VPOS="958" WIDTH="59" HEIGHT="21" WC="0.96" CONTENT="hålla"/><SP WIDTH="15" VPOS="958" HPOS="231"/>
							<String ID="string_208" HPOS="246" VPOS="958" WIDTH="169" HEIGHT="27" WC="0.96" CONTENT="folkbildningen"/><SP WIDTH="15" VPOS="958" HPOS="415"/>
							<String ID="string_209" HPOS="430" VPOS="959" WIDTH="28" HEIGHT="26" WC="0.96" CONTENT="på"/><SP WIDTH="14" VPOS="959" HPOS="458"/>
							<String ID="string_210" HPOS="472" VPOS="959" WIDTH="85" HEIGHT="26" WC="0.95" CONTENT="kristlig"/><SP WIDTH="15" VPOS="959" HPOS="557"/>
							<String ID="string_211" HPOS="572" VPOS="959" WIDTH="104" HEIGHT="26" WC="0.93" CONTENT="grundval"/><SP WIDTH="10" VPOS="959" HPOS="676"/>
							<String ID="string_212" HPOS="686" VPOS="971" WIDTH="26" HEIGHT="2" WC="0.92" CONTENT="—"/><SP WIDTH="9" VPOS="971" HPOS="712"/>
							<String ID="string_213" HPOS="721" VPOS="958" WIDTH="46" HEIGHT="21" WC="0.93" CONTENT="icke"/><SP WIDTH="17" VPOS="958" HPOS="767"/>
							<String ID="string_214" HPOS="784" VPOS="957" WIDTH="79" HEIGHT="22" WC="0.91" CONTENT="blifver"/><SP WIDTH="14" VPOS="957" HPOS="863"/>
							<String ID="string_215" HPOS="877" VPOS="958" WIDTH="49" HEIGHT="21" WC="0.95" CONTENT="vald"/>
						</TextLine>
						<TextLine ID="line_25" HPOS="172" VPOS="992" WIDTH="753" HEIGHT="22">
							<String ID="string_216" HPOS="172" VPOS="993" WIDTH="34" HEIGHT="20" WC="0.96" CONTENT="till"/><SP WIDTH="15" VPOS="993" HPOS="206"/>
							<String ID="string_217" HPOS="221" VPOS="993" WIDTH="93" HEIGHT="21" WC="0.95" CONTENT="medlem"/><SP WIDTH="16" VPOS="993" HPOS="314"/>
							<String ID="string_218" HPOS="330" VPOS="993" WIDTH="23" HEIGHT="20" WC="0.93" CONTENT="af"/><SP WIDTH="16" VPOS="993" HPOS="353"/>
							<String ID="string_219" HPOS="369" VPOS="993" WIDTH="248" HEIGHT="21" WC="0.92" CONTENT="folkskoledirektionen."/><SP WIDTH="32" VPOS="993" HPOS="617"/>
							<String ID="string_220" HPOS="649" VPOS="993" WIDTH="43" HEIGHT="20" WC="0.95" CONTENT="Det"/><SP WIDTH="15" VPOS="993" HPOS="692"/>
							<String ID="string_221" HPOS="707" VPOS="998" WIDTH="50" HEIGHT="15" WC="0.96" CONTENT="vore"/><SP WIDTH="16" VPOS="998" HPOS="757"/>
							<String ID="string_222" HPOS="773" VPOS="992" WIDTH="106" HEIGHT="21" WC="0.96" CONTENT="måhända"/><SP WIDTH="14" VPOS="992" HPOS="879"/>
							<String ID="string_223" HPOS="893" VPOS="992" WIDTH="32" HEIGHT="20" WC="0.96" CONTENT="till"/>
						</TextLine>
						<TextLine ID="line_26" HPOS="173" VPOS="1026" WIDTH="753" HEIGHT="28">
							<String ID="string_224" HPOS="173" VPOS="1026" WIDTH="63" HEIGHT="27" WC="0.92" CONTENT="fylles"/><SP WIDTH="16" VPOS="1026" HPOS="236"/>
							<String ID="string_225" HPOS="252" VPOS="1028" WIDTH="33" HEIGHT="20" WC="0.96" CONTENT="att"/><SP WIDTH="14" VPOS="1028" HPOS="285"/>
							<String ID="string_226" HPOS="299" VPOS="1027" WIDTH="66" HEIGHT="26" WC="0.96" CONTENT="härpå"/><SP WIDTH="15" VPOS="1027" HPOS="365"/>
							<String ID="string_227" HPOS="380" VPOS="1033" WIDTH="68" HEIGHT="20" WC="0.96" CONTENT="svara,"/><SP WIDTH="16" VPOS="1033" HPOS="448"/>
							<String ID="string_228" HPOS="464" VPOS="1027" WIDTH="37" HEIGHT="21" WC="0.96" CONTENT="det"/><SP WIDTH="15" VPOS="1027" HPOS="501"/>
							<String ID="string_229" HPOS="516" VPOS="1027" WIDTH="34" HEIGHT="26" WC="0.96" CONTENT="lag"/><SP WIDTH="16" VPOS="1027" HPOS="550"/>
							<String ID="string_230" HPOS="566" VPOS="1027" WIDTH="18" HEIGHT="27" WC="0.93" CONTENT="ej"/><SP WIDTH="17" VPOS="1027" HPOS="584"/>
							<String ID="string_231" HPOS="601" VPOS="1026" WIDTH="70" HEIGHT="22" WC="0.91" CONTENT="stiftas"/><SP WIDTH="16" VPOS="1026" HPOS="671"/>
							<String ID="string_232" HPOS="687" VPOS="1026" WIDTH="33" HEIGHT="21" WC="0.96" CONTENT="för"/><SP WIDTH="13" VPOS="1026" HPOS="720"/>
							<String ID="string_233" HPOS="733" VPOS="1026" WIDTH="79" HEIGHT="21" WC="0.96" CONTENT="sådana"/><SP WIDTH="11" VPOS="1026" HPOS="812"/>
							<String ID="string_234" HPOS="823" VPOS="1026" WIDTH="103" HEIGHT="26" WC="0.96" CONTENT="sällsynta"/>
						</TextLine>
						<TextLine ID="line_27" HPOS="173" VPOS="1060" WIDTH="753" HEIGHT="27">
							<String ID="string_235" HPOS="173" VPOS="1060" WIDTH="166" HEIGHT="27" WC="0.96" CONTENT="undantagsfall."/><SP WIDTH="31" VPOS="1060" HPOS="339"/>
							<String ID="string_236" HPOS="370" VPOS="1061" WIDTH="49" HEIGHT="21" WC="0.95" CONTENT="Men"/><SP WIDTH="18" VPOS="1061" HPOS="419"/>
							<String ID="string_237" HPOS="437" VPOS="1061" WIDTH="75" HEIGHT="21" WC="0.95" CONTENT="härvid"/><SP WIDTH="20" VPOS="1061" HPOS="512"/>
							<String ID="string_238" HPOS="532" VPOS="1061" WIDTH="34" HEIGHT="21" WC="0.96" CONTENT="må"/><SP WIDTH="14" VPOS="1061" HPOS="566"/>
							<String ID="string_239" HPOS="580" VPOS="1063" WIDTH="57" HEIGHT="19" WC="0.93" CONTENT="ännu"/><SP WIDTH="16" VPOS="1063" HPOS="637"/>
							<String ID="string_240" HPOS="653" VPOS="1060" WIDTH="88" HEIGHT="26" WC="0.92" CONTENT="erinras,"/><SP WIDTH="17" VPOS="1060" HPOS="741"/>
							<String ID="string_241" HPOS="758" VPOS="1062" WIDTH="32" HEIGHT="19" WC="0.93" CONTENT="att"/><SP WIDTH="15" VPOS="1062" HPOS="790"/>
							<String ID="string_242" HPOS="805" VPOS="1060" WIDTH="121" HEIGHT="20" WC="0.91" CONTENT="församlin-"/>
						</TextLine>
						<TextLine ID="line_28" HPOS="173" VPOS="1094" WIDTH="753" HEIGHT="28">
							<String ID="string_243" HPOS="173" VPOS="1100" WIDTH="52" HEIGHT="20" WC="0.96" CONTENT="gens"/><SP WIDTH="15" VPOS="1100" HPOS="225"/>
							<String ID="string_244" HPOS="240" VPOS="1094" WIDTH="142" HEIGHT="28" WC="0.96" CONTENT="kyrkoherde,"/><SP WIDTH="16" VPOS="1094" HPOS="382"/>
							<String ID="string_245" HPOS="398" VPOS="1095" WIDTH="62" HEIGHT="21" WC="0.96" CONTENT="äfven"/><SP WIDTH="16" VPOS="1095" HPOS="460"/>
							<String ID="string_246" HPOS="476" VPOS="1101" WIDTH="33" HEIGHT="15" WC="0.96" CONTENT="om"/><SP WIDTH="15" VPOS="1101" HPOS="509"/>
							<String ID="string_247" HPOS="524" VPOS="1095" WIDTH="42" HEIGHT="21" WC="0.96" CONTENT="han"/><SP WIDTH="15" VPOS="1095" HPOS="566"/>
							<String ID="string_248" HPOS="581" VPOS="1095" WIDTH="47" HEIGHT="21" WC="0.96" CONTENT="icke"/><SP WIDTH="11" VPOS="1095" HPOS="628"/>
							<String ID="string_249" HPOS="639" VPOS="1097" WIDTH="24" HEIGHT="19" WC="0.96" CONTENT="är"/><SP WIDTH="11" VPOS="1097" HPOS="663"/>
							<String ID="string_250" HPOS="674" VPOS="1094" WIDTH="92" HEIGHT="22" WC="0.96" CONTENT="medlem"/><SP WIDTH="13" VPOS="1094" HPOS="766"/>
							<String ID="string_251" HPOS="779" VPOS="1094" WIDTH="22" HEIGHT="21" WC="0.91" CONTENT="af"/><SP WIDTH="10" VPOS="1094" HPOS="801"/>
							<String ID="string_252" HPOS="811" VPOS="1094" WIDTH="115" HEIGHT="21" WC="0.91" CONTENT="folkskole-"/>
						</TextLine>
						<TextLine ID="line_29" HPOS="173" VPOS="1128" WIDTH="753" HEIGHT="28">
							<String ID="string_253" HPOS="173" VPOS="1128" WIDTH="142" HEIGHT="27" WC="0.96" CONTENT="direktionen,"/><SP WIDTH="24" VPOS="1128" HPOS="315"/>
							<String ID="string_254" HPOS="339" VPOS="1136" WIDTH="50" HEIGHT="20" WC="0.97" CONTENT="eger"/><SP WIDTH="19" VPOS="1136" HPOS="389"/>
							<String ID="string_255" HPOS="408" VPOS="1136" WIDTH="24" HEIGHT="14" WC="0.96" CONTENT="en"/><SP WIDTH="16" VPOS="1136" HPOS="432"/>
							<String ID="string_256" HPOS="448" VPOS="1129" WIDTH="50" HEIGHT="21" WC="0.96" CONTENT="fullt"/><SP WIDTH="18" VPOS="1129" HPOS="498"/>
							<String ID="string_257" HPOS="516" VPOS="1129" WIDTH="127" HEIGHT="27" WC="0.96" CONTENT="garanterad"/><SP WIDTH="18" VPOS="1129" HPOS="643"/>
							<String ID="string_258" HPOS="661" VPOS="1129" WIDTH="105" HEIGHT="26" WC="0.95" CONTENT="rättighet"/><SP WIDTH="19" VPOS="1129" HPOS="766"/>
							<String ID="string_259" HPOS="785" VPOS="1130" WIDTH="55" HEIGHT="19" WC="0.95" CONTENT="samt"/><SP WIDTH="15" VPOS="1130" HPOS="840"/>
							<String ID="string_260" HPOS="855" VPOS="1134" WIDTH="26" HEIGHT="14" WC="0.96" CONTENT="en"/><SP WIDTH="15" VPOS="1134" HPOS="881"/>
							<String ID="string_261" HPOS="896" VPOS="1128" WIDTH="30" HEIGHT="20" WC="0.96" CONTENT="uti"/>
						</TextLine>
						<TextLine ID="line_30" HPOS="173" VPOS="1162" WIDTH="754" HEIGHT="29">
							<String ID="string_262" HPOS="173" VPOS="1163" WIDTH="132" HEIGHT="27" WC="0.95" CONTENT="kyrkolagen"/><SP WIDTH="22" VPOS="1163" HPOS="305"/>
							<String ID="string_263" HPOS="327" VPOS="1164" WIDTH="78" HEIGHT="26" WC="0.95" CONTENT="tydligt"/><SP WIDTH="22" VPOS="1164" HPOS="405"/>
							<String ID="string_264" HPOS="427" VPOS="1164" WIDTH="113" HEIGHT="21" WC="0.95" CONTENT="omnämnd"/><SP WIDTH="18" VPOS="1164" HPOS="540"/>
							<String ID="string_265" HPOS="558" VPOS="1164" WIDTH="123" HEIGHT="27" WC="0.95" CONTENT="skyldighet"/><SP WIDTH="18" VPOS="1164" HPOS="681"/>
							<String ID="string_266" HPOS="699" VPOS="1165" WIDTH="32" HEIGHT="19" WC="0.93" CONTENT="att"/><SP WIDTH="16" VPOS="1165" HPOS="731"/>
							<String ID="string_267" HPOS="747" VPOS="1162" WIDTH="116" HEIGHT="21" WC="0.92" CONTENT="öfvervaka"/><SP WIDTH="15" VPOS="1162" HPOS="863"/>
							<String ID="string_268" HPOS="878" VPOS="1162" WIDTH="49" HEIGHT="20" WC="0.89" CONTENT="reli-"/>
						</TextLine>
						<TextLine ID="line_31" HPOS="173" VPOS="1196" WIDTH="755" HEIGHT="29">
							<String ID="string_269" HPOS="173" VPOS="1198" WIDTH="242" HEIGHT="27" WC="0.92" CONTENT="gionsundervisningen"/><SP WIDTH="11" VPOS="1198" HPOS="415"/>
							<String ID="string_270" HPOS="426" VPOS="1198" WIDTH="7" HEIGHT="21" WC="0.97" CONTENT="i"/><SP WIDTH="12" VPOS="1198" HPOS="433"/>
							<String ID="string_271" HPOS="445" VPOS="1198" WIDTH="106" HEIGHT="21" WC="0.93" CONTENT="skolorna."/><SP WIDTH="25" VPOS="1198" HPOS="551"/>
							<String ID="string_272" HPOS="576" VPOS="1198" WIDTH="157" HEIGHT="21" WC="0.89" CONTENT="Petitionärens"/><SP WIDTH="12" VPOS="1198" HPOS="733"/>
							<String ID="string_273" HPOS="745" VPOS="1196" WIDTH="136" HEIGHT="26" WC="0.96" CONTENT="invändning,"/><SP WIDTH="15" VPOS="1196" HPOS="881"/>
							<String ID="string_274" HPOS="896" VPOS="1197" WIDTH="32" HEIGHT="19" WC="0.96" CONTENT="att"/>
						</TextLine>
						<TextLine ID="line_32" HPOS="173" VPOS="1230" WIDTH="754" HEIGHT="28">
							<String ID="string_275" HPOS="173" VPOS="1232" WIDTH="70" HEIGHT="20" WC="0.96" CONTENT="denna"/><SP WIDTH="16" VPOS="1232" HPOS="243"/>
							<String ID="string_276" HPOS="259" VPOS="1232" WIDTH="150" HEIGHT="26" WC="0.96" CONTENT="undervisning"/><SP WIDTH="16" VPOS="1232" HPOS="409"/>
							<String ID="string_277" HPOS="425" VPOS="1232" WIDTH="67" HEIGHT="21" WC="0.96" CONTENT="under"/><SP WIDTH="15" VPOS="1232" HPOS="492"/>
							<String ID="string_278" HPOS="507" VPOS="1232" WIDTH="26" HEIGHT="21" WC="0.96" CONTENT="de"/><SP WIDTH="15" VPOS="1232" HPOS="533"/>
							<String ID="string_279" HPOS="548" VPOS="1232" WIDTH="91" HEIGHT="26" WC="0.95" CONTENT="timmar,"/><SP WIDTH="13" VPOS="1232" HPOS="639"/>
							<String ID="string_280" HPOS="652" VPOS="1231" WIDTH="27" HEIGHT="21" WC="0.96" CONTENT="då"/><SP WIDTH="12" VPOS="1231" HPOS="679"/>
							<String ID="string_281" HPOS="691" VPOS="1230" WIDTH="148" HEIGHT="27" WC="0.92" CONTENT="inspektionen"/><SP WIDTH="13" VPOS="1230" HPOS="839"/>
							<String ID="string_282" HPOS="852" VPOS="1230" WIDTH="75" HEIGHT="26" WC="0.92" CONTENT="försig-"/>
						</TextLine>
						<TextLine ID="line_33" HPOS="173" VPOS="1264" WIDTH="755" HEIGHT="29">
							<String ID="string_283" HPOS="173" VPOS="1266" WIDTH="45" HEIGHT="26" WC="0.96" CONTENT="går,"/><SP WIDTH="16" VPOS="1266" HPOS="218"/>
							<String ID="string_284" HPOS="234" VPOS="1266" WIDTH="43" HEIGHT="21" WC="0.96" CONTENT="kan"/><SP WIDTH="23" VPOS="1266" HPOS="277"/>
							<String ID="string_285" HPOS="300" VPOS="1266" WIDTH="108" HEIGHT="22" WC="0.96" CONTENT="meddelas"/><SP WIDTH="18" VPOS="1266" HPOS="408"/>
							<String ID="string_286" HPOS="426" VPOS="1266" WIDTH="28" HEIGHT="27" WC="0.97" CONTENT="på"/><SP WIDTH="16" VPOS="1266" HPOS="454"/>
							<String ID="string_287" HPOS="470" VPOS="1268" WIDTH="64" HEIGHT="19" WC="0.96" CONTENT="annat"/><SP WIDTH="15" VPOS="1268" HPOS="534"/>
							<String ID="string_288" HPOS="549" VPOS="1268" WIDTH="42" HEIGHT="19" WC="0.96" CONTENT="sätt"/><SP WIDTH="15" VPOS="1268" HPOS="591"/>
							<String ID="string_289" HPOS="606" VPOS="1268" WIDTH="27" HEIGHT="18" WC="0.93" CONTENT="än"/><SP WIDTH="16" VPOS="1268" HPOS="633"/>
							<String ID="string_290" HPOS="649" VPOS="1265" WIDTH="60" HEIGHT="27" WC="0.91" CONTENT="eljes,"/><SP WIDTH="16" VPOS="1265" HPOS="709"/>
							<String ID="string_291" HPOS="725" VPOS="1265" WIDTH="62" HEIGHT="21" WC="0.96" CONTENT="torde"/><SP WIDTH="16" VPOS="1265" HPOS="787"/>
							<String ID="string_292" HPOS="803" VPOS="1264" WIDTH="66" HEIGHT="26" WC="0.96" CONTENT="knapt"/><SP WIDTH="15" VPOS="1264" HPOS="869"/>
							<String ID="string_293" HPOS="884" VPOS="1264" WIDTH="44" HEIGHT="20" WC="0.95" CONTENT="tåla"/>
						</TextLine>
						<TextLine ID="line_34" HPOS="173" VPOS="1298" WIDTH="754" HEIGHT="30">
							<String ID="string_294" HPOS="173" VPOS="1300" WIDTH="70" HEIGHT="27" WC="0.96" CONTENT="någon"/><SP WIDTH="24" VPOS="1300" HPOS="243"/>
							<String ID="string_295" HPOS="267" VPOS="1300" WIDTH="136" HEIGHT="27" WC="0.95" CONTENT="granskning,"/><SP WIDTH="23" VPOS="1300" HPOS="403"/>
							<String ID="string_296" HPOS="426" VPOS="1303" WIDTH="22" HEIGHT="25" WC="0.95" CONTENT="ty"/><SP WIDTH="22" VPOS="1303" HPOS="448"/>
							<String ID="string_297" HPOS="470" VPOS="1300" WIDTH="134" HEIGHT="27" WC="0.94" CONTENT="naturligtvis"/><SP WIDTH="24" VPOS="1300" HPOS="604"/>
							<String ID="string_298" HPOS="628" VPOS="1303" WIDTH="23" HEIGHT="18" WC="0.97" CONTENT="är"/><SP WIDTH="20" VPOS="1303" HPOS="651"/>
							<String ID="string_299" HPOS="671" VPOS="1300" WIDTH="36" HEIGHT="21" WC="0.96" CONTENT="det"/><SP WIDTH="19" VPOS="1300" HPOS="707"/>
							<String ID="string_300" HPOS="726" VPOS="1299" WIDTH="33" HEIGHT="21" WC="0.96" CONTENT="för"/><SP WIDTH="20" VPOS="1299" HPOS="759"/>
							<String ID="string_301" HPOS="779" VPOS="1298" WIDTH="148" HEIGHT="28" WC="0.96" CONTENT="kyrkoherden"/>
						</TextLine>
						<TextLine ID="line_35" HPOS="173" VPOS="1333" WIDTH="755" HEIGHT="29">
							<String ID="string_302" HPOS="173" VPOS="1335" WIDTH="99" HEIGHT="25" WC="0.95" CONTENT="omöjligt"/><SP WIDTH="15" VPOS="1335" HPOS="272"/>
							<String ID="string_303" HPOS="287" VPOS="1337" WIDTH="31" HEIGHT="19" WC="0.96" CONTENT="att"/><SP WIDTH="15" VPOS="1337" HPOS="318"/>
							<String ID="string_304" HPOS="333" VPOS="1335" WIDTH="51" HEIGHT="27" WC="0.93" CONTENT="fylla"/><SP WIDTH="15" VPOS="1335" HPOS="384"/>
							<String ID="string_305" HPOS="399" VPOS="1335" WIDTH="142" HEIGHT="27" WC="0.92" CONTENT="kyrkolagens"/><SP WIDTH="11" VPOS="1335" HPOS="541"/>
							<String ID="string_306" HPOS="552" VPOS="1334" WIDTH="143" HEIGHT="28" WC="0.95" CONTENT="nyssnämnda"/><SP WIDTH="12" VPOS="1334" HPOS="695"/>
							<String ID="string_307" HPOS="707" VPOS="1333" WIDTH="94" HEIGHT="26" WC="0.95" CONTENT="fordran,"/><SP WIDTH="14" VPOS="1333" HPOS="801"/>
							<String ID="string_308" HPOS="815" VPOS="1333" WIDTH="48" HEIGHT="21" WC="0.93" CONTENT="med"/><SP WIDTH="13" VPOS="1333" HPOS="863"/>
							<String ID="string_309" HPOS="876" VPOS="1333" WIDTH="52" HEIGHT="20" WC="0.92" CONTENT="min-"/>
						</TextLine>
						<TextLine ID="line_36" HPOS="173" VPOS="1366" WIDTH="755" HEIGHT="30">
							<String ID="string_310" HPOS="173" VPOS="1368" WIDTH="38" HEIGHT="21" WC="0.96" CONTENT="dre"/><SP WIDTH="16" VPOS="1368" HPOS="211"/>
							<String ID="string_311" HPOS="227" VPOS="1368" WIDTH="42" HEIGHT="21" WC="0.96" CONTENT="han"/><SP WIDTH="16" VPOS="1368" HPOS="269"/>
							<String ID="string_312" HPOS="285" VPOS="1370" WIDTH="38" HEIGHT="25" WC="0.96" CONTENT="gör"/><SP WIDTH="16" VPOS="1370" HPOS="323"/>
							<String ID="string_313" HPOS="339" VPOS="1370" WIDTH="33" HEIGHT="26" WC="0.96" CONTENT="sig"/><SP WIDTH="14" VPOS="1370" HPOS="372"/>
							<String ID="string_314" HPOS="386" VPOS="1376" WIDTH="55" HEIGHT="20" WC="0.96" CONTENT="noga"/><SP WIDTH="14" VPOS="1376" HPOS="441"/>
							<String ID="string_315" HPOS="455" VPOS="1369" WIDTH="139" HEIGHT="21" WC="0.96" CONTENT="underrättad"/><SP WIDTH="16" VPOS="1369" HPOS="594"/>
							<String ID="string_316" HPOS="610" VPOS="1375" WIDTH="40" HEIGHT="19" WC="0.96" CONTENT="om,"/><SP WIDTH="16" VPOS="1375" HPOS="650"/>
							<String ID="string_317" HPOS="666" VPOS="1367" WIDTH="106" HEIGHT="21" WC="0.96" CONTENT="huruvida"/><SP WIDTH="15" VPOS="1367" HPOS="772"/>
							<String ID="string_318" HPOS="787" VPOS="1367" WIDTH="26" HEIGHT="21" WC="0.93" CONTENT="de"/><SP WIDTH="16" VPOS="1367" HPOS="813"/>
							<String ID="string_319" HPOS="829" VPOS="1366" WIDTH="99" HEIGHT="21" WC="0.92" CONTENT="anmärk-"/>
						</TextLine>
						<TextLine ID="line_37" HPOS="173" VPOS="1400" WIDTH="753" HEIGHT="30">
							<String ID="string_320" HPOS="173" VPOS="1404" WIDTH="76" HEIGHT="26" WC="0.96" CONTENT="ningar"/><SP WIDTH="16" VPOS="1404" HPOS="249"/>
							<String ID="string_321" HPOS="265" VPOS="1403" WIDTH="42" HEIGHT="21" WC="0.96" CONTENT="han"/><SP WIDTH="15" VPOS="1403" HPOS="307"/>
							<String ID="string_322" HPOS="322" VPOS="1404" WIDTH="49" HEIGHT="21" WC="0.96" CONTENT="med"/><SP WIDTH="10" VPOS="1404" HPOS="371"/>
							<String ID="string_323" HPOS="381" VPOS="1404" WIDTH="80" HEIGHT="26" WC="0.96" CONTENT="hänsyn"/><SP WIDTH="11" VPOS="1404" HPOS="461"/>
							<String ID="string_324" HPOS="472" VPOS="1403" WIDTH="33" HEIGHT="21" WC="0.93" CONTENT="till"/><SP WIDTH="12" VPOS="1403" HPOS="505"/>
							<String ID="string_325" HPOS="517" VPOS="1402" WIDTH="283" HEIGHT="28" WC="0.91" CONTENT="religionsundervisningen"/><SP WIDTH="13" VPOS="1402" HPOS="800"/>
							<String ID="string_326" HPOS="813" VPOS="1400" WIDTH="113" HEIGHT="25" WC="0.92" CONTENT="framstält,"/>
						</TextLine>
					</TextBlock>
					<TextBlock ID="block_3" HPOS="243" VPOS="1442" WIDTH="457" HEIGHT="19">
						<TextLine ID="line_38" HPOS="243" VPOS="1442" WIDTH="457" HEIGHT="19">
							<String ID="string_327" HPOS="243" VPOS="1444" WIDTH="96" HEIGHT="16" WC="0.93" CONTENT="Allmänna"/><SP WIDTH="13" VPOS="1444" HPOS="339"/>
							<String ID="string_328" HPOS="352" VPOS="1444" WIDTH="158" HEIGHT="17" WC="0.90" CONTENT="Besvärsutskottets"/><SP WIDTH="11" VPOS="1444" HPOS="510"/>
							<String ID="string_329" HPOS="521" VPOS="1443" WIDTH="103" HEIGHT="17" WC="0.95" CONTENT="betänkande"/><SP WIDTH="12" VPOS="1443" HPOS="624"/>
							<String ID="string_330" HPOS="636" VPOS="1442" WIDTH="34" HEIGHT="16" WC="0.96" CONTENT="N:o"/><SP WIDTH="14" VPOS="1442" HPOS="670"/>
							<String ID="string_331" HPOS="684" VPOS="1442" WIDTH="16" HEIGHT="16" WC="0.95" CONTENT="4."/>
						</TextLine>
					</TextBlock>
				</ComposedBlock>
			</PrintSpace>
		</Page>
	</Layout>
</alto>
