<?xml version="1.0" encoding="UTF-8"?>
<alto xmlns="http://www.loc.gov/standards/alto/ns-v3#" xmlns:xlink="http://www.w3.org/1999/xlink" xmlns:xsi="http://www.w3.org/2001/XMLSchema-instance" xsi:schemaLocation="http://www.loc.gov/standards/alto/ns-v3# http://www.loc.gov/alto/v3/alto-3-0.xsd">
	<Description>
		<MeasurementUnit>pixel</MeasurementUnit>
		<sourceImageInformation>
			<fileName>/tmp/tess_lirvm2lj_input.PNG</fileName>
		</sourceImageInformation>
		<OCRProcessing ID="OCR_0">
			<ocrProcessingStep>
				<processingSoftware>
					<softwareName>tesseract 5.3.4</softwareName>
				</processingSoftware>
			</ocrProcessingStep>
		</OCRProcessing>
	</Description>
	<Layout>
		<Page WIDTH="1025" HEIGHT="1681" PHYSICAL_IMG_NR="0" ID="page_0">
			<PrintSpace HPOS="0" VPOS="0" WIDTH="1025" HEIGHT="1681">
				<ComposedBlock ID="cblock_0" HPOS="211" VPOS="116" WIDTH="458" HEIGHT="23">
					<TextBlock ID="block_0" HPOS="211" VPOS="116" WIDTH="458" HEIGHT="23">
						<TextLine ID="line_0" HPOS="211" VPOS="116" WIDTH="458" HEIGHT="23">
							<String ID="string_0" HPOS="211" VPOS="118" WIDTH="12" HEIGHT="19" WC="0.94" CONTENT="2"/><SP WIDTH="234" VPOS="118" HPOS="223"/>
							<String ID="string_1" HPOS="457" VPOS="116" WIDTH="66" HEIGHT="22" WC="0.96" CONTENT="Petit."/><SP WIDTH="14" VPOS="116" HPOS="523"/>
							<String ID="string_2" HPOS="537" VPOS="116" WIDTH="44" HEIGHT="22" WC="0.96" CONTENT="bet."/><SP WIDTH="15" VPOS="116" HPOS="581"/>
							<String ID="string_3" HPOS="596" VPOS="116" WIDTH="37" HEIGHT="23" WC="0.96" CONTENT="N:o"/><SP WIDTH="16" VPOS="116" HPOS="633"/>
							<String ID="string_4" HPOS="649" VPOS="116" WIDTH="20" HEIGHT="22" WC="0.96" CONTENT="2."/>
						</TextLine>
					</TextBlock>
				</ComposedBlock>
				<ComposedBlock ID="cblock_1" HPOS="179" VPOS="183" WIDTH="763" HEIGHT="314">
					<TextBlock ID="block_1" HPOS="179" VPOS="183" WIDTH="762" HEIGHT="168">
						<TextLine ID="line_1" HPOS="250" VPOS="183" WIDTH="689" HEIGHT="25">
							<String ID="string_5" HPOS="250" VPOS="183" WIDTH="38" HEIGHT="24" WC="0.90" CONTENT="3;0)"/><SP WIDTH="19" VPOS="183" HPOS="288"/>
							<String ID="string_6" HPOS="307" VPOS="186" WIDTH="27" HEIGHT="16" WC="0.96" CONTENT="att"/><SP WIDTH="14" VPOS="186" HPOS="334"/>
							<String ID="string_7" HPOS="348" VPOS="186" WIDTH="6" HEIGHT="16" WC="0.96" CONTENT="i"/><SP WIDTH="16" VPOS="186" HPOS="354"/>
							<String ID="string_8" HPOS="370" VPOS="185" WIDTH="130" HEIGHT="23" WC="0.96" CONTENT="förordningen"/><SP WIDTH="15" VPOS="185" HPOS="500"/>
							<String ID="string_9" HPOS="515" VPOS="186" WIDTH="93" HEIGHT="22" WC="0.93" CONTENT="angående"/><SP WIDTH="15" VPOS="186" HPOS="608"/>
							<String ID="string_10" HPOS="623" VPOS="185" WIDTH="243" HEIGHT="21" WC="0.92" CONTENT="kommunalförvaltningen"/><SP WIDTH="15" VPOS="185" HPOS="866"/>
							<String ID="string_11" HPOS="881" VPOS="184" WIDTH="6" HEIGHT="17" WC="0.93" CONTENT="i"/><SP WIDTH="16" VPOS="184" HPOS="887"/>
							<String ID="string_12" HPOS="903" VPOS="184" WIDTH="36" HEIGHT="16" WC="0.93" CONTENT="stä-"/>
						</TextLine>
						<TextLine ID="line_2" HPOS="180" VPOS="212" WIDTH="761" HEIGHT="25">
							<String ID="string_13" HPOS="180" VPOS="214" WIDTH="63" HEIGHT="22" WC="0.96" CONTENT="derna,"/><SP WIDTH="20" VPOS="214" HPOS="243"/>
							<String ID="string_14" HPOS="263" VPOS="214" WIDTH="32" HEIGHT="18" WC="0.96" CONTENT="der"/><SP WIDTH="20" VPOS="214" HPOS="295"/>
							<String ID="string_15" HPOS="315" VPOS="214" WIDTH="96" HEIGHT="23" WC="0.96" CONTENT="ingenting"/><SP WIDTH="19" VPOS="214" HPOS="411"/>
							<String ID="string_16" HPOS="430" VPOS="216" WIDTH="20" HEIGHT="16" WC="0.92" CONTENT="är"/><SP WIDTH="18" VPOS="216" HPOS="450"/>
							<String ID="string_17" HPOS="468" VPOS="214" WIDTH="116" HEIGHT="18" WC="0.89" CONTENT="föreskrifvet"/><SP WIDTH="18" VPOS="214" HPOS="584"/>
							<String ID="string_18" HPOS="602" VPOS="215" WIDTH="95" HEIGHT="22" WC="0.96" CONTENT="angående"/><SP WIDTH="17" VPOS="215" HPOS="697"/>
							<String ID="string_19" HPOS="714" VPOS="214" WIDTH="72" HEIGHT="18" WC="0.96" CONTENT="klassen"/><SP WIDTH="16" VPOS="214" HPOS="786"/>
							<String ID="string_20" HPOS="802" VPOS="214" WIDTH="20" HEIGHT="16" WC="0.93" CONTENT="af"/><SP WIDTH="14" VPOS="214" HPOS="822"/>
							<String ID="string_21" HPOS="836" VPOS="212" WIDTH="105" HEIGHT="18" WC="0.91" CONTENT="vanlottade"/>
						</TextLine>
						<TextLine ID="line_3" HPOS="179" VPOS="242" WIDTH="762" HEIGHT="24">
							<String ID="string_22" HPOS="179" VPOS="248" WIDTH="94" HEIGHT="18" WC="0.91" CONTENT="persouer,"/><SP WIDTH="18" VPOS="248" HPOS="273"/>
							<String ID="string_23" HPOS="291" VPOS="249" WIDTH="29" HEIGHT="11" WC="0.96" CONTENT="om"/><SP WIDTH="19" VPOS="249" HPOS="320"/>
							<String ID="string_24" HPOS="339" VPOS="243" WIDTH="62" HEIGHT="18" WC="0.95" CONTENT="hvilka"/><SP WIDTH="20" VPOS="243" HPOS="401"/>
							<String ID="string_25" HPOS="421" VPOS="250" WIDTH="24" HEIGHT="11" WC="0.96" CONTENT="nu"/><SP WIDTH="19" VPOS="250" HPOS="445"/>
							<String ID="string_26" HPOS="464" VPOS="245" WIDTH="20" HEIGHT="15" WC="0.96" CONTENT="är"/><SP WIDTH="18" VPOS="245" HPOS="484"/>
							<String ID="string_27" HPOS="502" VPOS="243" WIDTH="55" HEIGHT="23" WC="0.93" CONTENT="fråga,"/><SP WIDTH="18" VPOS="243" HPOS="557"/>
							<String ID="string_28" HPOS="575" VPOS="244" WIDTH="74" HEIGHT="22" WC="0.89" CONTENT="inginge"/><SP WIDTH="18" VPOS="244" HPOS="649"/>
							<String ID="string_29" HPOS="667" VPOS="243" WIDTH="97" HEIGHT="18" WC="0.89" CONTENT="enabanda"/><SP WIDTH="18" VPOS="243" HPOS="764"/>
							<String ID="string_30" HPOS="782" VPOS="242" WIDTH="116" HEIGHT="22" WC="0.96" CONTENT="bestämning"/><SP WIDTH="14" VPOS="242" HPOS="898"/>
							<String ID="string_31" HPOS="912" VPOS="246" WIDTH="29" HEIGHT="12" WC="0.95" CONTENT="om"/>
						</TextLine>
						<TextLine ID="line_4" HPOS="180" VPOS="270" WIDTH="761" HEIGHT="25">
							<String ID="string_32" HPOS="180" VPOS="272" WIDTH="64" HEIGHT="18" WC="0.96" CONTENT="blinda"/><SP WIDTH="19" VPOS="272" HPOS="244"/>
							<String ID="string_33" HPOS="263" VPOS="272" WIDTH="33" HEIGHT="18" WC="0.93" CONTENT="och"/><SP WIDTH="19" VPOS="272" HPOS="296"/>
							<String ID="string_34" HPOS="315" VPOS="272" WIDTH="109" HEIGHT="18" WC="0.91" CONTENT="döfstumma"/><SP WIDTH="19" VPOS="272" HPOS="424"/>
							<String ID="string_35" HPOS="443" VPOS="278" WIDTH="96" HEIGHT="17" WC="0.96" CONTENT="personers"/><SP WIDTH="19" VPOS="278" HPOS="539"/>
							<String ID="string_36" HPOS="558" VPOS="272" WIDTH="49" HEIGHT="22" WC="0.95" CONTENT="vård,"/><SP WIDTH="20" VPOS="272" HPOS="607"/>
							<String ID="string_37" HPOS="627" VPOS="278" WIDTH="37" HEIGHT="12" WC="0.96" CONTENT="som"/><SP WIDTH="17" VPOS="278" HPOS="664"/>
							<String ID="string_38" HPOS="681" VPOS="272" WIDTH="6" HEIGHT="17" WC="0.96" CONTENT="i"/><SP WIDTH="16" VPOS="272" HPOS="687"/>
							<String ID="string_39" HPOS="703" VPOS="272" WIDTH="130" HEIGHT="22" WC="0.95" CONTENT="förordningen"/><SP WIDTH="16" VPOS="272" HPOS="833"/>
							<String ID="string_40" HPOS="849" VPOS="270" WIDTH="92" HEIGHT="23" WC="0.96" CONTENT="angående"/>
						</TextLine>
						<TextLine ID="line_5" HPOS="181" VPOS="299" WIDTH="760" HEIGHT="26">
							<String ID="string_41" HPOS="181" VPOS="301" WIDTH="240" HEIGHT="23" WC="0.91" CONTENT="kommunalförvaltningen"/><SP WIDTH="16" VPOS="301" HPOS="421"/>
							<String ID="string_42" HPOS="437" VPOS="302" WIDTH="23" HEIGHT="22" WC="0.96" CONTENT="på"/><SP WIDTH="15" VPOS="302" HPOS="460"/>
							<String ID="string_43" HPOS="475" VPOS="302" WIDTH="63" HEIGHT="17" WC="0.96" CONTENT="landet"/><SP WIDTH="15" VPOS="302" HPOS="538"/>
							<String ID="string_44" HPOS="553" VPOS="303" WIDTH="20" HEIGHT="15" WC="0.96" CONTENT="är"/><SP WIDTH="15" VPOS="303" HPOS="573"/>
							<String ID="string_45" HPOS="588" VPOS="303" WIDTH="99" HEIGHT="22" WC="0.96" CONTENT="upptagen,"/><SP WIDTH="17" VPOS="303" HPOS="687"/>
							<String ID="string_46" HPOS="704" VPOS="301" WIDTH="47" HEIGHT="17" WC="0.96" CONTENT="dock"/><SP WIDTH="15" VPOS="301" HPOS="751"/>
							<String ID="string_47" HPOS="766" VPOS="300" WIDTH="42" HEIGHT="18" WC="0.95" CONTENT="med"/><SP WIDTH="10" VPOS="300" HPOS="808"/>
							<String ID="string_48" HPOS="818" VPOS="300" WIDTH="83" HEIGHT="22" WC="0.93" CONTENT="tillägget"/><SP WIDTH="10" VPOS="300" HPOS="901"/>
							<String ID="string_49" HPOS="911" VPOS="299" WIDTH="30" HEIGHT="17" WC="0.91" CONTENT="be-"/>
						</TextLine>
						<TextLine ID="line_6" HPOS="180" VPOS="330" WIDTH="380" HEIGHT="21">
							<String ID="string_50" HPOS="180" VPOS="330" WIDTH="90" HEIGHT="18" WC="0.96" CONTENT="träffande"/><SP WIDTH="16" VPOS="330" HPOS="270"/>
							<String ID="string_51" HPOS="286" VPOS="330" WIDTH="53" HEIGHT="18" WC="0.93" CONTENT="äfven"/><SP WIDTH="15" VPOS="330" HPOS="339"/>
							<String ID="string_52" HPOS="354" VPOS="330" WIDTH="75" HEIGHT="18" WC="0.92" CONTENT="idioters"/><SP WIDTH="16" VPOS="330" HPOS="429"/>
							<String ID="string_53" HPOS="445" VPOS="330" WIDTH="52" HEIGHT="21" WC="0.96" CONTENT="vård;"/><SP WIDTH="16" VPOS="330" HPOS="497"/>
							<String ID="string_54" HPOS="513" VPOS="332" WIDTH="47" HEIGHT="16" WC="0.95" CONTENT="samt"/>
						</TextLine>
					</TextBlock>
					<TextBlock ID="block_2" HPOS="181" VPOS="356" WIDTH="761" HEIGHT="112">
						<TextLine ID="line_7" HPOS="251" VPOS="356" WIDTH="691" HEIGHT="26">
							<String ID="string_55" HPOS="251" VPOS="356" WIDTH="39" HEIGHT="26" WC="0.92" CONTENT="4:0)"/><SP WIDTH="21" VPOS="356" HPOS="290"/>
							<String ID="string_56" HPOS="311" VPOS="360" WIDTH="33" HEIGHT="20" WC="0.96" CONTENT="att,"/><SP WIDTH="20" VPOS="360" HPOS="344"/>
							<String ID="string_57" HPOS="364" VPOS="359" WIDTH="22" HEIGHT="17" WC="0.96" CONTENT="då"/><SP WIDTH="20" VPOS="359" HPOS="386"/>
							<String ID="string_58" HPOS="406" VPOS="359" WIDTH="112" HEIGHT="17" WC="0.92" CONTENT="sistnämnda"/><SP WIDTH="15" VPOS="359" HPOS="518"/>
							<String ID="string_59" HPOS="533" VPOS="364" WIDTH="96" HEIGHT="18" WC="0.96" CONTENT="personers"/><SP WIDTH="15" VPOS="364" HPOS="629"/>
							<String ID="string_60" HPOS="644" VPOS="359" WIDTH="52" HEIGHT="17" WC="0.96" CONTENT="antal"/><SP WIDTH="15" VPOS="359" HPOS="696"/>
							<String ID="string_61" HPOS="711" VPOS="359" WIDTH="6" HEIGHT="17" WC="0.96" CONTENT="i"/><SP WIDTH="16" VPOS="359" HPOS="717"/>
							<String ID="string_62" HPOS="733" VPOS="358" WIDTH="78" HEIGHT="18" WC="0.96" CONTENT="Finland"/><SP WIDTH="16" VPOS="358" HPOS="811"/>
							<String ID="string_63" HPOS="827" VPOS="359" WIDTH="48" HEIGHT="15" WC="0.96" CONTENT="ännu"/><SP WIDTH="16" VPOS="359" HPOS="875"/>
							<String ID="string_64" HPOS="891" VPOS="356" WIDTH="15" HEIGHT="23" WC="0.93" CONTENT="ej"/><SP WIDTH="17" VPOS="356" HPOS="906"/>
							<String ID="string_65" HPOS="923" VPOS="357" WIDTH="19" HEIGHT="16" WC="0.95" CONTENT="är"/>
						</TextLine>
						<TextLine ID="line_8" HPOS="181" VPOS="385" WIDTH="761" HEIGHT="25">
							<String ID="string_66" HPOS="181" VPOS="387" WIDTH="73" HEIGHT="18" WC="0.86" CONTENT="tillfollo"/><SP WIDTH="15" VPOS="387" HPOS="254"/>
							<String ID="string_67" HPOS="269" VPOS="388" WIDTH="63" HEIGHT="21" WC="0.96" CONTENT="kändt,"/><SP WIDTH="16" VPOS="388" HPOS="332"/>
							<String ID="string_68" HPOS="348" VPOS="394" WIDTH="23" HEIGHT="12" WC="0.96" CONTENT="en"/><SP WIDTH="15" VPOS="394" HPOS="371"/>
							<String ID="string_69" HPOS="386" VPOS="388" WIDTH="102" HEIGHT="22" WC="0.96" CONTENT="beräkning"/><SP WIDTH="13" VPOS="388" HPOS="488"/>
							<String ID="string_70" HPOS="501" VPOS="388" WIDTH="19" HEIGHT="18" WC="0.96" CONTENT="af"/><SP WIDTH="8" VPOS="388" HPOS="520"/>
							<String ID="string_71" HPOS="528" VPOS="388" WIDTH="91" HEIGHT="18" WC="0.96" CONTENT="desamma"/><SP WIDTH="10" VPOS="388" HPOS="619"/>
							<String ID="string_72" HPOS="629" VPOS="388" WIDTH="57" HEIGHT="17" WC="0.96" CONTENT="måtte"/><SP WIDTH="11" VPOS="388" HPOS="686"/>
							<String ID="string_73" HPOS="697" VPOS="393" WIDTH="67" HEIGHT="17" WC="0.96" CONTENT="genom"/><SP WIDTH="10" VPOS="393" HPOS="764"/>
							<String ID="string_74" HPOS="774" VPOS="386" WIDTH="101" HEIGHT="18" WC="0.96" CONTENT="statistiska"/><SP WIDTH="10" VPOS="386" HPOS="875"/>
							<String ID="string_75" HPOS="885" VPOS="385" WIDTH="57" HEIGHT="23" WC="0.96" CONTENT="byrån"/>
						</TextLine>
						<TextLine ID="line_9" HPOS="181" VPOS="416" WIDTH="761" HEIGHT="22">
							<String ID="string_76" HPOS="181" VPOS="416" WIDTH="124" HEIGHT="22" WC="0.91" CONTENT="föranstaltas,"/><SP WIDTH="16" VPOS="416" HPOS="305"/>
							<String ID="string_77" HPOS="321" VPOS="417" WIDTH="64" HEIGHT="17" WC="0.92" CONTENT="dervid"/><SP WIDTH="16" VPOS="417" HPOS="385"/>
							<String ID="string_78" HPOS="401" VPOS="417" WIDTH="87" HEIGHT="17" WC="0.96" CONTENT="särskildt"/><SP WIDTH="14" VPOS="417" HPOS="488"/>
							<String ID="string_79" HPOS="502" VPOS="417" WIDTH="56" HEIGHT="17" WC="0.93" CONTENT="borde"/><SP WIDTH="16" VPOS="417" HPOS="558"/>
							<String ID="string_80" HPOS="574" VPOS="418" WIDTH="80" HEIGHT="20" WC="0.90" CONTENT="utrönas,"/><SP WIDTH="16" VPOS="418" HPOS="654"/>
							<String ID="string_81" HPOS="670" VPOS="416" WIDTH="47" HEIGHT="18" WC="0.96" CONTENT="huru"/><SP WIDTH="16" VPOS="416" HPOS="717"/>
							<String ID="string_82" HPOS="733" VPOS="416" WIDTH="67" HEIGHT="22" WC="0.96" CONTENT="många"/><SP WIDTH="10" VPOS="416" HPOS="800"/>
							<String ID="string_83" HPOS="810" VPOS="416" WIDTH="20" HEIGHT="17" WC="0.96" CONTENT="af"/><SP WIDTH="8" VPOS="416" HPOS="830"/>
							<String ID="string_84" HPOS="838" VPOS="416" WIDTH="51" HEIGHT="16" WC="0.93" CONTENT="dessa"/><SP WIDTH="11" VPOS="416" HPOS="889"/>
							<String ID="string_85" HPOS="900" VPOS="420" WIDTH="42" HEIGHT="11" WC="0.91" CONTENT="van-"/>
						</TextLine>
						<TextLine ID="line_10" HPOS="181" VPOS="446" WIDTH="346" HEIGHT="22">
							<String ID="string_86" HPOS="181" VPOS="446" WIDTH="71" HEIGHT="17" WC="0.96" CONTENT="lottade"/><SP WIDTH="15" VPOS="446" HPOS="252"/>
							<String ID="string_87" HPOS="267" VPOS="446" WIDTH="74" HEIGHT="17" WC="0.96" CONTENT="befinna"/><SP WIDTH="15" VPOS="446" HPOS="341"/>
							<String ID="string_88" HPOS="356" VPOS="446" WIDTH="27" HEIGHT="22" WC="0.96" CONTENT="sig"/><SP WIDTH="15" VPOS="446" HPOS="383"/>
							<String ID="string_89" HPOS="398" VPOS="446" WIDTH="6" HEIGHT="17" WC="0.93" CONTENT="i"/><SP WIDTH="15" VPOS="446" HPOS="404"/>
							<String ID="string_90" HPOS="419" VPOS="446" WIDTH="108" HEIGHT="18" WC="0.92" CONTENT="läroåldern."/>
						</TextLine>
					</TextBlock>
					<TextBlock ID="block_3" HPOS="251" VPOS="473" WIDTH="374" HEIGHT="24">
						<TextLine ID="line_11" HPOS="251" VPOS="473" WIDTH="374" HEIGHT="24">
							<String ID="string_91" HPOS="251" VPOS="474" WIDTH="115" HEIGHT="23" WC="0.96" CONTENT="Helsingfors"/><SP WIDTH="15" VPOS="474" HPOS="366"/>
							<String ID="string_92" HPOS="381" VPOS="474" WIDTH="35" HEIGHT="18" WC="0.96" CONTENT="den"/><SP WIDTH="16" VPOS="474" HPOS="416"/>
							<String ID="string_93" HPOS="432" VPOS="473" WIDTH="12" HEIGHT="19" WC="0.96" CONTENT="2"/><SP WIDTH="17" VPOS="473" HPOS="444"/>
							<String ID="string_94" HPOS="461" VPOS="475" WIDTH="86" HEIGHT="18" WC="0.94" CONTENT="Februari"/><SP WIDTH="18" VPOS="475" HPOS="547"/>
							<String ID="string_95" HPOS="565" VPOS="473" WIDTH="60" HEIGHT="19" WC="0.96" CONTENT="1882."/>
						</TextLine>
					</TextBlock>
				</ComposedBlock>
				<ComposedBlock ID="cblock_2" HPOS="627" VPOS="510" WIDTH="246" HEIGHT="24">
					<TextBlock ID="block_4" HPOS="627" VPOS="510" WIDTH="246" HEIGHT="24">
						<TextLine ID="line_12" HPOS="627" VPOS="510" WIDTH="246" HEIGHT="24">
							<String ID="string_96" HPOS="627" VPOS="512" WIDTH="69" HEIGHT="22" WC="0.93" CONTENT="Wilh."/><SP WIDTH="17" VPOS="512" HPOS="696"/>
							<String ID="string_97" HPOS="713" VPOS="510" WIDTH="160" HEIGHT="24" WC="0.34" CONTENT="Fredrikson&quot;."/>
						</TextLine>
					</TextBlock>
				</ComposedBlock>
				<ComposedBlock ID="cblock_3" HPOS="183" VPOS="562" WIDTH="767" HEIGHT="926">
					<TextBlock ID="block_5" HPOS="183" VPOS="562" WIDTH="763" HEIGHT="302">
						<TextLine ID="line_13" HPOS="253" VPOS="562" WIDTH="691" HEIGHT="30">
							<String ID="string_98" HPOS="253" VPOS="564" WIDTH="41" HEIGHT="22" WC="0.96" CONTENT="Vid"/><SP WIDTH="19" VPOS="564" HPOS="294"/>
							<String ID="string_99" HPOS="313" VPOS="565" WIDTH="157" HEIGHT="27" WC="0.96" CONTENT="behandlingen"/><SP WIDTH="19" VPOS="565" HPOS="470"/>
							<String ID="string_100" HPOS="489" VPOS="565" WIDTH="23" HEIGHT="22" WC="0.95" CONTENT="af"/><SP WIDTH="13" VPOS="565" HPOS="512"/>
							<String ID="string_101" HPOS="525" VPOS="564" WIDTH="163" HEIGHT="28" WC="0.93" CONTENT="ifrågavarande"/><SP WIDTH="16" VPOS="564" HPOS="688"/>
							<String ID="string_102" HPOS="704" VPOS="563" WIDTH="186" HEIGHT="29" WC="0.91" CONTENT="petitionsförslag"/><SP WIDTH="15" VPOS="563" HPOS="890"/>
							<String ID="string_103" HPOS="905" VPOS="562" WIDTH="39" HEIGHT="21" WC="0.96" CONTENT="har"/>
						</TextLine>
						<TextLine ID="line_14" HPOS="184" VPOS="597" WIDTH="760" HEIGHT="30">
							<String ID="string_104" HPOS="184" VPOS="600" WIDTH="109" HEIGHT="21" WC="0.96" CONTENT="utskottet"/><SP WIDTH="14" VPOS="600" HPOS="293"/>
							<String ID="string_105" HPOS="307" VPOS="599" WIDTH="77" HEIGHT="22" WC="0.96" CONTENT="främst"/><SP WIDTH="14" VPOS="599" HPOS="384"/>
							<String ID="string_106" HPOS="398" VPOS="600" WIDTH="44" HEIGHT="21" WC="0.96" CONTENT="fäst"/><SP WIDTH="12" VPOS="600" HPOS="442"/>
							<String ID="string_107" HPOS="454" VPOS="600" WIDTH="32" HEIGHT="22" WC="0.95" CONTENT="sin"/><SP WIDTH="11" VPOS="600" HPOS="486"/>
							<String ID="string_108" HPOS="497" VPOS="600" WIDTH="192" HEIGHT="27" WC="0.96" CONTENT="uppmärksamhet"/><SP WIDTH="10" VPOS="600" HPOS="689"/>
							<String ID="string_109" HPOS="699" VPOS="600" WIDTH="36" HEIGHT="21" WC="0.96" CONTENT="vid"/><SP WIDTH="12" VPOS="600" HPOS="735"/>
							<String ID="string_110" HPOS="747" VPOS="600" WIDTH="67" HEIGHT="20" WC="0.96" CONTENT="andra"/><SP WIDTH="11" VPOS="600" HPOS="814"/>
							<String ID="string_111" HPOS="825" VPOS="598" WIDTH="40" HEIGHT="22" WC="0.96" CONTENT="och"/><SP WIDTH="11" VPOS="598" HPOS="865"/>
							<String ID="string_112" HPOS="876" VPOS="597" WIDTH="68" HEIGHT="27" WC="0.96" CONTENT="tredje"/>
						</TextLine>
						<TextLine ID="line_15" HPOS="183" VPOS="632" WIDTH="762" HEIGHT="28">
							<String ID="string_113" HPOS="183" VPOS="636" WIDTH="122" HEIGHT="20" WC="0.95" CONTENT="momenten"/><SP WIDTH="21" VPOS="636" HPOS="305"/>
							<String ID="string_114" HPOS="326" VPOS="634" WIDTH="32" HEIGHT="22" WC="0.96" CONTENT="uti"/><SP WIDTH="20" VPOS="634" HPOS="358"/>
							<String ID="string_115" HPOS="378" VPOS="635" WIDTH="126" HEIGHT="24" WC="0.96" CONTENT="detsamma,"/><SP WIDTH="15" VPOS="635" HPOS="504"/>
							<String ID="string_116" HPOS="519" VPOS="641" WIDTH="48" HEIGHT="15" WC="0.92" CONTENT="men"/><SP WIDTH="17" VPOS="641" HPOS="567"/>
							<String ID="string_117" HPOS="584" VPOS="634" WIDTH="74" HEIGHT="22" WC="0.92" CONTENT="dervid"/><SP WIDTH="16" VPOS="634" HPOS="658"/>
							<String ID="string_118" HPOS="674" VPOS="634" WIDTH="72" HEIGHT="22" WC="0.96" CONTENT="funnit"/><SP WIDTH="16" VPOS="634" HPOS="746"/>
							<String ID="string_119" HPOS="762" VPOS="634" WIDTH="32" HEIGHT="26" WC="0.96" CONTENT="sig"/><SP WIDTH="15" VPOS="634" HPOS="794"/>
							<String ID="string_120" HPOS="809" VPOS="633" WIDTH="48" HEIGHT="21" WC="0.96" CONTENT="icke"/><SP WIDTH="15" VPOS="633" HPOS="857"/>
							<String ID="string_121" HPOS="872" VPOS="632" WIDTH="73" HEIGHT="22" WC="0.96" CONTENT="kunna"/>
						</TextLine>
						<TextLine ID="line_16" HPOS="183" VPOS="666" WIDTH="761" HEIGHT="30">
							<String ID="string_122" HPOS="183" VPOS="669" WIDTH="88" HEIGHT="21" WC="0.91" CONTENT="biträda"/><SP WIDTH="21" VPOS="669" HPOS="271"/>
							<String ID="string_123" HPOS="292" VPOS="670" WIDTH="155" HEIGHT="26" WC="0.91" CONTENT="petitionärens"/><SP WIDTH="23" VPOS="670" HPOS="447"/>
							<String ID="string_124" HPOS="470" VPOS="670" WIDTH="80" HEIGHT="26" WC="0.96" CONTENT="förslag"/><SP WIDTH="22" VPOS="670" HPOS="550"/>
							<String ID="string_125" HPOS="572" VPOS="670" WIDTH="91" HEIGHT="22" WC="0.96" CONTENT="rörande"/><SP WIDTH="25" VPOS="670" HPOS="663"/>
							<String ID="string_126" HPOS="688" VPOS="669" WIDTH="92" HEIGHT="27" WC="0.96" CONTENT="ändring"/><SP WIDTH="22" VPOS="669" HPOS="780"/>
							<String ID="string_127" HPOS="802" VPOS="668" WIDTH="23" HEIGHT="22" WC="0.96" CONTENT="af"/><SP WIDTH="21" VPOS="668" HPOS="825"/>
							<String ID="string_128" HPOS="846" VPOS="666" WIDTH="98" HEIGHT="28" WC="0.95" CONTENT="gällande"/>
						</TextLine>
						<TextLine ID="line_17" HPOS="183" VPOS="702" WIDTH="762" HEIGHT="29">
							<String ID="string_129" HPOS="183" VPOS="703" WIDTH="281" HEIGHT="28" WC="0.90" CONTENT="kommunalförfattningar."/><SP WIDTH="31" VPOS="703" HPOS="464"/>
							<String ID="string_130" HPOS="495" VPOS="704" WIDTH="30" HEIGHT="27" WC="0.76" CONTENT="&#39;fy"/><SP WIDTH="15" VPOS="704" HPOS="525"/>
							<String ID="string_131" HPOS="540" VPOS="704" WIDTH="56" HEIGHT="21" WC="0.96" CONTENT="hvad"/><SP WIDTH="16" VPOS="704" HPOS="596"/>
							<String ID="string_132" HPOS="612" VPOS="704" WIDTH="81" HEIGHT="21" WC="0.96" CONTENT="vården"/><SP WIDTH="17" VPOS="704" HPOS="693"/>
							<String ID="string_133" HPOS="710" VPOS="710" WIDTH="34" HEIGHT="15" WC="0.96" CONTENT="om"/><SP WIDTH="17" VPOS="710" HPOS="744"/>
							<String ID="string_134" HPOS="761" VPOS="703" WIDTH="26" HEIGHT="21" WC="0.95" CONTENT="de"/><SP WIDTH="15" VPOS="703" HPOS="787"/>
							<String ID="string_135" HPOS="802" VPOS="702" WIDTH="79" HEIGHT="28" WC="0.93" CONTENT="fysiskt"/><SP WIDTH="13" VPOS="702" HPOS="881"/>
							<String ID="string_136" HPOS="894" VPOS="708" WIDTH="51" HEIGHT="14" WC="0.92" CONTENT="van-"/>
						</TextLine>
						<TextLine ID="line_18" HPOS="183" VPOS="736" WIDTH="762" HEIGHT="29">
							<String ID="string_137" HPOS="183" VPOS="738" WIDTH="84" HEIGHT="21" WC="0.96" CONTENT="lottade"/><SP WIDTH="22" VPOS="738" HPOS="267"/>
							<String ID="string_138" HPOS="289" VPOS="738" WIDTH="72" HEIGHT="27" WC="0.96" CONTENT="angår,"/><SP WIDTH="17" VPOS="738" HPOS="361"/>
							<String ID="string_139" HPOS="378" VPOS="740" WIDTH="24" HEIGHT="20" WC="0.97" CONTENT="är"/><SP WIDTH="14" VPOS="740" HPOS="402"/>
							<String ID="string_140" HPOS="416" VPOS="739" WIDTH="166" HEIGHT="21" WC="0.96" CONTENT="kommunernas"/><SP WIDTH="17" VPOS="739" HPOS="582"/>
							<String ID="string_141" HPOS="599" VPOS="738" WIDTH="125" HEIGHT="27" WC="0.96" CONTENT="skyldighet"/><SP WIDTH="16" VPOS="738" HPOS="724"/>
							<String ID="string_142" HPOS="740" VPOS="737" WIDTH="67" HEIGHT="22" WC="0.96" CONTENT="redan"/><SP WIDTH="15" VPOS="737" HPOS="807"/>
							<String ID="string_143" HPOS="822" VPOS="736" WIDTH="33" HEIGHT="22" WC="0.93" CONTENT="för"/><SP WIDTH="14" VPOS="736" HPOS="855"/>
							<String ID="string_144" HPOS="869" VPOS="739" WIDTH="76" HEIGHT="19" WC="0.91" CONTENT="närva-"/>
						</TextLine>
						<TextLine ID="line_19" HPOS="184" VPOS="770" WIDTH="761" HEIGHT="30">
							<String ID="string_145" HPOS="184" VPOS="773" WIDTH="67" HEIGHT="21" WC="0.96" CONTENT="rande"/><SP WIDTH="24" VPOS="773" HPOS="251"/>
							<String ID="string_146" HPOS="275" VPOS="773" WIDTH="114" HEIGHT="21" WC="0.96" CONTENT="utvecklad"/><SP WIDTH="23" VPOS="773" HPOS="389"/>
							<String ID="string_147" HPOS="412" VPOS="780" WIDTH="77" HEIGHT="20" WC="0.95" CONTENT="genom"/><SP WIDTH="19" VPOS="780" HPOS="489"/>
							<String ID="string_148" HPOS="508" VPOS="773" WIDTH="151" HEIGHT="27" WC="0.95" CONTENT="förordningen"/><SP WIDTH="21" VPOS="773" HPOS="659"/>
							<String ID="string_149" HPOS="680" VPOS="779" WIDTH="36" HEIGHT="15" WC="0.96" CONTENT="om"/><SP WIDTH="14" VPOS="779" HPOS="716"/>
							<String ID="string_150" HPOS="730" VPOS="772" WIDTH="159" HEIGHT="28" WC="0.96" CONTENT="fattigvården,"/><SP WIDTH="16" VPOS="772" HPOS="889"/>
							<String ID="string_151" HPOS="905" VPOS="770" WIDTH="40" HEIGHT="22" WC="0.96" CONTENT="och"/>
						</TextLine>
						<TextLine ID="line_20" HPOS="184" VPOS="805" WIDTH="762" HEIGHT="27">
							<String ID="string_152" HPOS="184" VPOS="807" WIDTH="57" HEIGHT="21" WC="0.96" CONTENT="hvad"/><SP WIDTH="21" VPOS="807" HPOS="241"/>
							<String ID="string_153" HPOS="262" VPOS="808" WIDTH="47" HEIGHT="20" WC="0.95" CONTENT="åter"/><SP WIDTH="20" VPOS="808" HPOS="309"/>
							<String ID="string_154" HPOS="329" VPOS="808" WIDTH="153" HEIGHT="22" WC="0.96" CONTENT="läroanstalter"/><SP WIDTH="18" VPOS="808" HPOS="482"/>
							<String ID="string_155" HPOS="500" VPOS="807" WIDTH="33" HEIGHT="22" WC="0.96" CONTENT="för"/><SP WIDTH="15" VPOS="807" HPOS="533"/>
							<String ID="string_156" HPOS="548" VPOS="808" WIDTH="81" HEIGHT="21" WC="0.96" CONTENT="sådana"/><SP WIDTH="14" VPOS="808" HPOS="629"/>
							<String ID="string_157" HPOS="643" VPOS="808" WIDTH="109" HEIGHT="20" WC="0.93" CONTENT="individer"/><SP WIDTH="14" VPOS="808" HPOS="752"/>
							<String ID="string_158" HPOS="766" VPOS="807" WIDTH="139" HEIGHT="25" WC="0.91" CONTENT="vidkommer,"/><SP WIDTH="16" VPOS="807" HPOS="905"/>
							<String ID="string_159" HPOS="921" VPOS="805" WIDTH="25" HEIGHT="21" WC="0.96" CONTENT="så"/>
						</TextLine>
						<TextLine ID="line_21" HPOS="185" VPOS="840" WIDTH="760" HEIGHT="24">
							<String ID="string_160" HPOS="185" VPOS="842" WIDTH="62" HEIGHT="21" WC="0.96" CONTENT="torde"/><SP WIDTH="22" VPOS="842" HPOS="247"/>
							<String ID="string_161" HPOS="269" VPOS="842" WIDTH="62" HEIGHT="22" WC="0.96" CONTENT="deras"/><SP WIDTH="20" VPOS="842" HPOS="331"/>
							<String ID="string_162" HPOS="351" VPOS="842" WIDTH="123" HEIGHT="22" WC="0.96" CONTENT="inrättande"/><SP WIDTH="20" VPOS="842" HPOS="474"/>
							<String ID="string_163" HPOS="494" VPOS="842" WIDTH="47" HEIGHT="22" WC="0.96" CONTENT="icke"/><SP WIDTH="19" VPOS="842" HPOS="541"/>
							<String ID="string_164" HPOS="560" VPOS="843" WIDTH="73" HEIGHT="21" WC="0.96" CONTENT="kunna"/><SP WIDTH="19" VPOS="843" HPOS="633"/>
							<String ID="string_165" HPOS="652" VPOS="842" WIDTH="158" HEIGHT="21" WC="0.93" CONTENT="kommunerna"/><SP WIDTH="20" VPOS="842" HPOS="810"/>
							<String ID="string_166" HPOS="830" VPOS="840" WIDTH="115" HEIGHT="22" WC="0.92" CONTENT="åhvälfvas."/>
						</TextLine>
					</TextBlock>
					<TextBlock ID="block_6" HPOS="185" VPOS="874" WIDTH="765" HEIGHT="582">
						<TextLine ID="line_22" HPOS="254" VPOS="874" WIDTH="694" HEIGHT="30">
							<String ID="string_167" HPOS="254" VPOS="876" WIDTH="54" HEIGHT="22" WC="0.96" CONTENT="Lika"/><SP WIDTH="22" VPOS="876" HPOS="308"/>
							<String ID="string_168" HPOS="330" VPOS="877" WIDTH="48" HEIGHT="21" WC="0.96" CONTENT="litet"/><SP WIDTH="23" VPOS="877" HPOS="378"/>
							<String ID="string_169" HPOS="401" VPOS="877" WIDTH="63" HEIGHT="21" WC="0.96" CONTENT="torde"/><SP WIDTH="20" VPOS="877" HPOS="464"/>
							<String ID="string_170" HPOS="484" VPOS="876" WIDTH="45" HEIGHT="22" WC="0.96" CONTENT="från"/><SP WIDTH="21" VPOS="876" HPOS="529"/>
							<String ID="string_171" HPOS="550" VPOS="878" WIDTH="139" HEIGHT="26" WC="0.96" CONTENT="regeringens"/><SP WIDTH="21" VPOS="878" HPOS="689"/>
							<String ID="string_172" HPOS="710" VPOS="876" WIDTH="48" HEIGHT="22" WC="0.96" CONTENT="sida"/><SP WIDTH="20" VPOS="876" HPOS="758"/>
							<String ID="string_173" HPOS="778" VPOS="875" WIDTH="132" HEIGHT="22" WC="0.96" CONTENT="inrättandet"/><SP WIDTH="15" VPOS="875" HPOS="910"/>
							<String ID="string_174" HPOS="925" VPOS="874" WIDTH="23" HEIGHT="22" WC="0.96" CONTENT="af"/>
						</TextLine>
						<TextLine ID="line_23" HPOS="185" VPOS="910" WIDTH="761" HEIGHT="23">
							<String ID="string_175" HPOS="185" VPOS="911" WIDTH="62" HEIGHT="22" WC="0.91" CONTENT="vård-"/><SP WIDTH="18" VPOS="911" HPOS="247"/>
							<String ID="string_176" HPOS="265" VPOS="911" WIDTH="39" HEIGHT="21" WC="0.96" CONTENT="och"/><SP WIDTH="15" VPOS="911" HPOS="304"/>
							<String ID="string_177" HPOS="319" VPOS="912" WIDTH="154" HEIGHT="21" WC="0.96" CONTENT="läroanstalter"/><SP WIDTH="15" VPOS="912" HPOS="473"/>
							<String ID="string_178" HPOS="488" VPOS="912" WIDTH="32" HEIGHT="21" WC="0.96" CONTENT="för"/><SP WIDTH="15" VPOS="912" HPOS="520"/>
							<String ID="string_179" HPOS="535" VPOS="912" WIDTH="71" HEIGHT="21" WC="0.95" CONTENT="blinde"/><SP WIDTH="17" VPOS="912" HPOS="606"/>
							<String ID="string_180" HPOS="623" VPOS="912" WIDTH="39" HEIGHT="21" WC="0.92" CONTENT="och"/><SP WIDTH="15" VPOS="912" HPOS="662"/>
							<String ID="string_181" HPOS="677" VPOS="911" WIDTH="131" HEIGHT="22" WC="0.92" CONTENT="döfstumme"/><SP WIDTH="12" VPOS="911" HPOS="808"/>
							<String ID="string_182" HPOS="820" VPOS="910" WIDTH="68" HEIGHT="22" WC="0.93" CONTENT="under"/><SP WIDTH="10" VPOS="910" HPOS="888"/>
							<String ID="string_183" HPOS="898" VPOS="912" WIDTH="48" HEIGHT="18" WC="0.93" CONTENT="när-"/>
						</TextLine>
						<TextLine ID="line_24" HPOS="186" VPOS="945" WIDTH="761" HEIGHT="29">
							<String ID="string_184" HPOS="186" VPOS="948" WIDTH="69" HEIGHT="19" WC="0.95" CONTENT="maste"/><SP WIDTH="20" VPOS="948" HPOS="255"/>
							<String ID="string_185" HPOS="275" VPOS="946" WIDTH="86" HEIGHT="22" WC="0.96" CONTENT="framtid"/><SP WIDTH="15" VPOS="946" HPOS="361"/>
							<String ID="string_186" HPOS="376" VPOS="946" WIDTH="54" HEIGHT="22" WC="0.93" CONTENT="böra"/><SP WIDTH="13" VPOS="946" HPOS="430"/>
							<String ID="string_187" HPOS="443" VPOS="946" WIDTH="159" HEIGHT="28" WC="0.91" CONTENT="ifrågakomma."/><SP WIDTH="31" VPOS="946" HPOS="602"/>
							<String ID="string_188" HPOS="633" VPOS="946" WIDTH="83" HEIGHT="22" WC="0.93" CONTENT="Härvid"/><SP WIDTH="16" VPOS="946" HPOS="716"/>
							<String ID="string_189" HPOS="732" VPOS="946" WIDTH="92" HEIGHT="22" WC="0.93" CONTENT="förbiser"/><SP WIDTH="15" VPOS="946" HPOS="824"/>
							<String ID="string_190" HPOS="839" VPOS="945" WIDTH="108" HEIGHT="21" WC="0.96" CONTENT="utskottet"/>
						</TextLine>
						<TextLine ID="line_25" HPOS="186" VPOS="979" WIDTH="760" HEIGHT="28">
							<String ID="string_191" HPOS="186" VPOS="980" WIDTH="122" HEIGHT="27" WC="0.96" CONTENT="ingalunda,"/><SP WIDTH="17" VPOS="980" HPOS="308"/>
							<String ID="string_192" HPOS="325" VPOS="982" WIDTH="33" HEIGHT="20" WC="0.96" CONTENT="att"/><SP WIDTH="15" VPOS="982" HPOS="358"/>
							<String ID="string_193" HPOS="373" VPOS="980" WIDTH="82" HEIGHT="22" WC="0.96" CONTENT="antalet"/><SP WIDTH="15" VPOS="980" HPOS="455"/>
							<String ID="string_194" HPOS="470" VPOS="980" WIDTH="23" HEIGHT="22" WC="0.96" CONTENT="af"/><SP WIDTH="13" VPOS="980" HPOS="493"/>
							<String ID="string_195" HPOS="506" VPOS="980" WIDTH="146" HEIGHT="22" WC="0.93" CONTENT="förstnämnde"/><SP WIDTH="16" VPOS="980" HPOS="652"/>
							<String ID="string_196" HPOS="668" VPOS="980" WIDTH="132" HEIGHT="26" WC="0.92" CONTENT="vanlottade,"/><SP WIDTH="22" VPOS="980" HPOS="800"/>
							<String ID="string_197" HPOS="822" VPOS="992" WIDTH="17" HEIGHT="2" WC="0.92" CONTENT="—"/><SP WIDTH="16" VPOS="992" HPOS="839"/>
							<String ID="string_198" HPOS="855" VPOS="979" WIDTH="91" HEIGHT="27" WC="0.96" CONTENT="troligen"/>
						</TextLine>
						<TextLine ID="line_26" HPOS="186" VPOS="1014" WIDTH="761" HEIGHT="28">
							<String ID="string_199" HPOS="186" VPOS="1015" WIDTH="32" HEIGHT="21" WC="0.96" CONTENT="till"/><SP WIDTH="20" VPOS="1015" HPOS="218"/>
							<String ID="string_200" HPOS="238" VPOS="1014" WIDTH="52" HEIGHT="28" WC="0.96" CONTENT="följd"/><SP WIDTH="23" VPOS="1014" HPOS="290"/>
							<String ID="string_201" HPOS="313" VPOS="1015" WIDTH="65" HEIGHT="27" WC="0.96" CONTENT="deraf,"/><SP WIDTH="17" VPOS="1015" HPOS="378"/>
							<String ID="string_202" HPOS="395" VPOS="1017" WIDTH="33" HEIGHT="20" WC="0.96" CONTENT="att"/><SP WIDTH="15" VPOS="1017" HPOS="428"/>
							<String ID="string_203" HPOS="443" VPOS="1016" WIDTH="131" HEIGHT="21" WC="0.96" CONTENT="bostäderna"/><SP WIDTH="15" VPOS="1016" HPOS="574"/>
							<String ID="string_204" HPOS="589" VPOS="1016" WIDTH="6" HEIGHT="20" WC="0.96" CONTENT="i"/><SP WIDTH="16" VPOS="1016" HPOS="595"/>
							<String ID="string_205" HPOS="611" VPOS="1016" WIDTH="58" HEIGHT="21" WC="0.96" CONTENT="vissa"/><SP WIDTH="15" VPOS="1016" HPOS="669"/>
							<String ID="string_206" HPOS="684" VPOS="1016" WIDTH="86" HEIGHT="20" WC="0.96" CONTENT="trakter"/><SP WIDTH="16" VPOS="1016" HPOS="770"/>
							<String ID="string_207" HPOS="786" VPOS="1017" WIDTH="58" HEIGHT="19" WC="0.96" CONTENT="ännu"/><SP WIDTH="15" VPOS="1017" HPOS="844"/>
							<String ID="string_208" HPOS="859" VPOS="1016" WIDTH="88" HEIGHT="25" WC="0.96" CONTENT="utgöras"/>
						</TextLine>
						<TextLine ID="line_27" HPOS="187" VPOS="1049" WIDTH="762" HEIGHT="27">
							<String ID="string_209" HPOS="187" VPOS="1049" WIDTH="22" HEIGHT="21" WC="0.93" CONTENT="af"/><SP WIDTH="14" VPOS="1049" HPOS="209"/>
							<String ID="string_210" HPOS="223" VPOS="1049" WIDTH="116" HEIGHT="27" WC="0.91" CONTENT="rökpörten"/><SP WIDTH="19" VPOS="1049" HPOS="339"/>
							<String ID="string_211" HPOS="358" VPOS="1052" WIDTH="55" HEIGHT="19" WC="0.96" CONTENT="samt"/><SP WIDTH="15" VPOS="1052" HPOS="413"/>
							<String ID="string_212" HPOS="428" VPOS="1052" WIDTH="34" HEIGHT="20" WC="0.96" CONTENT="att"/><SP WIDTH="14" VPOS="1052" HPOS="462"/>
							<String ID="string_213" HPOS="476" VPOS="1051" WIDTH="48" HEIGHT="21" WC="0.96" CONTENT="vårt"/><SP WIDTH="14" VPOS="1051" HPOS="524"/>
							<String ID="string_214" HPOS="538" VPOS="1050" WIDTH="44" HEIGHT="22" WC="0.96" CONTENT="folk"/><SP WIDTH="15" VPOS="1050" HPOS="582"/>
							<String ID="string_215" HPOS="597" VPOS="1050" WIDTH="56" HEIGHT="22" WC="0.96" CONTENT="ända"/><SP WIDTH="16" VPOS="1050" HPOS="653"/>
							<String ID="string_216" HPOS="669" VPOS="1050" WIDTH="33" HEIGHT="21" WC="0.93" CONTENT="till"/><SP WIDTH="17" VPOS="1050" HPOS="702"/>
							<String ID="string_217" HPOS="719" VPOS="1049" WIDTH="112" HEIGHT="22" WC="0.91" CONTENT="öfverdrift"/><SP WIDTH="9" VPOS="1049" HPOS="831"/>
							<String ID="string_218" HPOS="840" VPOS="1050" WIDTH="109" HEIGHT="26" WC="0.95" CONTENT="begagnar"/>
						</TextLine>
						<TextLine ID="line_28" HPOS="187" VPOS="1082" WIDTH="763" HEIGHT="30">
							<String ID="string_219" HPOS="187" VPOS="1084" WIDTH="34" HEIGHT="26" WC="0.96" CONTENT="sig"/><SP WIDTH="19" VPOS="1084" HPOS="221"/>
							<String ID="string_220" HPOS="240" VPOS="1084" WIDTH="23" HEIGHT="21" WC="0.96" CONTENT="af"/><SP WIDTH="19" VPOS="1084" HPOS="263"/>
							<String ID="string_221" HPOS="282" VPOS="1084" WIDTH="41" HEIGHT="21" WC="0.96" CONTENT="bad"/><SP WIDTH="21" VPOS="1084" HPOS="323"/>
							<String ID="string_222" HPOS="344" VPOS="1084" WIDTH="6" HEIGHT="21" WC="0.96" CONTENT="i"/><SP WIDTH="20" VPOS="1084" HPOS="350"/>
							<String ID="string_223" HPOS="370" VPOS="1084" WIDTH="58" HEIGHT="27" WC="0.96" CONTENT="heta,"/><SP WIDTH="21" VPOS="1084" HPOS="428"/>
							<String ID="string_224" HPOS="449" VPOS="1085" WIDTH="76" HEIGHT="27" WC="0.93" CONTENT="rökiga"/><SP WIDTH="17" VPOS="1085" HPOS="525"/>
							<String ID="string_225" HPOS="542" VPOS="1085" WIDTH="125" HEIGHT="27" WC="0.93" CONTENT="badstugor,"/><SP WIDTH="19" VPOS="1085" HPOS="667"/>
							<String ID="string_226" HPOS="686" VPOS="1084" WIDTH="111" HEIGHT="22" WC="0.96" CONTENT="äfvensom"/><SP WIDTH="15" VPOS="1084" HPOS="797"/>
							<String ID="string_227" HPOS="812" VPOS="1084" WIDTH="33" HEIGHT="21" WC="0.95" CONTENT="till"/><SP WIDTH="15" VPOS="1084" HPOS="845"/>
							<String ID="string_228" HPOS="860" VPOS="1083" WIDTH="52" HEIGHT="27" WC="0.96" CONTENT="följd"/><SP WIDTH="16" VPOS="1083" HPOS="912"/>
							<String ID="string_229" HPOS="928" VPOS="1082" WIDTH="22" HEIGHT="22" WC="0.96" CONTENT="af"/>
						</TextLine>
						<TextLine ID="line_29" HPOS="187" VPOS="1118" WIDTH="762" HEIGHT="28">
							<String ID="string_230" HPOS="187" VPOS="1118" WIDTH="128" HEIGHT="28" WC="0.92" CONTENT="svedjandet"/><SP WIDTH="21" VPOS="1118" HPOS="315"/>
							<String ID="string_231" HPOS="336" VPOS="1119" WIDTH="68" HEIGHT="22" WC="0.96" CONTENT="under"/><SP WIDTH="20" VPOS="1119" HPOS="404"/>
							<String ID="string_232" HPOS="424" VPOS="1126" WIDTH="121" HEIGHT="15" WC="0.96" CONTENT="sommaren"/><SP WIDTH="16" VPOS="1126" HPOS="545"/>
							<String ID="string_233" HPOS="561" VPOS="1120" WIDTH="39" HEIGHT="21" WC="0.93" CONTENT="och"/><SP WIDTH="16" VPOS="1120" HPOS="600"/>
							<String ID="string_234" HPOS="616" VPOS="1120" WIDTH="131" HEIGHT="21" WC="0.92" CONTENT="tröskandet"/><SP WIDTH="15" VPOS="1120" HPOS="747"/>
							<String ID="string_235" HPOS="762" VPOS="1119" WIDTH="7" HEIGHT="21" WC="0.96" CONTENT="i"/><SP WIDTH="16" VPOS="1119" HPOS="769"/>
							<String ID="string_236" HPOS="785" VPOS="1118" WIDTH="106" HEIGHT="27" WC="0.93" CONTENT="dammiga"/><SP WIDTH="14" VPOS="1118" HPOS="891"/>
							<String ID="string_237" HPOS="905" VPOS="1118" WIDTH="44" HEIGHT="21" WC="0.92" CONTENT="rior"/>
						</TextLine>
						<TextLine ID="line_30" HPOS="187" VPOS="1152" WIDTH="760" HEIGHT="29">
							<String ID="string_238" HPOS="187" VPOS="1153" WIDTH="69" HEIGHT="22" WC="0.96" CONTENT="under"/><SP WIDTH="15" VPOS="1153" HPOS="256"/>
							<String ID="string_239" HPOS="271" VPOS="1153" WIDTH="51" HEIGHT="22" WC="0.96" CONTENT="höst"/><SP WIDTH="11" VPOS="1153" HPOS="322"/>
							<String ID="string_240" HPOS="333" VPOS="1154" WIDTH="40" HEIGHT="22" WC="0.96" CONTENT="och"/><SP WIDTH="11" VPOS="1154" HPOS="373"/>
							<String ID="string_241" HPOS="384" VPOS="1154" WIDTH="76" HEIGHT="27" WC="0.93" CONTENT="vinter,"/><SP WIDTH="12" VPOS="1154" HPOS="460"/>
							<String ID="string_242" HPOS="472" VPOS="1167" WIDTH="27" HEIGHT="2" WC="0.93" CONTENT="—"/><SP WIDTH="12" VPOS="1167" HPOS="499"/>
							<String ID="string_243" HPOS="511" VPOS="1155" WIDTH="30" HEIGHT="21" WC="0.96" CONTENT="uti"/><SP WIDTH="14" VPOS="1155" HPOS="541"/>
							<String ID="string_244" HPOS="555" VPOS="1155" WIDTH="106" HEIGHT="21" WC="0.96" CONTENT="Finland"/><SP WIDTH="-11" VPOS="1155" HPOS="661"/>
							<String ID="string_245" HPOS="650" VPOS="1148" WIDTH="13" HEIGHT="38" WC="0.96" CONTENT="i"/><SP WIDTH="9" VPOS="1148" HPOS="663"/>
							<String ID="string_246" HPOS="672" VPOS="1154" WIDTH="137" HEIGHT="22" WC="0.95" CONTENT="förhållande"/><SP WIDTH="12" VPOS="1154" HPOS="809"/>
							<String ID="string_247" HPOS="821" VPOS="1154" WIDTH="32" HEIGHT="20" WC="0.95" CONTENT="till"/><SP WIDTH="10" VPOS="1154" HPOS="853"/>
							<String ID="string_248" HPOS="863" VPOS="1152" WIDTH="84" HEIGHT="22" WC="0.95" CONTENT="landets"/>
						</TextLine>
						<TextLine ID="line_31" HPOS="186" VPOS="1187" WIDTH="762" HEIGHT="29">
							<String ID="string_249" HPOS="186" VPOS="1188" WIDTH="50" HEIGHT="21" WC="0.96" CONTENT="hela"/><SP WIDTH="15" VPOS="1188" HPOS="236"/>
							<String ID="string_250" HPOS="251" VPOS="1188" WIDTH="125" HEIGHT="28" WC="0.96" CONTENT="folkmängd"/><SP WIDTH="16" VPOS="1188" HPOS="376"/>
							<String ID="string_251" HPOS="392" VPOS="1191" WIDTH="24" HEIGHT="19" WC="0.96" CONTENT="är"/><SP WIDTH="16" VPOS="1191" HPOS="416"/>
							<String ID="string_252" HPOS="432" VPOS="1190" WIDTH="95" HEIGHT="26" WC="0.95" CONTENT="ovanligt"/><SP WIDTH="14" VPOS="1190" HPOS="527"/>
							<String ID="string_253" HPOS="541" VPOS="1191" WIDTH="61" HEIGHT="25" WC="0.93" CONTENT="stort,"/><SP WIDTH="17" VPOS="1191" HPOS="602"/>
							<String ID="string_254" HPOS="619" VPOS="1189" WIDTH="45" HEIGHT="27" WC="0.93" CONTENT="ithy"/><SP WIDTH="15" VPOS="1189" HPOS="664"/>
							<String ID="string_255" HPOS="679" VPOS="1191" WIDTH="34" HEIGHT="19" WC="0.96" CONTENT="att"/><SP WIDTH="11" VPOS="1191" HPOS="713"/>
							<String ID="string_256" HPOS="724" VPOS="1188" WIDTH="116" HEIGHT="22" WC="0.96" CONTENT="härstädes"/><SP WIDTH="12" VPOS="1188" HPOS="840"/>
							<String ID="string_257" HPOS="852" VPOS="1187" WIDTH="22" HEIGHT="21" WC="0.95" CONTENT="år"/><SP WIDTH="13" VPOS="1187" HPOS="874"/>
							<String ID="string_258" HPOS="887" VPOS="1188" WIDTH="61" HEIGHT="24" WC="0.96" CONTENT="1873,"/>
						</TextLine>
						<TextLine ID="line_32" HPOS="187" VPOS="1222" WIDTH="762" HEIGHT="29">
							<String ID="string_259" HPOS="187" VPOS="1222" WIDTH="68" HEIGHT="27" WC="0.96" CONTENT="enligt"/><SP WIDTH="19" VPOS="1222" HPOS="255"/>
							<String ID="string_260" HPOS="274" VPOS="1223" WIDTH="123" HEIGHT="22" WC="0.96" CONTENT="statistiska"/><SP WIDTH="19" VPOS="1223" HPOS="397"/>
							<String ID="string_261" HPOS="416" VPOS="1224" WIDTH="109" HEIGHT="27" WC="0.96" CONTENT="uppgifter"/><SP WIDTH="19" VPOS="1224" HPOS="525"/>
							<String ID="string_262" HPOS="544" VPOS="1224" WIDTH="106" HEIGHT="21" WC="0.93" CONTENT="räknades"/><SP WIDTH="20" VPOS="1224" HPOS="650"/>
							<String ID="string_263" HPOS="670" VPOS="1225" WIDTH="64" HEIGHT="24" WC="0.90" CONTENT="3,891"/><SP WIDTH="17" VPOS="1225" HPOS="734"/>
							<String ID="string_264" HPOS="751" VPOS="1228" WIDTH="110" HEIGHT="22" WC="0.96" CONTENT="personer,"/><SP WIDTH="16" VPOS="1228" HPOS="861"/>
							<String ID="string_265" HPOS="877" VPOS="1222" WIDTH="72" HEIGHT="21" WC="0.96" CONTENT="hvilka"/>
						</TextLine>
						<TextLine ID="line_33" HPOS="187" VPOS="1256" WIDTH="762" HEIGHT="30">
							<String ID="string_266" HPOS="187" VPOS="1256" WIDTH="46" HEIGHT="22" WC="0.96" CONTENT="helt"/><SP WIDTH="24" VPOS="1256" HPOS="233"/>
							<String ID="string_267" HPOS="257" VPOS="1257" WIDTH="40" HEIGHT="21" WC="0.96" CONTENT="och"/><SP WIDTH="22" VPOS="1257" HPOS="297"/>
							<String ID="string_268" HPOS="319" VPOS="1257" WIDTH="69" HEIGHT="22" WC="0.96" CONTENT="hållet"/><SP WIDTH="22" VPOS="1257" HPOS="388"/>
							<String ID="string_269" HPOS="410" VPOS="1258" WIDTH="96" HEIGHT="22" WC="0.96" CONTENT="saknade"/><SP WIDTH="20" VPOS="1258" HPOS="506"/>
							<String ID="string_270" HPOS="526" VPOS="1260" WIDTH="61" HEIGHT="25" WC="0.95" CONTENT="ögats"/><SP WIDTH="20" VPOS="1260" HPOS="587"/>
							<String ID="string_271" HPOS="607" VPOS="1258" WIDTH="48" HEIGHT="28" WC="0.93" CONTENT="ljus,"/><SP WIDTH="22" VPOS="1258" HPOS="655"/>
							<String ID="string_272" HPOS="677" VPOS="1258" WIDTH="21" HEIGHT="22" WC="0.90" CONTENT="d."/><SP WIDTH="22" VPOS="1258" HPOS="698"/>
							<String ID="string_273" HPOS="720" VPOS="1264" WIDTH="19" HEIGHT="15" WC="0.87" CONTENT="v."/><SP WIDTH="22" VPOS="1264" HPOS="739"/>
							<String ID="string_274" HPOS="761" VPOS="1264" WIDTH="17" HEIGHT="14" WC="0.88" CONTENT="s."/><SP WIDTH="21" VPOS="1264" HPOS="778"/>
							<String ID="string_275" HPOS="799" VPOS="1257" WIDTH="58" HEIGHT="27" WC="0.93" CONTENT="uppå"/><SP WIDTH="18" VPOS="1257" HPOS="857"/>
							<String ID="string_276" HPOS="875" VPOS="1258" WIDTH="74" HEIGHT="25" WC="0.90" CONTENT="10,900"/>
						</TextLine>
						<TextLine ID="line_34" HPOS="187" VPOS="1291" WIDTH="762" HEIGHT="29">
							<String ID="string_277" HPOS="187" VPOS="1291" WIDTH="102" HEIGHT="22" WC="0.95" CONTENT="invånare"/><SP WIDTH="22" VPOS="1291" HPOS="289"/>
							<String ID="string_278" HPOS="311" VPOS="1292" WIDTH="78" HEIGHT="22" WC="0.93" CONTENT="funnos"/><SP WIDTH="21" VPOS="1292" HPOS="389"/>
							<String ID="string_279" HPOS="410" VPOS="1294" WIDTH="54" HEIGHT="25" WC="0.85" CONTENT="21,41"/><SP WIDTH="20" VPOS="1294" HPOS="464"/>
							<String ID="string_280" HPOS="484" VPOS="1292" WIDTH="134" HEIGHT="28" WC="0.96" CONTENT="fullständigt"/><SP WIDTH="21" VPOS="1292" HPOS="618"/>
							<String ID="string_281" HPOS="639" VPOS="1292" WIDTH="81" HEIGHT="27" WC="0.96" CONTENT="blinde,"/><SP WIDTH="18" VPOS="1292" HPOS="720"/>
							<String ID="string_282" HPOS="738" VPOS="1292" WIDTH="28" HEIGHT="22" WC="0.93" CONTENT="dä"/><SP WIDTH="16" VPOS="1292" HPOS="766"/>
							<String ID="string_283" HPOS="782" VPOS="1292" WIDTH="97" HEIGHT="21" WC="0.92" CONTENT="deremot"/><SP WIDTH="15" VPOS="1292" HPOS="879"/>
							<String ID="string_284" HPOS="894" VPOS="1292" WIDTH="55" HEIGHT="20" WC="0.92" CONTENT="mot-"/>
						</TextLine>
						<TextLine ID="line_35" HPOS="187" VPOS="1324" WIDTH="762" HEIGHT="30">
							<String ID="string_285" HPOS="187" VPOS="1326" WIDTH="106" HEIGHT="21" WC="0.96" CONTENT="svarande"/><SP WIDTH="16" VPOS="1326" HPOS="293"/>
							<String ID="string_286" HPOS="309" VPOS="1326" WIDTH="59" HEIGHT="22" WC="0.96" CONTENT="siffra"/><SP WIDTH="16" VPOS="1326" HPOS="368"/>
							<String ID="string_287" HPOS="384" VPOS="1327" WIDTH="31" HEIGHT="21" WC="0.96" CONTENT="uti"/><SP WIDTH="16" VPOS="1327" HPOS="415"/>
							<String ID="string_288" HPOS="431" VPOS="1327" WIDTH="88" HEIGHT="27" WC="0.96" CONTENT="Sverige"/><SP WIDTH="16" VPOS="1327" HPOS="519"/>
							<String ID="string_289" HPOS="535" VPOS="1328" WIDTH="23" HEIGHT="20" WC="0.96" CONTENT="år"/><SP WIDTH="17" VPOS="1328" HPOS="558"/>
							<String ID="string_290" HPOS="575" VPOS="1329" WIDTH="53" HEIGHT="19" WC="0.96" CONTENT="1870"/><SP WIDTH="16" VPOS="1329" HPOS="628"/>
							<String ID="string_291" HPOS="644" VPOS="1326" WIDTH="104" HEIGHT="28" WC="0.96" CONTENT="utgjorde"/><SP WIDTH="16" VPOS="1326" HPOS="748"/>
							<String ID="string_292" HPOS="764" VPOS="1326" WIDTH="78" HEIGHT="21" WC="0.96" CONTENT="endast"/><SP WIDTH="15" VPOS="1326" HPOS="842"/>
							<String ID="string_293" HPOS="857" VPOS="1327" WIDTH="39" HEIGHT="24" WC="0.26" CONTENT="8,06"/><SP WIDTH="14" VPOS="1327" HPOS="896"/>
							<String ID="string_294" HPOS="910" VPOS="1324" WIDTH="39" HEIGHT="22" WC="0.96" CONTENT="och"/>
						</TextLine>
						<TextLine ID="line_36" HPOS="188" VPOS="1359" WIDTH="762" HEIGHT="28">
							<String ID="string_295" HPOS="188" VPOS="1360" WIDTH="32" HEIGHT="21" WC="0.96" CONTENT="uti"/><SP WIDTH="19" VPOS="1360" HPOS="220"/>
							<String ID="string_296" HPOS="239" VPOS="1360" WIDTH="177" HEIGHT="22" WC="0.96" CONTENT="Nederländerna"/><SP WIDTH="20" VPOS="1360" HPOS="416"/>
							<String ID="string_297" HPOS="436" VPOS="1362" WIDTH="24" HEIGHT="20" WC="0.96" CONTENT="är"/><SP WIDTH="21" VPOS="1362" HPOS="460"/>
							<String ID="string_298" HPOS="481" VPOS="1363" WIDTH="53" HEIGHT="19" WC="0.96" CONTENT="1869"/><SP WIDTH="21" VPOS="1363" HPOS="534"/>
							<String ID="string_299" HPOS="555" VPOS="1368" WIDTH="36" HEIGHT="15" WC="0.96" CONTENT="var"/><SP WIDTH="16" VPOS="1368" HPOS="591"/>
							<String ID="string_300" HPOS="607" VPOS="1364" WIDTH="56" HEIGHT="18" WC="0.96" CONTENT="ännu"/><SP WIDTH="16" VPOS="1364" HPOS="663"/>
							<String ID="string_301" HPOS="679" VPOS="1361" WIDTH="70" HEIGHT="26" WC="0.96" CONTENT="lägre,"/><SP WIDTH="17" VPOS="1361" HPOS="749"/>
							<String ID="string_302" HPOS="766" VPOS="1360" WIDTH="53" HEIGHT="21" WC="0.96" CONTENT="eller"/><SP WIDTH="15" VPOS="1360" HPOS="819"/>
							<String ID="string_303" HPOS="834" VPOS="1362" WIDTH="36" HEIGHT="24" WC="0.91" CONTENT="4,5."/><SP WIDTH="31" VPOS="1362" HPOS="870"/>
							<String ID="string_304" HPOS="901" VPOS="1359" WIDTH="49" HEIGHT="21" WC="0.96" CONTENT="Men"/>
						</TextLine>
						<TextLine ID="line_37" HPOS="188" VPOS="1393" WIDTH="762" HEIGHT="29">
							<String ID="string_305" HPOS="188" VPOS="1394" WIDTH="122" HEIGHT="28" WC="0.91" CONTENT="lyckligtvis"/><SP WIDTH="23" VPOS="1394" HPOS="310"/>
							<String ID="string_306" HPOS="333" VPOS="1401" WIDTH="64" HEIGHT="21" WC="0.91" CONTENT="synas"/><SP WIDTH="23" VPOS="1401" HPOS="397"/>
							<String ID="string_307" HPOS="420" VPOS="1395" WIDTH="37" HEIGHT="22" WC="0.96" CONTENT="fall"/><SP WIDTH="23" VPOS="1395" HPOS="457"/>
							<String ID="string_308" HPOS="480" VPOS="1396" WIDTH="22" HEIGHT="21" WC="0.93" CONTENT="af"/><SP WIDTH="17" VPOS="1396" HPOS="502"/>
							<String ID="string_309" HPOS="519" VPOS="1395" WIDTH="100" HEIGHT="23" WC="0.92" CONTENT="medfödd"/><SP WIDTH="20" VPOS="1395" HPOS="619"/>
							<String ID="string_310" HPOS="639" VPOS="1395" WIDTH="103" HEIGHT="22" WC="0.92" CONTENT="blindhet"/><SP WIDTH="18" VPOS="1395" HPOS="742"/>
							<String ID="string_311" HPOS="760" VPOS="1394" WIDTH="117" HEIGHT="27" WC="0.92" CONTENT="ingalunda"/><SP WIDTH="17" VPOS="1394" HPOS="877"/>
							<String ID="string_312" HPOS="894" VPOS="1393" WIDTH="56" HEIGHT="22" WC="0.93" CONTENT="före-"/>
						</TextLine>
						<TextLine ID="line_38" HPOS="188" VPOS="1427" WIDTH="762" HEIGHT="29">
							<String ID="string_313" HPOS="188" VPOS="1429" WIDTH="87" HEIGHT="21" WC="0.96" CONTENT="komma"/><SP WIDTH="10" VPOS="1429" HPOS="275"/>
							<String ID="string_314" HPOS="285" VPOS="1429" WIDTH="39" HEIGHT="21" WC="0.96" CONTENT="hos"/><SP WIDTH="12" VPOS="1429" HPOS="324"/>
							<String ID="string_315" HPOS="336" VPOS="1436" WIDTH="36" HEIGHT="15" WC="0.96" CONTENT="oss"/><SP WIDTH="11" VPOS="1436" HPOS="372"/>
							<String ID="string_316" HPOS="383" VPOS="1436" WIDTH="59" HEIGHT="16" WC="0.93" CONTENT="mera"/><SP WIDTH="11" VPOS="1436" HPOS="442"/>
							<String ID="string_317" HPOS="453" VPOS="1430" WIDTH="74" HEIGHT="22" WC="0.93" CONTENT="talrikt"/><SP WIDTH="10" VPOS="1430" HPOS="527"/>
							<String ID="string_318" HPOS="537" VPOS="1432" WIDTH="26" HEIGHT="20" WC="0.93" CONTENT="än"/><SP WIDTH="12" VPOS="1432" HPOS="563"/>
							<String ID="string_319" HPOS="575" VPOS="1430" WIDTH="149" HEIGHT="26" WC="0.92" CONTENT="annorstädes,"/><SP WIDTH="10" VPOS="1430" HPOS="724"/>
							<String ID="string_320" HPOS="734" VPOS="1429" WIDTH="41" HEIGHT="22" WC="0.96" CONTENT="och"/><SP WIDTH="11" VPOS="1429" HPOS="775"/>
							<String ID="string_321" HPOS="786" VPOS="1435" WIDTH="26" HEIGHT="15" WC="0.93" CONTENT="en"/><SP WIDTH="8" VPOS="1435" HPOS="812"/>
							<String ID="string_322" HPOS="820" VPOS="1427" WIDTH="130" HEIGHT="29" WC="0.93" CONTENT="jemförelse,"/>
						</TextLine>
					</TextBlock>
					<TextBlock ID="block_7" HPOS="258" VPOS="1468" WIDTH="504" HEIGHT="20">
						<TextLine ID="line_39" HPOS="258" VPOS="1468" WIDTH="504" HEIGHT="20">
							<String ID="string_323" HPOS="258" VPOS="1468" WIDTH="106" HEIGHT="18" WC="0.93" CONTENT="Allmänna"/><SP WIDTH="13" VPOS="1468" HPOS="364"/>
							<String ID="string_324" HPOS="377" VPOS="1470" WIDTH="176" HEIGHT="18" WC="0.90" CONTENT="Besvärsutskottets"/><SP WIDTH="12" VPOS="1470" HPOS="553"/>
							<String ID="string_325" HPOS="565" VPOS="1469" WIDTH="117" HEIGHT="19" WC="0.91" CONTENT="betänkande"/><SP WIDTH="12" VPOS="1469" HPOS="682"/>
							<String ID="string_326" HPOS="694" VPOS="1469" WIDTH="38" HEIGHT="18" WC="0.96" CONTENT="N:o"/><SP WIDTH="12" VPOS="1469" HPOS="732"/>
							<String ID="string_327" HPOS="744" VPOS="1470" WIDTH="18" HEIGHT="17" WC="0.96" CONTENT="2."/>
						</TextLine>
					</TextBlock>
				</ComposedBlock>
			</PrintSpace>
		</Page>
	</Layout>
</alto>
