1014 1678
189 105 22 18 18
385 104 243 18 Petitionsbetänkande
639 104 37 18 N:o
689 104 28 18 17.

166 162 40 21 den
227 162 166 28 omständighet,
413 164 32 20 att
460 162 132 21 inrättandet
608 162 24 21 af
645 162 69 20 finska
728 161 196 21 fruntimmerssko-

165 196 33 22 lor
213 196 70 28 gjorts
298 197 108 21 beroende
420 196 24 22 af
458 196 36 22 det
509 196 76 22 väckta
600 196 104 28 förslaget
719 203 35 14 om
772 202 26 15 en
809 195 116 27 omdaning

166 231 24 21 af
202 231 86 22 landets
303 231 255 27 undervisningsväsende
572 231 8 21 i
596 230 48 22 dess
659 230 79 22 helhet.

235 265 47 21 Den
301 265 33 21 för
354 265 122 27 afgifvande
491 265 21 21 at
528 265 135 21 betänkande
679 264 40 22 och
735 264 81 28 förslag
832 264 93 22 rörande

165 298 188 29 läroverksfrågan
369 300 41 20 den
426 301 12 19 2
454 298 43 29 Maj
516 300 54 20 1879
586 299 91 21 tillsatta
691 299 79 21 komité
781 298 100 28 föreslog,
893 300 32 20 att

167 332 26 22 då
213 334 25 20 af
257 334 138 21 ekonomiska
410 334 47 20 skäl
472 333 135 28 fullklassiga
622 333 220 21 fruntimmersskolor
858 333 18 27 ej
894 332 30 21 öf-

166 367 77 22 verallt
258 368 73 21 kunna
346 368 97 25 inrättas,
455 367 25 22 de
491 367 139 28 fyrklassigas
641 367 51 21 kurs
703 366 13 22 å
726 367 69 27 tredje
806 367 40 21 och
856 367 69 28 fjerde

167 401 86 22 klassen
273 402 68 21 skulle
360 403 64 26 göras
443 401 89 28 tvåårig,
548 402 119 27 hvarjemte
682 402 95 21 komitén
792 409 38 14 var
846 401 24 22 af
884 401 41 22 den

167 436 56 28 åsigt
243 438 32 19 att
294 435 81 23 sådana
393 436 128 28 fyrklassiga
536 436 153 21 läroanstalter
704 436 48 21 med
768 435 64 22 finskt
847 435 78 22 under-

167 469 161 29 visningsspråk
347 471 67 21 borde
429 471 23 21 af
466 473 70 19 staten
550 471 92 21 inrättas
657 471 7 20 i
679 470 117 28 Jyväskylä
811 470 40 21 och
866 470 59 21 Kuo-

166 505 43 28 pio.
242 505 140 22 Beträffande
404 505 60 22 förra
482 505 61 21 delen
562 505 24 21 af
607 505 104 28 förslaget
728 504 127 22 förordades
875 504 50 21 den-

167 535 84 26 samma
269 539 71 22 såsom
359 547 26 14 en
400 539 128 28 öfvergångs
544 539 78 28 åtgärd
637 539 33 22 till
690 539 123 21 inrättande
828 538 24 22 af
865 538 60 21 frun-

167 574 169 21 timmersskolor
351 574 49 21 med
416 574 41 21 fem
473 574 82 21 klasser
570 574 24 21 af
608 569 170 32 Öfverstyrelsen
793 573 33 21 för
842 573 83 21 skolvä-

167 609 81 25 sendet,
268 616 46 14 som
333 609 107 25 framhöll,
460 611 31 19 att
507 609 26 20 de
548 609 31 20 uti
594 616 30 13 nu
640 608 100 27 gällande
755 607 99 28 läroplan
870 607 56 22 före-

167 643 83 22 skrifna
268 643 104 22 kurserna
391 650 51 15 voro
458 643 33 21 för
506 642 65 29 långa
586 643 34 21 för
636 645 33 19 att
684 644 52 19 utan
752 642 173 27 öfveransträng-

166 678 51 27 ning
236 677 74 21 kunna
328 676 29 28 på
375 678 47 27 fyra
438 676 25 22 år
478 677 133 21 medhinnas.
642 676 62 22 Hvad
720 675 46 23 åter
781 676 85 22 vidkom
882 676 43 21 för-

166 712 69 27 slaget
252 719 34 14 om
302 714 32 19 att
352 712 25 20 de
393 718 41 21 nya
450 711 100 21 skolorna
566 711 68 21 skulle
646 710 109 28 förläggas
767 710 31 21 till
810 710 117 28 Jyväskylä

167 745 40 22 och
226 746 92 27 Kuopio,
334 746 90 21 anförde
440 741 175 32 Öfverstyrelsen,
631 747 33 20 att
679 744 28 22 då
722 745 66 21 sedan
804 745 75 27 längre
894 745 32 20 tid

166 779 92 22 tillbaka
273 787 26 14 en
314 780 71 27 privat
400 780 207 21 fruntimmersskola
617 779 49 22 med
676 779 65 22 finskt
749 779 176 33 undervisnings-

166 813 65 28 språk
247 813 81 22 bestått
342 815 7 20 i
364 814 122 28 Jyväskylä,
502 815 66 20 borde
584 814 70 22 denna
668 813 66 28 enligt
745 809 181 32 Öfverstyrelsens

166 849 87 27 mening
273 849 23 21 af
310 851 69 19 staten
395 849 127 28 öfvertagas,
538 849 52 21 eller
606 856 26 14 en
646 849 76 27 publik
737 848 61 22 skola
814 848 111 21 derstädes

165 883 100 26 inrättas,
281 883 111 22 hvaremot
408 883 39 22 den
464 883 84 28 nyligen
563 884 7 20 i
586 883 86 28 Kuopio
686 883 109 21 inrättade
808 881 117 28 finsksprå-

165 917 50 28 kiga
239 917 223 22 fruntimmersskolan
484 918 76 25 kunde,
580 918 88 21 försedd
687 917 49 22 med
754 924 27 14 en
799 917 126 28 rundligare

165 952 134 25 subvention,
318 953 58 20 ännu
395 951 71 28 någon
486 952 30 21 tid
532 952 91 21 fortfara
638 954 32 19 att
686 952 65 21 verka
767 951 70 23 såsom
852 952 71 27 privat

165 986 88 26 anstalt,
272 986 33 21 till
324 986 47 21 dess
391 986 36 21 det
445 987 55 20 visat
514 986 40 28 sig,
570 986 105 21 huruvida
691 986 125 22 densamma
830 987 43 20 kan
888 986 37 22 be-

164 1020 69 21 finnas
257 1020 34 21 för
313 1022 61 19 orten
396 1020 99 28 behöflig.
528 1020 11 21 I
558 1020 222 22 öfverensstämmelse
797 1020 49 22 med
866 1020 59 22 detta

164 1053 113 23 utlåtande
295 1054 94 28 föreslog
408 1055 58 27 Kejs.
486 1054 91 22 Senaten
597 1055 31 21 uti
646 1054 135 28 underdånig
795 1054 129 22 hemställan

164 1088 24 22 af
201 1088 42 22 den
260 1090 12 19 5
288 1088 43 28 Maj
349 1090 53 20 1881
419 1089 133 21 inrättandet
566 1089 24 21 af
604 1089 76 21 endast
691 1096 26 14 en
727 1096 29 20 ny
766 1088 158 22 fruntimmers-

164 1122 61 22 skola
245 1123 40 21 och
308 1122 61 22 äfven
388 1123 70 21 denna
477 1123 76 22 endast
571 1123 121 28 fyrklassig,
712 1124 68 20 eburu
799 1123 125 28 visserligen

163 1157 49 21 med
228 1156 84 29 tvåårig
327 1158 52 20 kurs
394 1156 13 22 å
422 1158 69 27 tredje
507 1158 40 21 och
562 1158 68 27 fjerde
645 1158 93 26 klassen,
752 1164 49 14 men
812 1156 68 29 ansåg
890 1157 35 21 för

164 1192 32 20 sin
212 1191 42 26 del,
271 1194 32 18 att
319 1192 124 21 densamma
458 1192 70 21 kunde
542 1192 99 27 placeras
656 1192 7 20 i
678 1192 92 27 Kuopio.
797 1192 126 21 Emellertid

163 1225 61 27 afgaf
246 1225 61 22 Hans
326 1226 112 21 Excellens
458 1226 226 28 Generalguvernören
704 1228 30 19 ett
752 1225 48 22 från
819 1226 105 22 Senatens

163 1260 130 21 hemställan
312 1260 114 21 afvikande
443 1260 82 28 förslag
544 1260 31 21 uti
594 1262 78 20 ämnet.
703 1259 172 27 Framhällande,
891 1262 33 19 att

163 1294 124 21 Ständerna
305 1293 91 22 anhållit
415 1302 35 14 om
467 1295 121 21 inrättande
604 1295 24 21 af
641 1302 26 14 en
683 1294 127 28 fullständig
825 1294 98 21 fruntim-

162 1328 121 21 mersskola
301 1328 32 21 uti
350 1328 107 21 hvardera
475 1329 24 20 af
516 1329 101 21 städerna
635 1329 87 27 Kuopio
741 1329 41 21 och
800 1328 123 28 Jyväskylä,

163 1362 40 20 och
226 1362 116 21 erinrande
364 1362 80 26 derom,
463 1364 32 20 att
514 1362 62 22 dessa
594 1362 36 22 två
648 1362 74 22 städer
736 1363 79 27 utgöra
830 1362 94 21 central-

162 1396 123 26 punkterna
304 1396 34 21 för
356 1396 40 21 den
412 1396 68 22 finska
495 1396 158 28 befolkningen,
670 1396 68 28 ansåg
754 1396 167 27 Generalguver-

232 1436 96 18 Allmänna
340 1437 160 17 Besvärsutskottets
511 1438 104 16 betänkande
627 1437 35 17 N:o
676 1437 28 17 14.
