1025 1678
311 114 242 24 Petitionsbetänkande
569 115 37 23 N:o
623 115 20 23 8.
814 114 13 22 3

94 174 125 26 exempelvis
235 174 24 21 år
276 174 53 21 1875
346 173 55 21 varit
417 173 112 21 nödsakad
545 175 31 19 att
591 173 7 21 i
613 173 40 21 och
663 172 33 22 för
706 171 150 23 läkarekallets

93 208 114 21 utöfvande
229 208 71 21 färdas
323 208 157 27 sammanlagdt
500 209 43 20 450
559 208 43 26 mil,
617 208 83 21 hvilkas
716 206 141 28 tillryggaläg-

93 243 75 26 gande,
185 242 6 22 i
207 243 104 21 anseende
326 242 33 22 till
375 244 63 20 svåra
453 242 216 27 kommunikationer,
691 242 105 22 erfordrat
810 240 47 22 icke

93 277 82 21 mindre
191 280 26 18 än
234 277 61 21 nittio
311 277 125 27 resedagar;
454 277 39 21 och
510 277 54 21 dock
580 277 55 21 hade
650 277 43 21 han
708 276 46 22 icke
765 282 26 15 en
802 275 55 21 enda

92 312 56 26 gång
163 312 67 21 under
246 311 47 21 hela
309 312 46 21 året
371 312 83 20 kunnat
469 312 110 21 utsträcka
595 311 45 21 sina
655 317 61 15 resor
730 310 33 22 till
778 309 79 22 Kuola-

90 345 54 26 järvi
160 345 128 27 församling.
315 345 73 22 Skulle
404 346 71 21 såsom
491 345 229 28 kommunalstyrelsen
734 345 4 20 i
748 345 108 20 Kuusamo

93 379 114 27 föreslagit,
231 381 31 20 ett
284 381 47 26 nytt
354 380 86 21 distrikt
463 380 70 21 bildas
556 379 21 22 af
599 380 109 21 Kuusamo
724 379 77 21 socken
817 377 39 22 och

92 413 103 28 Jokijärvi
218 414 77 27 kapell,
318 414 72 21 hvilka
406 414 54 21 höra
476 414 32 21 till
524 414 118 27 Uleåborgs
658 413 92 27 distrikt,
766 414 55 20 samt
836 411 23 22 af

93 449 143 26 nyssnämnda
251 449 130 26 Kuolajärvi,
398 449 32 20 till
448 449 84 21 Torneå
550 449 84 21 distrikt
644 448 95 21 hörande
749 447 107 25 kommun,

93 483 23 20 så
131 482 74 27 blefve,
223 483 26 21 då
265 483 108 21 Kuusamo
394 483 81 21 räknar
491 483 84 28 vidpass
591 484 88 26 7,963,s3
690 484 16 25 1)
723 482 39 22 och
777 481 80 22 Kuola-

90 516 55 27 järvi
161 518 65 25 något
242 517 57 21 öfver
315 518 89 26 9.411,50
421 518 156 26 gvadratverst,
593 517 59 22 detta
667 524 42 21 nya
725 516 85 22 distrikt
824 515 33 21 tlli

92 551 38 20 sitt
144 551 117 27 ytinnehäll
277 553 103 25 17,375,:s
396 552 151 27 gvadratverst
562 551 84 22 förutan
661 551 104 27 Jokijärvi
778 549 77 28 kapell,

92 591 35 15 om
138 585 63 21 hvars
217 586 70 21 areala
298 587 148 26 utsträckning
457 586 113 22 bestämda
581 585 105 28 uppgifter
697 586 83 26 saknas,
790 585 66 27 jemte

93 619 35 21 det
144 620 172 27 utsträckningen
332 621 23 20 af
363 621 85 21 Torneå
461 621 86 21 distrikt
557 620 140 22 reducerades
708 619 32 22 till
751 620 103 26 21,299,68

92 654 147 26 gvadratverst
254 655 40 21 och
309 655 140 27 ytinnehället
465 655 22 21 af
500 655 119 26 Uleåborgs
634 654 86 21 distrikt
736 654 53 21 dock
804 653 53 21 min-

92 688 76 21 skades
184 689 48 21 med
248 688 57 22 öfver
322 690 77 26 10,000
415 690 155 26 gvadratverst.

161 722 60 21 Efter
244 725 31 18 att
298 723 62 21 hafva
380 724 83 27 antydt,
480 725 33 19 att
528 724 65 21 redan
609 722 138 22 merberörda
762 722 93 21 trakters

92 755 130 28 aflägsenhet
241 757 46 21 frän
305 757 161 22 vederbörande
488 757 200 28 provincialläkares
707 757 149 22 stationsorter

92 790 70 21 kunde
181 793 76 24 utgöra
276 791 45 22 skäl
341 798 43 20 nog
398 791 34 22 för
448 792 148 27 önskligheten
616 791 21 22 af
651 793 31 20 ett
698 793 46 26 nytt
760 790 95 22 distrikts

91 824 127 27 inrättande,
235 825 111 22 fortsätter
365 826 229 27 medicinalstyrelsen:
626 843 10 8 ,
639 825 50 22 Men
706 825 70 22 dertill
791 825 64 21 sällar

91 859 32 26 sig
138 866 88 15 numera
241 859 61 22 äfven
318 862 31 19 ett
364 862 67 19 annat
446 860 95 22 indirekt
556 861 80 21 sådant.
664 860 70 21 Sedan
749 859 106 27 nemligen

91 893 204 27 provincialläkaren
310 894 7 21 i
332 895 164 26 Lappmarkens
518 895 85 21 distrikt
623 895 40 20 den
681 895 25 20 15
722 893 61 28 April
800 894 54 21 1877

91 927 73 28 aflidit,
187 929 39 21 har
249 929 68 21 denna
336 929 72 27 tjenst,
428 929 70 22 ehuru
512 929 107 27 kungjord
633 929 32 20 till
681 929 96 21 ansökan
791 928 63 26 ledig,

91 962 46 21 icke
152 963 83 21 kunnat
249 963 8 21 i
272 963 53 22 brist
340 964 28 27 på
383 963 97 22 sökande
496 963 101 22 besättas.
625 963 44 22 Och
685 970 46 15 som
747 963 107 21 dessutom

91 996 32 21 till
138 997 103 26 tjenstens
264 997 136 22 bestridande
424 998 77 21 endast
521 998 239 26 medicinekandidater,
783 997 71 21 hvilka

91 1030 17 27 ej
126 1033 36 19 äro
179 1031 100 27 behöriga
295 1034 31 19 att
341 1032 117 22 verkställa
474 1032 151 27 medicolegala
640 1032 158 26 förrättningar,
809 1031 45 21 fun-

91 1065 41 21 nits
149 1066 123 26 disponible,
288 1066 39 22 har
344 1067 35 21 det
395 1067 55 21 varit
467 1073 26 15 en
510 1066 156 28 nödvändighet
683 1069 32 19 att
731 1066 65 22 anlita
807 1072 48 21 pro-

91 1099 164 23 vincialläkaren
270 1100 7 21 i
293 1101 82 21 Torneä
391 1101 33 21 för
444 1101 113 21 utförande
573 1101 22 21 af
608 1101 41 21 alla
665 1101 53 21 slika
733 1100 122 22 förrättnin-

90 1140 39 20 gar
144 1134 61 22 äfven
220 1135 56 21 inom
292 1135 162 27 Lappmarkens
471 1136 92 21 distrikt.
587 1136 101 21 Deremot
703 1135 70 21 kunde
784 1141 26 15 en
821 1134 33 22 del

91 1168 23 21 af
131 1168 107 22 desamma
260 1170 121 26 uppdragas
401 1170 208 26 provincialläkaren
624 1170 7 21 i
646 1170 115 25 Kuusamo,
778 1176 34 14 om
828 1175 26 15 en

91 1203 66 21 sädan
174 1204 37 20 der
227 1204 116 26 anstäldes;
360 1204 40 21 och
416 1204 92 22 sälunda
524 1204 68 22 skulle
608 1204 164 27 olägenheterna
783 1203 22 22 af
814 1204 40 20 den

94 1244 28 14 nu
138 1237 117 22 bestäende
270 1238 146 27 anordningen
432 1238 131 22 ätminstone
579 1238 63 22 blifva
652 1239 66 26 nägot
728 1238 88 26 mindre,
828 1238 27 26 pä

91 1278 81 14 samma
187 1273 56 25 gäng
258 1272 110 27 möjlighet
383 1274 33 19 att
432 1272 83 22 erhälla
526 1272 129 28 läkarehjelp
665 1273 93 27 yppades
769 1272 33 21 för
812 1272 44 21 vid-

91 1306 95 21 sträckta
201 1306 106 27 områden,
323 1306 72 22 hvilka
411 1307 34 21 väl
462 1313 29 15 nu
506 1308 68 20 måste
592 1307 108 21 betraktas
716 1308 70 20 såsom
802 1306 54 22 deri-

90 1340 47 20 från
152 1340 127 21 uteslutne*.

162 1420 13 21 ')
188 1419 67 23 Enligt
266 1419 78 23 uppgitt
356 1420 6 16 i
375 1420 103 17 Statistisk
497 1414 77 23 Årsbok
593 1420 30 17 för
639 1420 82 17 Finland
735 1420 44 17 1881
798 1420 58 22 utgör

90 1447 101 17 Kuusamo
203 1448 82 17 sockens
298 1448 52 17 areal
362 1448 65 23 9,199,7
441 1448 142 23 qvadratverst.

160 1487 105 18 Allmänna
277 1488 180 18 Besvärsutskottets
470 1489 119 17 betänkande
601 1489 37 17 N:o
651 1489 17 17 8.
