1020 1678
192 116 22 16 10
391 116 240 21 Petitionsbetänkande
643 118 38 19 N:o
692 118 33 19 26.

437 439 205 25 Reservationer.

232 513 76 21 Ehuru
323 513 20 21 vi
359 513 33 21 till
408 513 54 22 fullo
478 513 94 22 erkänna
586 514 27 21 de
623 513 141 28 svårigheter,
775 513 112 22 stiftandet
897 513 23 22 af

160 553 28 16 en
212 547 143 28 dissenterlag
379 548 6 21 i
406 547 48 22 vårt
472 548 50 21 land
541 547 100 28 erbjuder
659 547 49 22 med
726 547 102 22 afseende
846 547 13 22 å
877 547 42 22 den

164 581 110 28 ställning,
300 587 45 16 som
375 583 41 20 den
444 582 201 27 grekisk-ortodoxa
674 581 82 28 kyrkan
786 582 33 21 till
849 582 69 21 denna

162 615 62 28 fråga
239 616 90 27 intager,
345 617 72 21 kunna
431 617 20 21 vi
467 617 55 21 dock
536 617 47 21 icke
598 623 51 15 anse
665 617 70 21 denna
750 617 54 21 eller
817 616 70 27 öfriga
896 617 24 21 af

160 650 164 27 Lagutskottets
345 651 111 27 pluralitet
474 651 90 21 anförda
582 651 184 27 omständigheter
783 652 77 25 utgöra
877 651 40 26 gil-

160 684 45 27 tiga
224 684 48 22 skäl
291 686 32 20 att
341 685 39 21 hos
399 685 84 21 landets
502 684 92 22 Ständer
612 684 109 28 tillstyrka
738 684 179 28 petitionsförsla-

160 724 53 21 gens
236 719 122 27 afböjande.
388 720 33 20 En
442 720 77 26 åtgärd
537 720 7 20 i
563 719 59 22 detta
640 719 56 27 syfte
715 725 63 21 synes
796 724 35 16 oss
850 719 66 21 redan

162 752 86 22 derföre
264 753 47 22 icke
325 753 72 22 kunna
410 753 115 27 försvaras,
536 754 32 20 att
578 753 40 22 den
629 753 110 26 innebure,
750 753 37 21 det
796 752 121 23 Ständerna

157 787 35 21 för
212 787 33 21 sin
266 787 34 22 del
316 787 70 22 skulle
402 793 51 16 anse
469 788 41 21 den
525 787 69 22 finska
609 789 70 20 staten
694 793 52 15 vara
760 786 93 28 fritagen
868 787 48 22 från

156 821 28 21 de
204 821 102 27 formliga
324 821 152 28 förpligtelser,
493 821 42 22 han
550 821 110 22 allaredan
675 821 69 21 iklädt
758 821 34 26 sig
806 823 110 25 gentemot

158 855 27 22 de
204 855 70 22 finske
291 856 147 27 medborgare,
458 856 73 21 hvilka
545 855 90 22 omfatta
649 862 27 15 en
692 861 70 16 annan
777 857 27 19 än
823 855 41 22 den
883 855 32 22 lu-

156 889 90 22 therska
260 890 93 27 kyrkans
368 890 182 22 trosbekännelse.
575 890 33 21 En
623 890 67 22 sådan
701 889 134 28 förpligtelse
845 890 69 27 ligger

160 923 109 28 nemligen
284 925 7 20 i
305 925 14 20 6
334 924 12 28 $
361 924 24 22 af
398 925 100 26 gällande
512 924 111 28 kyrkolag,
634 930 46 16 som
692 923 120 28 medgifver
821 924 92 22 medlem

160 957 24 22 af
200 958 246 27 evangelisk-lutherska
464 959 88 27 kyrkan,
568 959 85 22 hvilken
672 958 24 22 af
713 959 38 21 sitt
765 959 95 21 samvete
874 958 39 22 fin-

158 998 40 15 ner
213 992 33 27 sig
262 993 77 21 manad
353 995 33 19 att
401 993 89 21 omfatta
505 994 32 20 ett
551 995 65 19 annat
629 992 181 28 kyrkosamfunds
820 993 93 21 troslära

154 1026 39 22 och
212 1026 136 22 framhärdar
365 1027 8 21 i
391 1027 33 21 sin
442 1027 149 27 öfvertygelse,
610 1026 105 28 rättighet
729 1028 32 20 att
776 1026 88 28 öfvergå
878 1027 34 21 till

154 1060 69 28 dylikt
232 1061 99 21 samfund
339 1063 52 20 utan
399 1063 32 20 att
438 1062 96 21 förklara
540 1062 78 21 honom
627 1062 124 26 derigenom
758 1060 65 22 hafva
830 1060 81 23 förver-

153 1094 39 22 kat
205 1094 72 28 någon
293 1095 32 21 sin
340 1096 103 26 rättighet
454 1096 71 21 såsom
536 1095 55 22 finsk
601 1096 148 26 medborgare.
773 1094 45 22 Och
829 1101 82 16 samma

152 1128 137 28 förpligtelse
311 1131 32 20 att
362 1130 67 21 ordna
447 1130 73 28 dylika
538 1130 123 22 dissenters'
680 1129 100 28 kyrkliga
795 1129 40 22 och
850 1130 63 21 deraf

152 1162 110 23 beroende
277 1164 172 28 medborgerliga
463 1164 102 28 ställning
579 1164 90 22 innebär
685 1165 28 20 14
728 1164 12 27 8
754 1164 8 21 i
776 1164 134 27 Landtdags-

154 1197 120 27 ordningen
289 1198 41 22 den
346 1198 27 22 15
388 1198 61 27 April
465 1198 61 27 1869,
542 1204 52 21 som,
611 1198 27 22 då
653 1198 42 22 den
709 1198 142 22 tillerkänner
861 1198 48 22 dem

151 1231 115 23 valbarhet
284 1232 33 21 till
336 1232 249 27 folkrepresentationen,
600 1232 111 28 sjelffallet
728 1232 127 22 förutsätter
873 1232 36 22 de-

149 1271 36 15 ras
208 1266 137 28 fullkomliga
366 1266 141 28 likställighet
528 1268 8 20 i
557 1267 128 27 rättigheter
704 1266 39 22 och
762 1266 147 28 skyldigheter

150 1299 49 22 med
215 1300 70 27 öfrige
299 1300 140 22 medlemmar
454 1301 23 21 af
490 1302 37 21 det
541 1301 68 22 finska
624 1300 121 23 samhället.

220 1333 127 27 Uppenbart
365 1336 26 20 är
409 1335 91 26 således,
518 1337 32 20 att
567 1335 162 27 lagstiftningen
744 1335 8 21 i
766 1335 141 22 förevarande

150 1368 63 21 ämne
228 1367 49 22 icke
295 1368 43 22 kan
357 1370 76 20 stanna
451 1369 28 27 på
497 1370 41 22 den
556 1370 73 27 punkt,
645 1369 42 22 den
706 1375 29 15 nu
753 1368 96 23 befinner
867 1368 38 28 sig.

146 1400 38 22 Ett
204 1403 49 25 steg
272 1402 68 22 måste
358 1404 63 26 tagas
435 1404 101 27 antingen
550 1404 55 22 fram
620 1404 55 22 eller
690 1403 97 22 tillbaka.
818 1402 46 23 Och
879 1403 28 22 då

215 1441 126 22 Lagutskottets
352 1443 104 18 betänkande
468 1444 34 17 N:o
516 1444 28 17 10.
