1142 1803
391 188 29 22 U.
436 188 28 21 B.
480 200 28 2 —
523 187 74 28 Prop.
613 187 45 23 N:o
674 188 22 21 8.
875 190 11 19 5

607 251 10 25 8
637 257 18 13 I

431 308 85 20 Lärare
537 308 38 20 och
598 307 127 21 lärarinnor
742 308 40 20 vid
794 308 122 20 elementar-

364 342 131 23 läroverken,
524 341 125 21 läroverken
669 342 44 26 för
740 342 179 26 kvinnodildning

363 377 58 18 samt
429 375 180 27 folkskollärare-
625 375 37 20 och
671 375 244 21 lärarinneseminarier-

363 417 28 12 na
412 410 38 19 äro
469 409 96 27 pligtiga
580 412 33 17 att
628 410 56 26 efter
697 409 106 27 uppnådd
816 410 99 20 sextiotre

364 443 37 20 års
424 443 64 20 ålder
510 451 27 12 ur
558 443 89 27 tjensten
663 443 56 27 afgå
735 443 39 20 vid
782 443 133 28 påföljande

363 477 83 20 läseårs
462 477 76 27 början
554 481 57 16 samt
621 477 90 25 erhålla,
724 480 54 17 emot
786 478 129 27 åtnjutande

363 512 29 26 af
404 511 127 26 anständigt
546 511 37 20 och
595 512 57 26 efter
657 511 133 28 tjenstetiden
799 512 117 27 afpassadt

364 545 202 27 lifstidsunderhåll,
584 546 33 26 på
639 547 46 18 sätt
698 545 105 21 särskildt
818 546 95 26 stadgas,

364 582 52 18 utan
432 579 122 27 ansökning
566 580 83 26 afsked,
667 580 95 20 räknadt
770 580 59 26 från
844 580 71 26 sagda

362 614 42 24 tid;
428 613 53 21 dock
502 614 50 24 kan,
568 614 74 20 därest
656 614 85 20 lärares
757 614 52 20 eller
823 614 92 20 lärarin-

364 655 39 13 nas
417 648 145 20 kvarstående
576 648 9 20 i
601 648 88 27 tjensten
705 648 92 27 befinnes
805 649 45 26 för
859 649 56 19 läro-

366 682 71 20 verket
448 682 121 26 gagneligt,
585 682 103 26 rättighet
703 682 81 24 därtill,
796 683 33 25 pä
840 676 75 33 Öfver-

364 716 112 26 styrelsens
485 717 45 26 för
542 716 149 20 skolväsendet
699 717 175 26 framställning,
890 717 30 26 af

368 749 102 21 Senatens
485 750 262 26 Ekonomiedepartement
762 750 101 27 erbjudas
873 751 44 26 för

366 791 24 13 en
406 784 33 21 tid
452 785 30 26 af
493 785 39 19 två
548 785 28 19 år
590 784 8 20 i
611 784 80 20 sender.

608 869 15 27 $
637 877 19 13 2.

434 927 79 20 Denna
530 926 132 27 förordning
680 927 128 26 förändrar
821 927 44 20 icke
880 933 35 13 nu-

366 961 97 20 varande
482 961 84 20 lärares
591 961 38 20 och
653 961 136 20 lärarinnors
815 961 45 20 vätt
883 963 34 18 att

366 995 90 20 kvarstå
478 995 9 20 i
506 995 71 20 sådan
593 995 70 27 tjenst,
679 995 72 20 hvarå
766 995 25 20 de
805 995 111 27 härförin-

365 1037 43 12 nan
424 1029 87 20 erhållit
525 1029 108 24 fullmakt.

230 1177 174 20 Vidkommande
427 1177 37 20 det
486 1177 121 20 Ständerna
629 1177 31 20 till
682 1177 131 27 upplysning
829 1177 88 20 medde-

160 1211 49 20 lade
230 1211 103 26 förslaget
355 1211 30 20 till
400 1211 136 27 kungörelse,
553 1211 72 20 afsedt
640 1215 32 17 att
687 1211 105 27 påbjudas
807 1211 31 21 till
854 1211 63 20 efter-

160 1245 88 20 rättelse
272 1246 6 19 i
300 1245 102 20 händelse
425 1245 132 26 föregående
578 1245 81 27 förslag
674 1245 77 20 varder
766 1245 40 27 lag,
823 1245 38 20 har
877 1245 40 20 Ut-

160 1279 94 20 skottets
276 1279 68 20 flertal
365 1279 66 20 funnit
454 1279 28 20 de
498 1279 191 27 pensionsbelopp,
706 1279 72 21 hvilka
794 1279 66 27 enligt
875 1278 42 21 för-

161 1313 69 26 slaget
245 1313 86 20 komme
347 1317 32 17 att
394 1313 80 20 tillfalla
491 1313 28 20 de
534 1315 6 18 i
555 1313 51 26 följd
621 1313 25 20 af
658 1313 104 27 uppnådd
782 1313 135 27 åldersgräns

161 1347 107 26 afgående
284 1347 96 20 lärarene
396 1347 41 20 och
452 1347 151 25 lärarinnorna,
619 1347 72 21 bättre
699 1347 28 20 än
735 1347 123 20 nuvarande
865 1353 52 20 pen-

161 1383 71 18 sioner
248 1385 108 16 motsvara
372 1381 122 27 begreppet
512 1381 136 28 ,anständigt
664 1381 129 25 underhåll",
811 1381 42 20 och
873 1381 44 20 sär-

161 1415 65 21 skildt
242 1415 42 20 den
298 1417 6 18 i
323 1421 7 14 I
349 1415 11 27 &
376 1419 112 23 upptagna
504 1415 151 27 bestämingen
670 1419 31 17 att
717 1415 64 20 dessa
797 1415 68 20 lärare
876 1415 42 20 och

161 1448 122 25 lärarinnor,
300 1456 36 13 om
358 1449 28 21 de
409 1449 47 21 icke
479 1450 29 26 på
530 1449 69 27 grund
621 1449 26 20 af
662 1449 102 25 tjensteår
779 1449 70 21 kunna
864 1449 53 27 göra

162 1482 93 28 anspråk
270 1483 29 27 på
314 1482 37 21 full
365 1484 97 26 pension,
480 1483 60 20 skola
559 1490 50 13 vara
625 1482 99 22 likstälda
740 1483 51 20 med
805 1483 69 21 lärare
889 1482 29 21 el-

231 1521 130 23 Lagutskottets
373 1522 60 17 andra
445 1521 111 18 betänkande
568 1523 36 16 N:o
617 1522 18 17 2.
