1142 1803
257 212 29 20 10
454 212 30 22 U.
500 212 28 23 B.
543 226 28 2 —
586 213 77 29 Prop.
678 213 47 23 N:o
741 214 22 22 8.

227 274 37 22 fall
280 274 137 28 lagförslaget
432 276 84 21 komme
532 278 32 20 att
579 276 83 22 förfalla
678 276 47 22 ville
740 277 7 21 i
762 277 169 27 underdånighet
942 277 43 22 för-

228 309 53 21 orda
296 309 41 22 den
353 309 7 21 i
375 310 65 26 utsigt
456 310 70 21 stälda
541 310 154 28 förbättringen
709 311 22 21 af
739 311 151 27 pensionernas
900 311 84 27 belopp.

296 376 71 25 Robert
382 377 130 30 Montgomery.
734 378 70 29 Ludvig
818 378 97 30 Clouberg.

297 445 11 21 I
324 445 134 22 förestående
474 447 130 21 reservation
619 447 70 21 såvidt
704 447 39 21 den
758 446 77 22 hänför
849 447 32 26 sig
896 447 32 22 till
944 447 39 22 den

228 478 126 27 ifrågasatta
369 479 155 28 förbättringen
545 480 22 22 af
581 481 140 21 skollärarnes
737 481 112 27 pensioner
863 481 74 22 förena
953 481 31 27 sig

297 553 21 24 R.
334 553 18 24 A.
368 553 70 25 Wrede,
693 555 68 24 Gustaf
773 555 140 29 Lavgenskiöld.

587 773 38 21 2.

298 835 33 20 Då
351 835 36 26 jag
410 835 17 26 ej
444 835 82 21 kunnat
540 835 83 21 ansluta
640 835 41 26 mig
696 834 31 21 till
743 834 150 27 lagutskottets
909 833 74 27 beslut,

227 870 34 19 att
283 869 39 21 hos
337 869 113 21 ständerna
466 869 94 27 afstyrka
576 869 129 26 antagandet
720 869 23 21 af
755 868 137 21 förevarande
908 868 76 27 nådiga

228 903 139 27 proposition,
391 909 35 16 ser
445 904 37 26 jag
497 903 42 26 mig
557 903 108 22 nödsakad
681 905 32 19 att
728 905 44 19 mot
787 903 66 26 sagda
869 902 69 21 beslut
953 903 31 20 in-

228 936 62 27 lägga
307 937 41 21 min
364 937 135 22 reservation.

298 971 32 21 De
353 971 53 27 skäl,
425 978 45 15 som
487 971 23 22 af
521 972 106 21 utskottet
643 971 82 21 anföras
741 972 70 21 såsom
826 971 49 21 stöd
889 970 32 21 för
937 971 47 21 dess

228 1004 78 27 beslut,
322 1011 62 21 synas
400 1006 43 26 mig
458 1006 30 27 på
497 1006 56 21 intet
568 1008 47 18 sätt
630 1005 111 22 bindande.
765 1005 41 21 Det
817 1007 24 19 är
849 1005 94 26 välsant,
953 1007 31 19 att

230 1038 133 26 lagstiftaren
386 1040 18 26 ej
430 1040 38 21 bör
490 1043 50 18 utan
556 1040 85 21 talande
656 1039 45 22 skäl
717 1039 75 27 frångå
809 1039 40 21 den
864 1039 6 20 i
886 1039 98 25 grundla-

228 1079 67 20 garna
313 1073 96 21 uttalade
425 1073 108 27 principen
550 1073 108 26 angående
673 1073 178 26 tjenstemännens
867 1072 116 27 oafsättlig-

228 1106 38 21 het
288 1109 52 19 utan
362 1106 128 28 föregången
511 1107 128 27 ransakning
661 1107 38 21 och
716 1107 56 21 dom.
802 1107 49 20 Men
868 1106 47 21 med
931 1106 53 21 afse-

228 1141 54 20 ende
298 1141 14 21 å
327 1141 40 21 den
382 1141 7 21 i
402 1141 40 21 den
455 1141 75 27 nådiga
539 1141 157 27 propositionen
704 1140 119 26 föreslagna
833 1140 151 26 lagstiftnings-

227 1175 105 26 åtgärden
354 1177 24 19 är
401 1175 34 22 väl
457 1178 32 19 att
512 1176 79 25 märka,
607 1177 32 20 att
657 1175 39 22 den
713 1181 80 16 samma
808 1174 7 21 i
829 1174 80 27 ganska
924 1174 61 27 ringa

228 1209 50 21 mån
293 1209 89 22 innebär
397 1216 25 15 en
438 1209 100 22 afvikelse
552 1209 46 22 från
614 1210 91 21 nämnda
720 1209 88 27 princip.
839 1208 72 27 Enligt
927 1208 36 21 det
977 1208 7 21 i

228 1243 160 26 propositionen
408 1244 103 27 ingående
526 1243 235 27 författningsförslaget
776 1243 84 20 komme
876 1249 25 14 en
917 1241 67 22 öfver-

227 1277 47 26 årig
290 1277 69 21 lärare
374 1277 52 22 eller
441 1278 106 21 lärarinna
562 1280 32 19 att
609 1277 103 27 aflägsnas
728 1277 45 21 från
789 1277 31 20 sin
836 1277 63 26 tjenst
909 1277 76 20 endast

228 1313 58 19 emot
310 1311 122 22 erhållande
453 1312 22 21 af
488 1319 25 14 en
529 1311 141 27 godtgörelse,
686 1318 45 15 som
746 1311 35 21 väl
793 1309 45 22 kan
853 1317 61 14 anses
929 1312 55 19 mot-

227 1351 63 16 svara
311 1346 75 21 värdet
409 1346 23 21 af
452 1347 36 20 det
506 1346 79 26 arbete,
601 1352 45 15 som
663 1345 22 22 af
698 1345 77 21 honom
792 1344 51 22 eller
857 1344 68 21 henne
941 1344 43 21 kan

227 1379 36 21 vid
279 1386 25 15 en
320 1379 74 27 längre
408 1380 140 21 framskriden
563 1379 60 22 ålder
638 1382 110 25 presteras.
778 1379 33 21 Då
822 1378 72 21 härtill
904 1378 79 27 lägges,

227 1415 33 19 att
276 1413 40 22 den
332 1413 120 28 föreslagna
466 1414 160 27 förordningens
643 1413 156 26 bestämningar
815 1413 17 26 ej
848 1413 84 20 komme
952 1413 32 20 att

226 1446 101 22 förändra
343 1448 120 21 nuvarande
479 1448 104 21 ordinarie
597 1448 81 21 lärares
694 1447 39 21 och
748 1446 130 22 lärarinnors
894 1447 43 20 rätt
953 1447 32 19 att

226 1482 87 25 qvarstå
335 1482 7 20 i
364 1482 32 21 sin
412 1482 70 27 tjenst,
498 1482 39 21 och
552 1484 32 19 att
598 1482 82 21 således
696 1482 17 26 ej
729 1482 70 25 någon
815 1480 65 22 redan
895 1479 90 22 förvärf-

226 1516 42 21 vad
291 1516 39 22 och
353 1523 75 19 genom
452 1516 103 27 grundlag
577 1516 95 28 skyddad
695 1518 42 19 rätt
759 1516 86 20 komme
861 1516 31 20 att
907 1520 77 21 genom

297 1555 131 23 Lagutskottets
441 1555 111 18 betänkande
564 1554 36 18 N:o
613 1555 17 17 2.
