1142 1803
386 195 27 21 U.
429 195 24 21 B.
471 207 24 3 —
512 194 63 28 Prop.
591 194 41 22 N:o
649 196 19 20 9.
807 193 73 24 XXXI

597 257 15 27 $
629 258 36 20 60.

430 296 42 22 Vid
486 296 38 28 af-
541 296 38 22 och
595 296 151 28 tillirädessyn
762 296 37 22 bör
811 296 95 22 domsto-

358 331 34 21 len
415 331 63 27 tillse,
502 332 33 20 att
554 330 97 22 kronans
666 332 59 20 samt
739 330 102 28 kyrkans,
854 338 53 20 pre-

356 365 129 27 sterskapets
501 365 39 20 och
554 364 172 28 församlingens
741 366 46 19 rätt
800 366 32 26 är,
848 365 10 20 i
868 372 39 14 en-

358 399 67 28 lighet
440 399 49 21 med
503 399 59 20 hvad
577 399 35 27 lag
627 398 147 28 foöreskrifver,
791 399 100 21 bevakad.

426 433 30 28 Ej
471 433 38 20 mä
524 433 164 27 förrättningen
698 433 130 27 uppehällas
838 433 69 27 deraf,

358 469 33 19 att
414 467 114 28 behörigen
550 467 75 21 kallad
641 467 102 28 sakegare
759 467 50 21 eller
820 467 89 28 publikt

358 501 81 22 ombud
453 501 118 27 uteblifvit.

602 564 15 26 $
634 564 31 20 61.

429 602 64 22 Sökes
508 603 39 21 hos
562 603 98 27 domstol,
675 602 88 22 såsom
777 603 10 20 i
801 603 30 27 $$
845 604 14 20 4
870 603 39 21 och

359 638 30 20 49
410 639 27 19 är
457 638 68 26 sagdt,
548 637 132 27 förändring
702 637 10 21 i
727 638 24 20 de
766 637 141 28 föreskrifter,

358 678 48 14 som
427 671 62 28 förut
510 672 118 20 meddelats
655 671 133 27 beträffande
810 672 25 20 de
858 672 51 27 laga

359 706 70 20 husen
443 706 14 20 å
473 706 94 26 boställe,
582 706 57 20 skall
654 706 37 20 vid
707 706 159 27 behandlingen
883 706 30 27 af

359 739 81 21 sådant
460 739 79 21 ärende
562 739 57 21 hvad
641 739 35 21 uti
693 739 178 28 nästföregäende
893 739 16 28 $

359 773 97 28 stadgats
470 773 10 21 i
497 773 135 28 tillämpliga
647 773 60 22 delar
720 773 67 22 lända
798 773 35 22 till
841 773 66 28 efter-

360 807 92 22 rättelse.

599 870 16 27 $
632 870 36 21 62.

428 909 227 29 Häradssynerättens
671 910 78 21 arvode
763 910 56 21 skall
832 909 77 28 gäldas

360 943 54 28 utaf
436 944 36 27 af-
498 944 39 21 och
563 944 130 27 tillträdare,
718 944 35 21 till
778 943 84 28 hälften
885 943 28 28 af

361 978 113 21 hvardera.

601 1036 13 26 $
631 1036 36 20 63.

429 1070 103 31 Ändring
546 1075 10 20 i
567 1076 110 26 synerätts
686 1075 73 27 utslag
767 1074 58 21 sökes
831 1081 79 20 genom

360 1108 44 21 vad
424 1108 10 21 i
456 1108 97 27 Hofrätt,
571 1109 33 27 pä
618 1110 45 19 sätt
677 1109 72 20 derom
764 1109 10 20 i
789 1108 121 21 allmänhet

360 1144 27 19 är
400 1143 108 27 stadgadt.

429 1176 83 21 Besvär
527 1177 60 27 öfver
605 1176 125 21 Guvernörs
745 1176 163 28 utslag
824 1172 9 36 i
845 1176 63 28 ären-

360 1211 31 26 de,
407 1217 47 15 som
469 1211 46 20 han
527 1211 32 27 pä
572 1211 74 27 grund
661 1211 28 27 af
695 1211 73 21 denna
778 1210 131 28 förordning

360 1245 104 27 slutligen
486 1245 87 28 afgjort,
594 1245 92 27 anföras
700 1245 10 20 i
724 1245 76 27 vanlig
815 1244 95 27 ordning

360 1279 39 21 hos
415 1279 107 21 Senatens
544 1273 124 39 Ekonomie-
681 1273 152 39 Departement.

555 1341 159 24 VIIKap.

418 1386 30 24 Om
463 1387 145 30 tillämpningen
623 1386 20 24 af
657 1386 58 24 denna
730 1385 115 30 förordning.

601 1445 15 25 $
633 1444 34 20 64.

429 1482 37 21 Dä
489 1482 170 28 tillämpningen
682 1482 28 28 af
721 1482 70 21 sädan
806 1482 104 27 faststäld

223 1523 44 20 Lag-
280 1523 26 15 och
319 1522 167 16 Ekonomiutskottets
499 1523 103 15 betänkande
614 1522 35 16 N:o
661 1527 16 15 4.
