1142 1803
270 197 28 19 38

438 195 83 23 Ständ.
538 195 38 23 Sv.
593 208 26 2 —
637 196 73 26 Prop.
726 196 42 22 N:o
784 196 21 21 9.

452 261 74 21 barhet
542 262 32 21 till
589 262 92 21 ledamot
695 262 53 26 deri,
763 261 102 28 rättighet
875 263 32 20 att
915 262 86 21 undan-

449 296 69 28 draga
540 296 34 28 sig
596 296 121 28 uppdraget
731 298 56 19 samt
801 296 102 22 ledamots
919 296 83 28 afgång

449 330 36 21 och
502 330 147 28 återväljande
663 330 56 28 gälle
733 331 56 21 hvad
803 331 113 27 angående
925 330 76 28 kyrko-

448 365 42 20 råd
505 367 26 19 är
545 365 107 28 stadgadt.

690 428 33 21 46
735 428 20 28 $.

517 468 205 22 Boställsnämnden
744 470 59 19 utser
825 469 58 21 inom
903 468 34 28 sig
953 469 47 20 ord-

447 503 93 27 förande
554 503 35 27 för
608 503 34 21 två
659 503 26 21 är
699 503 9 21 i
723 503 76 22 sender
815 503 35 21 och
867 503 36 22 bör
918 510 33 14 om
965 510 36 14 va-

448 537 38 21 lets
500 538 83 27 utgång
599 537 153 28 ofördröjligen
767 537 130 22 underrätta
908 537 92 22 boställs-

448 571 95 27 hafvare.

521 606 152 27 Ordföranden
693 606 170 22 sammankallar
882 606 117 25 nämnden,

447 647 45 14 som
507 642 26 20 är
548 640 106 28 beslutför,
671 640 28 21 då
709 640 67 22 minst
786 642 31 20 tre
828 640 114 22 ledamöter
951 640 50 22 eller

448 674 137 28 suppleanter
600 677 37 19 äro
652 675 145 21 närvarande.

522 709 40 21 Vid
577 709 74 28 förfall
665 709 36 27 för
719 710 146 27 ordföranden
881 711 56 20 utses
953 709 46 21 ord-

448 743 93 28 förande
555 743 35 28 för
606 743 99 28 tillfället.

516 777 38 22 Då
569 778 146 28 meningarna
731 781 38 18 iäro
784 778 63 27 olika,
862 779 69 20 röstas
947 778 53 27 efter

449 813 120 27 hufvudtal.
608 813 39 21 Vid
667 813 44 21 lika
733 813 86 21 röstetal
841 813 66 28 gäller
930 813 69 26 ordfö-

448 847 96 22 randens
570 847 89 28 mening
681 849 58 20 utom
761 847 36 21 vid
819 847 40 26 val,
883 847 28 21 då
935 847 64 22 lotten

448 881 74 28 skiljer
542 881 89 22 emellan
651 881 52 26 dem,
719 889 44 14 som
779 881 86 22 erhållit
879 881 45 22 lika
939 881 61 22 antal

448 918 72 20 röster.

693 981 32 20 47
737 981 21 27 8.

521 1021 153 27 Ordföranden
689 1021 56 21 leder
759 1021 123 22 nämndens
896 1021 103 27 förhand-

448 1055 79 27 lingar,
550 1055 58 27 förer
629 1055 128 27 protokollet,
781 1055 126 27 ombesörjer
927 1055 72 27 skrift-

448 1089 119 27 vexlingen,
584 1090 114 27 emottager
713 1089 42 21 alla
767 1089 33 21 till
810 1089 111 22 nämnden
929 1089 70 21 stälda

447 1123 122 27 skrifvelser
580 1123 37 21 och
627 1123 196 28 framställningar,
835 1123 79 22 vårdar
921 1125 78 20 nämn-

449 1157 52 22 dens
522 1157 135 28 handlingar
679 1158 35 21 och
738 1158 69 21 håller
821 1157 58 28 öfver
895 1157 46 22 dem
956 1157 43 28 för-

450 1191 105 28 teckning.

521 1226 152 27 Ordföranden
688 1226 108 28 äfvensom
811 1226 122 22 nämndens
943 1226 56 21 leda-

446 1262 68 20 möter
528 1260 88 28 åtnjuta
631 1268 28 14 ur
674 1261 275 28 boställsbyggnadskassan
958 1260 40 21 den

448 1295 135 28 yodtgörelse,
598 1295 155 28 församlingen
769 1296 12 21 &
797 1295 158 28 kyrkostämma
965 1295 34 27 för

449 1330 46 21 dem
510 1329 129 22 bestämmer.

688 1393 33 22 48
734 1393 21 28 $.

516 1434 205 21 Boställsnämnden
741 1434 88 27 åligger,
845 1433 83 27 utöfver
943 1433 56 21 hvad

447 1468 65 27 ofvan
528 1470 26 19 är
567 1468 113 28 stadgadt:

516 1504 33 20 att
567 1502 116 28 ombesörja
703 1502 40 22 den
763 1502 131 28 nybyggnad
913 1500 35 22 och
965 1501 35 21 det
