1142 1803
336 190 85 22 Ständ.
438 190 38 22 Sv.
492 202 27 4 —
534 190 75 28 Prop.
625 189 46 23 N:o
686 190 39 22 10.
853 192 26 20 39

150 255 6 20 i
170 254 85 21 hvilkas
270 253 60 21 firma
344 253 48 21 icke
407 252 61 28 ingår
482 252 67 28 något
563 259 150 21 personnamn,
728 252 87 22 beröras
831 253 23 21 af
864 252 43 22 för-

150 288 125 27 ordningen.
312 286 12 21 I
348 286 155 28 förordningen
530 294 35 13 om
595 286 199 28 kommanditbolag
821 286 86 29 stadgas

151 322 71 26 äfven,
237 324 33 18 att
278 320 195 29 bolagsordningen
486 320 54 22 skall
551 320 108 21 innehålla
668 320 98 28 bolagets
779 320 129 29 benämning

152 356 50 21 eller
216 356 66 25 firma,
297 358 55 18 samt
366 358 32 17 att
413 354 72 21 derom
501 354 39 21 bör
554 354 119 28 publiceras
689 355 7 20 i
712 354 27 21 de
754 354 93 21 officiela
866 355 43 20 tid-

151 391 110 26 ningarna.
290 389 53 21 Men
364 388 66 28 några
448 388 67 21 andra
533 389 161 27 bestämningar
711 388 134 21 förekomma
867 389 17 28 ej
901 389 7 20 i

152 426 76 25 ämnet,
244 423 41 22 och
300 423 18 28 ej
334 423 67 21 heller
418 423 114 20 förefinnes
551 423 32 20 till
602 422 88 28 ledning
710 423 35 20 för
764 422 145 22 bedömandet

152 458 23 21 af
196 457 192 30 prokurauppdrag
409 456 75 23 vidare
504 459 32 18 att
553 456 66 28 tillgå,
641 458 28 19 än
688 456 58 21 hvad
761 457 31 20 uti
812 458 26 20 18
859 457 49 28 kap.

152 492 28 21 H.
195 492 25 21 B.
236 494 24 19 är
274 491 101 28 stadgadt
390 499 34 13 om
438 491 118 28 sysslomän
571 491 52 20 eller
633 491 141 21 ombudsmän
785 494 56 18 samt
850 491 57 21 hvad

152 533 77 22 genom
246 525 146 22 handelsbruk
409 525 92 21 utbildat
520 526 38 27 sig.
587 525 130 28 Uppenbart
740 527 23 18 är
785 525 124 26 emellertid,

152 561 88 21 hvilken
262 559 80 28 menlig
363 559 104 21 inverkan
488 559 28 27 på
537 559 84 21 landets
646 559 80 21 handel
751 559 41 21 och
817 559 92 21 industri

152 594 82 22 bristen
249 593 28 29 på
292 593 95 21 ordnade
401 592 202 22 rättsförhållanden
618 592 91 22 rörande
724 593 60 21 firma
796 593 43 21 kan
850 592 59 22 med-

153 628 53 27 föra,
229 628 41 21 och
292 627 83 21 landets
397 627 92 28 köpmän
509 627 66 21 hafva
592 627 65 21 äfven
675 627 39 21 vid
735 628 46 20 sina
802 628 107 20 allmänna

153 664 71 20 möten
246 662 78 20 uttalat
346 662 32 27 sig
399 661 109 28 angående
530 661 103 21 behofvet
654 661 23 21 af
699 668 27 14 en
746 661 136 28 lagstiftning
901 662 8 20 i

157 698 76 20 ämnet.
264 695 75 22 Såsom
355 703 27 13 en
400 696 77 20 allmän
494 695 113 28 grundsats
631 703 63 20 synes
709 695 53 21 böra
784 696 125 27 uppställas,

154 733 32 18 att
199 730 74 28 hvarje
288 729 190 28 firmabeteckning
492 729 55 21 skall
564 730 71 20 utvisa
649 729 97 28 verkliga
764 729 145 21 förhållandet

155 765 41 21 och
210 764 48 21 icke
272 764 84 28 ingifva
372 771 26 14 en
412 763 145 22 vilseledande
567 764 150 27 föreställning
732 763 111 28 angående
854 763 55 27 dem,

155 806 45 14 som
216 798 71 22 drifva
301 798 95 21 rörelsen
411 798 41 21 och
467 800 36 19 äro
518 798 34 21 för
574 798 123 21 densamma
717 799 119 27 ansvariga.
865 797 44 22 För

155 835 32 18 att
201 832 70 21 denna
285 832 115 28 grundsats
415 832 116 21 emellertid
550 832 54 21 skall
623 832 73 21 kunna
715 832 80 21 erhålla
811 831 98 29 praktisk

155 866 117 29 betydelse,
286 867 40 21 bör
340 866 129 28 rättigheten
484 869 32 18 att
530 866 97 28 begagna
641 867 45 21 viss
701 866 60 21 firma
776 866 23 21 af
812 865 98 29 myndig-

155 901 37 21 het
206 900 94 29 pröfvas,
316 900 41 21 och
372 900 69 21 denna
452 900 101 28 pröfning
567 900 46 21 åter
627 901 133 26 förutsätter,
775 903 32 18 att
822 903 31 18 ett
870 907 40 13 un-

156 934 74 29 derlag
250 934 73 21 härför
346 934 68 21 finnes
439 935 7 20 i
464 937 30 18 ett
508 935 96 27 register,
621 935 61 21 hvari
705 934 116 29 godkända
841 934 70 21 firma-

156 969 146 28 anmälningar
316 968 88 21 införas.
428 967 12 21 I
455 967 88 22 hvilken
558 968 148 28 utsträckning
719 968 149 28 skyldigheten
879 970 32 19 att

156 1003 97 27 begagna
268 1003 59 20 firma
341 1002 35 21 för
391 1002 65 28 öfrigt
470 1002 40 21 bör
524 1002 142 28 genomföras,
681 1004 24 19 är
727 1010 27 13 en
776 1002 67 28 fråga,
864 1009 47 14 som

156 1036 96 28 päkallar
274 1036 91 21 särskild
383 1036 165 28 undersökning.
578 1036 76 21 Såsom
675 1037 78 20 allmän
771 1037 58 27 regel
848 1035 62 22 torde

157 1070 56 21 dock
228 1070 72 21 kunna
314 1070 85 26 uttalas,
409 1072 31 19 att
453 1070 85 26 enhvar,
552 1071 101 27 antingen
668 1070 85 21 enskild
767 1078 78 20 person
860 1070 51 21 eller

158 1104 70 28 bolag,
242 1111 46 14 som
303 1104 82 21 drifver
399 1105 81 27 näring,
494 1104 103 21 hvarmed
612 1104 123 29 skyldighet
750 1107 32 18 att
796 1104 47 21 föra
857 1103 53 21 han-

157 1138 90 21 delsbok
262 1140 23 19 är
299 1137 97 28 förenad,
410 1138 66 21 borde
492 1145 52 14 vara
558 1138 77 28 pligtig
650 1141 32 18 att
699 1138 72 21 drifva
789 1138 71 21 denna
877 1139 34 20 rö-

156 1172 55 21 relse
232 1172 69 21 under
322 1180 26 13 en
369 1172 116 28 behörigen
507 1172 101 28 godkänd
630 1172 65 21 firma.
713 1185 28 3 —
759 1172 32 21 Af
810 1173 47 27 vigt
877 1171 34 21 för

157 1206 153 22 affärsvärlden
326 1208 36 19 äro
377 1207 77 27 jemväl
474 1206 111 21 bestämda
607 1206 171 28 lagstadganden
800 1205 111 29 angäende

157 1240 93 29 prokura
265 1240 51 21 eller
330 1240 100 22 fullmakt
444 1241 24 20 af
481 1241 155 21 innehafvaren
650 1240 48 21 utaf
714 1243 31 18 ett
763 1240 148 27 affärsföretag

158 1276 30 19 att
203 1275 57 20 sluta
274 1274 34 21 för
322 1274 79 21 honom
422 1274 142 21 förbindande
584 1275 57 20 aftal.
671 1275 82 20 Mellan
775 1275 136 28 prokuristen

158 1308 40 22 och
212 1308 193 29 prokuragifvaren
420 1310 23 19 är
457 1309 36 21 väl
507 1308 198 21 rättsförhällandet
724 1309 8 20 i
747 1308 115 21 allmänhet
879 1315 33 14 re-

158 1342 42 21 dan
214 1342 107 28 regleradt
335 1350 78 20 genom
428 1343 26 20 de
470 1343 139 28 stadganden,
624 1343 74 21 hvilka
712 1343 57 27 gälla
783 1342 35 21 för
833 1342 79 28 sysslo-

158 1377 51 21 eller
231 1376 146 22 ombudsmän.
406 1377 53 21 Men
479 1380 59 18 utom
560 1379 32 19 att
613 1377 60 21 detta
694 1376 189 22 rättsförhällande
905 1377 7 19 i

157 1411 55 28 följd
226 1411 24 21 af
264 1411 201 28 egendomligheter,
479 1411 74 21 hvilka
564 1411 97 20 utmärka
672 1410 133 27 affärslifvet,
817 1410 96 29 päkallar

158 1445 58 21 vissa
230 1444 74 21 härför
326 1444 102 22 särskildt
442 1444 104 29 lämpade,
568 1444 49 21 frän
638 1444 94 22 nämnda
755 1444 156 28 stadganden
894 1440 19 37 i

158 1478 66 28 några
238 1478 118 23 afseenden
372 1478 116 22 afvikande
502 1478 159 28 bestämningar
680 1478 111 28 angående
813 1478 100 21 innebör-
