1142 1803
253 216 27 21 38
488 214 26 22 U.
530 215 24 21 B.
570 215 64 27 Prop.
650 215 40 21 N:o
707 215 19 21 9.

223 278 79 27 bidrag
321 285 48 14 som
384 278 87 20 komme
487 281 33 18 att
534 278 100 27 erläggas
650 278 25 20 af
687 278 28 20 de
730 278 107 20 besuttne.
867 277 35 21 Då
916 276 69 22 komi-

222 313 44 24 tén,
290 319 47 13 som
355 312 112 21 förberedt
486 312 143 20 förevarande
644 312 67 27 fråga,
727 311 109 21 handlade
851 311 132 25 densamma,

223 346 57 20 hade
295 346 135 27 regleringen
438 346 25 21 af
467 345 175 28 presterskapets
653 346 95 27 aflöning
758 346 56 20 ännu
824 345 47 21 icke
882 345 100 24 inträffat,

224 380 43 20 och
281 380 72 20 kunde
368 380 37 21 vid
420 380 78 21 sådant
512 379 135 22 förhållande
662 379 19 27 ej
693 380 67 21 heller
771 380 66 27 några
848 379 70 21 siffror
929 379 55 20 före-

224 414 64 27 ligga,
312 414 52 21 huru
380 414 28 21 de
427 415 127 20 obesuttnes
569 414 78 27 bidrag
661 414 32 21 till
709 414 122 27 aflöningen
846 413 55 21 efter
916 413 68 27 regle-

224 449 75 26 ringen
321 448 67 21 skulle
408 448 64 21 ställa
494 449 38 26 sig,
554 448 27 21 än
597 448 82 21 mindre
694 449 67 26 några
777 447 81 22 exakta
874 447 110 28 uppgifter

224 482 161 21 åstadkommas
408 483 53 20 huru
481 482 54 27 högt
551 482 63 21 deras
630 482 76 27 bidrag
721 483 31 20 till
767 482 217 27 boställsbyggnads-

224 516 80 21 kassan
326 517 50 20 med
398 517 135 26 tillämpning
548 517 25 20 af
591 517 54 20 1886
661 517 33 20 års
710 517 126 26 förordning
849 516 88 21 komme
952 519 32 17 att

224 550 80 27 belöpa
325 552 40 25 sig.
395 551 33 20 En
450 551 120 26 tillförlitlig
590 551 114 27 utredning
726 552 6 19 i
755 551 62 20 detta
840 551 103 20 afseende
961 550 23 20 är

225 584 112 21 dessutom
359 584 135 28 väsentligen
516 585 111 20 beroende
642 585 65 20 deraf
718 585 31 21 till
765 585 52 21 huru
833 584 54 27 högt
902 584 81 27 belopp

225 618 28 20 de
276 618 66 27 årliga
364 618 125 28 byggnads-
511 619 42 20 och
568 618 270 22 underhållskostnaderna
853 618 33 21 för
901 622 32 17 ett
948 617 37 21 bol

224 652 72 21 kunna
316 660 64 13 anses
396 654 75 26 uppgå
486 653 113 21 äfvensom
615 652 25 21 af
651 653 144 21 förhållandet
811 652 77 21 mellan
903 652 81 21 antalet

224 686 101 21 besuttne
348 687 41 21 och
412 687 115 21 obesuttne
548 688 6 20 i
577 687 72 25 hvarje
674 687 131 27 församling.
835 686 73 28 Enligt
927 686 58 21 hvad

224 720 117 21 Utskottet
356 721 72 20 erfarit
443 722 39 19 har
497 723 6 18 i
518 721 133 20 sistnämnda
667 721 125 21 hänseende
808 727 27 14 en
850 720 47 21 icke
906 722 24 19 så
937 720 48 21 litet

225 754 115 21 afvikande
360 755 119 27 beräkning
501 756 6 19 i
528 755 57 20 olika
607 755 60 20 delar
690 755 25 20 af
731 755 74 20 landet
821 758 37 23 egt
874 761 52 14 rum.
955 755 30 20 På

226 795 27 14 en
268 789 36 20 del
319 792 57 17 orter
392 789 38 20 har
444 796 50 13 man
509 789 89 20 sålunda
613 789 31 21 till
659 789 28 20 de
702 789 113 21 besuttnes
830 789 57 20 klass
899 788 86 21 hänfört

225 822 57 21 blott
304 823 252 27 lägenhetsinnehafvare
573 823 67 26 jemte
656 824 63 20 deras
735 824 91 24 hustrur,
842 823 79 20 medan
936 829 49 14 man

226 857 99 20 deremot
346 858 7 19 i
376 858 65 20 andra
457 857 81 21 trakter
553 857 31 21 till
599 858 93 20 nämnda
707 857 58 21 klass
782 857 111 21 dessutom
909 857 76 20 räknat

223 890 81 27 jemväl
318 891 291 27 lägenhetsinnehafvarenes
625 892 53 20 barn
694 892 42 20 och
751 891 126 27 tjenstefolk
887 894 56 18 samt
953 891 32 20 öf-

225 926 47 25 rige
287 925 32 20 för
329 925 141 28 lägenhetens
482 926 138 20 bebrukande
633 926 139 27 erforderliga
785 925 42 21 och
839 926 13 20 å
861 925 124 21 densamma

226 959 88 21 bosatta
336 967 110 20 personer.
477 960 43 20 Vid
539 960 61 21 detta
615 960 134 21 förhållande
765 960 24 20 är
805 960 37 20 det
858 959 80 27 tydligt
953 963 32 16 att

225 993 217 28 byggnadsbidraget
457 994 33 21 för
505 994 27 21 de
548 994 115 21 obesuttne
678 995 6 20 i
699 994 28 21 de
743 994 58 21 olika
817 993 88 21 delarna
913 993 72 21 aflan-

226 1027 38 21 det
278 1027 79 26 jemväl
372 1029 69 20 måste
456 1028 62 21 ställa
533 1029 34 26 sig
582 1029 67 26 något
665 1028 63 25 olika,
745 1035 50 14 men
810 1028 38 21 allt
864 1028 61 20 detta
934 1027 52 21 oak-

226 1061 48 21 tadt
290 1062 38 20 har
343 1062 115 21 Utskottet
473 1062 54 20 efter
542 1062 124 20 verkstälda
681 1063 144 26 beräkningar
841 1063 29 25 på
885 1061 69 26 grund
965 1061 24 20 af

226 1095 29 20 de
270 1095 76 26 siffror,
362 1095 72 21 hvilka
449 1097 7 19 i
471 1096 76 21 sådant
562 1096 102 21 afseende
679 1097 54 20 stått
748 1095 117 22 Utskottet
880 1095 32 21 till
923 1095 61 24 buds,

226 1128 92 22 kommit
339 1129 32 22 till
393 1130 37 21 det
453 1130 89 21 resultat
557 1133 32 18 att
604 1130 100 27 bidraget
719 1130 32 21 till
766 1129 219 27 boställsbyggnads-

226 1162 85 26 kassan,
332 1163 121 22 beräknadt
468 1164 54 21 efter
538 1164 27 20 de
581 1164 126 21 obesuttnes
723 1164 51 21 fulla
787 1163 87 28 afgifter
890 1163 31 21 till
937 1170 48 20 pre-

227 1197 124 27 sterskapet
379 1197 42 21 och
446 1198 28 20 då
496 1198 27 20 all
545 1198 202 27 inkomsttaxering,
770 1205 49 13 som
843 1197 77 21 endast
943 1197 42 20 kan

227 1231 82 21 drabba
326 1232 27 20 de
368 1231 142 28 förmögnare,
526 1232 82 21 lemnas
623 1233 13 20 å
651 1232 55 25 sido,
723 1232 68 21 skulle
806 1232 88 20 komma
905 1235 32 17 att
949 1238 38 13 va-

226 1267 55 19 riera
304 1266 91 20 emellan
417 1266 56 21 blott
491 1266 43 21 fem
549 1266 42 21 och
606 1267 83 20 femton
704 1268 66 25 penni
786 1266 33 21 för
835 1273 86 20 person.
951 1265 35 20 De

226 1300 112 21 besuttnes
353 1300 199 27 byggnadsbidrag,
570 1313 27 2 —
611 1301 28 20 de
651 1301 46 20 från
708 1301 42 20 den
761 1299 140 22 mantalsatta
910 1299 76 26 jorden

225 1334 110 27 utgående
350 1334 114 27 afgifterna
479 1335 140 20 tillsammans
634 1335 50 20 med
699 1335 28 20 de
743 1333 116 28 personela
872 1346 34 12 —,
918 1333 69 21 skulle

227 1368 99 21 deremot
349 1368 120 21 merendels
492 1369 74 26 uppgå
589 1369 32 20 för
643 1376 27 13 en
693 1369 52 20 hvar
760 1368 33 21 till
808 1371 39 21 tre,
863 1367 48 27 fyra
926 1367 61 20 mark

226 1402 43 21 och
292 1402 64 21 äfven
378 1402 130 21 derutöfver.
538 1403 73 26 Enligt
634 1404 168 26 propositionen
817 1402 69 21 skulle
902 1402 84 20 således

226 1437 28 19 de
277 1437 115 20 obesuttne
413 1437 88 27 erlägga
516 1437 80 20 enhvar
611 1437 46 21 från
673 1444 27 14 en
715 1437 42 21 och
774 1444 27 13 en
817 1439 64 23 qvart
895 1435 34 21 till
943 1436 44 20 fem

225 1472 72 25 penni.
327 1470 140 27 Ifrågasättas
482 1470 42 21 kan
539 1471 50 20 med
605 1470 47 21 skäl
663 1471 86 21 hvilken
762 1470 87 27 verklig
859 1469 86 22 lättnad
955 1472 32 18 ett

225 1504 71 27 dylikt
311 1505 77 26 bidrag
402 1504 54 21 skall
467 1504 71 21 kunna
546 1505 97 21 medföra
655 1505 33 21 för
699 1505 28 21 de
737 1504 108 22 härintills
857 1504 50 20 med
917 1504 70 26 bygg-

294 1544 48 21 Lag-
354 1544 32 16 och
398 1544 182 17 Ekonomiutskottets
592 1544 111 17 betänkande
716 1546 37 15 N:o
766 1544 17 17 4.
