1142 1803
281 161 13 20 2
586 160 45 23 N:o
651 161 22 22 4.

252 228 49 22 med
316 228 80 27 nådiga
411 228 153 28 förordningen
580 228 111 27 angående
707 228 122 26 skyldighet
840 228 33 20 för
884 234 63 21 egare
959 227 51 21 eller

252 262 137 22 innehafvare
412 262 23 21 af
454 262 48 27 jord
527 264 32 19 att
582 265 57 18 emot
661 262 119 26 ersättning
795 261 88 27 upplåta
899 262 62 21 mark
977 261 34 21 för

253 297 89 21 allmänt
365 297 70 26 behof,
460 296 71 27 gifven
555 297 40 21 den
622 298 24 20 12
670 296 119 22 December
813 297 60 25 1864,
890 297 73 21 tillösa
977 296 33 27 sig

254 331 154 27 eganderätten
431 332 33 20 till
488 332 36 20 det
544 332 33 20 för
593 331 122 21 ändamålet
730 331 78 27 nödiga
823 331 98 21 området
936 331 74 21 rundt-

253 365 98 26 omkring
366 365 40 21 den
422 365 68 27 mark,
506 371 44 16 som
567 367 24 19 är
607 365 33 21 till
657 365 129 27 grafplatser
796 364 81 22 afsedd.
901 365 51 21 Mes
961 365 48 21 der-

252 399 84 27 igenom
359 399 85 22 komme
467 400 19 27 ej
511 400 55 21 blott
589 399 151 27 församlingen
757 401 33 19 att
805 399 21 20 få
841 399 117 21 vidkännas
973 399 37 21 be-

253 434 106 27 tydligare
370 434 122 27 kostnader,
509 437 51 18 utan
575 433 62 22 äfven
651 434 130 27 jordegaren
795 435 34 19 att
843 433 45 22 lida
899 435 68 20 större
979 433 30 21 in-

252 469 71 26 trång,
340 470 26 19 än
382 469 123 21 ändamålet
521 469 68 21 skulle
605 468 104 22 erfordra.

322 503 42 21 För
387 503 103 21 vinnande
513 503 23 21 af
554 503 94 27 antydda
667 503 99 21 ändamål
781 503 107 21 erfordras
903 503 106 26 nemligen

252 537 46 21 icke
322 544 71 14 annan
417 537 153 27 inskränkning
589 538 6 20 i
609 537 140 27 jordegarens
772 537 181 26 dispositionsrätt
975 537 34 20 till

253 571 67 27 mark,
343 578 46 14 som
413 574 23 18 är
461 572 56 21 invid
532 572 193 27 begrafningsplats
741 572 94 26 belägen,
852 573 26 19 än
895 573 32 19 att
941 571 67 21 sådan

252 606 62 21 mark
338 606 46 21 icke
406 606 33 21 får
462 606 107 27 bebyggas
593 606 48 22 med
663 606 47 27 hus,
734 606 87 22 afsedda
837 606 33 21 för
885 606 124 27 bosättning

252 640 53 21 eller
320 640 68 21 andra
404 640 82 21 sådana
502 640 107 26 ändamål,
625 647 44 15 som
686 640 97 22 erfordra
794 642 33 19 att
837 640 122 21 menniskor
971 640 37 21 der

252 674 94 27 ständigt
362 674 115 27 uppehålla
493 675 38 27 sig.

321 709 32 20 En
378 709 65 21 sådan
467 709 155 26 inskränkning
646 709 6 20 i
676 709 209 26 dispositionsrätten
908 709 33 20 till
959 709 48 26 jord

252 744 42 21 kan
317 743 125 27 emellertid,
466 743 67 27 enligt
555 743 98 27 gällande
676 743 140 27 lagstiftning,
840 743 46 21 icke
905 742 102 27 påläggas

252 784 64 21 egare
339 778 52 21 eller
412 777 139 22 innehafvare
567 777 23 22 af
602 778 59 27 jord;
677 777 39 22 och
731 778 61 21 Hans
808 777 119 27 Kejserliga
942 777 65 27 Maje-

252 814 44 20 stät
318 813 40 20 har
380 811 78 26 derför,
475 812 7 21 i
498 812 55 27 syfte
575 814 33 19 att
627 812 78 21 bereda
728 814 65 25 utväg
809 812 77 27 dertill,
903 812 56 21 velat
973 811 34 21 till

252 847 132 21 Ständernas
407 847 100 26 pröfning
522 846 7 21 i
544 847 67 20 nåder
625 846 80 21 föreslå
721 846 91 27 följande

460 961 122 27 Förordning
599 961 105 27 angående
720 961 141 26 inskränkning
878 961 5 20 i
899 960 106 28 nyttjorät-

390 1008 34 21 ten
448 1007 28 21 till
502 1007 55 21 mark
573 1007 4 20 i
595 1007 116 22 omedelbar
731 1007 72 21 närhet
819 1007 28 20 till
865 1006 140 27 begrafnings-

390 1053 60 27 plats.

320 1122 10 20 I
346 1121 99 21 ändamål
461 1123 33 19 att
509 1120 32 21 för
552 1121 158 20 vederbörande
721 1120 151 27 församlingar
883 1120 124 21 underlätta

250 1156 146 27 fullgörandet
420 1155 23 21 af
464 1155 26 21 de
510 1155 140 26 föreskrifter,
666 1161 45 14 som
727 1155 7 20 i
750 1154 150 21 helsovårdens
915 1154 92 22 intresse

250 1192 72 21 kunna
346 1191 48 20 dem
410 1191 110 20 meddelas
536 1190 134 21 beträffande
685 1190 76 27 nödigt
776 1189 86 22 afstånd
878 1189 77 21 mellan
971 1190 36 21 be-

252 1225 168 27 grafningsplats
436 1225 39 20 och
492 1225 83 26 bebygd
592 1227 40 24 ort,
648 1225 76 21 varder
735 1225 123 26 härigenom
870 1224 136 22 förordnadt:

320 1260 45 21 Der
387 1259 173 21 helsovårdsskäl
583 1259 92 27 påkalla,
692 1261 32 19 att
740 1259 51 21 visst
807 1259 87 21 område
910 1259 97 27 omkring

250 1294 197 27 begrafningsplats
462 1294 47 21 icke
525 1294 106 21 användes
647 1294 32 21 till
695 1293 122 27 bosättning
832 1293 53 21 eller
895 1293 33 22 för
939 1293 68 22 andra

252 1329 80 21 sådana
356 1328 108 26 ändamål,
488 1335 44 14 som
556 1328 95 21 erfordra
667 1330 33 19 att
715 1328 124 21 menniskor
859 1328 38 21 der
912 1328 95 27 ständigt

252 1363 116 27 uppehålla
383 1363 37 26 sig,
438 1369 50 14 vare
503 1363 100 21 markens
619 1363 137 21 innehafvare
773 1363 75 27 pligtig
862 1365 33 19 att
912 1365 45 19 mot
967 1363 39 21 full

252 1397 119 27 ersättning
394 1397 23 21 af
436 1397 152 27 församlingen
605 1397 56 22 afstå
676 1397 48 22 från
740 1398 33 21 sin
788 1399 45 20 rätt
846 1397 33 21 till
893 1397 66 21 sådan
970 1404 37 15 an-

249 1431 109 27 vändning
374 1431 23 21 af
412 1431 58 21 detta
486 1431 94 21 område.
