1142 1803
344 184 82 22 Ständ.
442 184 37 23 Sv.
496 196 26 2 —
538 184 73 27 Prop.
627 184 42 22 N:o
683 184 22 22 9.
849 186 24 20 31

354 250 158 27 ningsplanens
536 250 138 27 uppgörande
696 250 67 26 mark,
779 257 43 15 som
839 257 66 21 egnar

354 284 34 28 sig
402 285 35 26 för
451 284 129 28 svedjebruk,
600 284 99 28 afskiljas
715 285 13 21 &
743 285 84 21 sådana
843 286 61 25 orter,

356 319 36 21 der
408 319 199 27 Vostillshafvarens
627 319 49 21 eller
691 320 12 20 &
720 319 93 22 bostället
828 320 77 21 bosatte

356 355 95 25 torpares
466 354 141 27 hushållning
622 354 59 21 beror
696 354 27 27 af
730 354 115 27 svedjande
856 354 48 21 eller

356 387 124 28 tillräckligt
501 388 142 21 kreatursbete
666 388 20 27 ej
706 388 140 21 annorlunda
860 388 44 21 kan

356 422 102 27 erhållas;
480 422 93 22 börande
594 422 159 28 svedjemarken
779 423 28 20 dä
825 422 80 28 jemväl

356 457 32 21 uti
404 457 55 21 vissa
480 457 120 28 ärshyggen
615 457 90 21 indelas.
736 457 169 27 Hushållnings-

354 491 82 26 planen
458 491 54 22 skall
534 492 67 21 sedan
624 492 27 27 af
663 492 242 27 förrättningsmannen

356 526 105 21 insändas
481 527 32 20 till
529 527 172 27 Forststyrelsen,
718 527 37 21 der
771 527 40 21 den
827 526 78 22 under-

355 561 40 27 går
416 561 145 27 granskning,
584 561 73 21 innan
680 561 39 21 den
744 561 7 21 i
774 561 99 27 afseende
892 561 13 20 å

355 595 133 27 stadfästelse
500 596 141 21 underställes
659 596 104 21 Senatens
779 595 126 22 Ekonomie-

356 630 150 26 departement.

425 664 64 22 Hvad
505 664 7 21 i
528 664 36 22 det
577 664 127 28 föregående
719 667 26 19 är
759 664 102 28 stadgadt
874 667 30 19 rö-

356 699 68 21 rande
448 700 137 26 uppgörande
607 700 27 26 af
649 700 204 27 hushällningsplan
869 699 36 21 och

356 733 46 20 dess
425 733 141 27 befordrande
587 734 32 21 till
634 734 139 27 fastställelse,
796 734 54 22 skall
869 733 36 22 ock

357 767 113 28 tillämpas,
487 768 8 21 i
517 768 101 22 händelse
629 769 85 26 planen
730 769 34 21 vid
781 769 24 20 de
819 768 85 22 revisio-

358 809 44 20 ner,
423 809 44 14 som
482 803 62 20 hvart
560 803 71 21 tionde
647 803 25 21 år
687 803 58 21 skola
759 803 28 27 af
798 803 107 27 forstman

357 839 13 20 å
386 837 84 21 boställe
480 837 129 26 verkställas,
625 837 93 27 befavnes
729 837 70 28 tarfva
810 837 96 28 ändring

357 872 49 21 eller
422 872 88 21 rättelse.

599 936 31 21 30
644 936 21 27 $.

430 972 84 26 Önskar
524 977 143 27 innehafvare
677 976 27 27 af
711 975 84 22 loställe
806 977 32 20 att
847 975 58 22 inom

358 1011 45 21 dess
424 1012 85 21 område
528 1012 97 27 företaya
641 1011 73 27 odling
729 1011 27 26 af
767 1017 72 19 mosse,
855 1009 52 22 kärr

358 1046 48 21 eller
422 1053 78 14 annan
515 1046 88 27 oländig
618 1045 67 27 mark,
702 1045 46 21 med
763 1045 102 27 rättighet
875 1045 32 20 att

358 1080 73 21 besitta
454 1080 36 21 och
509 1080 72 27 nyttja
597 1080 101 28 odlingen
714 1079 81 27 utöfver
810 1079 41 20 den
868 1078 37 25 tid,

356 1115 124 21 hvarunder
495 1115 45 21 han
555 1114 94 22 innehar
661 1113 98 26 bostället,
769 1113 54 26 söke,
834 1113 73 21 innan

357 1149 45 22 han
418 1149 32 21 till
465 1149 163 28 odlingsarbetet
642 1149 89 26 skrider,
748 1147 97 22 tillstånd
861 1147 45 20 der-

358 1184 32 21 till
404 1184 38 21 hos
460 1183 145 26 Guvernören,
623 1183 84 22 hvilken
722 1184 76 27 genast
813 1182 36 21 bör
863 1181 43 28 för-

358 1219 69 21 ordna
460 1226 108 21 agronom,
601 1217 228 28 landtbruksingeniör
858 1215 49 22 eller

357 1254 144 21 landtmätare
531 1255 32 20 att
590 1253 7 21 i
623 1252 165 21 vederbörandes
812 1253 94 19 närvaro

356 1295 62 20 syna,
441 1288 121 22 undersöka
577 1287 34 22 och
629 1287 105 27 beskrifva
749 1286 88 21 marken
852 1286 56 20 samt

358 1322 69 22 tillika
441 1325 98 25 uppgöra
554 1322 81 27 förslag
650 1321 57 28 öfver
718 1321 145 21 kostnaderna
873 1319 34 28 för

358 1357 101 28 odlingen
474 1357 37 21 och
528 1357 65 26 tiden,
609 1357 59 21 inom
683 1356 84 21 hvilken
783 1355 123 21 densamma

357 1393 44 20 kan
423 1399 53 14 vara
498 1391 122 28 fulländad.
652 1387 31 24 Är
698 1390 20 28 ej
733 1388 174 29 odlingsmarken

357 1427 59 26 förut
431 1427 13 20 å
460 1427 63 20 karta
538 1425 100 27 affattad,
653 1425 55 21 skall
723 1425 42 20 den
779 1424 36 21 vid
825 1429 80 15 samma

358 1460 84 28 tillfälle
463 1462 70 20 mätas
556 1460 35 21 och
611 1459 129 28 kartläggas.
773 1458 72 21 Sedan
863 1456 44 21 Gu-

357 1498 104 19 vernören
483 1495 55 22 härå
558 1495 81 21 lemnat
652 1494 155 28 församlingen
823 1491 84 28 tillfälle
