1142 1803
404 214 26 22 U.
446 214 24 22 B.
486 226 27 3 —
529 214 63 27 Prop.
608 214 40 22 N:o
665 216 19 20 9.
872 215 25 21 59

235 278 99 20 Emedan
349 278 36 20 vid
401 278 151 20 bibehållande
567 277 24 21 af
603 277 132 27 stadgandet
751 279 30 19 uti
797 276 10 29 $
818 282 23 22 35
853 278 74 20 derom

167 316 39 21 att,
216 313 28 20 då
259 312 92 21 boställe
366 312 176 21 bortarrenderas
558 313 117 26 tvängsvis,
690 312 27 20 de
730 313 6 19 i
746 312 100 27 ,andra*,
862 313 63 20 rätte-

167 347 57 26 ligen
247 347 67 20 första
332 354 65 13 mom.
413 347 49 26 af
457 343 15 34 $
486 352 4 15 2
507 347 130 20 omnämnda
653 347 39 20 hus
708 347 42 20 och
765 347 106 20 förmäner
887 347 41 20 för-

167 381 97 21 behällas
287 381 200 25 boställshafvaren,
512 381 111 27 praktiska
641 381 142 27 olägenheter
798 381 48 21 icke
861 381 67 20 sällan

167 416 72 20 kunde
263 416 85 27 uppstä,
372 415 38 21 har
432 415 61 21 detta
513 415 122 27 stadgande
651 419 82 17 ansetts
749 415 52 21 böra
816 415 110 28 uteslutas,

168 450 56 21 helst
240 449 195 22 boställshafvaren
451 450 64 21 äfven
531 457 64 20 synes
611 450 71 21 kunna
695 450 124 27 lämpligast
835 450 50 26 sjelf
897 451 30 20 öf-

168 485 165 21 verenskomma
354 485 50 20 med
420 485 140 20 arrendatorn
576 491 36 14 om
627 485 28 20 de
671 484 112 25 förmäner,
799 485 72 20 hvilka
886 485 42 20 han

168 520 79 21 önskar
268 519 117 22 förbehälla
407 521 39 26 sig.
477 520 44 20 För
544 523 31 17 att
599 519 119 21 emellertid
741 519 46 21 fullt
802 520 126 21 säkerställa

168 554 196 20 boställshafvaren
382 555 6 19 i
404 554 102 20 afseende
522 555 12 19 ä
550 554 27 20 de
593 554 45 24 hus,
655 561 48 13 som
718 554 33 20 för
765 554 81 20 honom
862 554 67 20 under

168 589 152 20 arrendetiden
337 588 71 20 kunna
423 595 51 13 vara
490 588 144 26 nödvändiga,
650 588 39 20 har
704 588 31 20 till
750 587 33 29 8:n
799 588 72 27 fogats
887 588 42 20 den

169 623 136 26 bestämning
325 626 32 17 att
379 622 135 27 guvernören
538 623 55 26 egde
615 622 70 21 lemna
708 624 46 19 sina
769 622 133 21 föreskrifter
923 624 6 18 i

169 658 73 20 ämnet
258 657 54 21 efter
328 657 154 27 domkapitlets
498 657 102 21 hörande.

238 692 34 20 Då
288 692 183 26 egoarrondering
486 692 74 20 länder
576 692 47 20 icke
639 691 90 21 allenast
746 692 41 20 den
795 691 133 21 närvarande

169 730 52 17 utan
238 726 63 20 äfven
316 726 40 20 alla
372 726 150 26 efterföljande
537 726 179 20 boställshafvare
729 725 32 21 till
771 725 69 21 fördel
848 725 41 20 och
897 725 32 20 för

169 760 66 27 öfrigt
256 760 114 21 innefattar
394 767 26 14 en
438 760 107 27 väsentlig
560 760 128 27 förbättring
703 760 25 21 af
740 760 107 25 bostället,
864 767 64 19 synes

169 795 146 20 kostnaderna
331 795 71 20 derför
417 795 135 26 rättvisligen
566 795 53 20 böra
635 795 82 20 drabba
726 795 42 20 den
776 801 153 20 gemensamna

170 829 176 25 boställskassan,
366 829 56 21 helst
438 829 72 26 dylika
526 829 117 21 kostnader
659 829 18 26 ej
693 829 67 20 heller
775 829 103 20 härintills
893 835 36 14 va-

170 865 27 19 rit
219 863 101 21 ähvälfda
340 863 170 28 presterskapet.
542 863 194 28 Omredigeringen
751 863 46 27 af
787 859 15 36 $
815 868 25 21 37
857 864 30 19 uti
902 870 27 13 nu

169 897 163 27 ifrågavarande
348 897 58 27 syfte
421 905 65 19 synes
500 897 79 26 jemväl
594 898 33 21 stä
643 899 6 19 i
657 897 214 21 öfverenstämmelse
879 897 50 20 med

170 932 133 27 stadgandet
323 933 6 19 i
348 931 12 28 $
378 931 26 27 36
419 932 81 25 derom,
517 935 32 18 att
564 932 122 21 kostnaden
702 932 32 21 för
749 931 103 22 boställes
868 932 61 20 affat-

169 966 67 21 tande
251 967 13 19 ä
279 966 60 21 karta
354 966 107 21 bestrides
476 973 24 14 ur
516 967 67 26 sagda
599 966 70 21 kassa.

239 1000 9 20 I
271 999 51 27 följd
345 1000 24 21 af
390 1001 42 20 den
455 1000 175 27 omformulering
646 1007 11 14 2
674 1007 64 14 mom.
755 1002 6 19 i
775 1000 11 27 &
802 1000 28 21 26
845 999 83 21 erhållit

170 1034 38 20 har
231 1041 75 14 senare
329 1036 114 25 meningen
465 1036 7 19 i
490 1034 12 28 &
517 1040 29 20 40
560 1035 79 20 kunnat
655 1035 138 24 bortlemnas,
810 1035 118 26 hvarjemte

170 1067 35 28 &n
220 1068 64 20 äfven
299 1069 6 19 i
320 1068 66 27 öfrigt
401 1072 83 17 ansetts
500 1068 52 20 böra
568 1068 114 21 förenklas.

240 1102 66 20 Förra
327 1108 65 14 mom.
412 1103 6 19 i
434 1101 12 29 &
461 1108 27 19 42
505 1102 56 21 afser
576 1102 113 27 tydligtvis
704 1102 48 21 icke
775 1103 67 26 något
857 1105 70 21 annat,

171 1135 27 20 än
217 1139 32 17 att
264 1136 200 25 boställshafvaren,
480 1143 48 13 som
544 1136 81 27 åligger
641 1140 32 17 att
688 1136 35 21 väl
738 1137 66 20 vårda
820 1136 108 25 bostället,

172 1169 45 21 före
240 1171 32 19 sin
294 1170 124 27 afflyttning
440 1171 72 20 derför
532 1170 64 21 äfven
616 1170 39 21 bör
670 1170 56 21 tillse
747 1173 31 18 att
793 1170 42 21 alla
853 1170 77 21 brister

172 1203 65 21 blifva
260 1204 112 27 afhjelpta,
388 1211 49 14 men
456 1205 76 20 blifver
548 1205 59 20 detta
623 1205 148 24 försummadt,
787 1205 90 26 ålägges
893 1204 37 21 ho-

172 1245 50 13 nom
238 1239 128 24 sedermera,
382 1239 29 26 på
426 1239 44 20 sätt
485 1239 75 26 längre
575 1239 53 20 fram
643 1240 7 19 i
658 1240 166 25 propositionen
834 1239 95 26 stadgas,

172 1271 24 21 af
216 1272 152 27 husesynerätt
386 1276 31 17 att
433 1273 91 26 fullgöra
539 1273 69 20 denna
624 1274 33 19 sin
672 1273 131 26 skyldighet.
833 1273 98 20 Emedan

172 1306 43 20 den
236 1307 139 24 omvårdnad,
399 1313 47 14 som
468 1307 194 20 boställshafvaren
685 1307 39 20 bör
747 1314 56 20 egna
821 1307 108 24 bostället,

173 1340 57 20 dock
252 1340 76 21 hänför
348 1342 34 25 sig
403 1341 47 20 icke
472 1341 78 20 endast
571 1341 32 20 till
621 1341 38 20 hus
675 1341 42 20 och
733 1347 52 20 egor
801 1344 51 17 utan
867 1340 64 21 äfven

172 1374 32 21 till
220 1375 90 20 brunnar
324 1374 22 28 ($
362 1375 22 26 6)
401 1375 42 20 och
458 1375 104 27 trädgård
576 1374 20 28 (8
612 1376 41 25 25),
666 1375 38 20 har
711 1381 27 19 42
747 1374 44 29 8:ns
802 1375 56 20 förra
867 1381 64 14 mom.

174 1408 82 21 erhållit
279 1416 26 13 en
324 1409 129 21 allmännare
468 1409 120 27 affattning.
618 1409 35 20 De
668 1410 6 19 i
690 1416 76 14 senare
781 1415 64 15 mom.
862 1409 25 20 af
899 1408 34 29 &:n

174 1442 176 21 förekommande
371 1443 67 21 orden
462 1442 113 28 ,husröta"
600 1443 43 21 och
666 1442 103 28 ,kassan*
787 1443 64 21 hafva
867 1443 66 21 tillika

174 1476 32 20 för
229 1476 136 21 undvikande
387 1477 26 20 af
431 1476 150 28 misstolkning
603 1476 70 22 blifvit
696 1480 81 18 ersatta
799 1477 50 20 med
865 1477 68 20 orden

175 1526 10 11 »
189 1510 107 20 vanvård"
314 1511 42 20 och
372 1511 106 27 ,nämnda
493 1510 84 21 kassa".

247 1550 47 21 Lag-
308 1549 31 17 och
352 1549 182 18 Ekonomiutskottels
547 1550 110 17 betänkande
669 1550 36 17 N:o
717 1550 18 17 4.
