1142 1803
470 212 44 23 N:o
536 213 38 21 10.
836 212 25 20 15

484 281 25 19 41
528 280 18 27 8.

202 321 123 27 Syssloman
348 326 62 16 svare
433 320 34 21 för
483 320 53 21 fulla
550 320 102 26 beloppet
667 319 23 21 af
704 320 76 25 skada,
797 326 45 15 som
858 320 32 21 för

132 356 86 26 bolaget
241 355 76 21 vållats
336 355 23 20 af
372 355 55 20 hans
444 355 149 20 försummelse
608 354 52 21 eller
675 356 46 19 mot
735 355 36 26 lag
786 354 53 21 eller
854 355 36 20 bo-

131 390 139 27 lagsordning
285 389 111 22 stridande
411 389 76 27 åtgärd
502 389 7 22 i
524 389 97 27 bolagets
637 389 184 27 angelägenheter.

485 465 27 20 42
527 464 19 28 8.

202 501 31 26 Är
256 505 6 21 i
278 505 193 26 bolagsordningen
488 505 22 20 åt
526 505 101 20 särskildt
643 504 182 27 förvaltningsråd
841 505 51 21 eller

134 540 22 21 åt
180 541 26 21 de
222 541 7 20 i
244 541 27 20 26
288 540 11 27 $
315 540 91 21 nämnde
421 539 193 27 granskningsmän
629 539 120 27 uppdraget
765 541 31 19 att
812 539 7 21 i
834 539 57 21 vissa

132 574 39 22 fall
193 574 111 22 företräda
328 574 92 27 bolaget,
438 574 156 21 sammankalla
609 574 170 27 bolagsstämma
795 574 52 21 eler
863 574 28 21 el-

131 609 43 27 jest
191 608 121 22 handhafva
328 608 96 27 bolagets
440 608 185 28 angelägenheter,
641 608 62 22 lände
719 608 34 21 för
768 608 76 22 sådant
855 608 37 22 fall

133 644 34 20 till
183 643 153 27 efterrättelse,
352 643 57 21 hvad
425 649 33 15 om
474 643 160 27 sysslomännen
649 645 24 19 är
681 642 108 28 stadgadt.

451 758 18 17 4
489 757 83 22 Kap.

352 804 34 21 Om
403 804 127 27 aktiebolags
547 804 125 27 upplösning.

489 873 26 21 43
531 873 18 28 8.

208 912 60 21 Skall
295 912 122 27 aktiebolag
440 913 67 26 enligt
522 913 35 26 lag
572 913 52 20 eller
639 913 134 26 bestämning
789 913 6 20 i
811 913 83 27 bolags-

139 947 116 27 ordningen
271 947 79 27 brytas,
367 947 53 21 eller
436 949 23 19 är
474 947 97 27 bolagets
586 947 106 26 brytande
707 947 61 27 eljest
779 948 23 21 af
811 948 83 27 bolags-

138 985 90 18 männen
245 983 100 26 beslutet,
362 983 64 20 varde
442 983 74 20 derom
533 983 96 21 anmäldt
644 983 33 21 till
693 983 128 27 anteckning
836 983 7 21 i
859 983 35 21 bo-

136 1017 149 27 lagsregistret
308 1019 54 19 samt
386 1017 144 27 årsstämning
554 1019 12 20 å
589 1017 97 27 bolagets
701 1017 131 27 borgenärer
847 1018 48 21 sökt

139 1052 37 21 och
202 1051 48 21 dess
272 1051 49 27 gäld
337 1052 88 26 gulden;
442 1052 39 21 och
496 1053 36 20 må
548 1052 64 21 sedan
629 1051 134 22 återstående
779 1053 116 21 behållnin-

139 1092 39 21 gen
194 1085 94 22 fördelas
304 1086 92 21 emellan
412 1086 167 27 bolagsmännen
596 1086 7 21 i
618 1087 50 20 mån
685 1086 23 21 af
721 1086 90 21 enhvars
827 1087 69 20 andel.

207 1120 31 21 På
261 1120 167 27 bolagsmännen
448 1121 115 21 ankomme
578 1122 32 20 att
625 1121 84 21 besluta
725 1127 34 15 om
775 1123 67 20 sättet
857 1122 40 21 och

139 1155 116 27 ordningen
272 1155 33 21 för
320 1155 144 27 egendomens
479 1155 153 22 förvandlande
647 1155 8 21 i
669 1156 118 27 penningar
802 1156 40 21 och
851 1157 46 26 gäl-

139 1190 53 21 dens
208 1189 120 22 betalande.

491 1237 27 20 44
533 1237 20 27 8.

207 1277 99 21 Beslutes
329 1277 137 26 nedsättning
488 1277 24 20 af
532 1277 133 27 aktiebolags
687 1278 160 27 grundkapital,
864 1281 32 19 ut-

139 1311 85 26 delning
241 1311 23 21 af
278 1311 55 21 hvad
349 1312 67 27 enligt
432 1312 195 27 bolagsordningen
647 1312 32 21 till
695 1312 70 21 dettas
782 1313 115 21 säkerstäl-

140 1345 62 21 lande
224 1345 68 22 finnes
310 1346 66 21 afsatt
392 1347 52 20 eller
459 1347 97 26 bolagets
571 1346 98 27 förening
683 1347 49 20 med
748 1350 64 19 annat
827 1348 70 27 bolag,

140 1380 64 21 varde
220 1381 46 25 ock,
282 1381 65 21 innan
364 1381 36 20 det
416 1381 54 26 sker,
487 1381 145 27 ärsstämning
647 1381 48 21 sökt
711 1381 38 22 och
765 1382 77 27 gälden
852 1383 46 26 gul-

140 1415 48 26 den,
204 1416 71 20 såsom
291 1415 7 21 i
314 1417 26 20 43
356 1415 11 28 &
384 1417 65 26 sagts.

492 1485 28 20 45
536 1484 19 28 8.

208 1524 46 21 Har
279 1524 135 27 aktiebolags
437 1524 106 27 egendom
566 1525 91 21 afträdts
679 1525 33 22 till
727 1525 101 28 konkurs,
845 1526 55 22 skall
