1142 1803
291 169 25 20 18
593 170 44 23 N:o
658 171 21 21 9.

607 238 10 26 $
633 238 34 20 33.

331 277 141 21 Innehafvare
488 276 23 22 af
525 277 93 21 boställe
635 284 46 20 ege,
697 277 54 21 efter
761 277 160 28 godtfinnande,
933 278 33 21 för
977 278 40 21 den

258 312 32 21 tid
312 311 43 21 han
377 312 90 21 besitter
486 312 101 20 bostället
602 314 81 24 antaga
699 312 66 20 åboar
782 312 13 20 å
810 312 25 21 de
850 312 106 27 jordtorp,
972 319 45 15 som

260 347 107 21 derunder
390 348 56 26 lyda.
478 343 84 25 Önskar
585 347 42 21 han
643 349 78 25 antaga
736 350 87 24 torpare
840 348 33 21 för
888 348 74 27 längre
978 349 38 26 tid,

259 383 95 25 uppgöre
370 382 74 21 derom
459 381 103 27 skriftligt
577 381 108 27 kontrakt,
703 382 54 21 dock
773 383 18 26 ej
808 382 33 21 för
852 382 52 21 flera
916 385 27 18 än
954 383 63 27 högst

259 416 74 21 femtio
357 416 29 27 år,
404 417 38 22 och
458 417 92 21 inlemne
567 417 36 20 det
619 417 32 20 till
667 416 147 22 Guvernörens
829 417 108 28 pröfning.
968 418 48 21 Fin-

259 459 39 14 ner
322 452 143 27 Guvernören,
482 452 54 21 efter
559 452 162 27 församlingens
745 453 39 20 och
804 453 159 26 Domkapitlets
979 453 36 21 hö-

258 487 74 27 rande,
350 487 77 22 aftalet
442 487 64 22 lända
521 487 100 22 bostället
636 487 33 21 till
685 487 74 26 fördel,
777 494 50 20 eger
837 488 43 21 han
890 488 125 21 kontraktet

258 521 110 22 fastställa
391 522 48 21 med
462 522 123 21 utsättande
609 521 23 21 af
647 522 36 21 det
698 522 76 27 vilkor,
791 524 32 19 att
839 523 119 20 detsamma
973 522 42 21 för-

258 557 83 25 verkas,
366 563 33 15 om
422 559 102 24 torparen
546 557 73 26 bryter
635 557 44 20 mot
695 556 192 22 bestämmelserna
903 557 45 21 deri
964 557 51 21 eller

258 590 94 22 föröfvar
376 591 94 21 åverkan
492 591 52 21 eller
568 592 65 20 annat
657 591 69 27 ohägn
747 592 12 20 ä
775 592 108 27 bostället,
901 592 52 21 eller
967 591 50 28 sjelf

259 625 57 21 förer
340 626 52 21 eller
414 626 39 21 hos
476 626 32 27 sig
527 626 62 26 hyser
606 626 74 26 andra,
697 632 45 15 som
759 626 46 21 föra
821 628 32 20 ett
868 627 91 21 lastbart
975 626 39 22 och

258 659 227 28 förargelseväckande
508 660 98 27 lefverne,
631 662 54 19 samt
708 660 47 22 icke
771 661 55 21 låter
841 660 24 22 af
879 661 88 27 varning
982 661 33 27 sig

258 696 64 25 rätta,
339 695 52 21 eller
406 695 100 21 beträdes
522 695 48 21 med
586 695 65 25 brott,
668 701 44 15 som
729 694 84 22 medför
827 695 106 27 vanfräjd.

604 759 11 27 8
632 759 33 20 34.

331 794 84 26 Önskar
438 798 178 22 boställshafvare
639 799 142 20 utarrendera
803 799 91 21 boställe
911 799 52 21 eller
979 799 33 21 del

258 833 63 21 deraf
334 833 27 27 på
376 834 42 21 viss
432 834 38 23 tid,
488 839 44 15 som
550 833 53 21 dock
619 833 18 26 ej
654 833 33 21 får
708 833 115 27 öfverstiga
839 833 54 22 hans
909 840 52 20 egen
977 834 36 21 be-

257 868 140 27 sittningstid,
414 868 50 21 söke
479 867 98 22 tillstånd
593 867 71 22 dertill
680 867 38 21 hos
734 867 146 28 Guvernören,
897 874 46 15 som
959 867 54 22 efter

257 902 166 27 församlingens
443 903 38 21 och
498 902 157 27 Domkapitlets
673 902 97 21 hörande
786 909 49 20 eger
850 903 7 20 i
873 903 88 21 ärendet
977 903 36 20 be-

257 938 98 20 stämma.

328 972 11 21 I
363 971 113 22 enahanda
496 971 91 27 ordning
602 972 35 20 må
653 971 44 26 ock,
715 977 33 15 om
765 971 74 21 sådant
855 971 79 21 funnits
949 971 64 22 lända

256 1005 92 22 boställe
363 1006 33 21 till
411 1008 67 25 nytta,
494 1006 55 27 plats
566 1005 33 22 för
614 1012 72 20 qvarn,
703 1007 40 26 såg
758 1006 51 21 eller
821 1012 68 15 annan
900 1005 112 22 industriel

256 1041 118 26 inrättning
397 1041 109 21 derstädes
529 1040 100 27 upplåtas
652 1040 33 21 för
708 1041 42 20 viss
766 1041 38 25 tid,
821 1041 54 20 dock
891 1041 46 20 icke
953 1041 60 21 öfver

257 1074 73 21 femtio
346 1075 30 26 år,
388 1075 39 21 och
438 1077 58 19 emot
506 1075 98 20 bestämd
616 1074 54 27 årlig
681 1074 74 27 afgäld
765 1075 34 20 till
810 1074 201 21 boställshafvaren.

603 1137 11 27 8
631 1138 33 21 35.

327 1178 83 21 Varder
433 1179 65 26 något
513 1177 48 21 med
574 1177 105 27 jordbruk
695 1177 100 22 förenadt
809 1177 92 22 boställe
917 1177 23 22 af
953 1178 58 21 inne-

255 1212 103 21 hafvaren
382 1212 134 27 synnerligen
540 1211 138 26 vanvårdadt,
703 1211 24 22 så
747 1213 31 20 att
794 1218 91 21 egornas
901 1212 56 21 bruk
973 1212 39 21 och

255 1247 51 20 häfd
328 1247 7 20 i
358 1247 42 26 hög
422 1247 53 27 grad
490 1246 138 22 försummats
643 1247 38 21 och
699 1246 24 21 de
740 1246 23 21 af
777 1247 159 21 vederbörande
953 1253 58 20 myn-

255 1281 98 27 digheter
375 1281 38 21 och
433 1279 35 23 vid
485 1281 138 21 ekonomiska
639 1281 147 26 besigtningar
801 1280 58 27 gifna
875 1281 136 26 anvisningar

254 1316 46 21 icke
323 1316 65 27 följts,
412 1317 35 20 må
465 1315 152 27 Domkapitlet,
633 1317 28 25 på
677 1315 72 21 derom
765 1315 62 27 gjord
843 1315 106 26 anmälan,
965 1315 46 21 låta

254 1351 122 27 undersöka
399 1350 144 21 förhållandet
567 1350 44 26 och,
628 1350 7 20 i
658 1350 103 21 händelse
777 1350 47 21 skäl
841 1349 120 26 förefinnas,
978 1349 33 22 till

254 1384 140 21 Guvernören
418 1384 130 22 öfverlemna
571 1386 32 19 att
622 1384 103 21 förordna
741 1390 33 15 om
791 1384 112 21 boställets
920 1383 91 22 öfverlå-

254 1419 66 20 tande
343 1420 28 25 på
394 1419 88 21 arrende
506 1419 47 20 med
569 1418 122 27 skyldighet
706 1418 34 21 för
756 1419 143 20 arrendatorn
915 1420 32 19 att
962 1417 48 22 full-

253 1455 53 24 göra
321 1453 56 21 hvad
392 1454 6 20 i
415 1453 101 21 afseende
532 1454 13 20 å
560 1453 111 21 boställets
687 1452 113 22 underhåll
815 1452 62 27 eljest
893 1452 71 27 ålegat
974 1452 37 21 bo-

252 1487 172 21 ställshafvaren.
454 1487 42 21 Vid
512 1488 67 20 sådan
596 1487 120 27 upplåtelse
727 1487 24 21 af
760 1486 135 28 embetsgård
907 1493 49 20 eger
968 1486 42 22 Gu-
