1142 1803
456 184 56 23 N:o
529 183 31 23 3.

337 357 73 24 Hans
429 356 176 32 Kejserliga
624 356 164 31 Majestäts
808 358 81 31 nådiga

270 402 139 32 proposition
427 402 35 24 till
479 402 103 25 Finlands
595 402 102 32 Ständer,
713 402 114 31 angående
841 403 49 24 för-

270 449 107 31 längning
404 449 27 24 af
457 449 58 24 tiden
539 449 7 24 i
569 449 62 24 vissa
656 449 42 24 fall
716 449 38 24 för
773 449 117 31 ändrings-

271 495 99 24 sökande
388 493 53 26 från
454 495 185 24 häradsrätterne
658 495 8 23 i
684 485 79 34 Ålands
777 495 112 30 domsaga.

202 564 10 20 I
231 563 111 21 skrifvelse
361 563 22 20 af
402 563 38 20 den
459 564 25 19 25
501 563 42 26 Maj
562 563 53 20 1888
631 563 64 20 hafva
711 563 101 20 Finlands
830 563 61 21 Stän-

134 598 37 21 der
194 598 5 21 i
224 598 170 26 underdånighet
417 597 97 27 anhållit,
536 598 35 20 det
592 597 83 21 täcktes
694 597 61 21 Hans
771 597 120 27 Kejserliga

133 632 99 27 Majestät
255 634 50 24 taga
325 632 67 20 under
412 632 104 26 pröfning,
533 632 104 20 huruvida
654 631 53 26 icke,
725 632 5 20 i
749 632 142 20 betraktande

134 666 22 21 af
170 667 26 20 de
212 666 74 21 tidtals
302 666 128 20 inträffande
446 666 108 21 afbrotten
571 666 6 20 i
592 666 215 20 kommunikationen
824 666 63 20 emel-

133 702 35 20 lan
188 696 70 26 Äland
279 701 38 20 och
336 700 55 21 fasta
407 700 79 26 landet,
503 701 45 20 skäl
564 700 131 21 förekomme
712 703 31 18 att
760 700 33 21 för
808 695 80 26 Ålands

134 735 101 26 domsaga
257 735 97 26 förlänga
376 735 97 20 besvärs-
498 735 39 20 och
560 734 119 21 vadetiden,
702 734 37 21 der
755 735 70 20 denna
841 735 48 20 sist-

134 770 93 20 nämnda
247 771 23 18 är
286 769 72 21 trettio
375 769 72 26 dagar,
464 771 62 23 samt,
543 769 6 20 i
565 769 102 20 händelse
683 775 25 14 en
725 769 162 27 lagförändring

134 805 6 19 i
156 804 92 20 nämnda
264 803 118 21 hänseende
398 803 103 21 befunnes
517 804 70 25 nödig,
601 803 110 26 förelägga
723 803 120 22 Ständerna
854 804 34 20 vid

135 839 68 20 denna
218 838 103 23 landtdag
336 838 65 26 nådig
417 839 135 26 proposition
567 839 7 19 i
591 840 79 19 ämnet.

202 873 42 20 För
268 873 132 20 bedömande
424 873 23 20 af
465 875 75 24 nyttan
557 873 37 20 och
610 873 185 26 nödvändigheten
813 873 22 20 af
850 873 40 20 den

135 907 125 26 ifrågasatta
282 906 186 27 lagförändringen
492 907 38 20 har
553 907 114 26 utredning
687 907 147 20 införskaffats
855 913 34 14 om

134 942 26 20 de
176 942 6 20 i
198 947 29 14 nu
242 941 92 21 nämnda
354 941 33 20 del
405 941 22 21 af
441 941 74 21 landet
530 941 67 21 under
612 941 57 20 vissa
685 941 55 21 tider
756 941 23 21 af
793 941 46 22 året
856 941 33 21 rå-

111 985 5 4 +
135 976 68 21 dande
211 975 211 21 naturförhällanden
433 975 109 22 äfvensom
552 975 109 26 angående
670 975 25 21 de
705 976 122 26 härigenom
836 978 53 19 rätt-

134 1009 94 22 sökande
248 1014 73 22 parter
340 1010 138 21 förorsakade
496 1011 144 26 olägenheter.
671 1011 10 20 I
697 1010 76 21 sådant
789 1011 99 20 afseende

134 1045 39 19 har
195 1044 181 26 postförvaltaren
395 1045 6 19 i
421 1045 136 20 Mariehamn
572 1045 88 26 intygat,
679 1047 32 18 att
726 1047 84 24 postens
826 1045 63 21 fram-

134 1078 71 21 komst
227 1078 48 21 från
297 1073 69 26 Åland
388 1079 33 20 till
445 1079 56 20 fasta
521 1079 71 20 landet
610 1079 47 20 icke
675 1079 42 20 kan
733 1079 48 20 höst
796 1080 39 19 och
851 1080 38 19 vår

134 1113 106 20 beräknas
263 1113 6 20 i
292 1113 105 20 anseende
420 1113 32 20 till
472 1113 63 20 svåra
551 1112 166 21 isförhållanden
734 1114 69 19 denna
819 1113 31 20 tid
867 1113 22 20 af

134 1147 53 26 året,
211 1149 55 18 samt
290 1150 32 17 att
344 1149 102 24 posterna
469 1147 108 21 derunder
597 1147 99 21 stundom
713 1147 56 27 dröjt
785 1147 55 21 ända
856 1148 32 20 till

134 1181 78 27 fjorton
229 1181 65 27 dagar
310 1182 90 21 emellan
416 1182 92 20 nämnda
528 1183 34 20 ort
578 1181 39 22 och
632 1176 47 26 Åbo
697 1182 55 21 stad.
783 1182 108 26 Derjemte
906 1201 3 2 .

135 1216 40 21 har
197 1211 47 26 Åbo
266 1216 88 21 Hofrätt
377 1217 87 26 anmält,
489 1216 37 21 det
543 1218 79 25 parter,
641 1216 73 21 hvilka
729 1217 70 20 skolat
815 1217 76 20 under-

135 1251 63 20 ställa
220 1251 127 20 Hofrättens
366 1251 98 26 pröfning
480 1251 78 26 utslag,
574 1257 47 14 som
635 1251 126 20 häradsrätt
777 1251 28 26 på
821 1245 69 27 Åland

135 1285 110 26 afkunnat,
266 1285 69 26 någon
355 1285 56 27 gång
427 1285 6 20 i
449 1285 52 26 följd
518 1285 23 20 af
554 1285 141 21 omförmälda
711 1285 81 21 afbrott
807 1285 7 20 i
830 1285 59 21 kom-

136 1319 160 21 munikationen
317 1319 47 21 icke
382 1319 82 21 kunnat
480 1320 59 20 inom
554 1319 89 27 stadgad
659 1319 106 27 fataljetid
781 1319 109 22 derstädes

135 1353 92 27 fullfölja
243 1354 211 27 ändringssökandet.

204 1388 60 21 Hans
288 1388 118 27 Kejserliga
429 1388 100 27 Majestät
552 1388 38 21 har
612 1387 27 27 på
657 1388 69 26 grund
745 1388 64 20 häraf
822 1390 69 19 ansett

136 1422 46 21 skäl
204 1422 116 21 förefinnas
343 1423 33 20 till
396 1422 224 26 lagstiftningsåtgärd
635 1423 7 20 i
658 1422 35 21 det
709 1421 60 27 syfte,
786 1424 32 19 att
833 1423 58 20 tiden

136 1456 34 21 för
184 1456 95 21 sökande
295 1456 23 20 af
332 1456 89 26 ändring
436 1456 7 20 i
459 1456 123 21 underrätts
598 1456 75 26 utslag,
693 1456 37 20 der
746 1456 69 20 denna
831 1456 62 27 eljest

136 1492 62 25 utgör
220 1491 75 21 trettio
319 1491 71 25 dagar,
414 1490 70 21 blefve
507 1490 34 21 för
560 1485 82 26 Ålands
663 1490 104 26 domsaga
782 1490 111 27 förlängd;
