1142 1803
262 201 26 21 30

461 201 28 22 U.
506 201 27 22 B.
550 214 27 2 —
594 201 75 29 Prop.
685 201 47 23 N:o
747 202 21 22 1.

683 265 14 27 $
712 265 35 21 18.

502 321 58 21 Utan
586 321 67 21 skildt
678 321 149 27 förordnande
851 322 37 21 mä
913 322 74 21 landi-

439 357 89 25 mätare,
554 356 37 20 der
611 355 24 20 sä
651 356 70 26 äskas,
744 356 5 19 i
763 356 163 27 sammanhang
940 357 50 20 med

438 389 109 28 storskafte
566 385 9 36 —
583 389 51 21 eller
669 389 184 28 —skiftesreglering
891 390 98 27 lägenhet

439 423 81 28 klyfva,
542 423 25 21 sä
588 423 43 27 ock,
652 423 29 21 dä
695 423 46 21 han
755 423 127 28 förordnats
897 426 33 19 att
943 424 46 21 viss

438 458 150 21 hemmansdel
600 457 95 28 utbryta,
711 458 101 27 derjemte
824 458 116 21 verkställa
951 460 35 19 ut-

440 492 104 28 brytning
560 491 28 28 af
599 499 78 13 annan
693 492 64 21 andel
767 492 9 20 i
785 499 87 14 samma
884 492 103 27 lägenhet,

438 526 25 21 sä
478 526 69 27 framt
562 527 47 26 den,
625 533 48 14 som
687 526 62 27 dylik
763 526 136 28 förrättning
918 527 69 26 begär,

440 561 34 20 till
493 561 116 27 styrkande
631 561 28 27 af
676 561 37 20 sin
728 561 92 27 egande-
837 561 51 20 eller
903 561 86 20 åborätt

438 595 78 27 företer
539 595 108 27 protokoll
671 594 60 28 öfver
761 595 80 20 honom
867 595 122 21 meddeladt

438 629 90 27 uppbud
548 629 51 21 eller
621 629 35 20 till
678 629 80 21 honom
779 629 115 27 utfärdadt
911 628 75 28 faste-,

438 664 78 20 skatte-
534 663 51 21 eller
599 662 193 28 immissionsbref.

496 697 121 28 Styckning
638 697 39 21 och
697 697 132 27 afsöndring
856 704 34 20 ege
912 697 73 21 landi-

438 733 84 19 mätare
542 731 37 21 ock
596 731 33 28 pä
653 731 112 27 sakegares
795 731 112 21 anmodan
931 733 56 18 utan

438 765 147 28 förordnande
600 765 116 21 verkställa
728 774 1 17 ;
745 765 52 21 dock
813 765 37 21 bör
865 765 45 21 han
925 765 9 20 i
948 765 37 21 sä-

438 800 55 20 dant
512 799 44 28 fall
573 801 78 26 genast
671 799 54 28 efter
745 800 132 27 uppdragets
894 801 91 19 emotta-

437 833 70 28 gande
522 834 73 20 derom
611 833 38 21 hos
663 834 212 20 länelandtmätaren
887 834 97 20 anmäla.

680 897 15 26 $
710 897 33 20 19.

495 952 113 28 Klyfning
629 953 122 20 verkställes
769 953 32 27 pä
816 955 44 18 sätt
874 953 73 21 derom
961 955 27 19 är

438 987 150 20 särskildt
602 987 106 27 stadgadt,
729 987 52 21 dock
796 989 34 19 att
843 987 144 28 skiljoräerna

439 1021 52 21 böra
505 1021 37 20 vid
556 1021 155 27 utstakningen
728 1022 51 20 eller
794 1021 131 21 omedelbart
937 1022 48 20 der-

438 1055 54 27 efter
507 1056 116 26 rörläggas.
655 1055 36 21 Då
712 1055 179 27 klyfningsskifte
906 1056 81 20 vunnit

439 1089 49 28 laga
508 1089 65 27 kraft,
597 1089 56 20 skall
674 1089 213 21 länelandtmätaren
901 1089 10 20 i
920 1089 65 28 jord-

438 1123 98 28 registret
550 1123 77 28 införa
641 1123 88 21 delarne
744 1123 73 21 säsom
829 1123 70 20 skilda
911 1123 73 27 lägen-

438 1157 58 21 heter
517 1159 58 19 samt
595 1157 74 21 derom
693 1157 74 20 teckna
789 1157 57 20 bevis
868 1157 14 20 &
907 1157 80 20 kartan

438 1191 38 21 och
490 1191 270 28 delmingsinstrumentet
758 1187 9 36 ;
781 1191 38 21 och
834 1191 96 21 kommer
944 1191 41 21 hä-

437 1226 107 21 radsrätts
566 1225 123 28 befattning
709 1226 50 20 med
779 1225 207 28 klyfningsskiftens

437 1260 152 27 fastställande
605 1261 34 19 att
652 1259 36 28 för
702 1259 123 28 framtiden
839 1259 107 28 upphöra.

494 1293 50 21 Har
566 1293 103 28 klyfning
687 1294 54 20 skett
761 1295 56 19 utan
839 1293 147 27 förordnande

437 1329 51 20 eller
507 1327 65 28 fräga
594 1328 72 20 väckts
687 1335 35 13 om
744 1327 112 28 frihetsär,
880 1327 51 20 eller
945 1327 42 20 har

437 1362 119 27 stridighet,
578 1369 47 13 som
645 1362 10 20 i
677 1363 31 19 20
729 1362 14 27 $
763 1363 98 24 nämnes,
881 1361 104 28 uppstått,

437 1396 92 21 insände
566 1396 215 21 länelandtmätaren
821 1395 166 27 handlingarna

432 1430 68 27 jemte
515 1432 45 25 eget
573 1431 102 26 yttrande
692 1430 34 20 till
742 1432 137 25 guvernören
895 1429 38 20 och
947 1428 37 27 af-

437 1464 61 20 vakte
518 1464 80 20 dennes
621 1464 69 20 beslut
709 1464 10 20 i
739 1464 72 26 saken,
832 1463 73 21 innan
923 1462 61 27 infö-

437 1498 78 20 randet
529 1498 9 20 i
552 1498 100 27 registret
666 1498 53 20 sker.

300 1536 48 23 Lag-
361 1537 33 17 och
405 1537 181 18 Ekonomiutskottets
599 1537 110 17 betänkande
721 1537 37 17 N:o
771 1537 15 17 1.
