1142 1803
392 195 29 22 U.
438 195 27 22 B.
484 208 23 2 —
525 195 75 29 Prop.
616 195 46 23 N:o
678 196 21 21 1.
873 198 26 19 47

585 258 121 29 Förordning,
727 258 131 24 innehällande
878 260 51 23 vissa

515 292 118 29 stadganden
656 292 81 24 rörande
755 292 43 30 lega
814 293 21 24 af
847 293 42 29 jord
905 295 24 28 pä

514 326 71 25 landet.

434 389 51 21 Med
507 389 139 28 upphäfvade
667 389 28 28 af
709 389 71 28 kongl.
797 390 130 27 förordnin-

375 430 42 20 gen
436 423 42 21 den
497 424 26 20 13
532 423 57 28 juni
603 424 68 26 1800,
687 424 94 21 rörande
795 424 80 21 städsel
890 424 39 21 och

377 458 46 27 lega
446 457 28 28 af
488 458 54 27 jord
553 457 32 28 pä
601 458 78 27 landet,
695 459 59 20 samt
769 459 49 20 med
833 459 96 26 ändring

376 491 29 28 af
424 493 12 19 1
459 492 38 21 och
516 493 28 20 15
560 493 29 25 $$
603 493 29 20 16
647 492 48 28 kap.
713 491 147 22 Jordabalken
875 499 52 14 var-

376 526 38 21 der
428 526 129 27 härigenom
572 526 131 27 förordnadt
717 533 48 14 som
780 525 76 29 följer:

626 602 15 24 8
656 601 18 20 1.

434 645 52 21 Alla
507 646 58 27 aftal
587 652 35 14 om
643 646 47 27 lega
704 645 29 28 af
739 646 54 28 jord
804 646 33 28 pä
853 646 74 21 landet

376 680 60 21 skola
458 680 65 27 ingås
545 680 124 27 skriftligen
693 680 46 20 och
760 680 57 21 med
837 682 89 19 utsät-

377 714 77 21 tande
474 714 32 27 af
518 714 115 21 bestämd
654 714 71 27 årlig
741 714 61 27 lega.
835 714 90 21 Munit-

378 748 48 27 ligt
442 748 125 27 legoaftal
589 748 77 27 hafve
688 748 45 21 icke
751 755 80 14 annan
846 748 81 21 verkan

376 784 32 19 än
422 782 10 21 i
448 783 16 20 2
478 783 15 26 $
507 784 57 25 sägs.

624 841 15 24 $
655 839 21 20 2.

434 884 50 21 Har
495 884 74 27 någon
585 879 63 32 efter
660 884 89 27 muntlig
764 884 161 27 öfverenskom-

377 919 65 21 melse
464 919 70 27 börjat
552 919 68 20 bruka
635 925 78 14 annan
729 918 98 28 tillhörig
837 919 87 27 jordlä-

375 953 78 28 genhet
468 953 51 21 eller
534 955 54 25 torp,
603 959 52 14 vare
669 953 63 20 såväl
737 953 132 28 jordegaren
879 959 48 14 som

377 987 109 21 brukaren
501 987 121 27 berättigad
636 988 33 19 att
685 987 63 27 legan
760 988 43 19 när
813 993 47 14 som
871 986 56 21 helst

376 1023 105 26 uppsäga.
513 1021 60 21 Dock
594 1021 61 28 njute
675 1021 108 20 hvardera
798 1020 54 28 efter
866 1027 58 20 upp-

376 1055 122 27 sägningen
513 1055 41 21 den
570 1055 37 27 tid,
623 1062 47 14 som
685 1055 9 20 i
711 1056 14 19 5
740 1057 15 24 $
770 1056 27 19 16
813 1055 47 27 kap.
876 1054 50 20 Jor-

376 1089 106 21 dabalken
496 1091 57 25 sägs.

623 1157 15 25 $
655 1157 20 20 3.

433 1201 176 28 Jordlägenheter
627 1201 40 21 och
681 1203 48 26 torp
744 1201 38 21 må
796 1202 84 27 utlegas
893 1200 32 28 på

378 1236 146 27 legotagarens
544 1236 71 27 lifstid
630 1236 51 21 eller
693 1235 32 28 på
741 1235 96 21 bestämd
852 1235 38 27 tid,
906 1235 21 27 &

377 1270 75 27 längre
474 1272 31 19 än
527 1270 76 27 femtio
621 1270 32 21 år.
686 1265 35 26 Är
741 1270 22 27 ej
779 1269 38 21 tid
831 1271 94 24 utsatt,

374 1304 69 27 gälle
459 1304 161 27 legoaftalet
634 1304 9 20 i
659 1304 36 21 tio
710 1303 35 22 år.

627 1379 14 24 $
656 1379 20 19 4

432 1423 117 27 Jordegare
571 1430 50 13 vare
639 1423 85 27 jemväl
747 1422 79 21 tillåtet
843 1424 34 19 att
891 1421 36 21 till

375 1457 115 27 nyttjande
510 1457 37 27 för
568 1458 71 19 annat
655 1456 106 21 ändamål
776 1458 31 19 än
816 1455 110 29 jordbruk

375 1488 93 30 upplåta
482 1491 55 21 visst
552 1490 87 22 område
653 1490 29 28 af
693 1490 37 21 sin
741 1490 104 28 lägenhet.
867 1489 56 27 Dy-

238 1530 48 23 Lag-
299 1530 32 18 och
342 1530 182 18 Ekonomiutskottets
537 1530 109 18 betänkande
658 1530 38 17 N:o
705 1531 15 16 1.
