1142 1803
339 198 85 23 Ständ.
440 198 39 22 Sv.
496 210 28 3 —
540 198 77 28 Prop.
633 196 46 24 N:o
694 197 39 22 10.
858 197 26 21 11

155 262 85 22 tillfälle
263 264 31 19 att
314 270 25 13 ur
361 262 175 28 bolagsregistret
558 260 81 22 erhålla
660 260 132 28 upplysning
807 266 35 14 om
856 258 59 23 hvad

155 296 130 22 härutinnan
300 296 38 22 vid
353 296 97 28 bolagets
465 294 104 22 bildande
582 294 44 22 kan
640 302 53 14 vara
707 293 98 27 aftaladt,
827 300 27 14 en
876 292 39 29 dy-

158 330 31 22 lik
204 331 140 27 lösningsrätt
358 331 8 20 i
380 330 42 21 alla
436 330 39 20 fall
490 331 63 26 utgör
567 331 32 19 ett
615 328 110 28 undantag
740 327 50 21 från
811 327 42 22 den
877 327 38 22 all-

158 366 77 19 männa
250 365 73 27 regeln
346 372 35 13 om
403 364 138 21 aktierättens
564 362 120 29 öfvergång
707 362 41 21 och
772 362 143 21 allmänheten

157 399 51 21 med
228 399 116 28 anledning
365 398 62 21 häraf
448 398 41 21 lätt
510 397 72 22 kunde
603 397 81 21 förbise
707 399 32 19 att
753 399 51 25 taga
818 397 97 20 närmare

158 433 122 21 kännedom
296 440 34 14 om
345 433 89 21 hvilken
449 432 82 21 verkan
546 431 153 22 öfverlåtelsen
714 431 23 21 af
747 430 57 21 aktie
819 431 8 20 i
841 430 74 27 hvarje

157 467 103 22 särskildt
275 467 38 22 fall
328 467 43 21 kan
385 466 103 27 medföra,
504 473 63 22 synes
579 465 127 28 billigheten
723 464 80 27 fordra,
817 467 32 18 att
871 463 45 21 för-

159 501 71 22 behåll
246 509 34 14 om
294 503 43 19 rätt
352 501 32 21 till
399 501 83 21 inlösen
498 500 22 21 af
535 500 57 21 aktie
607 500 45 26 bör,
664 499 35 21 för
709 501 32 19 att
750 499 61 28 gälla,
826 499 8 20 i
849 498 67 21 aktie-

158 535 87 22 brefvet
260 537 94 26 intagas;
370 535 41 22 och
425 535 39 21 har
478 535 58 28 förty
552 542 26 13 en
597 533 224 28 tilläggsbestämning
842 532 75 21 härom

159 569 74 22 blifvit
247 571 32 19 uti
295 571 26 20 32
336 570 42 27 (31)
394 571 12 26 $
421 569 79 21 införd.

229 606 29 20 36
274 604 46 28 (35)
338 604 21 28 $.
388 604 12 20 I
421 604 74 28 hvarje
518 603 120 29 aktiebolag
660 601 85 23 inträffa
766 604 76 20 nästan
865 602 52 28 dag-

160 638 58 28 ligen
232 638 266 29 penningetransaktioner
512 638 23 21 af
550 638 57 21 olika
621 638 52 27 slag,
688 637 41 21 och
751 644 46 14 som
819 636 98 28 bolagets

160 673 114 28 tillgångar
288 673 49 21 icke
352 672 60 22 alltid
426 673 74 21 kunna
514 680 52 14 vara
580 672 128 28 disponibla,
722 671 123 21 framkallas
855 670 62 22 häraf

160 707 51 21 med
224 706 162 29 nödvändighet
400 706 88 22 fordran
503 707 28 28 på
545 706 102 28 rättighet
661 706 35 21 för
710 706 98 27 bolagets
827 705 90 28 styrelse

160 744 33 18 att
207 742 7 20 i
230 741 48 21 dess
294 749 65 13 namn
373 741 72 21 ikläda
460 741 33 28 sig
508 739 251 30 penningeförbindelser
774 739 23 22 af
808 739 43 22 den
863 741 55 19 mest

162 775 118 21 olikartade
307 775 153 21 beskaffenhet.
490 775 106 21 Särskildt
620 775 67 28 gäller
712 774 60 21 detta
795 773 123 28 aktiebolag

161 809 50 22 med
225 817 58 14 mera
297 809 48 22 vidt
359 809 117 28 utgrenade
492 809 81 21 affärer.
602 808 60 23 Utan
677 810 42 19 rätt
735 811 31 18 att
787 807 130 29 exempelvis

162 843 72 22 ikläda
250 845 32 26 sig
296 843 206 22 vexelförbindelser
517 843 68 22 skulle
601 843 104 28 styrelsen
721 843 46 20 ofta
781 849 43 21 nog
845 841 74 22 kunna

162 877 70 22 blifva
247 878 87 21 alldeles
350 877 105 22 förlamad
469 879 7 20 i
492 879 33 20 sin
539 877 142 27 verksamhet,
696 884 49 14 men
764 876 65 22 äfven
851 875 68 22 andra

162 913 243 27 penningeoperationer
419 912 73 21 kunna
514 912 155 28 ifrågakomma
691 911 34 21 för
747 910 171 27 förvaltningens

163 946 101 28 behöriga
278 946 174 27 handhafvande,
467 946 70 21 såsom
556 945 138 30 upptagande
716 945 23 22 af
761 943 158 23 kassakreditiv

162 988 27 13 m.
204 988 27 13 m.
260 980 112 21 Förbudet
386 981 7 20 i
408 987 75 14 senare
499 983 116 18 momentet
629 980 23 21 af
667 981 27 20 36
710 980 42 27 (35)
768 980 12 27 &
795 979 34 20 för
850 978 68 21 aktie-

162 1014 75 29 bolags
253 1015 89 28 styrelse
358 1017 31 18 att
403 1017 52 18 utan
470 1015 178 28 bolagsmännens
664 1013 105 22 särskilda
780 1013 72 22 beslut
864 1020 55 21 upp-

162 1051 50 25 taga
226 1049 36 20 län
278 1049 38 21 har
330 1049 58 28 förty
404 1049 22 21 af
441 1049 120 21 Ständerna
575 1049 114 21 uteslutits.

232 1084 29 19 38
280 1083 48 27 (37)
351 1083 20 27 $.
401 1083 102 20 Likasom
527 1083 132 27 aktiebolags
679 1082 95 29 styrelse,
795 1082 50 21 med
867 1082 52 20 hän-

162 1124 40 21 syn
217 1117 33 20 till
266 1116 26 21 de
306 1117 70 20 henne
392 1117 7 20 i
414 1117 116 20 allmänhet
548 1116 113 29 äliggande
683 1116 173 29 förpligtelserna
879 1115 40 22 och

163 1150 88 21 dermed
271 1150 95 29 följande
386 1158 83 19 ansvar,
491 1151 40 21 bör
552 1158 51 14 vara
625 1150 121 28 berättigad
768 1153 36 24 att,
823 1150 38 21 der
875 1149 44 21 hon

162 1192 63 13 anser
240 1185 164 28 bolagsstämma
419 1185 67 21 hafva
501 1184 140 22 öfverskridit
655 1185 34 20 sin
711 1184 132 28 befogenhet
865 1186 55 19 samt

162 1219 87 20 rättelse
264 1219 128 20 härutinnan
406 1219 23 20 af
444 1221 104 19 stämman
563 1219 96 26 afvisats,
675 1219 75 28 afsäga
765 1219 32 28 sig
813 1219 37 20 sitt
864 1225 55 21 upp-

162 1252 59 28 drag,
236 1253 69 21 likaså
319 1253 68 21 måste
403 1253 13 21 å
430 1253 67 21 andra
512 1253 61 21 sidan
588 1253 167 28 bolagsstämma
769 1260 39 21 ega
817 1252 104 28 rättighet

162 1289 32 18 att
209 1285 136 30 aflägsna
318 1281 28 39 en
361 1287 101 28 olämplig
475 1288 119 27 syssloman
614 1287 65 22 äfven
694 1287 47 21 före
757 1287 42 21 den
813 1286 39 22 vid
866 1286 53 21 hans

162 1321 122 28 antagande
304 1321 116 21 förutsatta
439 1321 71 22 tidens
533 1321 86 28 utgång.
647 1321 44 21 Till
713 1320 162 29 förebyggande
897 1320 24 21 af

161 1355 133 21 tvifvelsmål
304 1355 38 21 har
352 1355 132 22 sistnämnda
495 1357 102 27 rättighet
611 1358 81 19 ansetts
707 1355 52 22 böra
774 1354 146 29 uttryckligen

161 1389 79 21 uttalas
255 1390 7 20 i
277 1389 69 28 lagen,
360 1389 118 29 hvarjemte
494 1389 45 22 deri
554 1389 79 22 införts
649 1389 135 28 bestämning
799 1389 55 21 huru
875 1388 46 21 för-

162 1422 67 22 hållas
255 1423 44 26 bör,
322 1423 28 21 då
372 1424 119 27 syssloman
515 1424 50 28 eljes
589 1423 69 29 afgått
679 1424 48 20 före
747 1423 43 21 den
808 1422 113 22 bestämda

161 1456 66 22 tiden.
258 1456 84 22 Genom
363 1457 42 21 den
426 1458 70 20 tillika
519 1457 125 21 meddelade
666 1457 142 21 föreskriften
827 1459 37 24 att,
885 1464 36 13 om

163 1491 119 27 syssloman
297 1491 73 22 blifvit
385 1491 46 21 före
447 1494 67 18 utsatt
529 1492 32 20 tid
576 1492 48 20 från
639 1492 38 21 sitt
691 1492 99 28 uppdrag
805 1490 63 27 skild,
877 1490 44 21 han

1141 897 1 3 1
1123 802 19 88 ra
1123 723 19 61 n
1135 526 7 177 NN
1123 394 19 54 IE
1123 303 19 50 SE
1123 239 19 54 FE
1123 179 19 40 SP
1123 115 19 14 S
1123 25 19 78 SSI
