1142 1803
259 202 12 20 6
417 200 84 23 Ständ.
518 200 39 22 Sv.
573 212 28 3 —
617 199 75 28 Prop.
709 198 46 23 N:o
769 198 39 22 10.

229 264 75 22 hvilka
318 263 94 21 nämnda
426 262 138 22 embetsverk
578 262 67 21 redan
660 261 103 28 förfogar,
778 260 74 22 blefve
870 260 39 22 vid
923 260 68 22 hand-

229 298 131 28 läggningen
375 297 23 21 af
412 300 32 18 ett
458 296 231 29 registreringsärende
704 296 34 20 till
747 295 94 21 ledamot
853 294 138 29 adjungerad,

228 332 74 21 kunde
317 332 203 28 Industristyrelsen
532 331 86 21 komma
631 333 32 19 att
673 330 50 21 fullt
733 332 109 19 motsvara
854 329 27 21 de
891 329 100 29 anspräk,

229 373 51 14 man
295 365 13 22 &
324 373 26 14 en
365 365 126 29 myndighet
506 365 23 21 af
548 363 166 30 ifrågavarande
737 364 46 28 slag
806 371 51 20 eger
878 363 113 28 uppställa.

230 400 204 28 Industristyrelsen
448 402 24 19 är
486 399 35 21 för
536 399 66 28 öfrigt
617 399 37 21 det
669 398 142 26 embetsverk,
830 405 47 14 som
897 399 94 20 närmast

230 435 46 21 är
264 428 13 38 i
295 435 85 20 tillfälle
403 437 32 18 att
457 434 52 28 följa
530 433 50 21 med
603 433 42 21 den
667 432 140 22 ekonomiska
827 432 163 28 utvecklingens

230 469 58 28 gäng
304 469 41 21 och
360 468 156 22 omhänderhar
530 467 139 22 härförinnan
684 467 67 21 redan
765 467 138 28 registrering
915 462 29 45 ag
953 473 38 22 par

230 506 47 18 tent
298 503 42 21 och
361 503 148 26 varumärken,
532 503 7 20 i
560 502 84 21 hvilket
665 501 103 22 afseende
791 501 42 21 den
855 501 88 21 utöfvar
963 508 27 13 en

230 537 122 29 pröfvande
374 537 143 26 verksamhet,
538 543 46 14 som
605 535 49 22 icke
676 535 43 21 kan
742 535 131 21 frånkännas
897 543 26 13 en
945 535 44 21 viss

229 571 85 27 rättslig
328 571 106 21 karakter.

299 605 155 21 Uteslutandet
470 605 22 21 af
508 605 161 27 bestämningen
685 612 35 13 om
735 604 144 22 utverkandet
893 604 23 20 af
931 603 59 22 stad-

230 639 89 21 fästelse
335 639 13 21 å
363 639 133 28 aktiebolags
520 638 87 28 stadgar
628 638 38 21 har
686 638 95 28 påkallat
797 646 26 13 en
838 638 68 21 sådan
921 645 68 14 omar-

230 674 90 28 betning
336 674 23 20 af
373 674 115 28 förslagets
503 673 68 21 första
587 672 129 29 paragrafer,
731 675 32 19 att
779 673 12 20 5
807 673 12 27 $
835 672 87 21 alldeles
943 675 46 18 ute-

230 708 97 25 lemnats,
342 708 64 27 jemte
422 708 36 21 det
474 707 116 21 innehållet
605 707 22 21 af
648 707 59 20 förra
729 709 117 18 momentet
860 707 7 20 i
883 708 12 19 6
912 708 12 25 $
947 706 42 21 fått

230 742 34 21 sin
278 742 56 28 plats
350 743 8 20 i
374 743 11 20 1
402 743 12 26 $
431 742 41 21 och
487 741 128 28 stadgandet
630 742 7 20 i
653 742 12 20 6
681 742 45 26 &:ns
743 748 74 14 senare
832 743 94 18 moment
940 740 49 21 blif-

230 777 32 20 vit
284 775 50 22 med
356 776 28 21 de
399 777 6 20 i
422 777 11 20 1
450 777 12 27 8
478 775 105 28 ingående
606 775 188 28 bestämningarna
816 782 34 14 om
872 775 57 21 hvad
947 774 42 21 den

230 810 91 21 emellan
343 810 135 28 grundarene
500 809 128 29 upprättade
651 809 154 28 afhandlingen
824 809 39 21 bör
881 808 108 22 innehålla

231 844 155 21 sammanfördt
401 845 7 20 i
424 851 27 14 en
466 843 92 22 särskild
573 845 19 26 &,
607 843 88 22 hvilken
711 843 108 28 inskjutits
835 845 48 19 näst
906 843 54 21 efter
976 844 11 19 1

230 879 13 26 8
259 879 7 20 i
282 878 109 28 förslaget,
406 878 113 21 hvarutom
536 879 11 20 7
563 878 27 27 (6)
606 879 12 26 $
635 877 40 22 och
691 878 26 20 50
734 878 12 26 &
762 877 113 28 undergått
895 880 94 18 motsva-

229 911 67 22 rande
311 912 95 27 ändring.

300 945 134 22 Härutöfver
456 945 72 27 hafva,
554 945 95 22 förutom
671 945 67 28 några
762 945 82 21 mindre
869 945 119 28 ändringar,

230 979 74 22 hvilka
318 980 49 21 icke
382 979 61 22 torde
459 979 95 22 behöfva
569 979 93 22 särskild
676 980 135 27 motivering,
823 979 95 28 följande
930 987 59 13 mera

231 1014 121 28 väsentliga
366 1014 200 28 omformuleringar
579 1014 41 21 och
631 1014 75 27 tillägg
716 1013 23 21 af
750 1013 119 22 Ständerna
879 1013 109 28 vidtagits.

300 1050 13 18 1
328 1049 20 27 $.
378 1047 139 22 Beträffande
532 1048 37 21 det
590 1049 79 19 minsta
691 1048 80 20 antalet
791 1047 130 28 bolagsmän,
942 1055 45 13 som

231 1082 67 27 enligt
314 1083 18 25 1,
348 1083 12 20 7
376 1082 42 21 och
432 1082 28 21 40
476 1082 27 27 $$
518 1082 83 21 fordras
617 1082 35 20 för
666 1081 101 21 bildande
783 1081 23 21 af
821 1083 31 19 ett
867 1081 121 28 aktiebolag

230 1115 42 22 och
286 1115 35 22 för
336 1115 50 22 dess
402 1115 141 27 fortbestånd,
560 1115 67 22 hafva
648 1115 120 22 Ständerna
784 1116 7 20 i
806 1115 123 21 hufvudsak
951 1123 37 13 an-

230 1149 60 22 slutit
305 1150 33 27 sig
353 1150 33 21 till
401 1149 42 22 den
458 1149 146 29 uppfattning,
619 1157 46 14 som
681 1149 68 28 ligger
763 1149 33 21 till
810 1149 70 28 grund
895 1149 34 21 för
946 1149 41 21 den

229 1183 80 28 nådiga
324 1184 174 28 propositionens
513 1183 159 28 bestämningar
686 1184 8 20 i
709 1183 71 21 denna
791 1183 40 21 del.
846 1183 64 21 Dock
921 1182 67 22 hafva

228 1217 122 22 Ständerna
369 1217 49 22 icke
433 1218 83 29 kunnat
538 1217 87 27 förbise,
645 1220 31 18 att
690 1218 59 20 vissa
763 1217 155 26 förhållanden,
941 1224 46 14 som

228 1251 62 28 gifva
305 1251 116 28 anledning
435 1252 33 20 till
483 1251 102 22 bildande
600 1251 23 21 af
638 1254 31 18 ett
684 1251 128 28 aktiebolag,
833 1251 89 21 likasom
947 1251 40 21 ock

228 1285 69 21 under
320 1285 96 28 bolagets
440 1286 85 21 tillvaro
550 1285 128 22 inträffande
704 1285 187 28 omständigheter,
916 1285 71 22 såsom

228 1319 95 22 dödsfall
338 1328 27 13 m.
380 1328 32 18 m.,
427 1320 73 21 kunna
514 1321 52 26 göra
581 1319 38 22 det
633 1319 96 28 önskligt
745 1322 31 19 att
786 1319 123 28 aktiebolag
920 1319 67 21 måtte

227 1353 24 21 få
266 1354 131 28 uppkomma
412 1354 42 21 och
469 1353 71 22 såsom
555 1353 77 22 sådant
647 1353 62 22 bestå
724 1354 65 21 äfven
801 1353 49 21 med
863 1356 31 18 ett
903 1353 83 21 mindre

228 1388 58 20 antal
300 1388 125 27 bolagsmän
442 1390 27 19 än
483 1388 50 21 fem.
564 1388 106 21 Särskildt
685 1388 66 21 hafva
769 1387 120 22 Ständerna
911 1387 76 22 härvid

226 1421 48 21 haft
289 1422 7 20 i
311 1422 66 21 tanke
392 1421 164 22 förhållandena
571 1422 28 28 på
613 1421 155 29 landsbygden,
784 1421 37 22 der
837 1421 36 22 det
889 1421 38 22 vid
946 1421 40 21 bil-

227 1454 81 22 dandet
322 1455 24 21 af
361 1456 83 28 mejeri-
460 1456 50 20 eller
524 1455 155 29 handelsbolag
694 1464 27 13 m.
737 1456 20 20 fl.
773 1456 46 21 ofta
840 1455 73 21 kunde
934 1463 53 14 vara

226 1488 102 22 förenadt
343 1489 49 21 med
408 1489 110 28 svårighet
533 1492 32 18 att
579 1490 57 20 finna
651 1492 31 19 ett
697 1489 24 21 så
737 1493 54 18 stort
806 1490 57 20 antal
885 1489 101 29 lämpliga
