1142 1803
110 306 132 19 Bondeståndet

319 198 29 22 U.
364 198 28 23 B.
409 212 26 2 —
451 198 77 28 Prop.
544 198 44 22 N:o
604 198 38 22 10.
942 199 25 20 15

579 306 98 18 Utskottets
688 306 71 23 förslag.

46 872 37 21 har
98 871 80 27 antagit
197 871 121 22 Utskottets

46 906 132 21 betänkande
194 905 48 22 med
253 905 70 21 sädani

46 940 88 26 ändring
159 940 7 21 i
188 939 41 22 den
252 939 68 22 finska

45 974 109 27 lagtexten
177 975 32 20 att
224 973 7 21 i
247 974 44 25 &:ns
308 974 9 20 1

46 1015 63 15 mom.
134 1009 62 21 ordet
224 1008 96 27 ,vähem-

46 1044 54 25 pää'*
136 1042 66 22 borde
234 1041 86 27 utbytasi

46 1078 58 19 emot
138 1076 60 21 ordet
228 1093 5 9 ,
236 1075 84 27 vähim-

155 1112 61 25 pää.
323 1108 2 21 |

335 709 111 21 Utskottet
467 709 89 21 föreslär
576 710 31 20 att
623 709 6 20 i
645 709 41 21 den
700 708 69 22 finska
785 710 72 20 texten
872 709 67 21 andra
954 715 32 14 or-

337 743 35 21 det
394 744 6 19 i
422 743 66 21 första
510 743 65 21 raden
590 759 5 10 ,
598 742 139 28 ,nimitettyä"
753 742 85 28 utbytes
855 744 57 20 emot
928 742 61 22 ordet

336 793 5 8 ,
344 777 129 25 Mainittua'*
490 777 40 21 och
545 778 32 19 att
592 777 26 21 de
632 777 7 20 i
654 783 62 14 mom.
730 783 74 15 senare
816 776 172 22 förekommande

454 811 66 21 orden
535 811 53 26 ,jsitä
603 810 76 28 paitsi'*
696 811 66 21 måtte
777 810 21 22 få
813 811 58 26 utgå.

337 873 161 22 Ständerbeslut
518 873 117 27 föreligger.
653 885 27 2 —
696 872 67 22 Ordet
778 872 210 28 ,yhtiöpääomasta*

337 907 6 21 i
367 907 40 22 den
429 907 67 22 finska
518 908 71 20 texten
610 907 61 21 torde
692 906 21 22 få
731 909 90 19 ersättas
837 906 48 21 med
901 906 88 25 ,,osake-

469 975 85 27 utbytas
570 977 57 19 emot
641 977 30 19 ett
687 975 170 21 kommatecken.

110 1529 48 23 Lag-
171 1529 33 17 och
215 1529 136 17 Ekonomiutsk.
363 1529 260 23 sammanjemkningsförslag
636 1529 8 17 i
655 1530 37 16 anl.
706 1530 23 21 af
743 1530 92 17 Utskottets
849 1530 32 17 bet.
894 1529 37 17 N:o
944 1529 17 17 2.

337 943 137 26 pääomasta'*
490 941 39 21 och
545 940 182 23 stafvelsetecknet
742 941 13 20 å
771 941 68 26 tredje
853 940 68 22 raden
937 940 52 21 böra
