1142 1803
270 190 14 21 4
468 190 30 22 U.
514 190 28 22 B.
560 203 27 2 —
603 190 76 28 Prop.
695 190 46 22 N:o
756 190 22 22 1.

240 256 44 18 satt
300 252 35 22 del
350 253 26 21 af
388 253 76 21 sådant
479 253 101 21 hemman
595 256 33 18 att
640 260 80 20 genom
730 253 116 27 styckning
856 252 61 22 öfver
927 252 72 28 lägen-

240 287 66 21 heten
321 287 91 27 förfoga.
442 287 136 27 Afsöndring
593 287 26 21 af
628 287 50 27 jord
693 288 46 20 från
753 287 196 27 kronolägenheter
959 286 40 22 till-

240 321 90 21 staddes
345 328 88 14 numera
448 321 74 26 också,
539 322 32 20 för
587 322 71 21 såvidt
673 322 78 20 sådant
766 321 83 21 skedde
864 321 33 21 för
907 321 92 21 kronans

240 356 96 27 räkning,
358 356 148 21 hvarförutom
521 356 155 27 författningen
691 356 84 21 införde
790 356 163 26 medgifvandet
968 355 32 21 för

240 389 83 22 kronan
338 393 38 22 att,
388 390 66 21 under
466 389 68 22 vilkor
545 390 38 21 det
593 390 140 27 lägenhetens
744 390 85 27 utlagor
840 389 42 21 och
892 389 77 21 besvär
979 389 26 21 af

240 423 83 22 kronan
339 424 133 27 öfvertogos,
488 424 102 21 afsöndra
603 424 49 27 jord
667 424 46 21 från
728 424 102 27 lägenhet
840 423 26 22 af
872 424 57 21 hvad
939 427 61 18 natur

241 465 49 14 som
306 458 63 25 helst,
392 462 51 17 utan
466 461 32 18 att
520 459 72 26 någon
613 458 36 21 del
664 459 60 20 deraf
739 459 72 20 såsom
829 462 58 17 stom
905 458 95 21 behöfde

240 492 125 21 bibehållas.
382 487 73 27 Äfven
465 493 102 20 kommun
577 493 130 20 tillkommer
719 493 66 27 enligt
795 493 153 26 förordningen
957 492 43 21 rätt

241 530 33 18 att
288 529 7 19 i
310 527 102 21 afseende
427 528 13 20 å
455 527 73 21 frälse-
544 527 42 20 och
602 527 205 28 skattelägenheter,
826 527 108 27 tillhöriga
949 527 51 20 den-

240 568 90 18 samma,
353 562 29 26 på
404 561 112 21 enahanda
539 561 44 21 sätt
602 561 85 27 förfoga
703 561 60 21 öfver
779 561 73 26 dylika
868 561 131 26 lägenheter,

242 595 89 21 såframt
346 594 106 22 Senatens
467 595 285 27 Ekonomiedepartements
767 595 97 21 tillstånd
879 594 69 22 dertill
957 594 42 21 kan

241 629 99 21 erhållas.

310 664 72 26 Jemte
404 664 37 21 det
464 664 115 21 ständerna
602 664 37 20 vid
663 664 50 26 1885
738 664 35 20 års
793 663 106 27 landtdag
918 666 81 24 antogo

242 698 70 20 denna
328 698 131 27 förordning,
476 698 121 21 hemstälde
613 698 116 21 ständerna
740 698 67 21 tillika
823 700 46 22 ,,att
879 698 60 20 Hans
949 697 50 26 Kej-

241 732 79 27 serliga
342 732 102 27 Majestät
467 732 85 21 täcktes
573 732 44 21 låta
637 732 99 21 utarbeta
758 731 42 21 och
823 731 112 27 förelägga
956 731 43 20 lan-

242 766 49 21 dets
313 766 89 21 härnäst
424 767 202 20 sammanträdande
647 766 93 21 Ständer
761 769 32 18 ett
813 766 123 27 lagförslag,
962 765 38 21 der

242 800 19 26 ej
276 801 83 20 mindre
381 801 27 20 de
429 801 66 20 under
511 801 56 20 olika
583 801 56 20 tider
653 801 103 20 utkomna
771 800 178 27 författningarna
963 807 36 13 an-

242 835 85 26 gående
342 835 103 27 klyfning,
459 835 121 27 styckning,
592 835 125 27 afsöndring
727 835 42 20 och
779 835 49 26 lega
841 834 24 21 af
869 834 49 27 jord
929 834 70 21 blefve

241 869 170 21 sammanstälda
426 869 42 21 och
484 869 76 28 bragta
575 871 7 19 i
597 869 98 21 närmare
710 869 225 21 öfverensstämmelse
949 869 50 20 med

241 903 127 25 hvarandra,
392 907 51 18 utan
466 904 63 21 äfven
551 903 133 28 rättigheten
705 903 32 22 till
759 903 74 27 dylika
857 903 142 27 förfoganden

241 937 73 21 blefve
336 938 106 27 utvidgad
462 938 41 20 och
518 938 98 21 närmare
631 938 100 21 bestämd
746 941 62 22 samt,
824 937 71 21 såvidt
910 937 88 27 möjligt,

242 971 106 22 utsträckt
370 972 32 21 till
424 972 28 21 de
475 972 47 27 slag
544 972 26 21 af
586 971 56 27 jord,
658 972 67 21 hvarå
740 972 163 27 ifrågavarande
917 971 82 21 författ-

241 1007 75 26 ningar
331 1005 19 27 ej
366 1006 38 21 äro
420 1006 148 27 tillämpliga.”

310 1040 10 20 I
336 1040 95 27 enlighet
446 1041 50 20 med
512 1041 69 20 denna
597 1040 155 27 framställning
767 1040 38 21 har
819 1041 30 20 uti
865 1040 42 21 den
921 1040 78 26 nådiga

242 1075 167 25 propositionen
429 1074 161 27 bestämningar
611 1081 36 13 om
663 1074 102 27 klyfning,
782 1074 116 26 styckning
913 1074 41 19 och
969 1074 31 19 af-

242 1107 109 28 söndring,
367 1115 52 14 vare
434 1109 34 26 sig
482 1112 32 17 att
530 1108 114 27 delningen
659 1108 72 21 härför
741 1109 34 26 sig
785 1108 31 21 till
826 1107 80 26 frälse-,
919 1107 81 21 skatte-

242 1141 52 21 eller
308 1142 176 25 kronohemman,
501 1142 68 21 blifvit
585 1143 167 20 sammanstälda
768 1144 29 19 uti
810 1146 32 17 ett
854 1142 145 27 författnings-

241 1176 87 27 förslag,
349 1176 113 21 hvaremot
478 1177 188 26 bestämningarne
681 1177 112 26 angående
809 1177 49 26 lega
873 1176 25 21 af
907 1176 49 27 jord
971 1177 28 26 på

242 1210 28 21 de
284 1211 7 20 i
306 1212 166 25 propositionen
495 1210 124 21 framhållna
634 1211 48 20 skäl
697 1211 150 20 sammanförts
863 1210 31 21 till
909 1213 32 18 ett
956 1211 44 20 sär-

242 1244 66 21 skildt
331 1244 81 27 förslag
434 1245 31 21 till
487 1245 132 26 förordning.
648 1245 77 20 Tillika
747 1245 42 20 och
804 1245 28 20 då
847 1245 152 26 förordningen

242 1278 42 21 den
301 1284 24 15 12
342 1279 116 20 december
476 1279 58 26 1864,
551 1279 113 27 angående
679 1279 124 27 skyldighet
819 1279 32 20 för
867 1285 64 20 egare
949 1279 51 20 eller

241 1313 139 20 innehafvare
402 1313 26 20 af
442 1313 49 26 jord
512 1317 32 17 att
566 1317 59 17 emot
647 1313 120 27 ersättning
787 1313 90 28 upplåta
892 1312 60 21 mark
967 1313 32 20 för

241 1347 88 21 allmänt
344 1347 73 25 behof,
434 1347 111 21 dessutom
561 1347 99 21 tarfvade
675 1347 114 27 ändringar
803 1347 52 21 med
870 1347 102 20 afseende
987 1348 12 19 å

241 1381 255 21 besuttenhetsvilkorets
511 1381 132 27 frångående
659 1383 30 20 uti
701 1382 148 21 förstnämnda
861 1381 87 27 förslag,
961 1381 38 20 har

240 1417 32 19 uti
287 1417 166 25 propositionen
468 1417 88 25 intagits
571 1419 32 18 ett
619 1415 80 28 förslag
713 1416 32 21 till
759 1415 132 27 förordning,
907 1415 92 20 rörande

242 1449 91 27 ändring
348 1450 25 20 af
386 1455 10 21 3
413 1449 41 21 och
470 1455 26 21 27
512 1448 26 29 88
553 1451 31 19 uti
599 1449 126 28 åberopade
739 1450 128 26 förordning
881 1449 25 21 af
918 1449 42 21 den
974 1454 23 15 12

242 1484 116 20 december
376 1483 59 26 1864.

310 1522 49 23 Lag-
373 1522 33 18 och
417 1522 182 18 Ekonomiutskottets
611 1522 111 18 betänkande
733 1522 38 18 N:o
783 1523 15 17 1.
