1142 1803
472 170 44 23 N:o
536 171 23 22 9.
842 172 27 19 25

490 237 13 29 8
519 238 34 20 53.

212 278 42 21 Vid
278 278 62 21 dessa
362 278 150 27 besigtningar
530 284 49 20 eger
594 278 199 22 boställsnämnden
808 279 92 21 boställe

140 314 25 20 sä
186 313 33 20 till
242 312 40 22 hus
305 318 46 16 som
374 313 32 21 till
431 319 51 20 egor
497 312 120 28 sorgfälligt
632 313 124 21 undersöka
771 315 57 19 samt
843 314 57 21 fästa

140 348 34 20 sin
197 347 193 26 uppmärksamhet
413 347 103 21 särskildt
539 347 36 20 vid
596 346 94 28 följande
709 348 190 27 omständigheter,

141 381 105 27 nemligen
262 381 143 22 beträffande:

213 416 23 27 a)
253 415 175 28 äbyggnaderna:

213 451 33 20 De
269 451 49 26 laga
340 451 80 21 husens
440 451 108 26 tillstånd;
565 457 34 14 om
614 451 85 26 brister,
716 457 46 15 som
778 452 12 20 &
805 452 93 21 nämnda

140 485 125 27 byggnader
287 485 59 21 förut
370 485 117 26 anmärkts,
511 484 68 22 blifvit
600 485 114 27 afhjelpta;
730 485 72 22 hvilka
817 487 82 26 ytterli-

142 526 51 21 gare
216 519 103 27 ätgärder
338 519 7 21 i
362 519 100 22 afseende
477 520 13 20 &
504 519 164 27 byggnadernas
684 520 113 21 underhäll
813 523 37 19 äro
867 527 32 15 er-

141 554 127 26 forderliga;
286 561 34 14 om
336 554 62 21 dessa
414 554 102 26 ätgärder
532 560 63 15 anses
610 554 54 21 böra
675 554 22 21 af
705 555 194 21 boställshafvaren

142 588 51 22 eller
208 589 29 27 pä
252 588 294 27 boställsbyggnadskassans
560 588 121 22 bekostnad
691 588 110 28 vidtagas;
818 595 33 15 om
863 596 36 20 ny-

141 622 101 28 byggnad
258 622 23 21 af
294 624 32 20 ett
342 622 50 21 eller
407 622 53 21 flera
475 622 49 21 utaf
538 622 26 21 de
575 622 50 27 laga
635 622 67 22 husen
714 622 117 28 erfordras;
843 625 56 20 samt

142 664 34 14 om
193 657 74 21 dervid
282 656 126 28 förändring
424 658 24 20 är
463 656 92 28 behöflig
569 657 7 21 i
593 657 25 21 de
633 656 140 28 föreskrifter,
787 664 46 16 som
846 658 53 27 jem-

141 692 41 20 likt
197 691 13 29 &
226 692 13 20 4
254 691 134 21 beträffande
404 691 62 21 dessa
481 691 41 21 hus
537 690 58 22 förut
611 691 128 27 meddelats;

214 725 21 28 0)
248 725 138 28 jordbruket:

215 760 38 21 Uti
276 760 56 21 hvad
347 760 60 21 skick
422 760 52 21 åker
490 759 39 22 och
545 761 42 26 äng
601 759 86 22 befinna
702 760 33 27 sig
749 760 8 21 i
773 760 99 22 afseende
888 761 13 21 &

146 795 101 26 dikning,
264 794 141 27 bebrukning,
429 794 98 27 gödsling
550 794 39 21 och
607 794 68 21 sådan
691 794 92 27 hägnad,
799 801 47 15 som
861 795 39 21 bör

144 829 22 20 af
186 828 193 22 boställshafvaren
405 828 148 27 underhållas;
581 835 34 15 om
637 829 112 21 boställets
771 829 129 27 beteshagar

144 865 37 20 äro
205 863 152 27 erforderligen
381 863 99 28 rödjade;
496 865 56 20 samt
568 863 56 21 hvad
638 863 34 21 för
687 863 65 27 öfrigt
767 863 133 22 beträffande

145 904 91 20 egornas
251 897 51 22 häfd
317 898 42 21 kan
376 897 69 22 finnas
461 897 75 27 nödigt
552 899 33 20 att
599 897 105 28 iakttaga.

216 932 20 27 c)
252 932 90 27 skogen:

216 967 46 21 Den
286 967 53 21 värd
362 967 38 20 och
423 966 101 27 eftersyn,
544 972 45 16 som
605 967 7 20 i
628 967 117 21 allmänhet
761 969 75 25 egnats
852 967 48 21 sko-

146 1007 50 21 gen;
213 1007 34 15 om
263 1000 192 23 boställshafvaren
472 1000 93 22 derifrän
580 1001 56 26 tagit
651 1001 60 22 virke
726 1001 32 21 till
769 1001 131 28 öfverlopps-

144 1035 50 26 hus;
211 1042 34 15 om
260 1035 137 27 indelningen
416 1035 23 21 af
452 1035 81 27 skogen
552 1035 69 21 blifvit
635 1035 117 28 behörigen
767 1035 61 28 följd;
845 1037 56 20 samt

145 1076 33 14 om
202 1076 76 20 genom
298 1070 93 21 äverkan
408 1069 50 21 eller
474 1069 99 27 skogseld
589 1069 50 21 eller
655 1070 39 20 ock
709 1071 74 25 storm,
799 1070 102 26 snötryck

145 1103 51 22 eller
219 1104 68 21 andra
310 1103 179 22 naturhändelser
512 1103 67 22 sädan
603 1103 68 21 skada
691 1103 12 21 &
721 1104 80 27 skogen
817 1104 84 26 vällats,

145 1139 33 19 att
194 1138 91 27 ändring
301 1138 23 21 af
336 1137 137 28 indelningen
489 1143 62 16 anses
567 1137 71 28 nödig.

488 1201 14 29 8
518 1203 33 20 54.

213 1235 18 27 Ä
254 1241 127 28 lägenheten
398 1242 92 27 anlagda
505 1243 49 25 torp
570 1241 54 22 böra
636 1242 79 27 jemväl
730 1242 123 27 besigtigas,
869 1242 32 21 till

145 1277 123 20 utrönande
291 1276 23 21 af
332 1277 62 20 deras
409 1276 56 21 bruk
481 1276 39 21 och
535 1276 104 27 tillstånd,
655 1276 118 28 hvarjemte
789 1277 54 21 skall
860 1277 41 20 till-

144 1317 40 20 ses,
200 1311 106 20 huruvida
322 1311 78 26 odling,
416 1317 46 14 som
478 1310 112 27 upptagits
607 1311 12 20 &
633 1310 108 27 bostället,
757 1311 72 21 hällits
845 1311 7 21 i
865 1311 36 21 be-

143 1345 72 27 hörigt
238 1345 64 21 ständ
326 1345 38 21 och
382 1345 61 22 bruk.
475 1339 69 27 Äskar
564 1345 192 21 boställshafvaren
772 1346 71 26 nägon
859 1345 42 21 för-

144 1379 97 27 bättring
263 1380 29 26 pä
313 1379 294 27 boställsbyggnadskassans
629 1379 126 27 bekostnad,
771 1379 40 22 bör
826 1381 75 20 nämn-

145 1414 40 21 den
209 1414 39 21 ock
271 1420 34 15 om
320 1413 155 27 befogenheten
491 1413 63 22 häraf
567 1413 129 22 undersöka.
727 1409 30 25 Är
764 1405 14 40 ä
799 1414 102 21 bostället

145 1448 57 26 plats
218 1448 104 26 uppläten
337 1447 33 21 för
384 1448 115 20 industriel
514 1448 127 26 inrättning,
657 1448 55 21 skall
727 1448 60 21 äfven
805 1448 96 26 efterses,
