<?xml version="1.0" encoding="UTF-8"?>
<alto xmlns="http://www.loc.gov/standards/alto/ns-v3#" xmlns:xlink="http://www.w3.org/1999/xlink" xmlns:xsi="http://www.w3.org/2001/XMLSchema-instance" xsi:schemaLocation="http://www.loc.gov/standards/alto/ns-v3# http://www.loc.gov/alto/v3/alto-3-0.xsd">
	<Description>
		<MeasurementUnit>pixel</MeasurementUnit>
		<sourceImageInformation>
			<fileName>/tmp/tess_4ula5s61_input.PNG</fileName>
		</sourceImageInformation>
		<OCRProcessing ID="OCR_0">
			<ocrProcessingStep>
				<processingSoftware>
					<softwareName>tesseract 5.3.4</softwareName>
				</processingSoftware>
			</ocrProcessingStep>
		</OCRProcessing>
	</Description>
	<Layout>
		<Page WIDTH="1142" HEIGHT="1803" PHYSICAL_IMG_NR="0" ID="page_0">
			<PrintSpace HPOS="0" VPOS="0" WIDTH="1142" HEIGHT="1803">
				<GraphicalElement ID="cblock_0" HPOS="0" VPOS="33" WIDTH="7" HEIGHT="758"></GraphicalElement >
				<ComposedBlock ID="cblock_1" HPOS="260" VPOS="190" WIDTH="26" HEIGHT="21">
					<TextBlock ID="block_0" HPOS="260" VPOS="190" WIDTH="26" HEIGHT="21">
						<TextLine ID="line_0" HPOS="260" VPOS="190" WIDTH="26" HEIGHT="21">
							<String ID="string_0" HPOS="260" VPOS="190" WIDTH="26" HEIGHT="21" WC="0.95" CONTENT="32"/>
						</TextLine>
					</TextBlock>
				</ComposedBlock>
				<ComposedBlock ID="cblock_2" HPOS="453" VPOS="191" WIDTH="307" HEIGHT="29">
					<TextBlock ID="block_1" HPOS="453" VPOS="191" WIDTH="307" HEIGHT="29">
						<TextLine ID="line_1" HPOS="453" VPOS="191" WIDTH="307" HEIGHT="29">
							<String ID="string_1" HPOS="453" VPOS="191" WIDTH="29" HEIGHT="21" WC="0.92" CONTENT="U."/><SP WIDTH="16" VPOS="191" HPOS="482"/>
							<String ID="string_2" HPOS="498" VPOS="191" WIDTH="28" HEIGHT="21" WC="0.92" CONTENT="B."/><SP WIDTH="18" VPOS="191" HPOS="526"/>
							<String ID="string_3" HPOS="544" VPOS="204" WIDTH="27" HEIGHT="2" WC="0.92" CONTENT="—"/><SP WIDTH="16" VPOS="204" HPOS="571"/>
							<String ID="string_4" HPOS="587" VPOS="192" WIDTH="76" HEIGHT="28" WC="0.96" CONTENT="Prop."/><SP WIDTH="15" VPOS="192" HPOS="663"/>
							<String ID="string_5" HPOS="678" VPOS="192" WIDTH="46" HEIGHT="22" WC="0.94" CONTENT="N:o"/><SP WIDTH="15" VPOS="192" HPOS="724"/>
							<String ID="string_6" HPOS="739" VPOS="193" WIDTH="21" HEIGHT="21" WC="0.96" CONTENT="1."/>
						</TextLine>
					</TextBlock>
				</ComposedBlock>
				<ComposedBlock ID="cblock_3" HPOS="437" VPOS="254" WIDTH="552" HEIGHT="338">
					<TextBlock ID="block_2" HPOS="437" VPOS="254" WIDTH="547" HEIGHT="63">
						<TextLine ID="line_2" HPOS="437" VPOS="254" WIDTH="547" HEIGHT="30">
							<String ID="string_7" HPOS="437" VPOS="254" WIDTH="29" HEIGHT="27" WC="0.92" CONTENT="af"/><SP WIDTH="10" VPOS="254" HPOS="466"/>
							<String ID="string_8" HPOS="476" VPOS="254" WIDTH="164" HEIGHT="28" WC="0.88" CONTENT="förrättningen"/><SP WIDTH="15" VPOS="254" HPOS="640"/>
							<String ID="string_9" HPOS="655" VPOS="255" WIDTH="68" HEIGHT="27" WC="0.92" CONTENT="jemte"/><SP WIDTH="15" VPOS="255" HPOS="723"/>
							<String ID="string_10" HPOS="738" VPOS="258" WIDTH="45" HEIGHT="25" WC="0.86" CONTENT="eget"/><SP WIDTH="14" VPOS="258" HPOS="783"/>
							<String ID="string_11" HPOS="797" VPOS="256" WIDTH="101" HEIGHT="28" WC="0.88" CONTENT="yttrande"/><SP WIDTH="15" VPOS="256" HPOS="898"/>
							<String ID="string_12" HPOS="913" VPOS="256" WIDTH="71" HEIGHT="28" WC="0.93" CONTENT="öfver-"/>
						</TextLine>
						<TextLine ID="line_3" HPOS="438" VPOS="288" WIDTH="491" HEIGHT="29">
							<String ID="string_13" HPOS="438" VPOS="288" WIDTH="86" HEIGHT="20" WC="0.91" CONTENT="lemnar"/><SP WIDTH="14" VPOS="288" HPOS="524"/>
							<String ID="string_14" HPOS="538" VPOS="290" WIDTH="89" HEIGHT="20" WC="0.92" CONTENT="ärendet"/><SP WIDTH="14" VPOS="290" HPOS="627"/>
							<String ID="string_15" HPOS="641" VPOS="290" WIDTH="36" HEIGHT="20" WC="0.93" CONTENT="till"/><SP WIDTH="12" VPOS="290" HPOS="677"/>
							<String ID="string_16" HPOS="689" VPOS="292" WIDTH="136" HEIGHT="25" WC="0.93" CONTENT="guvernören"/><SP WIDTH="15" VPOS="292" HPOS="825"/>
							<String ID="string_17" HPOS="840" VPOS="290" WIDTH="9" HEIGHT="21" WC="0.93" CONTENT="i"/><SP WIDTH="16" VPOS="290" HPOS="849"/>
							<String ID="string_18" HPOS="865" VPOS="291" WIDTH="64" HEIGHT="21" WC="0.92" CONTENT="länet."/>
						</TextLine>
					</TextBlock>
					<TextBlock ID="block_3" HPOS="437" VPOS="316" WIDTH="552" HEIGHT="276">
						<TextLine ID="line_4" HPOS="494" VPOS="316" WIDTH="491" HEIGHT="42">
							<String ID="string_19" HPOS="494" VPOS="316" WIDTH="20" HEIGHT="26" WC="0.92" CONTENT="Å"/><SP WIDTH="12" VPOS="316" HPOS="514"/>
							<String ID="string_20" HPOS="526" VPOS="326" WIDTH="137" HEIGHT="24" WC="0.96" CONTENT="guvernören"/><SP WIDTH="10" VPOS="326" HPOS="663"/>
							<String ID="string_21" HPOS="673" VPOS="325" WIDTH="127" HEIGHT="21" WC="0.95" CONTENT="ankommer"/><SP WIDTH="9" VPOS="325" HPOS="800"/>
							<String ID="string_22" HPOS="809" VPOS="325" WIDTH="68" HEIGHT="21" WC="0.96" CONTENT="sedan"/><SP WIDTH="10" VPOS="325" HPOS="877"/>
							<String ID="string_23" HPOS="887" VPOS="327" WIDTH="33" HEIGHT="19" WC="0.96" CONTENT="att"/><SP WIDTH="9" VPOS="327" HPOS="920"/>
							<String ID="string_24" HPOS="929" VPOS="321" WIDTH="56" HEIGHT="37" WC="0.93" CONTENT="fast-"/>
						</TextLine>
						<TextLine ID="line_5" HPOS="437" VPOS="357" WIDTH="550" HEIGHT="30">
							<String ID="string_25" HPOS="437" VPOS="357" WIDTH="66" HEIGHT="20" WC="0.95" CONTENT="ställa"/><SP WIDTH="22" VPOS="357" HPOS="503"/>
							<String ID="string_26" HPOS="525" VPOS="358" WIDTH="25" HEIGHT="19" WC="0.96" CONTENT="de"/><SP WIDTH="21" VPOS="358" HPOS="550"/>
							<String ID="string_27" HPOS="571" VPOS="365" WIDTH="78" HEIGHT="20" WC="0.96" CONTENT="genom"/><SP WIDTH="22" VPOS="365" HPOS="649"/>
							<String ID="string_28" HPOS="671" VPOS="359" WIDTH="118" HEIGHT="27" WC="0.95" CONTENT="delningen"/><SP WIDTH="24" VPOS="359" HPOS="789"/>
							<String ID="string_29" HPOS="813" VPOS="360" WIDTH="174" HEIGHT="27" WC="0.95" CONTENT="uppkommande"/>
						</TextLine>
						<TextLine ID="line_6" HPOS="438" VPOS="391" WIDTH="547" HEIGHT="30">
							<String ID="string_30" HPOS="438" VPOS="391" WIDTH="165" HEIGHT="27" WC="0.92" CONTENT="lägenheternas"/><SP WIDTH="22" VPOS="391" HPOS="603"/>
							<String ID="string_31" HPOS="625" VPOS="393" WIDTH="214" HEIGHT="27" WC="0.88" CONTENT="andelsförhållande"/><SP WIDTH="22" VPOS="393" HPOS="839"/>
							<String ID="string_32" HPOS="861" VPOS="393" WIDTH="35" HEIGHT="21" WC="0.93" CONTENT="till"/><SP WIDTH="15" VPOS="393" HPOS="896"/>
							<String ID="string_33" HPOS="911" VPOS="393" WIDTH="74" HEIGHT="28" WC="0.91" CONTENT="jorde-"/>
						</TextLine>
						<TextLine ID="line_7" HPOS="439" VPOS="425" WIDTH="550" HEIGHT="24">
							<String ID="string_34" HPOS="439" VPOS="425" WIDTH="175" HEIGHT="22" WC="0.91" CONTENT="bokshemmanet"/><SP WIDTH="14" VPOS="425" HPOS="614"/>
							<String ID="string_35" HPOS="628" VPOS="429" WIDTH="59" HEIGHT="18" WC="0.95" CONTENT="samt"/><SP WIDTH="14" VPOS="429" HPOS="687"/>
							<String ID="string_36" HPOS="701" VPOS="427" WIDTH="62" HEIGHT="21" WC="0.95" CONTENT="deras"/><SP WIDTH="15" VPOS="427" HPOS="763"/>
							<String ID="string_37" HPOS="778" VPOS="428" WIDTH="88" HEIGHT="20" WC="0.96" CONTENT="mantal"/><SP WIDTH="15" VPOS="428" HPOS="866"/>
							<String ID="string_38" HPOS="881" VPOS="428" WIDTH="38" HEIGHT="21" WC="0.96" CONTENT="och"/><SP WIDTH="12" VPOS="428" HPOS="919"/>
							<String ID="string_39" HPOS="931" VPOS="428" WIDTH="58" HEIGHT="21" WC="0.96" CONTENT="skatt"/>
						</TextLine>
						<TextLine ID="line_8" HPOS="438" VPOS="460" WIDTH="551" HEIGHT="29">
							<String ID="string_40" HPOS="438" VPOS="460" WIDTH="57" HEIGHT="26" WC="0.96" CONTENT="eller,"/><SP WIDTH="24" VPOS="460" HPOS="495"/>
							<String ID="string_41" HPOS="519" VPOS="460" WIDTH="37" HEIGHT="21" WC="0.93" CONTENT="vid"/><SP WIDTH="19" VPOS="460" HPOS="556"/>
							<String ID="string_42" HPOS="575" VPOS="461" WIDTH="136" HEIGHT="28" WC="0.91" CONTENT="afsöndring,"/><SP WIDTH="22" VPOS="461" HPOS="711"/>
							<String ID="string_43" HPOS="733" VPOS="462" WIDTH="35" HEIGHT="20" WC="0.96" CONTENT="det"/><SP WIDTH="21" VPOS="462" HPOS="768"/>
							<String ID="string_44" HPOS="789" VPOS="461" WIDTH="80" HEIGHT="28" WC="0.93" CONTENT="belopp,"/><SP WIDTH="16" VPOS="461" HPOS="869"/>
							<String ID="string_45" HPOS="885" VPOS="462" WIDTH="104" HEIGHT="21" WC="0.91" CONTENT="hvarmed"/>
						</TextLine>
						<TextLine ID="line_9" HPOS="438" VPOS="493" WIDTH="551" HEIGHT="30">
							<String ID="string_46" HPOS="438" VPOS="493" WIDTH="74" HEIGHT="28" WC="0.93" CONTENT="årliga"/><SP WIDTH="22" VPOS="493" HPOS="512"/>
							<String ID="string_47" HPOS="534" VPOS="494" WIDTH="102" HEIGHT="28" WC="0.87" CONTENT="afgälden"/><SP WIDTH="24" VPOS="494" HPOS="636"/>
							<String ID="string_48" HPOS="660" VPOS="496" WIDTH="68" HEIGHT="27" WC="0.96" CONTENT="enligt"/><SP WIDTH="23" VPOS="496" HPOS="728"/>
							<String ID="string_49" HPOS="751" VPOS="497" WIDTH="32" HEIGHT="20" WC="0.89" CONTENT="27"/><SP WIDTH="22" VPOS="497" HPOS="783"/>
							<String ID="string_50" HPOS="805" VPOS="496" WIDTH="14" HEIGHT="27" WC="0.91" CONTENT="$"/><SP WIDTH="18" VPOS="496" HPOS="819"/>
							<String ID="string_51" HPOS="837" VPOS="496" WIDTH="38" HEIGHT="21" WC="0.96" CONTENT="bör"/><SP WIDTH="14" VPOS="496" HPOS="875"/>
							<String ID="string_52" HPOS="889" VPOS="496" WIDTH="58" HEIGHT="27" WC="0.96" CONTENT="utgå,"/><SP WIDTH="16" VPOS="496" HPOS="947"/>
							<String ID="string_53" HPOS="963" VPOS="496" WIDTH="26" HEIGHT="21" WC="0.96" CONTENT="så"/>
						</TextLine>
						<TextLine ID="line_10" HPOS="439" VPOS="529" WIDTH="550" HEIGHT="22">
							<String ID="string_54" HPOS="439" VPOS="529" WIDTH="37" HEIGHT="20" WC="0.96" CONTENT="ock"/><SP WIDTH="22" VPOS="529" HPOS="476"/>
							<String ID="string_55" HPOS="498" VPOS="530" WIDTH="33" HEIGHT="19" WC="0.95" CONTENT="att"/><SP WIDTH="22" VPOS="530" HPOS="531"/>
							<String ID="string_56" HPOS="553" VPOS="529" WIDTH="119" HEIGHT="21" WC="0.95" CONTENT="bestämma"/><SP WIDTH="22" VPOS="529" HPOS="672"/>
							<String ID="string_57" HPOS="694" VPOS="537" WIDTH="35" HEIGHT="14" WC="0.96" CONTENT="om"/><SP WIDTH="18" VPOS="537" HPOS="729"/>
							<String ID="string_58" HPOS="747" VPOS="531" WIDTH="36" HEIGHT="20" WC="0.96" CONTENT="och"/><SP WIDTH="23" VPOS="531" HPOS="783"/>
							<String ID="string_59" HPOS="806" VPOS="530" WIDTH="34" HEIGHT="21" WC="0.94" CONTENT="till"/><SP WIDTH="15" VPOS="530" HPOS="840"/>
							<String ID="string_60" HPOS="855" VPOS="531" WIDTH="57" HEIGHT="20" WC="0.95" CONTENT="hvad"/><SP WIDTH="15" VPOS="531" HPOS="912"/>
							<String ID="string_61" HPOS="927" VPOS="531" WIDTH="62" HEIGHT="20" WC="0.95" CONTENT="antal"/>
						</TextLine>
						<TextLine ID="line_11" HPOS="439" VPOS="563" WIDTH="362" HEIGHT="29">
							<String ID="string_62" HPOS="439" VPOS="563" WIDTH="78" HEIGHT="20" WC="0.92" CONTENT="äskade"/><SP WIDTH="15" VPOS="563" HPOS="517"/>
							<String ID="string_63" HPOS="532" VPOS="563" WIDTH="106" HEIGHT="27" WC="0.90" CONTENT="frihetsår"/><SP WIDTH="16" VPOS="563" HPOS="638"/>
							<String ID="string_64" HPOS="654" VPOS="564" WIDTH="36" HEIGHT="20" WC="0.95" CONTENT="må"/><SP WIDTH="15" VPOS="564" HPOS="690"/>
							<String ID="string_65" HPOS="705" VPOS="564" WIDTH="96" HEIGHT="28" WC="0.95" CONTENT="beviljas."/>
						</TextLine>
					</TextBlock>
				</ComposedBlock>
				<ComposedBlock ID="cblock_4" HPOS="679" VPOS="638" WIDTH="68" HEIGHT="27">
					<TextBlock ID="block_4" HPOS="679" VPOS="638" WIDTH="68" HEIGHT="27">
						<TextLine ID="line_12" HPOS="679" VPOS="638" WIDTH="68" HEIGHT="27">
							<String ID="string_66" HPOS="679" VPOS="638" WIDTH="15" HEIGHT="27" WC="0.92" CONTENT="$"/><SP WIDTH="16" VPOS="638" HPOS="694"/>
							<String ID="string_67" HPOS="710" VPOS="639" WIDTH="37" HEIGHT="20" WC="0.93" CONTENT="23."/>
						</TextLine>
					</TextBlock>
				</ComposedBlock>
				<ComposedBlock ID="cblock_5" HPOS="439" VPOS="688" WIDTH="550" HEIGHT="363">
					<TextBlock ID="block_5" HPOS="440" VPOS="688" WIDTH="549" HEIGHT="267">
						<TextLine ID="line_13" HPOS="500" VPOS="688" WIDTH="489" HEIGHT="29">
							<String ID="string_68" HPOS="500" VPOS="688" WIDTH="153" HEIGHT="22" WC="0.92" CONTENT="Guvernörens"/><SP WIDTH="14" VPOS="688" HPOS="653"/>
							<String ID="string_69" HPOS="667" VPOS="690" WIDTH="72" HEIGHT="27" WC="0.96" CONTENT="utslag"/><SP WIDTH="16" VPOS="690" HPOS="739"/>
							<String ID="string_70" HPOS="755" VPOS="690" WIDTH="9" HEIGHT="20" WC="0.92" CONTENT="i"/><SP WIDTH="15" VPOS="690" HPOS="764"/>
							<String ID="string_71" HPOS="779" VPOS="690" WIDTH="138" HEIGHT="27" WC="0.89" CONTENT="stycknings-"/><SP WIDTH="22" VPOS="690" HPOS="917"/>
							<String ID="string_72" HPOS="939" VPOS="689" WIDTH="50" HEIGHT="21" WC="0.96" CONTENT="eller"/>
						</TextLine>
						<TextLine ID="line_14" HPOS="440" VPOS="722" WIDTH="549" HEIGHT="29">
							<String ID="string_73" HPOS="440" VPOS="722" WIDTH="222" HEIGHT="28" WC="0.86" CONTENT="afsöndringsärende"/><SP WIDTH="31" VPOS="722" HPOS="662"/>
							<String ID="string_74" HPOS="693" VPOS="724" WIDTH="56" HEIGHT="20" WC="0.91" CONTENT="skall"/><SP WIDTH="27" VPOS="724" HPOS="749"/>
							<String ID="string_75" HPOS="776" VPOS="725" WIDTH="78" HEIGHT="26" WC="0.93" CONTENT="genast"/><SP WIDTH="29" VPOS="725" HPOS="854"/>
							<String ID="string_76" HPOS="883" VPOS="724" WIDTH="106" HEIGHT="20" WC="0.95" CONTENT="meddelas"/>
						</TextLine>
						<TextLine ID="line_15" HPOS="441" VPOS="757" WIDTH="548" HEIGHT="28">
							<String ID="string_77" HPOS="441" VPOS="757" WIDTH="225" HEIGHT="23" WC="0.66" CONTENT="länelandtmätaren;"/><SP WIDTH="29" VPOS="757" HPOS="666"/>
							<String ID="string_78" HPOS="695" VPOS="758" WIDTH="38" HEIGHT="20" WC="0.90" CONTENT="och"/><SP WIDTH="24" VPOS="758" HPOS="733"/>
							<String ID="string_79" HPOS="757" VPOS="758" WIDTH="84" HEIGHT="27" WC="0.94" CONTENT="åligger"/><SP WIDTH="23" VPOS="758" HPOS="841"/>
							<String ID="string_80" HPOS="864" VPOS="758" WIDTH="68" HEIGHT="20" WC="0.96" CONTENT="denne"/><SP WIDTH="25" VPOS="758" HPOS="932"/>
							<String ID="string_81" HPOS="957" VPOS="759" WIDTH="32" HEIGHT="19" WC="0.93" CONTENT="att"/>
						</TextLine>
						<TextLine ID="line_16" HPOS="440" VPOS="791" WIDTH="548" HEIGHT="28">
							<String ID="string_82" HPOS="440" VPOS="793" WIDTH="56" HEIGHT="18" WC="0.93" CONTENT="utan"/><SP WIDTH="15" VPOS="793" HPOS="496"/>
							<String ID="string_83" HPOS="511" VPOS="791" WIDTH="79" HEIGHT="21" WC="0.87" CONTENT="hinder"/><SP WIDTH="15" VPOS="791" HPOS="590"/>
							<String ID="string_84" HPOS="605" VPOS="791" WIDTH="28" HEIGHT="28" WC="0.96" CONTENT="af"/><SP WIDTH="12" VPOS="791" HPOS="633"/>
							<String ID="string_85" HPOS="645" VPOS="792" WIDTH="80" HEIGHT="27" WC="0.96" CONTENT="besvär,"/><SP WIDTH="16" VPOS="792" HPOS="725"/>
							<String ID="string_86" HPOS="741" VPOS="799" WIDTH="48" HEIGHT="14" WC="0.93" CONTENT="som"/><SP WIDTH="14" VPOS="799" HPOS="789"/>
							<String ID="string_87" HPOS="803" VPOS="792" WIDTH="98" HEIGHT="27" WC="0.90" CONTENT="deröfver"/><SP WIDTH="12" VPOS="792" HPOS="901"/>
							<String ID="string_88" HPOS="913" VPOS="792" WIDTH="75" HEIGHT="21" WC="0.96" CONTENT="kunna"/>
						</TextLine>
						<TextLine ID="line_17" HPOS="441" VPOS="825" WIDTH="546" HEIGHT="28">
							<String ID="string_89" HPOS="441" VPOS="825" WIDTH="97" HEIGHT="27" WC="0.89" CONTENT="anföras,"/><SP WIDTH="17" VPOS="825" HPOS="538"/>
							<String ID="string_90" HPOS="555" VPOS="825" WIDTH="9" HEIGHT="20" WC="0.93" CONTENT="i"/><SP WIDTH="9" VPOS="825" HPOS="564"/>
							<String ID="string_91" HPOS="573" VPOS="826" WIDTH="152" HEIGHT="27" WC="0.92" CONTENT="jordregistret"/><SP WIDTH="21" VPOS="826" HPOS="725"/>
							<String ID="string_92" HPOS="746" VPOS="826" WIDTH="77" HEIGHT="27" WC="0.93" CONTENT="införa"/><SP WIDTH="20" VPOS="826" HPOS="823"/>
							<String ID="string_93" HPOS="843" VPOS="827" WIDTH="87" HEIGHT="20" WC="0.91" CONTENT="delarne"/><SP WIDTH="20" VPOS="827" HPOS="930"/>
							<String ID="string_94" HPOS="950" VPOS="826" WIDTH="37" HEIGHT="21" WC="0.92" CONTENT="sä-"/>
						</TextLine>
						<TextLine ID="line_18" HPOS="440" VPOS="860" WIDTH="549" HEIGHT="27">
							<String ID="string_95" HPOS="440" VPOS="866" WIDTH="46" HEIGHT="14" WC="0.93" CONTENT="som"/><SP WIDTH="16" VPOS="866" HPOS="486"/>
							<String ID="string_96" HPOS="502" VPOS="860" WIDTH="71" HEIGHT="20" WC="0.94" CONTENT="skilda"/><SP WIDTH="16" VPOS="860" HPOS="573"/>
							<String ID="string_97" HPOS="589" VPOS="860" WIDTH="122" HEIGHT="27" WC="0.96" CONTENT="lägenheter"/><SP WIDTH="14" VPOS="860" HPOS="711"/>
							<String ID="string_98" HPOS="725" VPOS="862" WIDTH="59" HEIGHT="19" WC="0.96" CONTENT="samt"/><SP WIDTH="15" VPOS="862" HPOS="784"/>
							<String ID="string_99" HPOS="799" VPOS="862" WIDTH="33" HEIGHT="19" WC="0.93" CONTENT="att"/><SP WIDTH="15" VPOS="862" HPOS="832"/>
							<String ID="string_100" HPOS="847" VPOS="861" WIDTH="74" HEIGHT="20" WC="0.96" CONTENT="teckna"/><SP WIDTH="11" VPOS="861" HPOS="921"/>
							<String ID="string_101" HPOS="932" VPOS="860" WIDTH="57" HEIGHT="21" WC="0.54" CONTENT="bevis"/>
						</TextLine>
						<TextLine ID="line_19" HPOS="441" VPOS="893" WIDTH="548" HEIGHT="29">
							<String ID="string_102" HPOS="441" VPOS="893" WIDTH="98" HEIGHT="28" WC="0.92" CONTENT="deröfver"/><SP WIDTH="15" VPOS="893" HPOS="539"/>
							<String ID="string_103" HPOS="554" VPOS="894" WIDTH="13" HEIGHT="21" WC="0.92" CONTENT="å"/><SP WIDTH="10" VPOS="894" HPOS="567"/>
							<String ID="string_104" HPOS="577" VPOS="895" WIDTH="86" HEIGHT="26" WC="0.93" CONTENT="kartan,"/><SP WIDTH="11" VPOS="895" HPOS="663"/>
							<String ID="string_105" HPOS="674" VPOS="895" WIDTH="267" HEIGHT="27" WC="0.90" CONTENT="delningshandlingarna"/><SP WIDTH="11" VPOS="895" HPOS="941"/>
							<String ID="string_106" HPOS="952" VPOS="895" WIDTH="37" HEIGHT="20" WC="0.96" CONTENT="och"/>
						</TextLine>
						<TextLine ID="line_20" HPOS="440" VPOS="928" WIDTH="193" HEIGHT="27">
							<String ID="string_107" HPOS="440" VPOS="928" WIDTH="100" HEIGHT="21" WC="0.94" CONTENT="nämnda"/><SP WIDTH="14" VPOS="928" HPOS="540"/>
							<String ID="string_108" HPOS="554" VPOS="929" WIDTH="79" HEIGHT="26" WC="0.94" CONTENT="utslag."/>
						</TextLine>
					</TextBlock>
					<TextBlock ID="block_6" HPOS="439" VPOS="962" WIDTH="550" HEIGHT="89">
						<TextLine ID="line_21" HPOS="498" VPOS="962" WIDTH="491" HEIGHT="28">
							<String ID="string_109" HPOS="498" VPOS="962" WIDTH="43" HEIGHT="21" WC="0.96" CONTENT="Det"/><SP WIDTH="21" VPOS="962" HPOS="541"/>
							<String ID="string_110" HPOS="562" VPOS="963" WIDTH="96" HEIGHT="20" WC="0.93" CONTENT="sålunda"/><SP WIDTH="19" VPOS="963" HPOS="658"/>
							<String ID="string_111" HPOS="677" VPOS="963" WIDTH="133" HEIGHT="27" WC="0.90" CONTENT="påtecknade"/><SP WIDTH="24" VPOS="963" HPOS="810"/>
							<String ID="string_112" HPOS="834" VPOS="963" WIDTH="92" HEIGHT="27" WC="0.96" CONTENT="utslaget"/><SP WIDTH="23" VPOS="963" HPOS="926"/>
							<String ID="string_113" HPOS="949" VPOS="962" WIDTH="40" HEIGHT="21" WC="0.96" CONTENT="låte"/>
						</TextLine>
						<TextLine ID="line_22" HPOS="439" VPOS="997" WIDTH="549" HEIGHT="27">
							<String ID="string_114" HPOS="439" VPOS="999" WIDTH="136" HEIGHT="24" WC="0.92" CONTENT="guvernören"/><SP WIDTH="10" VPOS="999" HPOS="575"/>
							<String ID="string_115" HPOS="585" VPOS="997" WIDTH="68" HEIGHT="21" WC="0.96" CONTENT="sedan"/><SP WIDTH="11" VPOS="997" HPOS="653"/>
							<String ID="string_116" HPOS="664" VPOS="997" WIDTH="157" HEIGHT="21" WC="0.93" CONTENT="vederbörande"/><SP WIDTH="10" VPOS="997" HPOS="821"/>
							<String ID="string_117" HPOS="831" VPOS="997" WIDTH="100" HEIGHT="27" WC="0.92" CONTENT="sakegare"/><SP WIDTH="12" VPOS="997" HPOS="931"/>
							<String ID="string_118" HPOS="943" VPOS="997" WIDTH="45" HEIGHT="20" WC="0.91" CONTENT="till-"/>
						</TextLine>
						<TextLine ID="line_23" HPOS="440" VPOS="1031" WIDTH="73" HEIGHT="20">
							<String ID="string_119" HPOS="440" VPOS="1031" WIDTH="73" HEIGHT="20" WC="0.95" CONTENT="ställa."/>
						</TextLine>
					</TextBlock>
				</ComposedBlock>
				<ComposedBlock ID="cblock_6" HPOS="681" VPOS="1089" WIDTH="66" HEIGHT="26">
					<TextBlock ID="block_7" HPOS="681" VPOS="1089" WIDTH="66" HEIGHT="26">
						<TextLine ID="line_24" HPOS="681" VPOS="1089" WIDTH="66" HEIGHT="26">
							<String ID="string_120" HPOS="681" VPOS="1089" WIDTH="15" HEIGHT="26" WC="0.90" CONTENT="$"/><SP WIDTH="16" VPOS="1089" HPOS="696"/>
							<String ID="string_121" HPOS="712" VPOS="1089" WIDTH="35" HEIGHT="20" WC="0.87" CONTENT="24."/>
						</TextLine>
					</TextBlock>
				</ComposedBlock>
				<ComposedBlock ID="cblock_7" HPOS="441" VPOS="1138" WIDTH="552" HEIGHT="199">
					<TextBlock ID="block_8" HPOS="441" VPOS="1138" WIDTH="552" HEIGHT="199">
						<TextLine ID="line_25" HPOS="498" VPOS="1138" WIDTH="491" HEIGHT="28">
							<String ID="string_122" HPOS="498" VPOS="1139" WIDTH="50" HEIGHT="21" WC="0.93" CONTENT="Har"/><SP WIDTH="16" VPOS="1139" HPOS="548"/>
							<String ID="string_123" HPOS="564" VPOS="1139" WIDTH="145" HEIGHT="21" WC="0.90" CONTENT="landtmätare"/><SP WIDTH="10" VPOS="1139" HPOS="709"/>
							<String ID="string_124" HPOS="719" VPOS="1141" WIDTH="57" HEIGHT="19" WC="0.95" CONTENT="utan"/><SP WIDTH="9" VPOS="1141" HPOS="776"/>
							<String ID="string_125" HPOS="785" VPOS="1141" WIDTH="148" HEIGHT="25" WC="0.93" CONTENT="guvernörens"/><SP WIDTH="10" VPOS="1141" HPOS="933"/>
							<String ID="string_126" HPOS="943" VPOS="1138" WIDTH="46" HEIGHT="27" WC="0.92" CONTENT="för-"/>
						</TextLine>
						<TextLine ID="line_26" HPOS="442" VPOS="1172" WIDTH="547" HEIGHT="29">
							<String ID="string_127" HPOS="442" VPOS="1173" WIDTH="110" HEIGHT="21" WC="0.92" CONTENT="ordnande"/><SP WIDTH="28" VPOS="1173" HPOS="552"/>
							<String ID="string_128" HPOS="580" VPOS="1174" WIDTH="103" HEIGHT="20" WC="0.89" CONTENT="verkstält"/><SP WIDTH="20" VPOS="1174" HPOS="683"/>
							<String ID="string_129" HPOS="703" VPOS="1173" WIDTH="118" HEIGHT="28" WC="0.95" CONTENT="styckning"/><SP WIDTH="20" VPOS="1173" HPOS="821"/>
							<String ID="string_130" HPOS="841" VPOS="1173" WIDTH="52" HEIGHT="21" WC="0.92" CONTENT="eller"/><SP WIDTH="20" VPOS="1173" HPOS="893"/>
							<String ID="string_131" HPOS="913" VPOS="1172" WIDTH="76" HEIGHT="28" WC="0.92" CONTENT="afsön-"/>
						</TextLine>
						<TextLine ID="line_27" HPOS="441" VPOS="1207" WIDTH="552" HEIGHT="28">
							<String ID="string_132" HPOS="441" VPOS="1207" WIDTH="72" HEIGHT="28" WC="0.91" CONTENT="dring,"/><SP WIDTH="23" VPOS="1207" HPOS="513"/>
							<String ID="string_133" HPOS="536" VPOS="1207" WIDTH="56" HEIGHT="21" WC="0.96" CONTENT="skall"/><SP WIDTH="21" VPOS="1207" HPOS="592"/>
							<String ID="string_134" HPOS="613" VPOS="1207" WIDTH="47" HEIGHT="28" WC="0.93" CONTENT="före"/><SP WIDTH="14" VPOS="1207" HPOS="660"/>
							<String ID="string_135" HPOS="674" VPOS="1207" WIDTH="137" HEIGHT="28" WC="0.92" CONTENT="pröfningen"/><SP WIDTH="15" VPOS="1207" HPOS="811"/>
							<String ID="string_136" HPOS="826" VPOS="1207" WIDTH="28" HEIGHT="27" WC="0.96" CONTENT="af"/><SP WIDTH="11" VPOS="1207" HPOS="854"/>
							<String ID="string_137" HPOS="865" VPOS="1207" WIDTH="48" HEIGHT="21" WC="0.84" CONTENT="dei"/><SP WIDTH="19" VPOS="1207" HPOS="913"/>
							<String ID="string_138" HPOS="932" VPOS="1207" WIDTH="31" HEIGHT="20" WC="0.92" CONTENT="22"/><SP WIDTH="14" VPOS="1207" HPOS="963"/>
							<String ID="string_139" HPOS="977" VPOS="1207" WIDTH="16" HEIGHT="27" WC="0.92" CONTENT="$"/>
						</TextLine>
						<TextLine ID="line_28" HPOS="441" VPOS="1241" WIDTH="552" HEIGHT="28">
							<String ID="string_140" HPOS="441" VPOS="1241" WIDTH="97" HEIGHT="28" WC="0.91" CONTENT="angifna"/><SP WIDTH="14" VPOS="1241" HPOS="538"/>
							<String ID="string_141" HPOS="552" VPOS="1242" WIDTH="183" HEIGHT="27" WC="0.93" CONTENT="omständigheter"/><SP WIDTH="13" VPOS="1242" HPOS="735"/>
							<String ID="string_142" HPOS="748" VPOS="1241" WIDTH="139" HEIGHT="27" WC="0.89" CONTENT="undersökas,"/><SP WIDTH="16" VPOS="1241" HPOS="887"/>
							<String ID="string_143" HPOS="903" VPOS="1247" WIDTH="36" HEIGHT="15" WC="0.96" CONTENT="om"/><SP WIDTH="12" VPOS="1247" HPOS="939"/>
							<String ID="string_144" HPOS="951" VPOS="1241" WIDTH="42" HEIGHT="20" WC="0.97" CONTENT="den"/>
						</TextLine>
						<TextLine ID="line_29" HPOS="441" VPOS="1275" WIDTH="552" HEIGHT="28">
							<String ID="string_145" HPOS="441" VPOS="1275" WIDTH="172" HEIGHT="28" WC="0.92" CONTENT="ifrågavarande"/><SP WIDTH="30" VPOS="1275" HPOS="613"/>
							<String ID="string_146" HPOS="643" VPOS="1276" WIDTH="117" HEIGHT="27" WC="0.91" CONTENT="delningen"/><SP WIDTH="25" VPOS="1276" HPOS="760"/>
							<String ID="string_147" HPOS="785" VPOS="1276" WIDTH="86" HEIGHT="20" WC="0.93" CONTENT="kunnat"/><SP WIDTH="28" VPOS="1276" HPOS="871"/>
							<String ID="string_148" HPOS="899" VPOS="1275" WIDTH="94" HEIGHT="28" WC="0.83" CONTENT="lagligen"/>
						</TextLine>
						<TextLine ID="line_30" HPOS="441" VPOS="1310" WIDTH="116" HEIGHT="27">
							<String ID="string_149" HPOS="441" VPOS="1310" WIDTH="116" HEIGHT="27" WC="0.96" CONTENT="företagas."/>
						</TextLine>
					</TextBlock>
				</ComposedBlock>
				<ComposedBlock ID="cblock_8" HPOS="681" VPOS="1373" WIDTH="69" HEIGHT="27">
					<TextBlock ID="block_9" HPOS="681" VPOS="1373" WIDTH="69" HEIGHT="27">
						<TextLine ID="line_31" HPOS="681" VPOS="1373" WIDTH="69" HEIGHT="27">
							<String ID="string_150" HPOS="681" VPOS="1373" WIDTH="14" HEIGHT="27" WC="0.92" CONTENT="$"/><SP WIDTH="16" VPOS="1373" HPOS="695"/>
							<String ID="string_151" HPOS="711" VPOS="1373" WIDTH="39" HEIGHT="20" WC="0.94" CONTENT="25."/>
						</TextLine>
					</TextBlock>
				</ComposedBlock>
				<ComposedBlock ID="cblock_9" HPOS="442" VPOS="1417" WIDTH="553" HEIGHT="97">
					<TextBlock ID="block_10" HPOS="442" VPOS="1417" WIDTH="553" HEIGHT="97">
						<TextLine ID="line_32" HPOS="505" VPOS="1417" WIDTH="486" HEIGHT="29">
							<String ID="string_152" HPOS="505" VPOS="1418" WIDTH="44" HEIGHT="21" WC="0.95" CONTENT="Vill"/><SP WIDTH="22" VPOS="1418" HPOS="549"/>
							<String ID="string_153" HPOS="571" VPOS="1419" WIDTH="75" HEIGHT="26" WC="0.96" CONTENT="någon"/><SP WIDTH="19" VPOS="1419" HPOS="646"/>
							<String ID="string_154" HPOS="665" VPOS="1425" WIDTH="78" HEIGHT="21" WC="0.96" CONTENT="genom"/><SP WIDTH="14" VPOS="1425" HPOS="743"/>
							<String ID="string_155" HPOS="757" VPOS="1417" WIDTH="117" HEIGHT="28" WC="0.89" CONTENT="styckning"/><SP WIDTH="15" VPOS="1417" HPOS="874"/>
							<String ID="string_156" HPOS="889" VPOS="1418" WIDTH="52" HEIGHT="20" WC="0.93" CONTENT="eller"/><SP WIDTH="14" VPOS="1418" HPOS="941"/>
							<String ID="string_157" HPOS="955" VPOS="1417" WIDTH="36" HEIGHT="27" WC="0.89" CONTENT="af-"/>
						</TextLine>
						<TextLine ID="line_33" HPOS="442" VPOS="1452" WIDTH="551" HEIGHT="28">
							<String ID="string_158" HPOS="442" VPOS="1452" WIDTH="106" HEIGHT="28" WC="0.90" CONTENT="söndring"/><SP WIDTH="22" VPOS="1452" HPOS="548"/>
							<String ID="string_159" HPOS="570" VPOS="1452" WIDTH="55" HEIGHT="28" WC="0.95" CONTENT="från"/><SP WIDTH="22" VPOS="1452" HPOS="625"/>
							<String ID="string_160" HPOS="647" VPOS="1452" WIDTH="37" HEIGHT="21" WC="0.95" CONTENT="sin"/><SP WIDTH="20" VPOS="1452" HPOS="684"/>
							<String ID="string_161" HPOS="704" VPOS="1452" WIDTH="100" HEIGHT="28" WC="0.93" CONTENT="lägenhet"/><SP WIDTH="14" VPOS="1452" HPOS="804"/>
							<String ID="string_162" HPOS="818" VPOS="1452" WIDTH="91" HEIGHT="27" WC="0.91" CONTENT="afskilja"/><SP WIDTH="14" VPOS="1452" HPOS="909"/>
							<String ID="string_163" HPOS="923" VPOS="1452" WIDTH="70" HEIGHT="20" WC="0.96" CONTENT="holme"/>
						</TextLine>
						<TextLine ID="line_34" HPOS="443" VPOS="1485" WIDTH="552" HEIGHT="29">
							<String ID="string_164" HPOS="443" VPOS="1487" WIDTH="52" HEIGHT="21" WC="0.95" CONTENT="eller"/><SP WIDTH="21" VPOS="1487" HPOS="495"/>
							<String ID="string_165" HPOS="516" VPOS="1486" WIDTH="105" HEIGHT="22" WC="0.93" CONTENT="särskildt"/><SP WIDTH="14" VPOS="1486" HPOS="621"/>
							<String ID="string_166" HPOS="635" VPOS="1486" WIDTH="98" HEIGHT="28" WC="0.92" CONTENT="rörlagdt"/><SP WIDTH="13" VPOS="1486" HPOS="733"/>
							<String ID="string_167" HPOS="746" VPOS="1485" WIDTH="110" HEIGHT="28" WC="0.90" CONTENT="egoskifte,"/><SP WIDTH="17" VPOS="1485" HPOS="856"/>
							<String ID="string_168" HPOS="873" VPOS="1485" WIDTH="38" HEIGHT="21" WC="0.96" CONTENT="och"/><SP WIDTH="15" VPOS="1485" HPOS="911"/>
							<String ID="string_169" HPOS="926" VPOS="1485" WIDTH="69" HEIGHT="27" WC="0.96" CONTENT="hafva"/>
						</TextLine>
					</TextBlock>
				</ComposedBlock>
				<ComposedBlock ID="cblock_10" HPOS="307" VPOS="1525" WIDTH="488" HEIGHT="24">
					<TextBlock ID="block_11" HPOS="307" VPOS="1525" WIDTH="488" HEIGHT="24">
						<TextLine ID="line_35" HPOS="307" VPOS="1525" WIDTH="488" HEIGHT="24">
							<String ID="string_170" HPOS="307" VPOS="1526" WIDTH="47" HEIGHT="23" WC="0.90" CONTENT="Lag-"/><SP WIDTH="13" VPOS="1526" HPOS="354"/>
							<String ID="string_171" HPOS="367" VPOS="1527" WIDTH="33" HEIGHT="17" WC="0.93" CONTENT="och"/><SP WIDTH="13" VPOS="1527" HPOS="400"/>
							<String ID="string_172" HPOS="413" VPOS="1526" WIDTH="182" HEIGHT="18" WC="0.92" CONTENT="Ekonomiutskottets"/><SP WIDTH="13" VPOS="1526" HPOS="595"/>
							<String ID="string_173" HPOS="608" VPOS="1526" WIDTH="109" HEIGHT="17" WC="0.96" CONTENT="betänkande"/><SP WIDTH="13" VPOS="1526" HPOS="717"/>
							<String ID="string_174" HPOS="730" VPOS="1525" WIDTH="37" HEIGHT="17" WC="0.96" CONTENT="N:o"/><SP WIDTH="12" VPOS="1525" HPOS="767"/>
							<String ID="string_175" HPOS="779" VPOS="1526" WIDTH="16" HEIGHT="16" WC="0.96" CONTENT="1."/>
						</TextLine>
					</TextBlock>
				</ComposedBlock>
			</PrintSpace>
		</Page>
	</Layout>
</alto>
