1142 1803
391 172 30 22 U.
437 172 28 22 B.
480 184 30 3 —
524 172 73 27 Prop.
613 172 42 22 N:o
670 172 21 21 6.
867 174 24 19 11

164 237 39 21 sitt
218 243 49 15 svar
282 237 28 27 pä
326 238 40 20 den
382 237 78 27 nädiga
474 237 160 27 propositionen
651 237 70 21 uttala
736 238 33 20 sin
786 237 85 27 mening
887 242 34 16 om

164 273 33 19 att
212 271 62 21 äfven
290 271 67 22 andra
372 272 125 27 principiela
512 271 148 27 förändringar
675 272 7 20 i
692 272 181 26 kronojordarnes
884 277 37 15 an-

164 305 114 28 vändning,
304 308 26 19 än
352 306 26 22 de
398 306 88 22 hvarom
508 306 147 26 föreliggande
675 306 134 27 proposition
824 305 97 26 handlar,

164 340 68 21 borde
254 341 144 21 underställas
422 341 132 21 Ständernas
577 340 104 27 pröfning,
703 340 24 22 sä
745 340 86 27 mycket
847 340 72 25 hellre,

164 380 48 15 som
235 374 128 22 hithörande
385 375 135 26 stadganden
542 375 55 21 visat
616 375 33 26 sig
663 375 73 21 kunna
751 381 52 14 vara
819 375 24 20 sä
859 373 61 22 affat-

165 408 57 25 tade,
245 410 32 19 att
293 409 27 21 de
335 409 80 21 lemnat
430 416 47 15 rum
492 409 33 22 för
540 409 107 26 ätgärder,
664 409 138 26 hvarigenom
818 407 102 23 afvikelse

164 442 48 21 frän
229 443 39 21 och
284 443 90 27 ändring
389 443 22 22 af
425 443 160 22 ständerbeslut
601 445 35 25 egt
652 449 53 21 rum,
721 443 72 21 säsom
810 443 21 21 af
841 442 79 22 nedan-

165 477 91 21 stäende
272 477 172 22 sakförhällande
460 477 100 28 framgär.

236 511 41 22 Vid
294 513 140 20 1877—1878
450 513 34 20 ärs
501 513 102 26 landtdag
619 511 107 28 afgjordes
744 511 74 28 frägan
834 517 34 16 om
884 513 35 18 än-

166 545 62 27 dring
244 546 41 21 och
300 547 151 26 upphäfvande
467 547 22 21 af
503 547 148 26 stadgandena
667 553 34 15 om
716 547 117 25 Kuusamo,
850 545 71 22 Kemi-

166 581 61 20 träsk
248 580 39 22 och
306 581 124 27 Kuolajärvi
446 581 102 21 socknars
564 581 120 27 fritagande
699 581 47 21 frän
761 580 90 27 refning,
868 582 55 19 stor-

166 614 65 22 skifte
252 615 40 21 och
308 615 162 27 skattläggning
486 618 56 19 samt
558 615 233 27 öfverloppsjordarnes
808 614 114 26 afvittring.

167 650 80 21 Därvid
264 650 114 26 godkände
394 650 128 27 Ständerna,
538 652 33 19 att
585 650 7 21 i
608 650 27 21 de
649 650 95 26 friheter,
756 656 46 16 som
816 650 28 27 pä
855 648 68 28 grund

167 683 23 21 af
212 684 92 27 tidigare
327 684 106 27 ingängna
455 685 184 21 knektekontrakt
656 685 121 21 tillerkänts
793 684 130 27 innebygga-

166 723 52 16 rene
233 718 7 21 i
256 719 78 20 nämda
350 719 96 25 socknar,
463 718 94 28 följande
568 719 89 26 ändring
668 719 70 21 skulle
748 719 106 26 vidtagas,
865 720 58 19 näm-

167 752 67 27 ligen:
260 753 52 25 ,Att
333 753 129 27 provisionel
487 753 108 27 afrösning
609 753 32 22 för
656 753 93 22 kronans
765 753 90 26 räkning
871 751 54 22 skall

168 787 39 21 ske
229 786 22 21 af
270 787 27 20 all
314 787 40 22 den
370 788 60 21 mark
445 788 58 21 inom
518 789 92 21 berörda
625 789 97 25 socknar,
739 794 44 15 som
799 788 42 21 kan
857 786 67 22 öfver-

168 820 72 27 blifva,
262 821 67 22 sedan
350 822 285 27 samfällighetsdelegarene
657 823 76 20 främst
757 822 18 27 ej
796 821 83 22 mindre
893 821 33 21 för

168 856 64 20 deras
248 855 111 22 hemmans
376 857 122 22 nuvarande
514 858 80 21 mantal
610 860 27 19 än
651 857 33 22 för
697 857 110 27 nybyggen
819 856 40 21 och
870 858 55 24 torp,

168 890 73 21 hvilka
262 889 54 23 efter
335 891 99 28 pröfning
448 893 73 20 kunna
536 892 58 21 bilda
610 891 168 28 sjelfbestäende
793 890 132 27 lägenheter,

168 924 41 21 fått
236 925 33 26 sig
291 926 140 26 provisionelt
451 927 96 21 tilldelad
563 926 92 22 blandad
671 926 98 21 skattbar
785 925 39 22 och
841 923 85 22 skattfri

168 959 62 21 mark
246 959 54 22 efter
316 961 118 26 beräkning
449 961 29 27 pä
493 961 73 27 hvarje
577 961 139 27 provisionelt
726 960 79 21 mantal
817 959 22 21 af
849 960 76 25 12,000

170 994 106 21 tunnland
291 995 7 20 i
314 995 109 22 Kuusamo
440 996 39 21 och
495 995 122 27 Kuolajärvi
634 995 92 21 socknar
739 995 39 21 och
791 995 62 25 8,000
865 995 61 19 tunn-

168 1029 51 20 land
236 1029 5 20 i
257 1029 123 22 Kemiträsk
396 1030 99 21 socken.*
518 1042 13 3 —
546 1030 9 21 1
572 1029 221 22 öfverensstämmelse
806 1029 49 21 med
867 1028 60 21 detta

168 1063 73 21 besiut
264 1063 125 22 utfärdades
412 1064 125 26 författning
560 1064 6 20 i
590 1064 89 21 ärendet
701 1064 41 20 den
763 1066 12 18 5
794 1063 53 26 april
865 1063 60 20 1879.

170 1097 73 21 Sedan
267 1097 120 22 emellertid
408 1098 60 27 fräga
483 1098 76 21 väckts
575 1103 34 16 om
624 1097 213 27 mantalsförhöjning
853 1096 32 21 för
900 1096 26 21 de

169 1132 73 26 gamla
265 1131 126 23 hemmanen
406 1133 7 20 i
429 1133 124 21 Kemiträsk
575 1132 86 26 socken,
681 1131 140 22 förordnades
843 1131 40 20 den
901 1131 24 20 16

170 1166 115 21 december
301 1169 61 24 1885,
379 1169 33 19 att
428 1167 74 21 dessas
518 1167 85 26 mantal,
620 1173 46 15 som
683 1166 27 21 dä
725 1166 93 27 uppgick
831 1165 32 21 till
873 1164 53 21 inal-

168 1201 32 20 les
228 1202 24 20 12
262 1200 44 28 5/96,
330 1201 68 22 skulle
421 1201 95 28 förhöjas
536 1201 31 21 till
584 1203 25 19 39
619 1201 47 27 23/2,
681 1203 57 19 samt
753 1202 32 19 att
800 1200 127 21 hemmanen

168 1235 36 21 vid
225 1235 95 22 skeende
340 1235 112 22 storskifte
470 1236 68 21 borde
553 1235 92 22 tilldelas
659 1236 48 27 jord
723 1235 8 21 i
746 1235 134 21 förhällande
895 1234 32 21 till

170 1270 26 21 de
214 1269 48 22 dem
274 1269 73 22 äsatta
357 1270 97 27 förhöjda
464 1271 117 24 mantalen;
593 1270 40 21 och
645 1270 28 21 dä
683 1270 102 27 grunden,
798 1269 66 26 enligt
874 1269 53 20 hvil-

168 1304 43 21 ken
229 1304 51 27 jord
299 1305 67 21 borde
386 1305 93 21 tilldelas
496 1305 27 21 de
538 1305 70 26 gamla
623 1305 133 25 hemmanen,
773 1304 91 21 sälunda
879 1302 47 22 blif-

169 1339 31 20 vit
215 1339 107 26 bestämd,
339 1338 45 22 blef
397 1340 133 25 guvernören
546 1339 6 21 i
568 1339 58 21 länet
641 1339 68 21 tillika
725 1338 99 22 anbefald
841 1337 86 27 vidtaga

169 1373 79 26 ätgärd
271 1373 74 21 därom
368 1375 33 19 att
423 1373 82 21 kronan
526 1373 57 22 inom
601 1373 122 21 oftanämda
739 1373 79 21 socken
834 1372 93 21 tillkom-

168 1407 79 22 mande
268 1408 56 27 jord,
347 1408 49 21 med
418 1408 136 27 tillämpning
576 1407 22 22 af
619 1408 143 26 kungörelsen
784 1407 40 21 den
844 1409 11 19 5
873 1406 54 27 april

170 1442 61 24 1879,
254 1442 140 26 provisionelt
417 1442 119 21 afrösades.
570 1442 165 26 Lägenheterna
757 1441 82 21 erhöllo
863 1439 64 22 alltsä

238 1480 192 19 Ekonomiutskottets
442 1482 117 17 betänkande
571 1482 37 18 N:o
620 1482 17 18 2.
