1142 1803
376 195 30 22 U.
422 195 28 22 B.
467 208 27 2 —
510 194 76 29 Prop.
601 195 46 23 N:o
663 195 39 23 10.
863 196 28 21 25

164 258 74 27 digare
261 258 68 21 delvis
348 265 38 13 var
409 258 65 25 fallet,
497 265 27 14 en
539 259 23 20 så
577 261 80 24 ytterst
673 258 95 27 beqväm
784 258 72 27 utväg,
873 265 48 14 som

164 293 92 27 mången
270 292 77 27 tyckes
363 292 110 21 föreställa
488 294 39 26 sig,
544 293 91 20 emedan
650 292 71 21 denna
735 292 134 28 bolagsform
880 293 41 21 ide

164 326 62 22 flesta
241 326 80 25 länder,
338 326 38 21 der
391 327 43 20 den
448 327 24 20 är
487 326 76 26 införd,
579 327 24 20 är
613 326 147 22 underkastad
770 326 89 28 ungefär
872 334 49 14 ena-

164 360 71 21 handa
250 361 137 26 bestämning
402 367 48 14 som
464 360 154 27 aktiebolaget.
647 361 42 20 Att
704 361 127 26 bolagsman
847 362 6 19 i
867 362 54 19 visst

165 394 35 21 fall
214 395 101 26 möjligen
330 394 72 21 kunde
417 394 57 27 dölja
489 397 33 18 att
536 394 165 27 aktieegarenas
717 394 58 21 antal
790 395 90 26 nedgått
890 394 32 21 till

164 429 38 20 två
216 429 52 20 eller
282 436 34 18 en,
332 429 100 26 utgjorde
447 430 54 19 intet
516 428 47 21 skäl
577 432 33 17 att
625 429 102 26 borttaga
742 428 73 27 hvarje
827 429 95 20 bestäm-

165 464 51 26 ning
231 470 36 14 om
282 463 168 25 minimiantalet,
466 466 51 17 utan
532 469 86 14 snarare
633 463 102 24 tvärtom,
753 465 26 24 ty
801 469 36 14 om
860 462 63 21 ored-

164 497 68 28 lighet
247 497 71 21 kunde
334 497 126 21 förutsättas
475 498 7 19 i
498 504 26 13 en
539 497 24 21 så
577 498 62 26 ringa
654 497 67 26 fråga,
737 497 58 20 hvad
805 497 58 20 hade
873 503 50 14 man

166 531 27 21 då
208 531 48 21 icke
270 534 33 18 att
317 531 66 20 vänta
398 532 39 26 sig,
454 531 27 20 då
496 531 69 21 större
580 532 106 19 intressen
701 531 64 20 stode
781 531 29 27 på
825 531 54 27 spel.
896 543 26 2 —

166 566 29 20 På
205 565 41 21 alla
254 566 63 20 dessa
325 565 47 20 skäl
380 565 142 21 fasthållande
534 565 41 21 den
585 565 122 27 grundsats,
719 568 33 18 att
767 566 36 20 två
819 571 104 21 personer

166 599 116 27 lämpligen
297 599 48 21 icke
360 599 53 21 böra
428 599 80 21 tillåtas
523 599 58 21 bilda
596 599 131 27 aktiebolag,
745 599 38 20 har
796 599 127 21 Utskottets

166 633 109 27 pluralitet
297 633 77 21 härvid
396 632 64 22 likväl
474 633 48 21 icke
537 633 80 21 kunnat
633 633 80 21 förbise
728 636 33 18 att
775 634 58 20 vissa
845 633 78 21 förhål-

167 667 78 21 landen
268 671 56 17 samt
346 667 68 21 under
436 667 100 27 bolagets
556 667 84 21 tillvaro
656 667 125 21 sedermera
795 667 129 21 inträffande

168 701 192 26 omständigheter,
376 702 72 20 såsom
464 702 92 20 dödsfall
571 708 28 14 m.
614 708 35 18 m.,
665 701 71 21 kunna
748 702 53 26 göra
812 702 38 20 det
860 701 64 21 önsk-

167 735 39 27 ligt
222 738 32 18 att
269 735 125 27 aktiebolag
409 736 67 20 måtte
492 735 21 21 få
528 735 133 28 uppkomma
686 735 42 21 och
751 736 72 20 såsom
845 735 79 21 sådant

167 769 64 21 bestå
253 769 63 21 äfven
331 769 51 21 med
397 773 32 17 ett
443 769 83 21 mindre
542 769 57 21 antal
614 769 129 27 bolagsmän
757 769 28 20 än
800 769 49 21 fem.
875 769 49 20 Sär-

168 803 65 22 skildt
255 803 39 21 har
316 803 116 22 Utskottet
454 803 76 21 härvid
552 803 46 21 haft
613 805 6 19 i
634 803 66 21 tanke
719 803 161 21 förhållandena
895 804 29 26 på

168 837 158 28 landsbygden,
342 837 39 21 der
393 837 37 22 det
445 838 37 21 vid
497 838 111 21 bildandet
623 837 25 21 af
659 837 83 27 mejeri-
757 837 50 21 eller
825 837 100 21 handels-

168 872 67 27 bolag
255 879 28 13 m.
306 872 20 20 fl.
349 872 46 21 ofta
417 871 71 22 kunde
511 879 51 14 vara
583 872 100 21 förenadt
703 872 51 21 med
769 871 108 28 svårighet
893 874 32 18 att

168 905 56 22 finna
247 909 32 18 ett
301 907 24 20 så
348 909 55 18 stort
424 906 58 21 antal
502 906 102 27 lämpliga
619 906 139 28 bolagsmän;
774 905 42 21 och
831 906 38 20 har
885 905 40 21 Ut-

169 939 83 22 skottet
268 940 72 21 derför
355 943 72 18 ansett
442 941 33 26 sig
490 941 53 20 böra
558 944 76 17 stanna
649 941 38 20 vid
701 947 28 14 en
751 939 175 22 minimibestäm-

169 976 51 25 ning
236 975 24 20 af
271 978 33 17 tre
319 981 111 20 personer.

240 1139 68 21 Utom
330 1139 66 27 några
419 1139 83 21 mindre
524 1139 121 27 ändringar,
661 1138 71 21 hvilka
748 1138 47 21 icke
810 1137 64 22 torde
889 1138 38 27 på-

169 1173 57 20 kalla
247 1173 92 20 särskild
354 1174 134 26 motivering,
504 1173 38 20 har
557 1174 30 20 uti
602 1173 43 20 den
659 1173 122 27 föreslagna
797 1173 63 26 lagen
875 1171 52 21 flere

169 1207 122 27 väsentliga
311 1207 198 27 omformuleringar
524 1207 42 20 och
580 1207 77 27 tillägg
671 1207 70 21 blifvit
756 1207 82 26 gjorda,
854 1205 73 21 hvilka

170 1240 116 21 Utskottet
300 1241 39 20 här
354 1241 72 20 nedan
440 1241 55 20 skall
510 1243 6 19 i
531 1241 87 21 korthet
633 1241 83 20 beröra.

238 1275 104 25 Emedan,
359 1275 67 27 enligt
441 1275 58 21 hvad
514 1277 6 19 i
536 1275 37 21 det
584 1275 132 27 föregående
727 1275 94 25 uttalats,
833 1274 95 21 bestäm-

169 1310 80 26 ningen
274 1316 36 14 om
336 1309 139 21 stadfästelse
498 1311 12 20 å
530 1309 171 27 bolagsordning
719 1309 87 20 komme
827 1312 32 17 att
882 1308 46 21 från

169 1343 105 27 förslaget
288 1343 100 21 bortfalla
403 1347 56 17 samt
475 1351 27 13 en
514 1343 81 21 central
606 1343 279 28 registreringsmyndighet
895 1346 33 17 att

169 1377 114 26 anordnas,
298 1377 88 21 hvilken
400 1378 57 27 egde
466 1377 56 22 tillse
533 1381 32 17 att
575 1377 170 28 bolagsordning
753 1377 175 21 öfverenstämde

169 1411 51 21 med
235 1411 35 28 lag
286 1411 112 21 äfvensom
413 1415 33 18 att
461 1412 28 20 de
504 1412 49 27 laga
567 1411 98 22 vilkoren
680 1413 7 20 i
702 1411 65 28 öfrigt
779 1411 37 21 vid
826 1411 102 21 bildande

169 1445 25 21 af
213 1445 124 27 aktiebolag
357 1446 69 20 blifvit
442 1445 117 27 iakttagna,
577 1452 66 20 synes
658 1444 13 29 &
689 1451 7 15 1
714 1445 53 21 böra
783 1445 96 27 undergå
894 1445 34 20 så-

169 1478 43 22 dan
234 1480 91 27 ändring
347 1483 32 18 att
397 1480 46 20 deri
458 1480 56 21 blott
529 1481 7 19 i
551 1479 116 21 allmänhet
681 1479 68 21 skulle
764 1479 90 27 stadgas
870 1478 58 21 hvad

238 1518 48 23 Lag-
298 1518 33 18 och
344 1518 182 18 Ekonomiutskottets
538 1518 110 18 betänkande
660 1518 39 18 N:o
711 1518 18 18 2.
