1142 1803
261 194 13 19 4
448 192 29 22 U.
493 192 28 22 B.
538 206 28 1 —
581 192 75 28 Prop.
672 192 45 22 N:o
733 192 23 22 8.

290 256 10 20 I
322 256 94 26 enlighet
438 256 51 20 med
511 256 134 26 vedertagen
670 256 55 20 form
746 263 65 19 synes
828 256 42 21 den
885 256 110 22 blifvande

232 290 153 26 förordningen
400 290 53 20 böra
469 290 69 20 förses
554 290 49 20 med
619 292 89 24 ingress,
722 291 145 26 upptagande
880 291 27 20 de
918 291 77 21 ställen

233 325 7 19 i
262 324 99 26 gällande
384 324 135 26 grundlagar,
543 324 45 20 från
603 324 79 24 hvilka,
699 325 29 26 på
743 324 45 21 sätt
804 324 116 22 Utskottet
935 326 6 20 i
957 326 38 20 sitt

232 358 93 26 tidigare
347 358 137 20 betänkande
507 358 120 24 framhållit,
651 358 152 26 stadgandena
819 359 6 19 i
841 358 153 27 förordningen

233 391 87 21 komme
335 395 33 18 att
382 392 102 20 innebära
500 399 26 13 en
542 391 110 21 afvikelse.

301 426 28 20 På
352 426 68 27 grund
438 426 25 20 af
475 426 57 20 hvad
548 426 115 21 Utskottet
679 426 88 21 sålunda
783 426 47 21 haft
847 427 50 20 äran
913 427 80 28 anföra,

234 459 32 21 får
286 460 121 25 Utskottet,
431 460 50 20 med
504 461 82 19 erinran
602 467 35 13 om
653 463 32 17 att
702 460 142 21 förevarande
859 461 80 20 ärende
954 461 39 20 bör

234 493 118 21 behandlas
375 495 6 19 i
402 494 42 20 den
466 494 92 26 ordning
580 499 23 20 71
623 493 13 28 &
652 495 6 19 i
674 494 248 28 Landtdagsordningen
937 495 56 20 före-

235 528 96 25 skrifver,
347 528 111 21 vördsamt
474 528 119 25 hemställa,

510 610 34 17 att
559 606 124 21 Ständerna
699 608 49 19 ville
763 608 9 20 i
783 608 133 27 underdånig
925 615 67 13 svars-

442 642 112 26 skrifvelse
580 642 36 20 till
644 642 65 20 Hans
734 642 124 27 Kejserliga
885 642 108 28 Majestät

442 676 94 24 anmäla,

511 716 35 19 det
575 715 124 20 Ständerna
723 716 100 26 godkänt
845 717 40 20 den
909 717 82 26 nådiga

438 749 155 27 propositionen
613 750 51 20 med
676 750 71 26 några
762 751 86 20 smärre
863 751 80 26 tillägg
955 751 37 20 och

443 783 126 27 ändringar,
591 784 8 20 i
609 784 66 27 följd
687 784 87 27 hvaraf
785 784 26 21 de
827 785 85 26 antagit
927 792 24 13 en
966 785 26 20 så

442 818 92 26 lydande

512 932 147 34 Förordning,
689 931 120 35 angående
837 933 93 28 lärares
949 933 42 28 och

443 972 146 27 lärarinnors
600 972 35 27 vid
648 973 272 30 elementarläroverken,
928 973 64 28 läro-

442 1012 82 27 verken
548 1012 37 28 för
603 1012 182 35 kvinnobildning
805 1014 60 27 samt
883 1013 108 28 folkskol-

442 1052 95 27 lärare-
551 1052 42 27 och
607 1053 289 27 lärarinneseminarierna
907 1052 84 34 afgång

443 1098 27 21 ur
488 1091 101 33 tjensten
609 1092 35 27 vid
664 1092 49 27 viss
732 1091 74 28 ålder.

511 1182 56 20 Med
584 1182 103 27 afvikelse
703 1183 60 26 från
781 1182 188 27 bestämningarna
985 1183 9 20 i

442 1223 14 13 2
480 1216 15 27 $
520 1217 30 26 af
568 1217 203 26 Regeringsformen
794 1217 39 20 den
856 1223 26 14 21
907 1217 88 26 augusti

442 1255 60 22 1772,
520 1257 15 20 4
553 1251 15 26 $
583 1251 9 20 i
605 1251 189 26 riksdagsbeslutet
807 1252 30 26 af
848 1251 40 20 den
902 1257 27 20 23
939 1251 56 27 juni

443 1284 64 27 1786,
525 1285 152 22 stadfästelsen
693 1285 14 19 å
722 1285 125 27 Förenings-
862 1285 37 20 och
916 1285 76 20 Säker-

442 1318 108 21 hetsakten
570 1319 40 20 den
621 1325 17 20 3
654 1319 60 26 april
726 1319 64 28 1789,
803 1319 61 28 3:dje
874 1319 95 27 punkten
985 1319 9 20 i

441 1352 171 27 Presterskapets
625 1353 131 26 privilegier
770 1354 31 26 af
811 1353 40 20 den
865 1353 29 20 16
909 1353 86 20 oktober

443 1392 59 21 1723,
518 1390 58 17 samt
589 1387 83 26 nädiga
681 1387 124 27 försäkran
814 1388 35 19 till
862 1387 130 20 Prestestän-

443 1421 39 24 det,
502 1421 77 26 gifven
601 1421 40 20 den
656 1428 14 13 2
685 1428 59 13 mars
760 1421 64 27 1789,
841 1421 82 20 varder
935 1421 56 20 stad-

439 1454 57 26 gadt
509 1461 45 13 som
564 1455 82 26 följer:

306 1521 130 23 Lagutskottets
448 1522 60 17 andra
520 1522 110 18 betänkande
643 1524 36 16 N:o
691 1523 18 17 2.
