1142 1803
392 177 29 23 U.
437 178 28 21 B.
480 189 30 3 —
524 177 74 27 Prop.
613 177 43 22 N:o
671 177 22 21 2.
862 179 11 19 vå

213 236 10 20 I
238 235 53 27 följd
306 234 22 22 af
350 235 26 21 de
393 234 161 27 ofullständiga,
574 234 115 22 sväfvande
705 235 40 21 och
761 234 142 28 motsägande

146 270 188 26 bestämningarna
356 270 6 20 i
386 269 100 27 gällande
514 268 151 28 författningar
690 269 134 22 beträffande
847 271 57 19 rätta

146 304 279 26 mantalsskrifningsorten,
449 304 40 21 har
507 304 38 21 det
560 304 19 26 ej
595 304 69 21 sällan
679 303 101 27 inträffat,
797 306 33 19 att
845 310 58 15 man-

146 338 158 27 talsskrifnings
320 338 116 22 förrättare
452 338 28 27 på
496 338 72 21 skilda
584 340 58 19 orter
657 337 84 22 förfarit
751 338 29 26 på
788 338 57 21 olika
853 340 50 23 sätt,

146 373 61 21 äfven
223 373 67 26 högre
305 372 149 27 myndigheter
469 371 70 27 hafva,
557 372 26 21 då
600 372 72 27 dylika
687 371 73 28 frågor
775 372 82 27 dragits
865 378 38 15 un-

148 407 37 22 der
200 407 63 22 deras
279 406 124 27 afgörande,
419 407 91 21 kommit
525 407 32 20 till
574 407 58 21 olika
647 407 98 25 resultat,
767 406 40 22 och
828 412 75 21 genom

146 441 110 22 bristande
278 441 137 27 konseqvens
430 441 7 21 i
452 440 133 22 förfarandet
600 441 63 21 hafva
683 441 122 27 betydande
828 441 77 21 oredor

149 476 105 27 uppstått.
285 476 77 21 Såsom
378 475 96 27 exempel
490 476 35 21 må
540 477 89 20 nämnas
645 475 94 27 följande
754 475 37 21 fall
805 475 48 22 från
861 475 44 21 Wi-

147 511 53 26 borg
216 511 40 21 och
270 505 54 27 Åbo.
353 510 44 21 För
419 511 98 26 omkring
537 512 32 19 ett
588 510 126 21 decennium
730 510 89 21 tillbaka
834 509 70 22 blefvo

150 545 66 27 några
230 545 7 21 i
252 545 100 26 Wiborgs
374 545 50 21 stad
446 544 175 22 mantalsskrifna
641 551 110 20 personer,
767 544 71 22 hvilka
853 550 51 16 voro

147 580 87 21 bosatta
250 580 14 20 å
278 580 115 26 Monrepos
416 578 174 26 allodialsäteris,
607 578 32 22 tili
655 578 100 27 Wiborgs
771 579 79 21 socken
866 578 37 22 hö-

146 614 66 21 rande
234 614 68 26 mark,
326 614 22 21 af
369 613 163 22 vederbörande
550 612 208 22 mantalsförrättare
773 613 131 27 upptagne
893 608 15 37 i

147 649 80 21 mantal
249 648 69 22 under
339 648 93 21 nämnda
447 648 87 26 socken,
554 648 40 21 och
611 648 70 21 denna
696 648 77 26 åtgärd
787 648 116 22 stadfästes

145 683 78 27 jämväl
240 682 22 22 af
282 684 133 25 guvernören
430 682 8 21 i
453 682 100 27 Wiborgs
573 682 42 25 län,
639 688 48 16 men
703 682 120 27 Kejserliga
839 682 65 22 Sena-

147 719 37 19 ten
199 717 129 22 förordnade
343 716 93 22 medelst
456 717 72 26 utslag
542 717 40 20 den
601 718 24 19 19
642 716 41 27 Maj
703 718 60 24 1882,
779 719 33 18 att
827 716 78 27 ifråga-

147 751 93 22 varande
262 757 104 21 personer
381 751 67 21 borde
464 751 6 21 i
486 751 77 21 staden
583 750 189 22 mantalsskrifvas.
803 751 46 21 Den
865 750 40 21 tal-

148 786 47 21 rika
210 785 230 27 arbetarebefolkning,
460 791 45 16 som
521 785 62 22 lifnär
599 785 32 27 sig
647 784 22 22 af
683 785 74 22 arbete
772 785 7 21 i
795 779 46 28 Åbo
857 785 48 21 stad

149 826 48 15 men
212 820 51 21 sökt
278 820 32 26 sig
326 820 104 21 bostäder
450 821 61 20 utom
532 820 88 21 stadens
636 819 94 27 område,
747 819 39 22 har
800 819 55 22 varit
871 819 34 22 så-

147 855 35 20 väl
196 854 102 22 mantals-
313 860 45 16 som
374 854 150 27 kyrkskrifven
540 854 7 21 i
562 849 53 32 Åbo,
632 854 32 21 till
681 855 49 21 dess
746 854 24 21 år
787 856 54 19 1888
857 854 26 21 de
899 854 6 21 i

148 889 33 22 S:t
195 889 78 21 Karins
288 889 88 21 bosatta
392 889 71 21 blefvo
478 889 7 21 i
501 889 67 26 sagda
583 889 92 21 sockens
685 889 157 27 mantalslängd
853 895 52 20 upp-

147 925 71 25 tagna.
249 923 72 22 Sedan
343 923 122 27 Kejserliga
494 923 100 26 Senaten,
622 925 117 19 tvärtemot
764 922 141 23 ofvanomför-

148 957 72 22 mälda
234 957 80 27 utslag,
331 957 95 22 stadfäst
442 958 70 21 denna
527 957 130 27 förändring,
678 957 131 22 öfverfördes
825 957 32 22 till
873 957 33 22 S:t

148 992 68 21 Marie
238 992 81 21 socken
342 991 35 22 vid
400 991 227 28 mantalsskrifningen
650 992 95 21 sistlidet
765 992 23 21 år
803 992 49 21 med
868 997 37 16 ens

151 1028 61 24 1,050
227 1032 110 21 personer,
354 1027 68 21 ehuru
439 1027 65 21 deras
520 1026 234 22 lefnadsförhällanden
770 1026 47 22 icke
828 1026 77 22 under-

149 1061 47 26 gätt
212 1061 40 21 den
276 1061 95 26 ringaste
394 1061 133 26 förändring.
559 1060 146 22 Omförmälda
720 1061 186 22 missförhällande

148 1095 39 21 har
202 1094 64 23 äfven
290 1095 100 21 stundom
414 1094 130 27 förorsakat,
567 1097 33 19 att
620 1101 26 15 en
661 1101 78 21 person
755 1095 68 21 under
838 1094 68 21 ärata!

148 1129 56 22 varit
218 1129 46 22 helt
279 1129 40 22 och
335 1129 68 22 hället
418 1129 48 22 frän
481 1129 212 27 mantalslängderna
709 1129 128 26 utelemnad,
855 1129 52 22 eller

148 1165 34 20 att
196 1169 82 16 samma
292 1169 79 21 person
387 1163 113 28 samtidigt
514 1163 71 22 blifvit
599 1163 142 22 mantalsförd
751 1164 28 27 pä
789 1163 52 22 flere
850 1163 57 22 olika

149 1200 63 23 orter,
227 1198 142 21 hvarutinnan
384 1198 92 21 rättelse
490 1198 56 22 först
562 1198 54 21 efter
631 1198 78 27 mänga
724 1199 116 26 omgängar
855 1204 51 15 vun-

149 1232 49 22 nits.
229 1233 111 27 Därjämte
363 1235 38 19 äro
424 1233 108 21 bristerna
548 1233 6 21 i
570 1233 130 26 stadgandet
722 1233 111 27 angående
849 1238 58 15 man-

148 1267 223 27 talsskrifningsorten
387 1267 33 21 till
436 1269 46 19 stor
499 1267 34 22 del
550 1267 63 22 orsak
629 1267 72 22 därtill
715 1269 32 20 att
754 1267 153 26 mantalsläng-

150 1301 66 21 derna
231 1301 49 22 icke
295 1301 71 22 utvisa
383 1301 27 22 de
426 1301 96 27 verkliga
538 1301 305 28 befolkningsförhållandena,
854 1301 53 21 hvil-

149 1335 43 22 ken
208 1335 161 27 omständighet
391 1336 43 21 kan
456 1336 88 21 inverka
560 1336 18 27 ej
595 1336 92 21 allenast
701 1336 30 27 på
746 1336 26 21 de
787 1335 121 28 personella

149 1369 151 28 utskyidernas
317 1370 137 27 erläggande,
474 1372 52 19 utan
546 1369 62 23 äfven
623 1371 28 26 på
666 1371 113 21 städernas
795 1376 112 21 represen-

149 1405 131 21 tationsrätt.

218 1439 34 21 Då
267 1439 109 21 utskottet
399 1439 56 26 tagit
473 1439 43 21 alla
531 1439 64 21 ofvan
610 1439 128 21 framhållna
753 1439 154 21 sakförhållan-

150 1472 41 22 den
206 1473 7 21 i
229 1472 164 28 öfvervägande,
409 1473 41 21 har
464 1473 58 21 inom
538 1473 109 22 utskottet
663 1473 77 22 endast
752 1480 25 15 en
786 1473 57 27 åsigt
851 1472 58 27 gjort

218 1512 194 18 Ekonomiutskottets
425 1512 118 19 betänkande
556 1513 36 17 N:o
605 1514 14 16 1.

1064 35 68 7 —
