1142 1803
271 190 25 20 52
482 188 68 23 U..B.
565 201 28 3 —
608 188 64 28 Prop.
687 188 41 22 N:o
744 191 19 19 9.

241 258 42 21 ega
298 258 52 14 rum.
380 251 116 22 Utskottet
510 252 40 20 har
564 252 39 20 här
617 252 67 21 ofvan
699 252 66 21 redan
780 253 56 20 varit
841 247 13 37 i
851 252 104 21 tillfälle
967 256 32 17 att

242 286 81 26 antyda
344 287 32 19 sin
399 286 56 27 äsigt
473 286 135 21 beträffande
629 286 137 28 prestbolens.
789 286 154 22 bestämmelse
958 287 41 20 och

241 320 37 21 vill
298 320 50 21 med
363 320 163 21 äterhemtande
542 320 64 21 deraf
617 320 81 22 betona
713 324 33 18 att
761 321 65 21 dessa
841 320 113 26 boställen,
971 322 28 26 pä

241 354 72 21 hvilka
328 354 57 21 olika
401 354 44 21 sätt
460 354 27 21 de
502 355 27 20 än
545 354 144 27 uppkommit,
705 355 78 20 endast
799 354 41 21 och
856 355 89 20 allenast
953 355 46 20 haft

241 388 32 21 till
289 388 87 28 uppgift
391 389 37 20 det
443 388 100 27 kyrkliga
558 388 154 22 läroembetets
728 390 30 20 uti
773 389 54 20 hvar
835 389 32 20 sin
875 388 124 27 församling

241 423 190 26 understödjande.
461 423 34 20 De
518 423 63 20 torde
603 423 50 20 med
676 423 103 21 afseende
800 423 53 20 härä
867 423 64 21 äfven
946 423 52 21 böra

241 457 78 21 räknas
334 457 32 20 till
381 457 141 21 stiftelsernas
537 457 64 25 klass,
611 457 42 21 och
668 458 73 20 säsom
756 457 141 22 stiftelsernas
912 457 87 28 uppgift

240 491 98 27 juridiskt
361 492 47 20 icke
423 492 42 21 kan
480 493 78 20 ändras
573 492 50 21 med
638 493 83 20 mindre
737 493 70 20 denna
822 492 19 27 ej
856 492 74 21 vidare
946 492 52 21 låter

242 525 100 22 realisera
360 527 39 26 sig,
416 526 67 21 likasä
498 526 71 21 kunna
585 526 126 27 prestbolen
726 526 18 27 ej
760 526 67 21 heller
842 527 109 20 användas
967 529 31 18 att

241 560 59 23 tiena
318 561 72 24 andra,
406 567 36 14 om
458 561 42 20 ock
515 561 105 20 likartade
635 561 101 20 ändamäl
751 561 28 27 pä
795 568 27 13 en
837 567 70 14 annan
922 564 34 17 ort
971 561 27 19 än

242 594 48 25 den,
300 594 38 21 der
353 595 111 20 desamma
479 595 106 21 inrättats.
615 595 45 21 Det
675 595 24 20 är
714 594 55 22 klart
785 598 32 18 att
832 594 115 22 Utskottet
963 594 35 21 vid

242 628 70 21 denna
327 629 139 27 uppfattning
480 628 48 22 icke
542 628 81 22 kunnat
638 628 117 28 godkänna
771 629 38 21 det
823 630 174 26 propositionens

241 663 128 26 stadgande,
386 663 66 27 enligt
468 663 80 21 hvilket
564 666 31 18 ett
607 664 45 20 deri
662 663 98 21 närmare
770 663 97 27 angifvet
877 663 121 21 öfverskott

242 696 24 21 af
285 697 194 26 byggnadskassan
495 698 17 25 ej
529 697 56 21 blott
600 697 68 21 skulle
683 697 103 21 förvaltas
802 697 26 21 af
839 704 27 14 en
881 700 60 18 utom
957 698 41 20 den

241 730 99 28 kyrkliga
363 731 151 28 församlingen
529 731 90 21 stäende
639 731 122 27 inrättning,
782 735 51 17 utan
849 731 64 20 äfven
928 731 69 20 kunna

241 765 67 20 under
324 767 57 19 vissa
396 765 177 28 förutsättningar
588 765 87 22 komma
683 766 80 26 jemväl
773 766 67 20 andra
851 766 146 27 församlingar

241 799 31 21 till
287 800 66 26 godo.
384 800 160 21 Användandet
560 801 25 20 af
597 801 60 20 detta
672 801 123 20 öfverskott
807 800 32 21 för
849 800 148 21 ecklesiastika

242 834 99 21 ändamäl
361 836 58 19 inom
442 835 152 27 församlingen
616 835 64 21 torde
701 835 98 21 deremot
815 835 18 26 ej
849 835 70 20 kunna
935 842 62 13 anses

242 875 51 13 vara
309 869 132 21 fremmande
457 869 33 21 för
504 870 164 27 ifrågavarande
683 870 115 21 stiftelsers
813 870 93 27 uppgift.
937 870 8 20 I
958 870 40 21 Ut-

241 902 83 21 skottet
346 903 38 20 har
407 904 103 26 derjemte
532 904 124 27 ifrägasatts
679 904 103 21 huruvida
803 904 53 25 icke,
873 905 27 20 dä
915 904 83 27 kyrkan

240 938 56 19 varit
318 937 134 28 bildningens
474 938 54 21 härd
547 938 42 21 och
612 939 127 20 värdarinna
762 942 56 17 samt
841 939 37 20 det
899 938 98 27 kyrkliga

241 970 143 23 läroembetet
403 972 216 27 folkupplysningens
634 973 159 26 grundläggare
809 973 42 20 och
867 972 130 25 befordrare,

241 1008 32 17 ett
289 1005 69 26 dylikt
373 1006 121 21 öfverskott
509 1007 64 20 äfven
587 1007 72 20 kunde
673 1007 180 27 tillgodokomma
864 1007 133 26 bildningens

241 1039 39 21 sak
296 1041 57 19 inom
368 1040 158 28 församlingen.
556 1035 66 26 Ända
638 1041 70 21 härtill
723 1041 38 21 har
776 1041 116 21 Utskottet
903 1041 95 20 emeller-

240 1073 33 20 tid
292 1073 47 20 icke
355 1078 71 17 ansett
442 1076 34 25 sig
490 1075 53 20 böra
558 1076 28 25 gä
601 1076 36 19 vid
653 1076 42 19 den
710 1075 111 27 praktiska
837 1075 161 26 tillämpningen

240 1107 26 20 af
277 1109 32 19 sin
324 1109 62 26 äsigt,
403 1108 56 21 helst
475 1109 124 20 densamma
615 1109 18 26 ej
646 1109 80 21 kunnat
737 1109 103 20 omfattas
851 1109 26 20 af
884 1109 114 20 Utskottet

240 1143 7 18 i
262 1141 50 21 dess
336 1142 79 21 helhet.
445 1143 42 21 Att
509 1143 115 21 Utskottet
647 1143 32 20 för
698 1143 65 27 öfrigt
779 1145 54 18 varit
849 1150 52 13 ense
916 1143 81 24 derom,

241 1179 32 17 att
295 1175 121 22 öfverskott
436 1177 26 20 af
473 1177 163 27 ifrågavarande
651 1177 48 28 slag
714 1177 75 21 främst
804 1177 69 20 borde
888 1177 109 20 användas

240 1209 34 21 för
293 1210 165 27 prestboställes
474 1211 154 26 förbättrande,
645 1211 105 21 behöfver
765 1211 111 27 knappast
891 1211 106 27 tilläggas.

240 1244 139 21 Beträffande
394 1245 68 21 sedan
477 1247 175 26 propositionens
668 1246 122 27 stadgande
806 1246 81 24 derom,
901 1249 32 17 att
943 1246 55 20 blott

240 1278 42 20 den
298 1279 36 20 del
348 1279 26 20 af
384 1279 201 28 byggnadskassan,
595 1287 48 14 som
658 1280 111 27 öfversteg
784 1280 38 20 det
837 1279 114 21 faststälda
961 1281 37 19 ka-

240 1313 83 26 pitalet,
348 1313 67 21 ökadt
437 1314 51 20 med
511 1314 68 27 50%,
603 1314 68 21 skulle
694 1315 21 20 få
735 1315 112 26 begagnas
862 1313 33 21 för
910 1314 88 20 ecklesi-

240 1347 81 20 astiska
334 1347 105 26 ändamäl,
455 1348 39 21 har
508 1350 58 19 inom
581 1348 116 21 Utskottet
712 1348 88 21 uttalats
816 1351 32 18 att
856 1348 142 20 nästnämnda

240 1381 137 27 bestämning
392 1382 65 21 äfven
465 1383 68 20 borde
540 1383 49 26 ingä
597 1384 30 19 uti
636 1383 42 20 den
686 1383 25 20 af
716 1383 115 20 Utskottet
839 1382 159 21 omformulera-

240 1415 28 20 de
281 1415 34 26 $:n
331 1416 41 20 och
388 1416 91 21 omfatta
486 1416 80 27 jemväl
574 1417 37 20 det
619 1417 36 20 fall
663 1420 33 17 att
704 1416 153 21 användandet
864 1423 53 14 vore
928 1416 70 21 afsedt

239 1448 57 21 blott
311 1448 33 21 för
359 1449 153 28 förbättringar
526 1451 13 19 ä
554 1450 109 21 bostället.
692 1450 34 20 En
736 1450 127 21 reservfond
873 1449 68 21 skulle
951 1450 48 20 der-

240 1484 87 25 igenom
350 1483 168 26 ästadkommas,
534 1491 48 13 som
604 1491 53 14 vore
677 1484 72 27 egnad
767 1488 32 17 att
815 1484 126 20 säkerställa
957 1484 42 20 för-

309 1523 46 21 Zag-
369 1522 31 17 och
413 1522 182 18 Ekonomiutskottets
608 1523 109 18 betänkande
730 1523 37 18 N:o
779 1524 17 16 4.
