1142 1803
408 189 30 23 U.
454 189 28 22 B.
500 202 27 2 —
543 188 75 29 Prop.
634 188 46 23 N:o
696 188 23 22 8.
902 194 12 22 7

256 252 114 21 Utskottet
385 252 67 21 håller
467 252 47 20 före
530 255 38 21 att,
591 251 65 21 äfven
677 253 6 19 i
704 251 105 21 händelse
832 251 37 21 det
884 253 60 19 miss-

187 286 132 22 förhållande
332 288 128 25 regeringen
476 286 38 20 här
530 286 49 20 sökt
593 285 95 27 athjälpa
703 286 93 26 ansåges
819 292 51 14 vara
891 286 53 20 kon-

187 320 112 25 stateradt,
316 320 66 20 andra
400 320 127 27 lämpligare
542 320 71 20 medel
635 319 67 21 finnas
725 322 32 18 att
780 319 67 21 befria
869 319 75 21 skolan

187 355 46 20 från
248 354 102 27 odugliga
365 354 74 20 lärare.
470 354 34 20 En
519 361 112 20 noggrann
653 354 94 20 kontroll
768 354 61 20 öfver
851 353 92 21 lärarens

187 388 138 21 verksamhet
340 388 66 21 under
422 388 27 21 de
465 388 79 27 profår,
561 395 47 13 som
623 388 75 27 föregå
713 388 53 20 hans
793 387 123 27 antagande
938 389 6 19 i

188 423 106 20 ordinarie
308 423 71 26 tjenst,
396 429 26 14 en
438 422 99 21 verksam
554 422 123 27 inspektion
699 422 60 20 öfver
781 421 101 21 skolorna
903 421 41 21 och

188 457 100 27 slutligen
302 460 32 17 ett
349 457 26 20 af
385 456 217 27 skolöfverstyrelsen
625 457 50 20 eller
698 457 27 20 de
748 456 97 21 enskilda
867 456 78 21 skolin-

188 491 142 28 spektorerna
350 491 125 20 meddeladt
492 491 82 26 vänligt
599 491 125 24 ,,consilium
739 491 107 20 abeundi"
866 491 22 20 åt
903 491 42 20 den

188 526 75 25 lärare,
288 533 48 13 som
356 525 48 21 icke
425 532 59 13 mera
506 525 104 20 befunnes
633 525 113 27 förmögen
769 528 32 17 att
824 524 62 21 sköta
913 526 32 19 sin

189 560 70 26 tjenst,
276 560 62 20 torde
353 559 32 21 för
402 559 122 21 ändamålet
539 566 51 13 vara
605 559 46 20 fullt
667 559 128 27 tillräckligt.

258 594 33 20 En
306 594 46 20 sida
367 594 25 20 af
403 593 73 25 saken,
492 600 48 14 som
556 593 115 21 Utskottet
686 593 63 21 äfven
757 596 65 24 egnat
830 593 114 27 uppmärk-

190 628 84 21 samhet
290 628 42 20 och
346 628 86 20 hvilken
447 630 21 18 at
484 635 26 13 en
526 628 35 20 del
576 628 139 20 medlemmar
735 627 119 21 tillerkänts
876 628 69 20 öfver-

190 662 99 27 vägande
309 662 119 26 betydelse,
450 662 23 20 är
495 662 42 20 den
558 662 72 20 ökade
651 662 63 26 utgift
730 662 121 20 införandet
867 662 24 20 af
903 662 42 20 den

190 697 121 26 föreslagna
326 696 63 27 lagen
404 696 67 20 skulle
486 696 98 20 medföra
599 696 32 20 för
647 696 138 21 statsverket.
815 696 9 20 I
840 696 59 21 detta
915 696 30 21 af-

190 730 81 21 seende
292 730 37 20 har
349 730 31 21 till
401 730 133 27 upplysning
555 729 60 22 ländt
635 729 148 21 kamrerarens
804 731 6 20 i
825 730 120 27 Kejserliga

191 765 105 20 Senatens
311 764 195 27 finansexpedition
527 764 81 27 afgifna
630 764 109 21 utlåtande
761 766 6 19 i
789 765 115 26 anledning
925 765 24 20 af

191 799 103 27 förslaget
316 806 36 13 om
374 799 227 26 pensionsförhöjning
623 799 33 20 för
677 806 26 13 en
719 799 36 20 del
770 799 68 20 lärare
852 799 37 20 vid
904 799 41 20 ele-

191 833 209 21 mentarläroverken
423 833 42 20 och
488 833 126 20 läroverken
637 833 33 20 för
692 833 177 27 kvinnobildning
891 837 54 16 samt

192 868 42 20 den
254 867 67 21 tillika
342 867 120 27 föreslagna
484 867 156 27 förbättringen
662 867 24 20 af
708 867 184 21 löneförmånerna
913 867 33 21 för

192 902 92 20 lektorer
304 902 36 20 vid
361 901 171 21 folkskollärare-
554 901 41 20 och
610 901 262 21 lärarinneseminarierna.
902 902 44 20 Vid

192 936 129 27 granskning
336 936 25 20 af
372 935 103 27 förslaget
491 943 36 13 om
542 935 71 21 ökade
632 936 210 27 pensionsförmåner
857 948 27 3 —
900 936 46 20 det-

192 977 82 14 samma
289 977 47 13 som
351 971 59 26 ingår
426 971 6 19 i
448 971 42 20 den
506 977 27 14 nu
549 970 148 27 föreliggande
712 971 79 26 nådiga
815 972 131 25 propositio-

192 1011 42 14 nen
249 1017 27 2 —
291 1004 38 20 har
343 1005 78 20 nämde
436 1004 203 26 senatstjensteman
655 1004 119 25 framhållit,
800 1008 32 17 att
854 1005 92 20 bestäm-

192 1040 79 24 ningen
296 1045 36 13 om
352 1038 80 21 lärares
454 1039 42 19 och
519 1038 115 21 lärarinnas
656 1039 80 26 afgång
757 1046 24 13 ur
800 1038 92 26 tjensten
910 1039 37 20 vid

192 1074 44 18 viss
252 1072 58 20 ålder
325 1072 71 20 kunde
411 1072 107 20 beräknas
534 1074 5 18 i
555 1074 174 25 pensionsstaten
745 1072 97 21 medföra
860 1080 27 19 en
907 1072 40 20 till-

193 1106 53 21 växt
262 1106 24 20 af
298 1106 88 27 ungefär
402 1111 26 21 50
444 1106 12 20 å
472 1106 78 25 60,000
568 1105 65 25 mark,
656 1106 85 20 hvilken
762 1106 85 21 tillväxt
869 1113 78 20 genom

194 1141 41 20 den
251 1140 120 27 föreslagna
386 1140 252 27 pensionsförhöjningen
661 1140 126 27 ytterligare
807 1141 87 20 komme
915 1143 32 18 att

194 1175 52 20 ökas
268 1175 49 20 med
342 1180 23 15 12
389 1178 98 23 procent.
517 1174 35 21 Då
567 1174 80 21 antalet
663 1175 68 20 lärare
747 1176 6 19 i
769 1181 26 14 en
810 1175 59 20 ålder
884 1175 24 20 af
920 1175 26 26 63

195 1209 23 20 år
239 1209 25 20 af
280 1209 90 26 tidigare
396 1209 97 26 antydda
513 1209 47 20 skäl
581 1209 54 20 efter
656 1209 57 20 hand
735 1209 64 20 torde
814 1209 87 20 komma
916 1212 31 17 att

194 1244 57 26 stiga
266 1243 42 20 och
323 1243 151 26 förordningen
490 1243 132 26 följaktligen
637 1243 70 20 kunde
723 1245 6 18 i
752 1243 114 20 framtiden
888 1243 59 20 med-

194 1277 46 20 föra
256 1277 107 26 betydligt
378 1277 69 20 större
462 1277 93 26 utgifter,
579 1277 38 20 har
639 1277 41 20 den
702 1277 74 25 fördel,
799 1285 48 12 som
869 1284 79 20 genom

196 1311 41 20 den
250 1311 120 26 föreslagna
385 1311 105 26 åtgärden
512 1311 141 26 tilläfventyrs
669 1311 72 20 kunde
755 1313 81 24 vinnas,
853 1313 6 19 i
876 1311 71 26 hvarje

195 1345 103 21 händelse
313 1348 81 17 ansetts
410 1345 50 27 föga
476 1349 109 17 motsvara
601 1353 25 12 en
642 1346 23 19 så
680 1345 97 27 ansenlig
791 1346 130 27 uppoffring.

263 1379 50 20 Alla
329 1379 26 20 de
364 1379 89 20 anförda
462 1379 160 27 synpunkterna
629 1379 64 20 hafva
699 1379 88 21 förmått
795 1380 114 21 Utskottet
917 1383 31 17 att

196 1413 95 26 afstyrka
306 1413 132 27 antagandet
453 1413 25 20 af
491 1413 37 21 det
551 1413 161 27 ifrågavarande
735 1413 213 28 författningsförsla-

196 1450 38 24 get
248 1446 42 21 och
304 1447 32 20 får
350 1447 114 21 Utskottet
480 1446 131 21 fördenskull
625 1447 110 21 vördsamt
751 1447 112 21 hemställa

265 1525 128 23 Lagutskottets
406 1525 110 17 betänkande
528 1524 36 18 N:o
577 1525 17 17 2.
