1142 1803
259 187 13 20 8
427 186 84 22 Ständ.
528 185 38 23 Sv.
584 198 27 3 —
626 186 75 28 Prop.
717 185 44 24 N:o
777 186 23 22 2.

438 250 31 20 vel
490 249 76 21 kunna
581 250 87 27 uppstå,
685 252 55 18 samt
752 249 44 28 för
811 249 53 27 dem,
880 256 45 14 som
940 249 47 21 icke

438 283 69 28 hafva
522 284 83 28 stadigt
620 284 88 20 hemvist
723 284 59 20 inom
793 284 73 20 landet
879 284 51 21 eller
940 283 46 21 icke

438 320 38 18 äro
492 318 39 20 der
548 318 90 25 bosatta,
654 319 25 19 så
695 318 38 20 ock
739 317 140 29 föreskrifva
895 318 91 27 afvikel-

438 359 34 14 ser
482 351 58 28 från
556 352 67 27 ofvan
638 352 68 28 gifna
720 353 63 27 regel,
800 353 38 20 der
852 352 85 21 sådana
948 354 38 19 äro

439 386 31 27 af
477 386 178 28 förhållandena
667 386 126 27 påkallade.

508 420 71 21 Finsk
601 420 138 29 medborgare
766 422 28 26 af
823 420 165 29 evangelisk-lu-

440 455 85 20 therska
548 455 187 21 trosbekännelsen
757 455 58 21 skall
833 455 82 28 jemväl
942 455 46 20 låta

440 489 107 21 anteckna
569 490 32 27 sig
623 489 38 21 och
684 490 37 20 sitt
741 489 90 28 husfolk
846 490 70 21 såsom
931 489 58 21 med-

440 523 90 21 lemmar
544 524 31 27 af
586 523 41 21 den
638 523 207 28 kyrkoförsamling,
857 524 58 21 inom
925 523 64 22 hvars

441 558 87 20 område
544 558 25 20 de
585 557 52 21 böra
652 565 53 13 vara
726 557 191 28 mantalsskrifna.
949 557 40 21 Om

442 592 72 28 öfrige
529 592 178 21 trosbekännares
723 592 168 28 kyrkskrifning
897 592 93 28 förord-

442 633 42 14 nar
505 626 109 27 Kejsaren
636 626 40 21 och
696 626 138 28 Storfursten
857 626 67 28 enligt
939 633 51 13 ena-

443 660 74 21 handa
538 660 103 28 grunder,
664 661 26 20 så
712 660 45 21 vidt
780 660 25 21 de
824 661 13 20 å
853 660 46 21 dem
915 660 74 21 kunna

443 695 119 27 tillämpas.

306 763 109 28 Härjemte
430 763 22 20 få
467 763 117 21 Ständerna
599 763 48 20 med
663 762 99 21 afseende
778 762 12 21 å
808 762 183 28 omständigheter,

237 798 71 21 hvilka
330 797 78 28 jemväl
430 797 63 21 ofvan
515 797 132 27 framhällits,
661 797 8 20 i
684 796 169 28 underdänighet
867 797 123 20 hemställa
979 792 13 37 :

514 868 32 19 att
565 865 71 22 Eders
657 865 122 28 Kejserliga
794 865 103 28 Majestät
913 865 80 21 täcktes

442 899 43 28 för
500 900 109 21 vinnande
631 899 30 28 af
681 900 224 27 öfverensstämmelse,
921 899 71 21 sävidt

446 933 36 21 ske
496 933 51 28 kan,
562 934 80 21 mellan
663 933 144 29 kyrkoböcker
827 934 39 21 och
888 934 105 20 mantals-

446 968 98 27 längder,
569 968 46 21 dels
639 967 116 29 upphäfva
781 968 86 21 sådana
890 968 103 27 gällande

446 1002 167 27 bestämningar,
635 1009 44 14 som
700 1004 77 25 utgöra
799 1002 77 21 hinder
894 1002 43 27 för
951 1001 43 22 slik

446 1037 188 27 samstämmighet,
651 1037 45 20 dels
712 1037 8 20 i
735 1043 82 14 samma
829 1036 58 27 syfte
899 1036 94 27 utfärda

446 1077 44 21 nya
501 1070 152 27 föreskrifter.

310 1133 101 22 Finlands
426 1133 90 21 Ständer
530 1133 120 20 framhärda
665 1134 38 19 etc.

310 1195 141 28 Helsingfors,
468 1195 41 22 den
525 1196 26 21 18
566 1195 61 28 April
643 1195 60 21 1891.

415 1508 100 18 Helsingfors,
524 1508 95 17 Helsingfors
628 1507 148 17 Central-Tryckeri,
785 1507 40 14 1891.
