1142 1803
344 186 83 22 Ständ.
444 186 39 22 Sv.
500 199 25 3 —
542 186 76 28 Prop.
633 186 46 23 N:o
696 187 38 22 10.
877 190 12 20 3

157 250 92 20 männen
271 248 91 22 träffade
385 248 81 28 aftalet,
487 248 202 29 bolagsordningen,
713 249 49 21 stod
782 250 7 20 i
807 250 112 22 öfverens-

158 283 120 21 stämmelse
296 282 50 22 med
365 283 77 21 allmän
457 283 36 28 lag
508 283 41 21 och
564 290 34 14 om
615 283 48 21 icke
678 283 35 21 för
727 283 74 29 hvarje
817 284 102 22 särskildt

157 317 39 21 fall
211 317 68 28 några
293 317 135 21 föreskrifter
444 317 125 22 derutöfver
585 324 53 14 voro
654 317 141 29 erforderliga
806 318 35 21 för
853 318 65 29 skyd-

158 351 70 22 dande
250 351 24 21 af
295 351 179 28 bolagsmännens
498 351 42 21 och
561 352 68 27 tredje
650 359 61 13 mans
733 353 48 19 rätt.
813 352 54 22 Men
889 352 29 29 på

158 392 81 15 samma
256 385 58 28 gång
332 387 152 19 rättssatserna
498 385 32 21 uti
545 385 190 28 lagstiftningarna
751 385 103 23 utbildats
870 387 48 21 der-

157 419 48 28 hän,
227 423 32 18 att
280 419 60 22 såväl
363 419 180 28 bolagsmännens
566 427 46 13 som
635 420 154 21 allmänhetens
811 421 106 21 intressen

157 454 73 21 kunna
244 454 51 21 fullt
308 453 127 28 tillgodoses
448 456 54 18 utan
518 461 26 13 en
559 453 130 28 föregående
705 454 102 29 pröfning
821 455 24 20 af
855 461 62 21 rege-

157 489 81 28 ringen,
260 488 39 21 har
321 488 69 21 skälet
410 488 34 21 till
465 495 26 14 en
514 487 67 22 sådan
603 488 102 28 pröfning
727 488 111 22 bortfallit.
873 489 44 21 För

157 522 133 22 närvarande
306 524 23 19 är
343 522 78 29 jemväl
435 522 90 21 fordran
539 522 68 29 härpå
621 523 7 20 i
639 522 27 21 de
681 523 62 20 flesta
757 523 160 28 lagstiftningar

156 556 135 28 frångången
306 557 41 20 och
361 563 125 21 noggranna
500 556 134 28 stadganden
649 564 35 13 om
697 557 26 21 de
739 557 178 28 aktiebolagsför-

157 590 110 21 hållandet
289 590 117 28 åtföljande
428 590 126 28 rättigheter
576 590 41 22 och
639 590 146 28 skyldigheter
805 592 65 28 jemte
889 598 27 14 en

158 624 85 28 ständig
258 624 42 22 och
314 624 63 22 säker
392 624 134 28 offentlighet
540 626 37 20 äro
592 625 7 20 i
615 624 71 22 stället
700 624 91 22 införda.
813 625 29 21 Ju
857 632 60 14 mera

157 658 163 21 förhållandena
338 658 128 22 utvecklade
485 659 39 27 sig,
539 658 61 21 desto
616 658 86 21 svårare
717 658 68 22 måste
801 659 42 21 ock
857 659 59 21 utöf-

157 692 81 22 vandet
257 692 23 22 af
298 693 212 21 koncessionsrätten
524 692 74 22 blifva.
627 692 132 22 Densamma
773 693 90 21 innebär
877 700 38 14 an-

157 727 75 28 tingen
252 729 32 18 ett
302 726 118 29 tryckande
441 726 58 21 band
519 726 29 29 på
566 727 235 21 associationsfriheten
819 727 52 21 eller
889 734 26 14 en

157 760 118 21 formalitet
292 763 53 18 utan
360 760 72 21 värde.
461 760 34 29 Ty
510 761 53 20 skall
579 768 26 13 en
620 761 159 21 verksammare
794 760 83 29 påföljd
893 761 23 20 af

158 793 71 22 denna
245 794 132 28 befogenhet
394 794 73 21 kunna
486 794 118 27 förväntas,
623 796 24 19 är
660 795 127 28 regeringen
803 794 113 22 nödsakad

158 831 32 18 att
203 827 63 22 träffa
281 828 165 28 bestämningar,
462 828 81 28 egnade
558 831 32 18 att
604 828 69 21 under
689 828 26 21 de
730 831 55 19 mest
796 828 119 22 olikartade

157 862 149 21 förhållanden
316 862 133 21 förekomma
460 863 106 21 missbruk
579 863 23 21 af
612 863 223 28 aktiebolagsformen.
850 863 64 20 Deri-

156 904 78 21 genom
257 897 117 28 uppställes
396 897 118 21 emellertid
534 905 26 13 en
578 897 59 22 stark
656 897 89 22 hämsko
764 897 29 28 på
811 897 104 28 bolagens

156 931 43 21 fria
214 931 41 21 och
267 931 69 21 sunda
346 931 132 28 utveckling.
500 931 157 22 Erfarenheten
667 931 39 21 har
717 931 66 22 äfven
793 931 121 28 ådagalagt,

157 967 31 18 att
202 965 135 21 missbruken
355 965 116 28 ingalunda
485 966 57 21 varit
556 965 89 26 mindre,
659 965 39 22 der
711 966 127 27 regeringen
853 966 62 20 inne-

155 999 48 21 haft
220 999 130 28 befogenhet
366 1002 31 18 att
411 1006 78 21 genom
508 1000 33 20 sin
556 999 137 22 stadfästelse
708 999 79 28 bevilja
802 998 113 22 bildandet

156 1033 23 21 af
196 1033 128 28 aktiebolag.
355 1033 127 22 Emellertid
500 1033 39 22 har
556 1034 127 27 regeringen
701 1033 124 28 derigenom
846 1033 69 28 åtagit

156 1068 32 26 sig
212 1074 27 14 en
259 1068 90 27 garanti,
370 1067 87 21 hvilken
478 1067 42 21 den
538 1067 49 21 icke
607 1067 83 21 kunnat
707 1067 104 28 uppfylla.
840 1066 12 21 I
870 1066 44 28 hög

154 1100 54 28 grad
222 1101 40 20 har
276 1100 60 22 detta
350 1101 35 21 för
399 1101 66 28 öfrigt
480 1101 64 21 äfven
559 1102 56 20 varit
630 1101 79 28 egnadt
725 1103 31 19 att
770 1101 39 20 hos
824 1100 43 21 den
877 1107 37 14 en-

155 1134 69 21 skilde
239 1135 85 21 minska
338 1135 42 21 den
398 1135 100 21 omtanke
514 1135 40 21 och
569 1135 144 28 försigtighet,
727 1134 88 22 hvilken
825 1133 42 22 han
878 1134 36 22 väl

156 1169 50 28 eljes
226 1169 44 20 lika
288 1169 87 28 mycket
394 1177 46 13 som
457 1170 8 20 i
483 1169 66 21 andra
569 1169 170 28 privaträttsliga
763 1167 151 22 förhållanden

155 1202 69 21 skulle
243 1203 67 21 hafva
327 1203 105 28 iakttagit.
462 1203 48 21 Har
524 1203 97 21 deremot
635 1203 164 28 lagstiftningen
813 1203 100 28 upptagit

155 1236 140 28 stadganden,
315 1237 74 21 hvilka
406 1237 29 28 på
454 1240 31 18 ett
501 1237 200 21 tillfredsställande
722 1238 43 20 sätt
786 1236 68 21 ordna
873 1236 41 21 alla

155 1269 27 22 de
203 1270 57 21 olika
278 1271 49 21 med
347 1271 145 28 aktiebolaget
509 1271 174 28 uppkommande
703 1269 211 27 rättsförhållanden,

154 1304 43 21 kan
212 1304 42 21 den
270 1305 96 21 enskilde
381 1305 65 22 äfven
462 1308 73 25 tryggt
544 1305 81 21 befrias
635 1304 49 22 från
695 1304 37 21 det
743 1303 171 27 öfverinseende,

155 1338 157 22 koncessionen
326 1339 122 21 innefattar.

223 1373 109 28 Tilläggas
344 1373 40 21 bör
398 1375 63 25 ännu,
473 1376 32 19 att
515 1373 149 22 erfarenheten
674 1374 7 20 i
691 1372 93 22 Finland
797 1371 117 28 ingalunda

155 1406 115 29 ådagalagt
284 1407 184 28 oumbärligheten
483 1407 23 22 af
520 1415 27 14 en
562 1408 113 27 preventiv
690 1407 102 28 pröfning
808 1405 24 22 af
847 1406 66 21 ofvan

155 1440 82 28 antydd
255 1444 38 18 art.
322 1441 112 21 Missbruk
449 1441 23 21 af
487 1441 218 28 aktiebolagsformen
719 1441 44 26 har,
778 1439 25 23 så
817 1439 96 21 bristfäl-

155 1474 30 28 lig
202 1474 99 28 gällande
319 1474 137 29 lagstiftning
474 1476 7 20 i
499 1477 72 19 ämnet
588 1477 27 19 än
637 1476 29 26 är,
684 1474 67 22 sällan
769 1474 145 26 förekommit,
