1142 1803
274 178 27 20 20

435 178 85 22 Ständ.
537 178 39 23 Sv.
592 192 26 3 —
634 179 75 29 Prop.
725 180 47 22 N:o
786 180 21 22 1.

450 242 102 27 räkning,
575 242 55 27 efter
653 242 36 21 det
713 242 73 28 årliga
810 242 145 22 medelvärdet
978 241 29 28 af

450 277 120 20 stommens
595 276 69 28 enligt
687 276 103 22 skattetal
812 276 39 22 och
875 277 127 21 hemmans-

450 310 40 21 rök
501 310 107 28 utgående
619 311 112 27 utskylder
747 311 38 21 och
801 310 74 22 besvär
889 310 36 28 för
940 312 62 20 näst-

450 344 128 27 föregående
597 346 32 19 tre
647 344 32 26 är,
695 344 102 28 förhöjda
812 345 50 20 med
875 352 28 13 en
918 345 84 20 tionde-

450 378 35 21 del
504 378 30 27 af
552 385 88 14 samma
660 379 72 20 värde.
764 378 60 21 Dock
841 379 38 27 fär
901 378 103 28 afgälden

450 413 96 20 utsättas
560 413 78 20 endast
651 413 10 20 i
675 413 50 21 hela
739 413 75 26 mark;
835 413 73 28 gifver
925 413 77 21 uträk-

450 446 85 27 ningen
558 447 31 20 tal
606 447 10 20 i
631 447 78 28 penni,
733 447 65 22 varde
819 447 35 21 det
875 447 73 21 säsom
969 447 35 21 hel

450 481 64 20 mark
530 481 125 21 beräknadt.

520 515 17 20 I
547 515 148 27 förenämnda
715 515 66 21 värde
803 515 133 21 inberäknas
957 515 46 21 icke

452 548 77 28 bidrag
545 549 35 21 till
594 549 140 27 uppförande
754 549 51 21 eller
823 549 133 28 förbättring
978 549 29 27 af

449 582 75 28 kyrka,
546 583 122 27 prestgärd,
696 583 107 27 tingshus,
829 583 97 27 fängelse
952 583 51 21 eller

450 616 44 27 bro,
514 617 51 21 eller
580 617 35 21 till
629 617 138 27 anläggning
785 616 29 28 af
833 618 41 26 väg
891 617 52 21 eller
966 617 35 21 be-

447 650 191 28 grafningsplats;
653 652 58 20 utan
725 651 58 21 skall
797 652 123 26 parcellens
938 651 65 21 andel

450 684 10 21 i
474 684 81 22 sådant
569 685 76 27 bidrag
664 685 36 21 till
714 685 219 28 stominnehafvaren
951 687 49 19 sär-

448 719 69 21 skildt
531 720 104 27 erläggas.

693 783 32 20 28
739 782 22 28 $.

519 838 176 28 Afgäldsbelopp,
703 846 46 14 som
757 839 36 28 för
796 839 84 28 parcell
885 839 115 27 faststälis,

446 872 73 27 gäller
540 873 71 20 under
633 873 31 20 tio
686 873 32 27 är,
733 873 25 21 sä
773 873 38 21 ock
827 872 98 27 derefter,
940 872 63 21 intill

450 907 48 20 dess
512 907 36 20 det
558 906 32 28 pä
605 907 114 27 sakegares
733 907 100 21 ansökan
847 907 78 21 varder
944 906 58 28 änyo

451 941 111 20 bestämdt.
595 940 77 22 Sådan
687 941 99 21 ansökan
801 941 38 21 bör
853 941 99 28 ingifvas
968 941 35 20 till

450 975 153 27 kronofogden,
619 975 88 21 hvilken
721 975 36 21 det
768 975 84 28 äligger
861 977 34 19 att
905 975 97 21 uträkna

449 1009 187 28 afgäldsbeloppet
658 1009 69 28 enligt
747 1009 26 21 de
793 1009 10 21 i
826 1010 31 20 27
871 1009 15 28 $
900 1009 103 27 stadgade

445 1043 101 27 grunder
570 1045 60 19 samt
649 1045 33 19 att
705 1043 10 21 i
739 1043 101 27 afseende
861 1043 14 21 &
900 1043 100 27 faststäl-

451 1077 49 20 lelse
519 1077 98 20 insända
637 1077 150 28 uträkningen
804 1078 68 27 jemte
887 1077 113 27 sakegare-

450 1117 38 14 nes
503 1111 94 21 deremot
609 1111 78 27 gjorda
699 1111 153 28 päminnelser
867 1111 35 21 till
918 1117 82 21 guver-

449 1147 69 19 nören
532 1145 10 20 i
558 1145 64 21 länet.

691 1213 32 21 29
737 1213 21 28 $.

518 1269 96 28 Egobyte
629 1269 83 21 mellan
734 1269 122 28 lägenheter
877 1269 124 22 verkställes

448 1303 71 26 under
544 1303 138 27 iakttagande
704 1303 10 21 i
736 1303 134 28 tillämpliga
891 1304 62 21 delar
975 1303 30 28 af

448 1337 58 21 hvad
521 1344 35 14 om
571 1337 117 28 styckning
704 1337 39 22 och
754 1337 132 28 afsöndring
897 1337 68 28 ofvan
975 1339 26 19 är

448 1371 107 27 stadgadt.

518 1404 54 21 Sker
587 1405 86 28 egobyte
683 1406 83 20 mellan
779 1405 122 28 lägenheter
909 1405 11 21 i
929 1405 72 22 skilda

445 1439 49 26 län,
514 1439 39 20 mä
575 1439 106 27 sakegare.
696 1439 55 27 efter
765 1441 46 25 eget
823 1440 38 20 val
875 1439 73 21 anlita
962 1446 37 14 ve-

442 1472 138 22 derbörande
589 1472 153 29 myndigheter
752 1473 11 21 i
773 1473 82 21 ettdera
863 1474 70 25 länet;
947 1473 53 21 dock
