1142 1803
468 176 45 23 N:o
534 177 22 21 9.
835 177 25 19 19

133 246 103 20 vernören
254 244 39 21 ock
309 243 136 27 föreskrifva,
460 243 74 21 hvilka
550 243 45 27 hus,
612 244 71 20 såsom
699 244 34 20 för
749 244 141 21 arrendatorn

132 279 77 27 nödiga
232 278 33 22 till
289 278 77 21 bostad
391 278 39 20 och
454 277 33 21 för
500 278 139 26 jordbrukets
655 278 147 26 bedrifvande,
818 280 35 19 må
868 279 23 20 af

132 314 77 20 honom
234 312 132 26 öfvertagas;
390 312 54 21 dock
462 312 54 21 böra
533 312 25 21 de
573 312 7 20 i
597 312 67 21 andra
679 314 118 19 momentet
813 312 23 21 af
850 313 11 27 &
877 314 13 20 2

133 347 143 22 omförmälda
299 347 39 20 hus
362 346 40 21 och
418 346 108 21 förmåner
543 346 129 21 förbehållas
688 346 202 22 boställshafvaren.

134 381 196 27 Arrendeafgälden
353 381 33 20 för
410 380 90 21 sålunda
516 381 165 20 utarrenderadt
697 381 92 20 boställe
804 380 85 22 tillfalle

133 415 201 23 boställshafvaren.

476 444 20 27 18
512 445 34 20 36.

204 485 80 26 Hvarje
299 485 49 20 med
362 485 104 26 jordbruk
482 484 99 21 förenadt
600 484 92 21 boställe
708 485 45 26 bör,
769 484 72 21 derest
857 485 32 20 så-

134 521 50 20 dant
200 519 46 22 icke
263 519 66 21 redan
345 519 64 26 skett,
426 519 86 21 affattas
528 519 13 20 å
556 519 61 20 karta
633 519 39 20 och
683 519 125 21 beskrifvas.
825 519 63 21 Kost-

133 555 69 20 naden
226 553 74 21 härför
322 553 106 21 bestrides
444 559 25 14 ur
486 553 288 27 boställsbyggnadskassan.
805 553 82 21 Kartan

133 588 39 21 och
182 587 160 27 beskrifningen
352 586 60 22 öfver
421 587 102 21 bostället
534 587 62 21 skola
606 587 6 21 i
624 587 151 27 kyrkoarkivet
786 588 102 20 förvaras.

482 650 10 26 8
509 650 34 20 37.

204 686 44 26 Äro
272 690 102 21 boställes
390 696 51 21 egor
456 690 64 26 lagda
536 690 5 20 i
558 690 87 27 spridda
660 690 52 21 eller
728 690 61 27 eljest
805 690 32 22 för
853 690 36 22 be-

133 725 61 26 hörig
208 725 54 20 vård
278 724 40 21 och
332 724 134 26 bebrukning
484 724 115 27 olämpliga
614 724 72 27 lotter,
703 725 34 20 må
753 724 136 22 boställshaf-

132 765 72 20 varen,
228 759 54 21 efter
304 758 165 27 församlingens
493 759 101 25 hörande,
618 765 75 20 genom
717 759 89 26 egobyte
825 759 7 21 i
849 759 40 21 den

133 793 91 27 ordning
247 793 101 20 särskildt
372 795 23 18 är
411 793 97 26 stadgad,
525 793 76 26 bringa
617 793 107 21 desamma
740 793 7 20 i
762 793 127 27 lämpligare

133 827 161 27 sammanhang.
323 827 124 21 Kostnaden
471 827 73 20 härför
567 827 96 27 erlägges
690 827 23 21 af
725 827 164 22 boställshafva-

133 869 47 19 ren;
204 862 55 21 dock
278 861 40 28 må,
335 863 39 19 när
389 861 101 21 bostället
505 861 66 21 sedan
587 861 100 27 afträdes,
702 862 135 27 bestämmas,
854 868 34 15 om

133 896 39 21 och
194 896 34 21 till
243 896 57 21 hvad
318 895 76 27 belopp
420 895 66 27 sagda
509 896 93 21 kostnad
625 896 54 21 skall
705 896 122 21 afträdaren
842 896 48 21 utaf

132 931 135 21 tillträdaren
286 930 122 27 godtgöras.
439 931 49 20 Men
502 930 67 22 finnes
586 931 6 20 i
608 931 280 26 boställsbyggnadskassan

132 965 78 21 sådant
226 965 119 21 öfverskott
360 965 59 21 öfver
434 965 92 21 kassans
542 965 114 21 faststälda
671 965 88 28 kapital,
776 965 88 21 hvarom
880 965 7 21 i

132 999 14 28 $
168 1000 28 20 20
218 1005 64 15 mom.
308 1002 8 18 1
341 1001 25 19 är
381 999 68 27 sagdt,
466 999 39 22 bör
521 999 58 27 dylik
595 1000 92 21 kostnad
703 1006 25 14 ur
744 999 59 22 detta
819 999 67 22 öfver-

132 1034 58 21 skott
204 1034 82 27 gäldas.

425 1121 37 16 Vv
487 1121 110 20 Kap.

387 1170 34 22 Om
437 1171 30 21 af-
483 1171 38 22 och
538 1171 97 22 tillträde.

479 1233 13 28 &
508 1234 34 21 38.

203 1273 95 21 Boställe
314 1273 31 21 af-
362 1273 38 21 och
416 1273 106 22 tillträdes
538 1273 12 21 å
565 1274 31 21 tid
612 1274 39 21 och
662 1275 6 20 i
680 1275 40 20 den
732 1275 97 27 ordning,
841 1281 45 15 som

131 1307 30 21 uti
178 1307 131 27 kyrkolagen
325 1314 34 14 om
375 1308 160 27 prestlägenhet
551 1310 23 19 är
590 1309 98 26 stadgad.

478 1372 12 27 8
506 1373 34 20 39.

201 1407 37 31 Är,
262 1412 28 20 då
312 1411 93 21 boställe
428 1412 55 20 skall
506 1412 103 26 afträdas,
633 1414 58 19 ännu
714 1412 46 21 icke
779 1413 107 21 bestämdt

130 1445 62 21 hvem
216 1452 45 15 som
284 1446 96 20 kommer
404 1448 32 18 att
452 1446 119 21 detsamma
595 1446 116 27 öfvertaga,
728 1453 50 20 eger
795 1447 39 21 den
849 1447 37 21 bo-

132 1480 149 25 ställsnämnd,
304 1480 88 21 hvarom
419 1480 6 21 i
448 1480 55 26 Kap.
520 1480 29 22 VI
566 1482 67 24 säges,
650 1480 135 27 föranstalta,
803 1483 32 19 att
850 1482 37 20 bo-
