1142 1803
382 189 30 22 U.
428 188 29 23 B.
474 202 27 2 —
516 190 77 28 Prop.
608 189 47 23 N:o
670 189 22 22 1.
864 190 26 20 13

159 250 122 27 Utskottet,
304 258 48 14 som
371 252 52 20 med
437 251 103 22 afseende
556 252 51 20 härä
622 252 46 20 från
683 251 34 29 &:n
732 252 97 21 uteslutit
844 258 76 14 senare

159 292 65 14 mom.
247 286 42 20 och
311 286 51 21 med
384 286 50 21 dess
457 286 68 22 första
540 293 65 14 mom.
620 286 94 28 vidtagit
729 286 42 21 den
785 286 135 21 redaktions-

159 320 125 27 förändring
306 323 32 18 att
360 320 54 21 efter
436 320 74 27 ,Eger
531 320 96 22 kronan"
650 320 107 27 inskjutits
779 320 66 26 ,,eller
859 320 61 21 kom-

160 356 64 18 mun"
246 354 113 21 äfvensom
374 356 6 19 i
395 354 66 21 slutet
476 354 26 21 af
512 362 65 13 mom.
598 354 82 27 tillagts
696 355 67 20 orden
779 371 10 9 ,
794 354 51 26 eller
860 354 60 21 kom-

160 390 98 19 munen".

229 423 35 20 Då
278 422 170 21 kronohemman
462 426 53 18 utan
529 424 67 26 några
611 423 123 27 synnerliga
749 423 118 21 kostnader
883 429 38 20 ge-

161 463 52 14 nom
227 457 117 27 skatteköp
360 457 71 20 kunna
446 457 87 28 bringas
549 459 7 19 i
571 457 37 22 det
623 457 50 27 läge
689 460 32 18 att
736 457 126 27 afsöndring
876 457 45 20 från

162 491 50 20 dem
234 491 63 20 äfven
319 491 33 20 för
374 491 83 21 enskild
479 491 91 28 räkning
591 491 42 21 kan
653 491 38 20 ske
707 491 43 20 och
765 498 26 13 en
806 490 81 29 parcell
902 489 18 26 ej

161 525 43 21 kan
218 525 116 21 innehafva
348 532 70 14 annan
430 525 114 27 jordnatur
559 526 26 20 än
601 525 194 28 stomlägenheten,
817 525 38 21 vid
869 524 53 21 hvil-

161 559 38 21 ket
214 559 132 21 förhållande
362 559 154 21 innehafvaren
530 560 26 20 af
567 567 27 13 en
609 559 46 21 från
669 559 171 21 kronohemman
851 559 71 21 utbru-

162 596 37 18 ten
221 593 81 28 parcell
323 594 130 20 åtminstone
476 594 68 20 delvis
562 594 87 20 komme
665 597 32 17 att
713 594 119 26 underlyda
847 594 28 20 de
889 593 33 21 för

162 628 42 20 åbo
220 629 13 20 å
249 627 73 27 dylika
336 628 100 20 hemman
452 628 101 26 gällande
561 628 138 25 föreskrifter,
713 628 38 20 har
761 628 116 21 Utskottet
887 634 36 14 an-

163 666 43 17 sett
229 662 75 27 frågan
324 662 113 27 angående
458 662 62 26 dylik
534 662 203 28 parcelleringsrätt,
754 669 35 13 om
805 662 118 21 önskvärd-

162 696 66 21 heten
248 696 78 21 hvaraf
347 697 51 25 1885
416 697 34 19 års
465 696 95 22 Ständer
575 696 57 22 dock
647 696 78 22 uttalat
740 698 38 25 sig,
794 696 72 21 kunna
881 696 42 20 för-

163 730 55 21 falla.
248 731 58 20 Enär
330 730 127 21 emellertid"
472 731 31 27 at)
518 730 12 29 &
553 731 20 26 8j
588 730 19 29 ($
623 731 20 26 6)
666 732 31 19 uti
712 729 212 28 författningsförsla-

164 768 37 23 get
222 764 18 27 ej
263 765 50 20 med
335 765 37 20 full
387 765 110 26 tydlighet
512 765 92 27 framgår
619 765 104 21 huruvida
739 765 125 26 afsöndring
878 764 46 21 från

164 799 131 27 lägenheter,
312 799 71 20 hvilka
391 799 87 21 tillhöra
493 800 50 21 stad
552 799 50 22 eller
609 799 79 21 allmän
695 799 116 27 inrättning
822 799 42 20 och
874 799 50 20 med

164 833 94 27 stadgad
273 833 86 21 åborätt
374 834 98 25 besittas,
488 833 58 28 finge
560 834 39 21 ske
614 834 65 21 äfven
693 833 34 22 för
741 833 77 22 staden
834 833 50 20 eller
894 835 31 18 in-

164 867 127 27 rättningen,
308 867 38 21 har
361 867 122 26 Utskottet,
501 875 49 14 som
564 868 67 21 funnit
641 871 32 18 ett
685 868 77 21 sådant
771 867 154 28 medgifvande

166 901 124 26 önskvärdt,
314 902 145 27 omredigerat
486 909 78 14 senare
585 905 119 18 momentet
726 902 25 21 af
762 901 33 29 &n
809 903 7 20 i
831 901 95 28 enlighet

166 936 96 20 härmed.

234 970 29 20 På
278 970 44 21 sätt
337 970 25 20 af
374 970 42 21 den
430 970 50 21 utaf
492 970 117 21 Utskottet
624 971 71 20 nedan
710 970 122 27 föreslagna
843 970 83 21 förord-

165 1005 78 26 ningen
258 1004 98 27 framgår,
378 1004 38 21 har
432 1005 51 20 med
498 1012 77 13 senare
590 1011 64 14 mom.
671 1005 25 20 af
707 1004 12 29 $
737 1011 22 14 11
777 1004 19 29 (8
812 1005 21 26 9)
848 1004 79 27 jemväl

164 1038 104 27 vidtagits
284 1045 26 14 en
325 1038 259 28 redaktionsförändring.
607 1039 54 21 Med
675 1039 103 21 afseende
791 1040 12 19 å
815 1039 112 20 slutorden

166 1079 6 19 i
188 1071 33 28 &:n
236 1072 24 20 är
275 1072 37 21 det
333 1072 107 27 nemligen
461 1076 34 17 att
510 1073 75 20 befara
600 1076 32 17 att
647 1073 98 27 egobyte
759 1072 47 21 icke
821 1073 106 26 någonsin

166 1106 86 21 komme
274 1106 32 21 till
320 1107 64 20 stånd
399 1109 51 18 utan
466 1107 237 27 inteckningshafvares
718 1107 137 27 begifvande.
882 1107 45 20 Ve-

166 1140 135 21 derbörande
316 1141 127 26 myndighet
459 1141 70 21 skulle
544 1141 109 28 knappast
667 1141 130 21 underkasta
812 1143 34 25 sig
856 1141 71 20 risken

166 1177 38 22 att,
228 1175 72 20 derest
321 1182 26 13 en
370 1182 70 13 annan
460 1175 142 28 uppfattning
617 1175 27 20 än
659 1176 51 20 dess
725 1175 86 21 komme
827 1178 32 18 att
874 1175 53 27 göra

166 1209 33 26 sig
214 1208 106 27 gällande,
336 1209 51 21 råka
402 1211 6 19 i
424 1210 141 27 ansvarighet
577 1209 42 21 och
629 1209 255 28 ersättningsskyldighet
895 1209 33 21 för

166 1243 150 27 tillämpandet
338 1243 24 21 af
380 1245 34 19 sin
436 1244 58 27 åsigt
518 1244 112 27 angående
652 1244 77 21 värdet
747 1244 23 20 af
781 1243 146 27 jordområde,

166 1283 48 14 som
229 1279 65 25 ginge
309 1279 6 19 i
330 1277 53 27 byte
398 1281 46 17 mot
460 1281 74 18 annat.
565 1277 48 22 Och
628 1281 33 18 att
676 1279 7 20 i
698 1278 72 27 hvarje
785 1278 36 21 fall
834 1279 95 20 inhemta

166 1311 234 28 inteckningshafvares
414 1307 14 37 —
439 1311 109 28 skriftliga
586 1313 113 26 samtycke
739 1319 52 14 vore
830 1312 99 21 förenadt

166 1345 50 21 med
238 1346 24 20 så
282 1345 92 27 mycken
397 1346 97 27 omgång
518 1346 42 21 och
580 1346 94 21 kostnad
695 1349 32 18 att
742 1347 123 20 ändamålet
879 1347 51 20 med

166 1379 155 27 tillstädjandet
343 1380 25 20 af
387 1380 98 27 egobyte
511 1380 72 21 kunde
605 1380 94 21 förfelas.
736 1381 43 20 Det
797 1381 38 20 har
858 1381 72 20 derför

168 1417 61 23 synts
244 1413 134 28 nödvändigt
389 1417 32 18 att
428 1414 148 27 uttryckligen
591 1415 79 26 stadga
684 1415 39 20 när
733 1415 76 21 sädant
817 1415 49 20 icke
873 1414 57 27 finge

168 1447 38 21 ske
228 1451 51 17 utan
294 1448 240 27 inteckningshafvares
549 1448 101 22 tillständ.
675 1448 36 21 Dä
726 1448 41 21 lika
782 1448 149 28 uppskattade

166 1482 141 26 jordstycken
322 1482 71 21 kunna
405 1482 118 21 innehafva
536 1482 56 21 olika
603 1482 79 28 odling,
693 1482 72 21 kunde
775 1482 37 22 det
823 1482 108 21 mähända

236 1520 48 23 Lag-
298 1521 32 17 och
342 1520 186 19 Ekonomiutskottets
540 1521 110 18 betänkande
661 1521 38 17 N:o
711 1522 15 17 1.
