1142 1803
279 202 27 20 34

477 201 29 22 U.
522 201 28 23 B.
567 214 28 3 —
611 201 75 29 Prop.
703 202 46 22 N:o
764 202 21 22 1.

456 264 10 21 i
481 264 80 22 sädant
583 264 77 28 bidrag
675 265 35 21 till
724 265 221 28 stominnehafvaren
959 268 50 19 sär-

456 298 67 22 skilät
538 299 103 27 erläggas.

696 345 15 27 $
728 346 38 19 28.

514 389 175 29 Afgäldsbelopp,
701 397 48 14 som
757 390 37 28 för
801 390 84 28 parcell
892 390 116 27 faststälts,

454 424 70 27 gäller
546 425 71 20 under
640 425 30 20 tio
692 424 32 27 år,
740 425 26 20 sä
781 424 37 21 ock
832 424 99 27 derefter,
947 425 63 20 intill

456 459 47 20 dess
522 458 36 22 det
569 458 32 28 pä
615 459 112 27 sakegares
743 459 100 21 ansökan
857 459 79 20 varder
950 458 59 28 änyo

457 492 110 22 bestämdt.
601 493 76 21 Sådan
692 493 100 21 ansökan
807 493 38 21 bör
859 493 100 28 ingifvas
974 493 36 20 till

456 527 152 28 kronofogden,
624 527 87 22 hvilken
726 528 35 20 det
775 527 84 28 äligger
870 529 34 19 att
912 527 97 21 uträkna

455 561 186 27 afgäldsbeloppet
662 561 69 28 enligt
751 562 25 20 de
797 561 10 21 i
829 563 32 19 27
874 561 16 27 $
906 561 102 27 stadgade

454 595 97 27 grunder
565 597 59 19 samt
635 597 33 19 att
683 596 10 20 i
707 596 122 27 afseende
845 595 14 21 ä
873 595 133 27 faststäl-

456 629 63 21 lelse
537 630 97 20 insända
649 630 148 28 uträkningen
807 630 69 27 jemte
893 630 113 27 sakegare-

455 670 39 14 nes
508 664 95 20 deremot
615 664 78 28 gjorda
705 656 154 36 päminnelser
877 664 36 21 till
926 671 79 20 guver-

455 700 69 19 nören
540 698 9 21 i
565 698 65 21 länet.

697 751 14 24 $
728 750 36 21 29.

512 794 95 29 Egobyte
633 795 83 20 mellan
739 795 122 27 lägenheter
882 795 125 20 verkställes

454 829 71 20 under
549 829 140 28 iakttagande
710 829 10 21 i
743 829 134 28 tillämpliga
899 829 61 21 delar
981 829 29 27 af

455 863 58 21 hvad
527 870 35 14 om
577 864 115 27 styckning
708 864 39 21 och
759 863 132 28 afsöndring
902 863 68 28 ofvan
980 865 27 18 är

454 898 108 27 stadgadt.

513 931 53 21 Sker
580 931 86 28 egobyte
681 932 82 21 mellan
779 931 122 28 lägenheter
915 931 10 21 i
935 931 71 21 skilda

455 966 44 27 län,
522 966 38 21 mä
581 966 100 27 sakegare
701 966 54 27 efter
770 967 45 26 eget
829 966 37 21 val
881 965 73 21 anlita
968 973 36 13 ve-

454 1000 132 22 derbörande
594 1000 151 28 myndigheter
753 1000 11 21 i
775 1000 91 21 ettdera
876 1000 67 25 länet;
954 1000 53 21 dock

452 1035 57 26 gälle
525 1035 58 27 bytet
597 1034 44 21 icke
656 1035 72 20 säsom
743 1034 111 27 slutfördt,
872 1034 74 21 innan
960 1041 43 14 an-

454 1068 100 27 teckning
576 1068 74 21 derom
671 1068 66 27 äfven
756 1068 11 20 i
785 1068 36 20 det
842 1068 73 20 andra
935 1068 70 20 länets

448 1102 143 28 jordregister
612 1103 59 26 skett,
693 1102 9 21 i
717 1102 82 21 hvilket
819 1101 102 28 afseende
942 1101 61 21 läne-

454 1137 164 21 landtmätaren
642 1136 82 28 åligger
746 1138 33 19 att
799 1137 78 26 genast
899 1135 106 22 tillsända

454 1171 214 23 länelandtmätaren
682 1171 10 20 i
705 1171 142 21 sistnämnda
867 1170 39 21 län
924 1170 80 27 utdrag

453 1212 29 13 ur
496 1205 39 20 sitt
544 1205 149 27 jordregister.

633 1301 33 21 HI
681 1301 143 23 KAPITLET.

615 1357 43 23 Om
671 1358 175 28 jordregister.

689 1415 16 28 $
721 1416 37 20 30.

511 1460 15 20 I
543 1460 75 28 hvarje
634 1461 37 20 län
683 1461 57 20 skall
751 1460 14 21 ä
782 1460 218 21 landtmäterikonto-

452 1496 34 19 ret
500 1494 61 28 föras
575 1496 30 19 ett
613 1494 149 28 jordregister,
781 1494 141 28 upptagande
940 1494 60 20 kom-

314 1534 49 18 Lag-
376 1534 32 18 och
420 1534 183 17 Ekonomiutskottets
615 1534 110 18 betänkande
737 1534 38 17 N:o
787 1534 16 17 1.
