1142 1803
379 177 29 23 U.
423 178 29 21 B.
467 190 27 3 —
510 177 73 28 Prop.
598 177 41 23 N:o
653 178 23 22 6.

445 553 251 23 Ekonomiutskottets
723 553 76 22 andra
820 553 91 27 förslag

363 588 39 22 till
424 588 230 28 sammanjämkning
677 588 28 22 af
725 588 28 22 de
769 587 144 29 skiljaktiga

364 623 87 27 beslut,
473 622 70 22 hvari
565 622 105 23 Stånden
693 623 98 21 stannat
809 622 10 22 i
834 622 77 22 anled-

365 658 59 27 ning
442 657 28 21 af
485 656 88 28 nådiga
587 657 190 27 propositionen,
793 656 120 28 angående

364 691 144 28 upplåtande
524 691 25 22 åt
564 691 109 23 enskilda
687 697 113 21 personer
816 691 27 22 af
851 691 62 22 vissa

365 726 53 27 slag
434 726 27 22 af
472 725 95 23 kronan
581 725 113 28 tillhörig
705 725 65 28 jord.

230 795 82 22 Genom
331 795 199 28 protokollsutdrag
549 795 45 22 från
611 795 96 22 Stånden
722 795 39 22 har
775 795 138 21 Ekonomiut-

160 831 83 22 skottet
265 830 127 26 meddelats,
416 832 33 20 att
471 830 34 22 vid
525 830 156 27 behandlingen
697 829 22 22 af
733 830 118 21 utskottets
867 829 47 22 tidi-

158 871 52 21 gare
234 865 305 27 sammanjämkningsförslag,
556 865 111 26 angående
683 864 138 22 förenämnda
836 864 77 27 nådiga

158 899 139 28 proposition,
312 900 84 21 Preste-
412 899 39 22 och
466 899 169 22 Bondestånden
650 899 7 22 i
672 899 41 22 allo
729 899 95 27 godkänt
838 898 75 22 försla-

159 936 43 25 get,
217 934 111 21 hvaremot
343 933 160 28 Ridderskapet
518 934 40 21 och
573 934 69 21 Adeln
658 936 57 19 samt
729 933 185 27 Borgareståndet

159 969 32 22 för
206 969 139 27 uppgörande
360 968 23 22 af
397 971 47 24 nytt
459 969 299 27 sammanjämkningsförslag
769 968 144 22 återremitte-

159 1005 34 20 rat
208 1003 90 22 ärendet
316 1003 32 21 till
363 1004 113 25 utskottet,
492 1003 159 28 Ridderskapet
666 1003 39 22 och
721 1003 68 22 Adeln
805 1003 50 22 med
870 1002 44 22 vid-

159 1037 99 23 hållande
280 1037 22 22 af
323 1037 37 22 sitt
376 1037 58 22 förut
448 1038 6 21 i
471 1038 66 22 saken
552 1037 82 23 fattade
649 1038 73 22 beslut
737 1040 56 19 samt
807 1038 105 26 Borgare-

160 1072 89 21 ståndet
271 1072 49 21 med
343 1072 112 25 anmodan,
479 1075 33 18 att
534 1072 103 27 förslaget
659 1072 32 21 till
710 1071 205 28 sammanjämkning

159 1106 70 22 blefve
245 1106 107 27 grundadt
366 1107 8 21 i
388 1106 122 22 hufvudsak
524 1107 29 27 på
568 1107 26 22 de
610 1107 37 21 två
662 1107 132 21 sistnämnda
807 1106 106 22 Ståndens

160 1141 90 27 tidigare
266 1141 77 22 beslut.

228 1175 32 22 På
282 1177 44 20 sätt
349 1176 6 21 i
379 1175 37 22 det
431 1175 69 22 första
516 1175 320 28 sammanjämkningsförslaget
851 1175 63 22 fram-

159 1210 80 27 hållits,
263 1217 62 15 anser
348 1211 114 21 Utskottet
484 1211 73 27 frågan
581 1217 34 15 om
639 1213 31 20 ett
690 1211 77 22 sådant
781 1210 134 22 uttalande
898 1206 19 37 i

159 1245 113 27 ingressen
294 1245 32 22 till
346 1244 248 28 författningsförslaget,
610 1251 46 16 som
672 1246 7 21 i
695 1246 40 21 den
751 1245 30 22 till
797 1245 117 22 betänkan-

160 1280 37 21 det
216 1279 114 27 vidfogade
349 1279 161 22 reservationen
525 1279 128 28 föreslagits,
670 1286 76 21 genom
762 1280 106 21 Ständens
884 1285 32 16 re-

160 1314 41 21 dan
217 1314 82 22 fattade
314 1315 72 21 beslut
401 1314 62 22 hafva
479 1314 94 22 förfallit.
597 1315 170 22 Vidkommande
783 1314 76 28 själfva
873 1314 42 21 för-

158 1348 217 28 fattningsförslaget,
392 1349 191 22 öfverensstämma
597 1349 170 30 Ridderskapets
783 1349 40 22 och
834 1348 80 22 Adelns

160 1385 56 20 samt
237 1383 197 27 Borgareständets
450 1383 72 22 beslut
542 1384 6 21 i
564 1383 24 22 sä
603 1384 75 26 mätto,
695 1386 32 19 att
742 1383 7 22 i
764 1383 151 27 förordningen

160 1418 48 21 icke
230 1417 66 22 borde
319 1419 107 25 upptagas
450 1418 67 26 nägot
539 1418 118 26 stadgande
681 1418 79 25 därom,
783 1419 33 20 att
834 1418 81 21 kronan

160 1452 71 22 kunde
252 1452 111 27 öfvertaga
381 1452 113 28 utskylder
510 1452 39 22 och
564 1452 78 22 besvär
657 1452 33 22 för
705 1452 148 22 abalienerade
869 1452 46 21 smä

228 1497 194 19 Ekonomiutskottets
434 1498 117 18 betänkande
563 1498 37 18 N:o
613 1498 16 18 2.
