1142 1803
343 198 83 23 Ständ.
443 198 38 23 Sv.
499 212 28 2 —
542 198 74 30 Prop.
632 200 46 22 N:o
693 200 22 22 1.
850 202 28 20 23

354 263 37 25 ter,
413 268 47 14 som
482 262 54 27 efter
556 262 71 21 röktal
647 262 60 28 utgå,
729 262 76 28 hvarje
827 264 78 28 tjugu-

353 295 244 27 fem-etthundradedels
611 297 89 21 mantal
721 297 30 27 af
770 297 134 28 lägenheter-

354 336 42 14 nas
421 330 169 28 sammanlagda
614 330 103 22 skattetal
743 338 64 14 anses
833 332 73 21 såsom

354 370 27 14 en
396 363 159 28 hemmansrök,
570 364 53 21 dock
637 366 34 19 att
684 365 52 27 flere
753 365 66 21 rökar
833 366 21 27 ej
868 365 38 22 mä

356 397 104 22 beräknas
475 399 31 20 än
520 398 84 21 antalet
619 399 129 27 lägenheter.

423 431 95 22 Besitter
540 432 38 21 och
598 433 82 20 brukar
701 433 75 28 någon
797 433 52 28 flere
871 434 34 21 lä-

353 466 107 27 genheter,
476 473 47 14 som
538 466 54 21 höra
612 467 35 20 till
669 473 87 15 samma
777 467 128 22 hemmans-

354 507 109 20 nummer,
480 507 63 14 anses
558 501 25 20 de
597 501 74 21 såsom
686 508 27 14 en
727 501 46 21 rök.

423 534 45 22 För
484 535 103 27 lägenhet,
603 542 48 14 som
665 536 70 27 enligt
749 537 29 20 12
795 536 16 27 $
828 536 77 28 ätnju-

356 571 31 18 ter
401 569 112 27 frihetsär,
532 569 98 27 erläggas
651 570 46 21 icke
719 570 93 28 afgiftor
832 570 74 22 såsom

355 602 36 28 för
405 602 94 22 särskild
513 604 44 20 rök.

597 672 32 20 87
643 672 22 27 $.

424 716 78 33 Årliga
517 722 103 28 afgälden
635 722 54 27 från
697 723 85 27 parcell
797 723 109 28 uppbäres

356 757 29 26 af
396 757 146 27 kronofogden
557 757 38 20 vid
607 757 128 27 uppbörden
750 757 29 27 af
790 757 114 21 kronome-

356 791 34 20 del
401 791 38 20 och
450 791 169 27 tillgodoräknas
631 791 164 27 innehafvaren
805 791 29 27 af
841 793 66 19 stom-

356 832 52 14 men
428 825 32 28 på
484 825 47 21 dess
552 825 185 28 kronoutskylder.
775 825 68 28 Utgår
868 825 37 27 af-

354 859 80 27 gälden
448 859 46 21 icke
508 866 29 14 ur
548 859 118 28 parcellen,
677 866 51 14 vare
737 861 109 20 stommen
856 859 49 21 der-

356 893 36 28 för
406 894 132 27 underpant.

428 923 132 32 Öfverstiger
574 927 104 28 afgälden
692 929 119 20 stommens
827 927 79 21 krono-

356 962 116 27 utskylder,
496 962 66 21 varde
584 961 137 28 öfverskottet
742 961 164 27 stominnehaf-

357 1003 67 14 varen
440 995 184 22 tillkandahället.

597 1064 32 20 38
643 1064 22 26 $.

427 1115 61 21 Skall
502 1115 55 27 frän
571 1121 28 14 en
613 1115 98 27 lägenhet
725 1114 36 21 till
776 1120 78 15 annan
869 1113 37 28 af-

357 1149 73 21 trädas
444 1149 34 21 del
492 1149 10 20 i
517 1149 142 27 tillandning,
681 1155 48 14 som
742 1154 78 21 genom
837 1147 68 21 sänk-

356 1183 56 28 ning
427 1183 29 28 af
466 1183 34 28 sjö
514 1183 52 21 eller
579 1185 68 19 ström
667 1181 145 29 uppkommit,
834 1181 72 26 varde,

356 1218 50 21 med
421 1217 143 28 tillämpning
579 1217 29 27 af
619 1217 58 21 hvad
699 1216 112 28 angäende
832 1216 73 27 styck-

357 1252 56 27 ning
428 1251 68 28 ofvan
511 1253 27 19 är
552 1251 105 28 stadgadt,
673 1251 109 21 mantalet
796 1250 38 21 och
846 1250 61 21 skat-

358 1288 42 24 ten,
416 1293 35 14 om
461 1286 47 21 skäl
518 1285 73 21 dertill
600 1287 45 25 äro,
660 1285 11 20 i
685 1284 154 22 motsvarande
852 1283 55 22 män

357 1320 36 27 för
407 1320 42 21 den
462 1319 64 28 förra
541 1319 126 28 lägenheten
681 1319 114 21 minskade
813 1318 39 21 och
871 1317 37 28 för

357 1355 42 20 den
414 1361 76 14 senare
505 1353 106 28 förhöjda,
626 1353 26 21 sä
667 1353 38 21 ock
719 1359 36 15 om
767 1352 142 28 afträdandet

358 1389 9 20 i
376 1388 153 28 jordregistret
543 1388 137 21 antecknadt.

426 1422 119 27 Angäende
560 1421 140 28 förfarandet
710 1421 38 21 vid
757 1421 64 27 jords
835 1419 74 27 afträ-

358 1456 70 21 dande
443 1456 36 27 för
494 1456 96 21 allmänt
605 1455 66 27 behof
682 1457 27 19 är
723 1454 104 22 särskildt
846 1453 64 21 stad-

357 1491 59 27 gadt.
