1142 1803
389 191 26 22 U.
431 192 25 21 B.
472 204 28 2 —
514 189 64 33 Prop.
594 192 41 22 N:o
652 194 19 20 9.
850 200 33 22 TII

361 253 39 21 och
411 254 120 21 underhåll
537 254 29 28 af
566 255 117 27 prestgärd
692 256 10 20 i
709 256 25 20 de
742 256 67 27 delar,
821 256 92 22 hvarom

360 288 73 21 nedan
448 290 68 26 säges,
532 289 78 21 varder
617 289 132 27 förordnadt
754 290 73 21 säsom
835 290 76 28 följer
900 284 14 38 :

613 352 16 27 $
642 353 19 20 1

430 389 129 22 Kostnaden
573 391 36 27 för
625 391 110 28 byggande
747 392 38 21 och
795 393 119 20 underhåll

362 423 28 28 af
407 424 135 27 embetsgård
563 425 36 27 för
614 426 85 27 prest
691 419 14 39 i
715 426 198 28 landsförsamling

361 459 59 19 samt
441 458 94 27 förenad
557 459 76 21 lands-
657 460 39 21 och
717 460 196 28 stadsförsamling

362 492 56 21 skall
433 492 106 22 bestridas
553 500 29 14 ur
596 501 27 13 en
638 494 109 21 derstädes
767 494 41 28 för
830 495 81 21 ända-

362 525 82 22 målet
458 527 102 21 inrättad
574 528 273 28 boställsbyggnadskassa.

629 590 16 27 $
658 591 21 20 2.

431 628 85 28 Bidrag
531 629 35 21 till
581 629 267 29 boställsbyggnadskassa
857 630 57 22 skall

363 664 89 26 utgöras
466 663 20 27 ej
500 663 87 21 mindre
603 664 29 27 af
639 666 119 25 presterne,
771 664 32 28 pä
817 666 45 20 sätt
874 672 38 20 ge-

363 704 53 14 nom
437 697 95 21 särskild
553 697 131 28 förordning
707 698 28 27 af
747 699 69 21 denne
831 699 42 26 dag
887 700 28 19 är

363 731 107 27 stadgadt,
486 733 30 18 än
532 731 28 28 af
571 732 46 20 alla
631 732 55 26 dem,
703 732 74 21 hvilka
791 732 10 21 i
815 733 97 27 försam-

365 765 74 27 lingen
454 765 88 28 erlägga
558 765 100 28 aflöning
669 766 36 21 till
714 767 48 20 dess
769 767 144 26 presterskap,

364 801 59 19 samt
444 799 37 21 bör
501 799 29 28 af
541 800 137 21 sistnämnde
694 800 220 28 betalmingsskyldige

364 835 89 25 utgöras
468 833 55 28 efter
536 841 88 14 samma
637 834 104 27 grunder,
753 841 47 14 som
808 835 61 27 gälla
879 834 36 27 för

365 867 62 21 deras
442 868 128 27 deltagande
584 868 10 20 i
609 868 214 27 aflöningsbesväret.

609 931 15 25 $
642 931 21 20 3.

434 969 16 21 I
462 970 194 27 stadsförsamling
670 970 57 21 skall
736 970 135 28 embetsgärd
880 970 36 27 för

362 1005 67 26 prest,
451 1004 88 21 hvilken
556 1004 21 27 e
590 1004 10 21 i
614 1005 73 20 stället
701 1004 36 27 för
751 1004 71 21 sådan
837 1004 77 28 ätnju-

366 1040 31 19 ter
419 1038 139 27 hyresmedel,
578 1038 81 27 byggas
675 1039 38 20 och
728 1039 143 20 underhållas
882 1038 35 27 pä

365 1072 63 20 deras
444 1072 121 27 bekostnad,
581 1079 48 14 som
643 1072 109 21 derstädes
767 1074 38 19 äro
816 1072 100 27 skyldiga

365 1107 33 19 att
412 1105 76 28 aflöna
500 1106 165 27 presterskapet.
700 1105 44 22 Och
755 1105 82 28 åligger
846 1106 35 20 det
891 1105 26 21 de

367 1139 220 28 betalmingsskyldige
602 1141 33 20 att
650 1140 95 21 bestrida
755 1140 60 27 dylik
825 1139 93 21 kostnad

366 1173 52 21 eller
439 1175 80 26 utgöra
542 1174 147 27 omförmälda
711 1174 134 27 hyresmedel
862 1173 55 27 efter

366 1208 118 21 enahanda
504 1209 75 26 grund
599 1215 48 14 som
661 1208 36 27 för
712 1209 63 20 deras
789 1207 128 28 deltagande

365 1241 10 21 i
387 1242 171 28 presterskapets
573 1242 116 27 aflönande
705 1244 26 19 är
745 1242 108 27 gällande.

615 1304 15 27 $
645 1305 20 20 4.

441 1343 37 21 Uti
500 1343 94 28 förenad
611 1344 72 20 stads-
700 1343 39 21 och
755 1343 160 27 landsförsam-

368 1377 46 27 ling
440 1377 72 21 skall
532 1377 132 21 hvardera
687 1377 162 27 församlingen
871 1376 46 21 del-

368 1413 50 25 taga
432 1411 10 20 i
458 1411 111 27 byggande
584 1411 39 21 och
638 1411 119 20 underhåll
771 1411 28 27 af
802 1409 118 30 prestgärd

366 1445 10 20 i
400 1451 88 14 samma
512 1444 145 28 förhållande,
683 1444 65 21 hvari
770 1444 60 21 dess
852 1443 65 28 kyrk-

366 1478 89 28 skrifna
469 1478 130 28 folkmängd
612 1478 48 21 står
670 1478 35 21 till
720 1478 49 21 hela
783 1477 136 21 samhällets.

232 1517 48 23 Lag-
292 1518 32 17 och
336 1517 183 18 Ekonomiutskottets
531 1517 110 18 betänkande
653 1516 38 18 N:o
703 1518 17 16 4.
