1142 1803
259 192 27 20 26

426 190 83 24 Ständ.
526 190 38 25 Sv.
580 204 27 2 —
623 191 72 28 Prop.
712 191 41 22 N:o
769 191 20 22 9.

436 257 140 27 uppgörande
605 257 28 27 af
654 257 81 27 förslag
761 257 70 21 dertill
855 257 96 21 tillsättes
973 258 14 20 &

435 291 156 27 kyrkostämmäa
608 293 29 20 ett
651 292 84 26 utskott,
752 292 8 21 i
775 291 79 22 hvilket
863 292 123 27 församlin-

435 332 53 21 gens
508 328 82 25 prester
612 326 49 22 böra
682 326 24 28 få
721 326 60 29 ingå.
817 326 112 22 Utskottets
943 326 43 28 för-

435 360 47 28 slag
504 361 106 27 granskas
632 361 36 21 vid
690 361 164 27 kyrkostämma,
876 361 33 21 till
923 361 63 21 hvars

436 395 101 21 hållande
559 395 148 28 förordnande
728 395 35 28 för
781 395 81 28 ojäfvig
874 397 112 26 prestman

437 429 27 27 af
483 429 146 28 kyrkoherden
652 430 119 27 utverkats;
786 430 35 21 och
837 430 25 21 de
877 431 54 20 emot
946 430 40 21 det-

436 471 82 14 samma
540 465 77 27 gjorda
629 465 179 27 päminnelserna
822 466 56 20 samt
893 465 70 27 öfriga
979 464 7 21 i

437 501 72 19 immet
524 499 128 28 framstälda
667 500 81 27 förslag
763 500 87 27 intagas
865 499 9 22 i
888 501 97 20 stämmo-

434 533 130 27 protokollet,
594 534 107 27 hvarefter
726 535 37 20 och
787 534 68 21 sedan
879 535 107 20 stämman

436 567 66 27 fattat
524 568 65 21 beslut
610 569 8 21 i
641 569 93 25 ärendet,
755 568 125 28 protokollet
891 568 94 28 justeras

438 602 35 21 och
484 603 176 21 stämmobeslutet
669 604 112 27 kungöres,
789 604 30 26 på
830 604 43 20 sätt
887 603 4 21 i
902 602 83 28 Kyrko-

437 637 63 28 lagen
524 640 26 19 är
573 638 140 28 föreskrifvet,
737 638 47 22 med
807 638 68 21 tillika
901 637 85 21 lemnad

436 672 119 28 anvisning
575 673 35 27 för
633 673 41 21 den
696 674 48 20 med
767 673 86 21 beslutet
871 671 114 28 missnöjde

436 708 32 19 att
487 707 94 27 deröfver
599 708 59 21 inom
675 708 41 21 den
730 708 9 21 i
754 708 65 27 sagde
833 707 36 28 lag
883 706 102 28 stadgade

438 741 32 21 tid
491 742 37 21 hos
554 741 138 22 Guvernören
717 742 78 27 anföra
821 741 78 22 besvär.
933 740 52 21 För-

434 776 207 28 rättningsmannen
665 777 106 21 insänder
795 777 65 26 derpä
883 775 101 22 handlin-

435 818 69 21 garna
531 811 7 21 i
564 812 88 21 ärendet
673 811 65 28 jemte
764 813 44 26 eget
829 810 102 28 yttrande
954 809 31 22 till

439 845 145 27 Guvernören,
608 846 85 21 hvilken
716 846 113 27 infordrar
853 845 24 21 de
899 844 85 27 upplys-

434 880 83 28 ningar
532 880 35 21 och
585 881 39 20 den
640 881 73 21 vidare
728 880 124 27 utredning,
869 886 44 14 som
928 879 8 21 i
947 885 37 15 an-

434 915 90 28 ledning
539 915 27 27 af
579 915 100 21 besvären
695 915 50 21 eller
760 914 49 27 eljes
824 914 76 21 kunna
913 913 72 27 finnas

434 949 87 28 nödiga,
544 951 56 20 samt
621 949 108 22 meddelar
751 948 147 27 Domkapitlet
917 947 67 22 hand-

434 984 103 28 lingarna
562 983 108 28 äfvensom
685 983 108 28 slutligen,
809 983 47 21 med
871 982 114 28 bifogande

434 1018 28 27 af
480 1018 156 27 Domkapitlets
659 1018 35 21 och
715 1019 45 27 eget
774 1017 112 22 utlåtande
899 1017 9 21 i
923 1019 61 19 ären-

436 1053 40 25 det,
506 1053 141 27 öfverlemnar
677 1053 115 21 detsamma
822 1052 32 20 tll
881 1051 104 21 Senatens

434 1086 106 28 pröfning
556 1087 35 20 och
608 1086 125 28 afgörande.

677 1149 28 21 17
717 1149 21 28 $.

503 1190 73 27 Hafva
592 1190 167 27 församlingens
773 1189 36 22 och
818 1188 167 28 presterskapets

434 1225 75 28 bidrag
525 1224 33 21 till
572 1224 190 28 vyggnadskassan
777 1223 52 28 fullt
843 1223 141 28 tillyodokom-

432 1259 41 21 mit
498 1259 129 22 densamma.
655 1259 35 21 och
716 1259 42 21 hav
782 1258 91 21 kassans
902 1257 83 27 kapital

434 1293 70 22 tillika
525 1294 96 26 uppnått
640 1293 111 28 faststäldt
765 1293 79 26 belopp,
861 1293 34 20 mä
912 1292 73 21 vidare

433 1328 136 27 inbetalming
588 1328 53 27 frän
657 1328 62 21 deras
734 1327 49 22 sida
797 1327 104 27 upphöra.
933 1326 51 21 Men

433 1363 41 21 har
496 1363 77 21 kassan
596 1369 75 21 genom
694 1361 130 28 Dbetydligare
846 1361 89 28 utgifter
950 1361 35 26 för

433 1397 131 28 nybyggnad
580 1397 49 21 eller
643 1397 102 27 förluster
760 1397 47 20 åter
817 1395 89 28 nedgätt
915 1395 70 21 under

434 1431 88 21 berörda
545 1431 78 27 belopp,
646 1431 55 21 skall
723 1431 78 20 bristen
825 1429 66 28 fyllas
910 1436 75 21 genom

433 1465 123 28 ytterligare
579 1465 76 27 bidrag
676 1465 8 21 i
705 1464 61 28 förut
783 1464 92 28 stadgad
891 1463 94 27 ordning

433 1500 27 27 af
472 1500 157 28 församlingen
645 1499 34 21 och
692 1498 164 28 presterskapet.
