1142 1803
376 202 30 22 U.
422 202 28 22 B.
467 215 27 2 —
510 202 77 28 Prop.
603 202 46 22 N:o
665 202 38 22 10.
867 203 26 21 13

162 265 132 21 Densamma
309 266 88 20 innebär
412 266 102 26 antingen
530 268 32 18 ett
576 265 120 27 tryckande
711 265 59 21 band
785 266 30 26 på
829 266 94 20 associa-

161 300 151 20 tionsfriheten
334 299 52 21 eller
408 306 28 14 en
458 299 116 21 formalitet
596 302 52 18 utan
669 299 74 21 värde.
774 299 35 27 Ty
827 299 54 21 skall
896 306 27 14 en

162 333 160 21 verksammare
344 333 82 27 påföljd
448 333 25 21 af
485 333 71 21 denna
570 333 133 27 befogenhet
718 333 72 21 kunna
805 334 117 24 förväntas,

162 367 24 20 är
201 367 107 27 styrelsen
328 367 113 21 nödsakad
456 370 33 17 att
504 367 62 21 träffa
582 367 161 26 bestämningar
758 367 42 20 och
815 367 108 21 föreskrif-

163 405 39 21 ter,
226 402 84 27 egnade
326 405 32 18 att
373 401 67 21 under
456 401 27 21 de
498 404 56 18 mest
569 401 120 21 olikartade
705 401 148 21 förhållanden
868 401 55 21 före-

162 435 87 21 komma
264 435 106 22 missbruk
385 435 25 21 af
420 435 227 27 aktiebolagsformen.
678 435 133 27 Derigenom
826 435 98 28 uppstäl-

163 469 31 21 les
216 470 119 21 emellertid
353 477 27 13 en
399 469 59 21 stark
473 469 91 20 hämsko
580 470 29 27 på
624 469 105 27 bolagens
745 469 38 21 fria
798 469 42 22 och
855 469 68 21 sunda

164 504 129 27 utveckling.
323 503 156 21 Erfarenheten
502 503 38 21 har
562 503 64 20 äfven
644 503 117 27 ådagalagt
777 507 32 18 att
824 504 100 21 missbru-

162 538 43 21 ken
219 538 116 27 ingalunda
350 539 54 20 varit
419 538 83 20 mindre
518 538 38 20 der
570 537 131 27 styrelserna
713 537 97 21 innehaft
820 538 105 27 befogen-

163 572 66 20 heten
252 575 32 17 att
304 578 80 20 genom
399 573 32 19 sin
446 571 139 21 stadfästelse
600 571 78 27 bevilja
693 571 111 21 bildandet
819 572 26 20 af
856 572 68 20 aktie-

163 605 72 27 bolag.
265 606 126 20 Emellertid
413 606 64 20 hafva
498 606 110 20 desamma
623 605 128 27 derigenom
766 606 68 26 åtagit
849 607 34 25 sig
898 612 27 14 en

164 641 90 25 garanti,
283 640 85 20 hvilken
398 640 27 20 de
447 640 48 20 icke
516 640 81 20 kunnat
618 640 105 26 uppfylla.
767 640 10 20 I
801 640 46 27 hög
871 640 54 27 grad

164 674 38 20 har
224 674 61 21 detta
308 674 32 20 för
362 674 66 27 öfrigt
450 674 63 20 äfven
536 675 54 19 varit
612 674 81 26 egnadt
715 677 33 17 att
767 674 40 20 hos
827 674 43 20 den
889 681 36 13 en-

165 708 69 21 skilde
250 707 82 21 minska
348 708 42 20 den
406 708 102 21 omtanke
523 708 42 21 och
580 708 144 27 försigtighet,
737 708 87 21 hvilken
837 708 41 21 han
890 708 35 20 väl

165 741 61 27 eljest
249 741 43 21 lika
313 742 89 26 mycket
424 749 47 13 som
487 743 6 19 i
509 742 66 21 andra
593 742 170 27 privaträttsliga
777 742 148 21 förhållanden

165 775 68 21 skulle
251 776 64 20 hafva
331 776 106 27 iakttagit.
467 776 46 20 Har
528 776 161 27 lagstiftningen
705 777 102 26 upptagit
823 776 102 27 stadgan-

166 810 48 25 den,
236 809 72 21 hvilka
324 811 28 26 på
368 813 32 18 ett
414 810 197 21 tillfredsställande
626 810 44 21 sätt
685 810 68 20 ordna
769 810 40 21 alla
825 810 28 21 de
868 810 57 21 olika

165 844 51 20 med
239 843 147 28 aktiebolaget
408 844 177 27 uppkommande
600 844 209 25 rättsförhållanden,
825 844 42 21 kan
883 844 43 20 den

167 877 96 21 enskilde
286 877 64 22 äfven
372 881 76 24 tryggt
470 878 79 21 befrias
565 878 45 21 från
625 879 38 20 det
679 878 164 21 öfverinseende
858 879 6 20 i
880 879 46 19 sina

167 911 183 28 angelägenheter
364 911 159 22 koncessionen
538 912 120 21 innefattar.

236 946 96 21 Dermed
352 946 38 20 har
406 946 56 21 dock
477 942 49 35 icke,
540 946 69 27 blifvit
625 946 64 27 sagdt
705 949 32 18 att
753 953 26 14 en
794 946 132 27 föregående

168 980 101 27 pröfning
291 980 24 21 af
327 980 208 27 bolagsordningens
551 980 225 21 öfverensstämmelse
791 981 50 20 med
857 981 36 26 lag
908 980 18 26 ej

167 1021 53 13 vore
243 1014 132 27 erforderlig.
405 1015 33 20 En
461 1015 103 26 pröfning
579 1014 25 21 af
615 1015 61 20 detta
691 1014 48 27 slag
753 1015 42 20 kan
809 1015 118 20 tillsvidare

166 1047 41 21 hos
230 1055 36 13 oss
288 1055 64 14 anses
376 1049 24 20 så
415 1048 88 27 mycket
518 1055 58 13 mera
592 1049 107 26 påkallad,
715 1055 48 13 som
779 1052 31 17 ett
825 1049 102 20 särskildt

166 1082 201 20 notariatsväsende
383 1082 18 26 ej
417 1082 39 21 här
470 1082 114 21 förefinnes
599 1086 56 17 samt
670 1083 42 20 den
727 1083 83 26 garanti
825 1082 33 20 för
874 1082 53 21 iakt-

166 1115 106 27 tagandet
287 1115 25 21 af
331 1116 74 27 lagens
423 1116 139 25 föreskrifter,
578 1123 48 14 som
641 1116 65 21 häraf
717 1116 142 21 annorstädes
875 1116 52 26 möj-

168 1149 101 26 liggöres,
285 1149 89 21 sålunda
390 1150 39 20 hos
445 1157 37 14 oss
498 1150 84 21 saknas.

237 1183 34 21 Af
283 1184 42 20 den
340 1184 79 27 nådiga
434 1185 177 26 propositionens
628 1189 9 21 5
653 1183 12 29 &
681 1184 93 27 framgår
785 1188 38 22 att,
837 1184 91 21 oaktadt

168 1217 28 20 de
208 1217 34 20 för
254 1217 208 28 aktiebolagsrätten
474 1218 143 21 öfverhufvud
626 1219 149 20 uttömmande
783 1219 144 26 stadganden,

168 1251 72 20 hvilka
263 1251 69 21 blifvit
355 1253 30 20 uti
401 1253 166 26 propositionen
582 1253 94 26 intagna,
693 1253 42 20 den
751 1253 22 21 ät
788 1252 95 21 Senaten
899 1254 30 19 in-

167 1285 77 26 rymda
267 1285 131 27 rättigheten
420 1289 32 18 att
474 1286 107 20 stadfästa
608 1286 171 27 bolagsordning
799 1287 58 20 dock
880 1286 48 21 icke

168 1319 78 20 endast
266 1326 52 13 vore
342 1320 76 20 afsedd
440 1323 33 17 att
496 1320 70 20 lemna
583 1320 95 21 Senaten
694 1327 26 14 en
736 1321 156 27 pröfningsrätt
908 1320 22 21 af

168 1353 163 26 ifrägavarande
353 1353 150 21 beskaffenhet
519 1357 50 17 utan
585 1354 104 26 derjemte
704 1355 64 20 äfven
783 1362 26 13 en
825 1355 104 26 befogen-

168 1386 38 21 het
222 1390 32 17 att
274 1387 77 27 pröfva
366 1387 104 21 huruvida
485 1388 84 20 utöfver
585 1388 42 20 den
643 1388 122 27 föreslagna
780 1389 74 26 lagens
870 1389 59 20 stad-

170 1421 93 26 ganden,
287 1421 50 20 med
358 1421 103 20 afseende
484 1422 12 19 ä
512 1421 79 21 vidden
607 1422 42 20 och
664 1422 178 21 beskaffenheten
858 1422 25 20 af
892 1422 37 20 det

168 1454 114 20 tillärnade
306 1454 100 28 bolagets
427 1455 87 25 rörelse,
534 1455 104 21 särskilda
653 1456 160 26 bestämningar
829 1463 53 13 vore
898 1462 31 14 er-

170 1488 123 27 forderliga.
322 1488 122 27 Angäende
468 1489 169 27 olämpligheten
660 1490 25 20 af
703 1496 26 14 en
748 1490 59 26 dylik
823 1489 106 21 utsträckt

239 1526 47 24 Lag-
300 1527 32 17 och
344 1527 182 18 Ekonomiuiskottets
539 1528 110 17 betänkande
660 1528 38 17 N:o
711 1528 17 18 2.
