1142 1803
258 212 27 19 26
471 210 26 22 U.
513 210 24 21 B.
553 222 28 3 —
596 210 62 27 Prop.
674 210 41 22 N:o
731 212 19 20 9.

226 272 55 22 talet
296 273 42 21 och
352 273 105 27 matlaget
472 273 77 27 utgöra
564 274 6 19 i
586 273 42 20 och
643 273 34 21 för
694 274 34 26 sig
743 274 64 26 ingen
820 272 95 28 tillförlig
925 274 63 26 grad-

227 307 83 21 mätare
333 308 29 26 på
385 308 27 20 de
436 307 229 27 byggnadsskyldiges
681 307 98 27 förmåga
794 310 33 18 att
841 307 52 21 bära
909 308 28 20 de
952 307 36 21 all-

228 341 78 21 männa
322 341 145 27 utskylderna,
484 341 42 21 och
542 341 42 21 den
593 341 248 27 byggnadsskyldighet,
852 348 47 14 som
907 342 82 27 åligger

227 375 38 20 det
288 375 68 27 öfriga
379 375 164 28 presterskapet
556 378 61 18 utom
631 375 184 26 kyrkoherdarne,
832 375 38 20 har
885 375 103 27 gestaltat

227 410 34 25 sig
283 409 72 20 såsom
378 416 26 13 en
427 412 55 24 tung
503 409 74 20 börda.
609 409 152 21 Förevarande
784 409 60 27 fråga
863 409 38 20 har
917 409 71 21 derför

225 442 81 27 jemväl
329 443 66 21 under
418 450 26 13 en
464 443 51 26 följd
538 443 24 21 af
579 444 22 20 år
616 445 55 19 varit
687 443 89 22 föremål
791 444 33 20 för
839 444 148 27 Regeringens

227 477 43 20 och
292 477 126 21 ständernas
439 477 193 28 uppmärksamhet
654 481 51 18 utan
719 481 33 18 att
767 478 58 21 dock
839 478 71 21 kunna
926 480 62 19 vinna

226 512 33 19 sin
281 511 90 28 lösning.
408 512 9 21 I
440 512 80 21 största
543 512 88 21 korthet
652 513 35 20 må
702 513 77 20 härvid
794 512 89 21 sålunda
900 514 85 23 erinras,

227 545 102 21 hurusom
344 547 116 20 ständerna
475 548 6 19 i
496 546 156 27 sammanhang
667 547 50 20 med
732 547 75 27 frågan
817 547 113 26 angående
940 553 47 19 reg-

228 579 68 27 lering
318 580 26 20 af
361 580 175 27 presterskapets
559 580 94 27 aflöning
674 581 37 20 vid
733 580 106 21 särskilda
858 580 128 26 landtdagar

227 613 69 22 blifvit
318 618 57 17 satta
397 616 6 19 i
426 614 81 22 tillfälle
529 618 32 17 att
581 618 59 23 yttra
663 616 33 26 sig
711 615 66 21 äfven
793 615 112 27 angående
921 615 65 26 några

226 648 122 27 föreslagna
364 649 114 27 ändringar
493 650 6 19 i
514 649 150 27 stadgandena
680 656 36 14 om
726 649 125 27 byggnads-
860 649 42 21 och
911 649 75 21 under-

226 682 208 28 hållsskyldigheten
456 683 135 21 beträffande
613 684 133 26 prestbolen.
777 683 29 21 Så
821 684 84 20 skedde
920 684 66 20 redan

226 716 37 20 vid
290 717 111 26 1863—64
422 718 34 19 års
481 717 110 27 landtdag,
615 718 27 19 då
658 718 116 20 ständerna
797 718 119 20 emellertid
939 718 47 20 icke

227 749 72 21 hunno
319 758 56 19 egna
391 751 41 20 den
448 751 78 26 nådiga
542 753 165 25 propositionen
722 753 6 19 i
744 752 73 20 ämnet
833 751 97 21 närmare
940 759 45 13 om-

226 785 106 26 pröfning.
355 785 37 27 Ny
407 787 137 25 proposition
560 785 107 21 förelades
676 786 50 20 dem
737 786 72 20 derför
817 786 36 20 vid
862 786 123 27 påföljande

226 819 105 27 landtdag
356 819 59 27 1867,
439 827 49 13 men
502 821 67 26 något
585 820 160 21 ständerbeslut
761 820 71 21 kunde
848 820 75 21 härvid
938 821 47 20 icke

226 853 157 28 åvägabringas
406 854 41 20 och
462 855 165 26 propositionen
639 854 41 21 fick
695 855 58 26 förty
769 854 89 21 förfalla.
889 855 8 19 I
913 855 72 20 anled-

226 888 52 26 ning
300 888 24 20 af
341 888 126 21 ständernas
490 889 92 26 petition
604 889 37 20 vid
664 889 133 26 landtdagen
823 889 52 26 1872
891 888 93 21 förlades

226 921 50 20 dem
292 921 50 21 härå
358 923 56 25 ånyo
430 922 36 21 vid
484 923 108 26 1877—78
609 923 33 20 års
656 923 105 27 landtdag
771 923 66 26 nådig
848 924 137 25 proposition

226 956 113 25 angående
354 956 108 27 reglering
476 956 25 21 af
512 956 175 27 presterskapets
703 957 101 26 aflöning,
821 957 60 20 hvari
892 957 93 20 bestäm-

225 991 75 25 ningar
312 989 80 27 jemväl
407 997 53 14 voro
473 990 120 27 föreslagna
605 991 114 26 angående
731 991 126 27 prestbolen
868 991 29 26 på
905 991 78 24 landet,

225 1030 49 14 men
295 1025 6 19 i
317 1024 69 21 denna
402 1024 67 27 punkt
484 1025 51 20 kom
550 1025 47 20 icke
613 1025 75 27 lagligt
703 1025 161 21 ständerbeslut
876 1025 31 20 till
921 1025 63 20 stånd

225 1057 43 20 och
291 1058 74 26 frågan
387 1058 41 20 fick
442 1059 64 20 äfven
521 1060 6 19 i
543 1059 65 26 öfrigt
623 1059 66 20 blifva
704 1059 118 20 beroende.
853 1059 131 26 Ytterligare

225 1091 121 21 hemstälde
368 1092 115 21 ständerna
504 1093 37 20 vid
564 1093 52 20 1882
633 1093 34 20 års
682 1093 106 26 landtdag
803 1099 36 14 om
855 1093 65 26 nådig
935 1100 49 19 pro-

224 1127 96 25 position
343 1127 113 26 angående
478 1127 18 26 ej
511 1127 82 20 mindre
609 1127 184 28 prestaflöningen
809 1128 27 20 än
851 1127 64 21 äfven
930 1128 54 27 byg-

224 1160 73 26 gande
320 1160 42 20 och
381 1161 109 20 underhåll
505 1161 25 20 af
541 1161 69 26 kyrka
625 1161 42 21 och
683 1162 116 27 prestgård
815 1163 6 19 i
833 1161 49 22 stad
899 1162 40 20 och
955 1163 28 26 på

224 1193 80 22 landet.
324 1189 10 38 —
341 1195 241 27 Prestaflöningsfrägan
613 1196 38 20 har
682 1203 88 14 numera
794 1196 69 21 blifvit
886 1197 97 26 reglerad

224 1234 80 20 genom
327 1228 42 21 den
389 1229 66 20 under
477 1229 126 20 ständernas
626 1230 132 21 medverkan
774 1230 112 21 tillkomna
902 1231 81 20 förord-

223 1263 80 25 ningen
318 1262 25 21 af
355 1263 41 20 den
413 1267 9 22 5
440 1263 94 26 Augusti
552 1263 60 25 1886,
621 1264 114 27 angående
743 1264 110 27 reglering
861 1265 22 20 af
890 1265 93 26 prester-

223 1295 91 28 skapets
336 1297 94 26 aflöning
445 1298 7 19 i
466 1297 84 21 landets
566 1298 246 27 evangelisk-lutherska
828 1299 153 26 församlingar,

222 1329 114 22 hvaremot
351 1331 73 26 frågan
440 1331 112 27 angående
567 1332 117 27 byggande
700 1333 42 20 och
757 1333 112 20 underhåll
883 1333 25 20 af
915 1333 68 26 kyrka

223 1364 42 20 och
289 1365 119 26 prestgård,
432 1373 80 18 genom
536 1366 141 21 förevarande
700 1367 79 26 nådiga
803 1368 137 25 proposition
955 1375 27 12 nu

222 1398 148 21 öfverlemnad
391 1399 31 21 till
442 1400 126 20 ständernas
589 1400 137 27 behandling,
745 1401 77 20 härvid
843 1404 93 17 emotser
951 1403 32 19 sin

222 1431 91 27 lösning.

292 1539 47 22 Lag-
352 1540 31 17 och
397 1540 182 18 Ekonomiutskottets
593 1541 109 18 betänkande
715 1542 35 17 N:.
766 1543 17 16 4.
