1142 1803
296 184 14 19 4
602 183 45 23 N:o
669 184 21 22 1.

336 251 10 21 I
361 252 91 20 motsats
472 251 33 21 till
521 257 29 15 nu
566 250 101 28 gällande
683 250 125 28 förordning
823 250 82 22 tillåter
921 250 102 28 förslaget

267 285 47 22 icke
330 286 32 20 att
376 285 58 21 bilda
444 292 42 20 nya
496 286 125 26 lägenheter
634 291 75 21 genom
721 285 198 27 sammanläggning
930 285 23 21 af
963 285 59 21 delar

267 319 48 21 från
332 320 68 21 andra
414 319 82 22 sådana
512 320 52 21 eller
579 322 33 19 att
628 320 61 26 eljest
703 320 126 21 annorledes
845 322 27 18 än
885 326 76 21 genom
971 320 50 26 byte

267 353 108 22 öfverföra
398 360 50 21 egor
466 354 49 21 från
533 360 27 15 en
575 354 100 26 lägenhet
690 354 34 21 till
739 360 76 15 annan.
847 354 62 21 Såväl
925 354 96 21 kartver-

266 388 38 21 ket
327 394 45 15 som
391 388 193 27 lagfartsväsendet
599 390 38 19 äro
652 388 107 27 nämligen
775 388 70 27 bygda
859 388 28 27 på
901 388 121 21 hemmans-

267 423 144 27 indelningen,
428 423 39 21 och
484 423 81 20 dennas
582 422 181 27 oföränderlighet
779 424 24 19 är
819 423 145 26 oundgänglig
979 422 42 21 för-

266 457 122 27 utsättning
410 457 33 21 för
466 457 63 21 deras
551 457 173 26 tillförlitlighet;
740 457 39 20 och
795 463 26 14 en
837 457 104 27 rättighet
956 456 23 21 af
992 463 29 15 nu

266 491 164 27 ifrågavarande
454 491 93 21 innehåll
569 491 69 21 måste
661 491 63 27 förty,
748 491 37 21 der
807 491 40 21 den
864 491 6 21 i
886 493 69 20 större
971 492 49 20 mån

267 526 87 26 anlitas,
370 526 69 21 rubba
458 525 75 27 sjelfva
549 525 156 27 grundvalarne
721 525 32 21 för
769 525 100 27 lagfarts-
886 525 38 22 och
939 525 83 22 inteck-

266 560 165 26 ningsväsendet
453 562 56 19 samt
532 560 97 21 medföra
652 560 157 26 förvecklingar
832 560 23 20 af
868 561 97 19 svåraste
981 561 40 19 art.

266 594 49 21 Med
331 594 242 21 besuttenhetsvilkoret
588 594 39 20 har
643 594 65 21 också
723 594 36 21 det
775 594 112 27 vigtigaste
903 594 70 21 skälet
988 594 33 20 för

266 628 150 26 medgifvande
432 628 23 21 af
469 634 25 16 en
511 628 59 27 dylik
581 628 103 27 rättigbet
694 628 115 26 bortfallit;
826 628 39 22 och
877 629 36 21 det
923 628 97 27 intresse,

266 668 46 16 som
328 662 122 22 derutöfver
465 662 71 22 kunde
552 662 68 22 finnas
637 664 32 20 att
684 662 96 28 företaga
796 669 27 15 en
837 662 66 22 sådan
915 669 105 15 samman-

265 697 101 27 läggning
390 697 52 21 eller
465 697 176 26 egoöfverföring,
661 697 39 21 har
715 697 7 21 i
737 697 102 27 förslaget
854 697 114 26 tillbörligt
983 697 36 21 be-

266 731 72 22 aktats
354 738 75 20 genom
445 731 130 22 förändrade
590 731 159 28 bestämningar
759 737 34 16 om
808 731 121 28 grunderna
939 731 33 22 för
984 732 35 21 be-

266 765 110 22 räknande
391 765 23 22 af
428 766 26 21 de
470 765 94 28 afgifter,
580 772 44 15 som
640 767 51 26 utgå
707 765 54 22 efter
776 766 157 21 hemmansrök.

338 800 59 21 Enär
415 807 26 14 en
460 801 100 26 lägenhet
577 802 63 25 utgör
655 802 32 20 ett
702 800 103 27 enhetligt
820 800 45 21 helt
881 801 38 21 och
935 800 83 21 således

266 834 48 21 dess
329 833 163 22 beståndsdelar
507 834 68 22 måste
591 834 87 22 tillhöra
693 840 80 15 samma
787 841 64 20 egare
862 841 45 14 som
919 834 35 21 det
964 834 55 28 hela,

265 868 42 21 kan
331 868 53 21 visst
406 868 88 21 område
511 869 23 20 af
548 875 26 14 en
590 868 100 27 lägenhet
705 869 47 20 icke
768 869 33 20 till
817 875 71 14 annan
905 868 114 22 öfverlåtas

265 903 130 21 annorledes
417 905 27 18 än
468 903 66 20 under
550 903 69 21 vilkor
634 902 23 21 af
670 903 70 21 dettas
756 902 127 27 afskiljande
898 903 33 20 till
947 909 27 14 en
989 902 31 21 fa-

265 937 81 27 stighet
372 937 33 21 för
428 937 39 27 sig.
504 937 34 21 Då
561 937 120 21 emellertid
705 937 40 21 den
767 937 94 26 oriktiga
883 937 137 27 uppfattning

266 971 131 22 härutinnan
413 971 115 22 framträdt
543 973 38 24 att,
597 971 38 22 der
650 971 53 22 visst
718 971 87 22 område
822 971 66 21 under
899 971 68 21 sådan
978 971 41 21 för-

265 1007 121 26 utsättning
409 1006 33 21 till
465 1006 69 27 någon
557 1005 121 27 öfverlåtes,
694 1005 153 28 eganderätten
863 1005 72 22 dertill
951 1005 68 22 skulle

266 1040 133 21 omedelbart
422 1040 88 27 öfvergå
528 1041 34 20 till
581 1040 67 21 denne
664 1040 121 21 oberoende
801 1039 66 26 deraf,
883 1045 35 16 om
934 1039 86 27 delning

264 1074 58 21 skett
337 1075 53 20 eller
406 1075 53 25 icke,
480 1074 39 21 har
534 1074 37 21 det
586 1075 56 20 varit
656 1074 129 26 nödvändigt
801 1076 32 19 att
849 1073 78 27 tydligt
941 1073 77 27 uttala,

264 1110 33 20 att
312 1109 91 20 sålunda
419 1108 113 22 öfverlåtet
548 1108 86 21 område
650 1107 24 22 af
687 1114 26 15 en
729 1107 102 28 lägenhet
845 1107 135 22 fortfarande
995 1109 24 19 är

264 1148 27 15 en
314 1142 139 22 beståndsdel
476 1142 23 21 af
520 1142 70 21 denna
606 1142 39 21 och
661 1142 74 21 tillhör
750 1142 49 21 dess
815 1148 69 21 egare,
900 1141 57 21 intill
972 1141 47 21 dess

264 1182 83 15 samma
369 1177 88 21 område
480 1183 77 21 genom
580 1175 92 22 slutförd
694 1176 111 27 styckning
828 1175 53 22 eller
896 1175 123 27 afsöndring

263 1211 72 21 blifvit
357 1211 48 22 från
427 1211 128 27 lägenheten
577 1210 99 26 afskildt;
696 1211 55 20 dock
767 1210 40 21 har
823 1210 46 26 den,
884 1209 34 22 till
933 1209 86 22 hvilken

264 1244 68 22 sådan
355 1245 136 22 öfverlåtelse
514 1245 64 26 skett,
602 1245 91 21 lemnats
710 1246 65 25 öppet
790 1246 33 19 att
837 1250 76 21 genom
929 1243 90 22 öfverlå-

263 1279 221 28 telseafhandlingens
499 1279 144 22 intecknande
658 1280 58 20 emot
731 1285 28 20 ny
773 1285 64 20 egare
852 1278 23 21 af
889 1278 130 27 fastigheten

264 1314 39 21 och
319 1320 76 15 senare
410 1313 223 28 inteckningshafvare
648 1313 127 22 säkerställa
791 1313 33 21 sin
839 1314 44 20 rätt
898 1314 33 19 att
941 1312 22 21 få
974 1312 44 21 del-

263 1349 78 27 ningen
356 1349 80 22 utförd.
467 1349 31 22 På
514 1349 36 22 det
565 1351 32 20 att
612 1349 66 27 något
692 1349 75 22 tvifvel
782 1349 19 27 ej
812 1350 35 20 må
857 1348 85 28 uppstå,
953 1349 65 20 huru-

262 1383 50 22 vida
336 1384 6 21 i
366 1384 74 27 hvarje
463 1384 38 21 fall
516 1390 27 15 en
559 1383 92 22 slutförd
666 1384 86 27 delning
767 1383 122 27 föreligger,
905 1384 56 20 samt
977 1383 41 21 lätt

262 1418 122 27 tillgänglig
400 1418 98 27 kunskap
514 1425 35 15 om
564 1418 81 22 timade
661 1418 112 27 delningar
788 1417 23 22 af
825 1424 27 15 en
868 1417 101 28 lägenhet
983 1418 34 21 stå

261 1452 69 27 tredje
346 1459 50 15 man
410 1452 35 22 till
460 1452 62 28 buds,
538 1452 119 22 fastställer
667 1452 104 28 förslaget
784 1452 105 27 härjemte
899 1452 71 21 såsom
981 1451 36 22 det
