1142 1803
337 191 83 23 Ständ.
437 191 39 22 Sv.

535 191 74 29 Prop.
625 192 45 22 N:o
685 193 38 21 10.
849 195 25 20 31

596 255 29 20 39
632 254 29 27 $.

420 316 92 27 Nedgär
527 315 180 27 bolagsmännens
723 317 62 20 antal
795 317 37 20 till
848 318 56 20 min-

353 350 37 20 dre
406 352 28 18 än
450 352 38 23 tre,
504 350 85 20 anmäle
604 350 163 27 sysslomännen
778 350 75 22 derom
868 352 37 21 vid

349 384 61 27 först
439 383 208 21 sammanträdande
677 384 112 21 ordinarie
819 384 86 29 bolags-

352 419 93 19 stämma
468 417 38 21 och
522 417 91 28 vidtage,
635 418 24 20 sä
678 418 75 27 framt
776 418 47 21 icke
845 419 59 21 inom

352 459 37 14 sex
418 452 106 21 månader
547 452 95 27 derefter
671 453 82 20 antalet
778 452 127 29 bolagsmän

353 487 55 26 ånyo
431 485 144 28 uppbringats
593 486 35 21 till
643 489 31 18 tre
689 487 52 20 eller
759 487 62 26 flere,
845 487 60 28 oför-

354 520 106 27 dröjligen
478 521 78 26 åtgärd
571 527 34 14 om
621 520 93 28 bolagets
730 520 113 28 brytande.

598 605 29 20 40
641 604 22 27 $.

424 654 125 28 Syssloman
561 662 61 14 svare
632 654 45 28 för
688 655 65 27 fulla
769 655 96 28 beloppet
878 656 31 28 af

354 689 76 25 skada,
442 696 44 14 som
498 689 44 27 för
552 689 83 27 bolaget
650 690 79 20 vållats
745 690 31 26 af
785 689 55 21 hans
851 690 51 27 för-

355 723 111 21 summelse
489 723 51 20 eller
554 725 43 18 mot
611 723 36 27 lag
663 723 52 20 eller
734 723 171 28 bolagsordning

355 757 113 20 stridande
489 757 79 27 åtgärd
583 757 8 20 i
607 756 93 28 bolagets
720 757 185 28 angelägenheter.

599 825 28 20 41
641 824 22 27 $.

422 882 34 26 Är
471 888 8 20 i
494 887 194 28 bolagsordningen
704 888 23 20 åt
738 887 105 21 särskildt
855 887 49 28 för-

355 922 151 27 valtningsräd
528 922 51 21 eller
600 922 22 20 åt
645 921 25 21 de
692 921 9 20 i
721 922 30 21 25
773 921 16 28 $
810 921 95 21 nämnde

354 955 198 28 granskningsmän
573 956 122 27 uppdraget
714 958 32 18 att
761 956 8 19 i
786 955 59 21 vissa
856 955 49 28 fall

350 989 121 28 företräda
505 990 88 27 bolaget,
623 989 161 21 sammankalla
820 989 84 28 bolags-

354 1026 92 18 stämma
461 1024 51 21 eller
532 1024 50 27 eljes
604 1023 129 28 handhafva
755 1023 94 28 bolagets
864 1030 40 14 an-

354 1058 153 27 gelägenheter,
530 1058 64 20 lände
604 1057 44 26 för
663 1057 80 21 sådant
755 1058 48 26 fall
821 1058 35 20 till
871 1057 33 26 ef-

356 1092 122 23 terrättelse,
494 1091 56 21 hvad
565 1092 8 19 i
589 1091 71 21 denna
683 1091 35 27 lag
734 1097 33 14 om
783 1091 121 27 sysslomän

356 1127 26 18 är
396 1125 108 28 stadgadt.

581 1194 14 20 4
610 1193 64 21 KAP.

442 1249 43 23 Om
500 1249 151 28 aktiebolags
667 1249 158 28 upplösning.

600 1318 30 20 42
643 1317 22 26 $.

426 1373 63 30 Skall
512 1373 119 27 aktiebolag
655 1373 66 27 enligt
739 1373 36 26 lag
797 1372 52 21 eller
872 1371 34 21 be-

356 1409 110 27 stämning
481 1409 8 19 i
505 1407 195 28 bolagsordningen
716 1406 80 28 brytas,
812 1407 52 20 eller
879 1407 27 19 är

357 1442 93 28 bolagets
466 1442 103 27 brytande
587 1441 51 27 eljes
653 1441 31 27 af
693 1440 168 27 bolagsmännen
872 1439 33 21 be-

356 1477 71 24 slutet,
450 1476 65 20 varde
530 1475 147 27 ärsstämning
694 1475 13 20 å
723 1474 94 28 bolagets
833 1473 73 27 borge-
