1142 1803
410 224 26 20 U.
452 224 24 20 B.
494 236 27 2 —
537 223 64 27 Prop.
617 223 40 21 N:o
674 225 19 19 9.
865 225 25 19 37

162 286 58 22 skett
235 288 7 19 i
264 293 82 14 samma
365 286 101 27 riktning,
483 286 58 20 dock
557 289 31 18 att
603 292 50 14 man
669 288 54 18 trott
739 287 33 25 sig
787 285 71 22 kunna
873 290 51 17 utan

161 322 72 26 någon
255 320 118 21 nämnvärd
396 320 118 27 olägenhet
538 320 49 26 höja
608 320 27 20 de
651 320 126 20 obesuttnes
793 320 130 28 betalnings-

162 355 124 27 skyldighet
309 354 31 21 till
362 354 288 27 boställsbyggnadskassan
669 354 32 20 till
717 357 31 18 ett
763 354 89 27 belopp,
869 358 54 17 mot-

162 390 106 20 svarande
282 389 82 22 hälften
380 389 24 21 af
417 389 63 21 deras
496 389 86 27 afgifter
597 389 34 20 till
639 388 169 27 presterskapet.
831 389 44 21 Det
885 389 38 21 har

163 427 59 23 sagts
238 427 32 18 att
285 425 29 26 på
328 425 58 19 vissa
402 427 58 17 orter
476 423 95 25 ilandet,
581 423 38 21 der
628 423 42 20 den
686 423 115 21 obesuttna
816 423 108 28 allmogen

162 458 93 27 bidragit
267 458 31 21 till
308 458 184 27 prestaflöningen
500 458 57 25 med,
570 461 61 18 utom
639 457 199 28 påsköresafgifter,
845 457 78 27 jemväl

163 491 141 28 dagsverken,
327 492 87 21 komme
430 492 54 21 efter
499 491 112 22 verkstäld
629 491 108 28 reglering
753 492 24 20 af
789 492 69 27 sagda
873 491 51 21 aflö-

163 528 51 25 ning
238 527 28 20 de
291 527 126 20 obesuttnes
442 526 88 27 afgifter
553 526 31 21 till
609 526 164 27 presterskapet
797 530 33 17 att
851 528 6 19 i
882 526 43 21 för-

163 561 99 21 hållande
284 561 32 20 till
341 561 63 20 deras
429 560 220 27 betalningsförmäga
676 560 67 20 blifva
767 560 47 21 icke
841 561 24 19 sä
889 560 37 20 all-

164 594 59 21 deles
247 594 133 27 obetydliga.
410 594 35 21 De
464 594 139 27 förmögnare
621 594 24 20 af
658 594 50 20 dem
723 594 68 20 skulle
806 594 117 25 dessutom,

162 628 83 27 jemlikt
267 635 14 19 4
303 628 12 27 8
330 630 6 19 i
354 628 54 21 1886
424 629 34 20 års
473 628 132 27 förordning,
622 628 142 21 underkastas
780 635 27 13 en
822 628 103 21 inkomst-

164 664 100 26 taxering
280 663 31 21 till
326 663 120 27 utgörande
462 662 25 21 af
499 662 175 28 presterskapets
686 662 99 28 aflöning,
797 663 42 20 och
850 662 75 21 ehuru-

164 697 36 20 väl
215 698 69 20 denna
300 698 100 25 taxering
415 696 47 22 icke
477 696 73 22 kunde
565 697 66 20 blifva
646 700 78 23 tyngre
740 697 27 20 än
782 700 32 18 att
823 697 28 20 de
858 696 68 22 betal-

165 731 163 27 ningsskyldige
343 731 35 20 väl
392 730 72 21 kunde
480 731 52 20 bära
548 730 131 26 densamma,
693 731 100 26 utgjorde
801 730 125 22 detta
869 726 12 36 i
890 730 36 22 och

165 765 33 20 för
220 767 34 25 sig
276 765 66 20 redan
363 772 27 13 en
405 772 29 19 ny
449 765 146 27 beskattning,
611 772 48 13 som
674 765 25 20 af
711 766 24 19 sä
750 765 92 26 mycken
857 765 70 20 större

166 799 114 27 anledning
302 799 68 21 borde
390 799 50 21 med
455 799 116 27 lindrighet
586 799 109 27 tillämpas
711 800 28 26 pä
755 802 31 18 ett
801 799 125 26 ytterligare

166 837 48 23 nytt
229 833 84 21 besvär.
335 833 105 27 Slutligen
454 833 73 21 kunde
542 833 48 21 icke
605 833 82 21 lemnas
703 833 112 21 oanmärkt
824 829 36 35 att
870 833 57 27 jord-

166 874 93 21 egarene
274 869 6 19 i
296 867 116 21 allmänhet
427 875 54 12 voro
497 868 101 27 ständige
613 868 140 20 medlemmar
769 868 24 20 af
797 868 130 20 kommunen

167 902 42 20 och
232 901 71 21 derför
324 902 64 20 äfven
410 901 56 21 hade
485 905 33 17 ett
532 902 137 27 varaktigare
684 903 91 20 intresse
790 902 27 20 än
833 902 27 20 de
876 901 51 21 obe-

167 939 72 17 suttne
254 936 25 20 af
290 939 33 18 att
338 936 134 27 byggnader,
489 943 49 13 som
553 936 68 20 borde
637 936 104 27 uppföras
757 936 32 20 för
800 939 32 18 ett
840 942 87 21 gemen-

168 973 55 18 samt
238 970 105 25 ändamäl,
361 970 70 21 blefve
446 970 36 20 väl
497 970 90 27 byggda
596 970 41 20 och
645 970 144 25 underhällna,
803 970 42 20 och
853 977 36 13 om
900 970 27 20 än

168 1004 104 21 mantalet
287 1005 6 20 i
309 1004 41 20 och
366 1004 32 21 för
414 1006 33 25 sig
462 1004 49 21 icke
527 1005 98 20 lemnade
641 1011 26 14 en
682 1004 119 27 tillförlitlig
810 1005 69 26 grund
895 1004 32 21 för

167 1038 137 21 bedömande
327 1038 24 21 af
361 1039 216 26 jordlägenheternas
599 1039 177 26 skatteförmäga,
792 1039 71 20 kunde
878 1045 49 14 man

168 1072 58 20 dock
248 1072 87 20 alldeles
351 1072 47 20 icke
414 1072 80 20 förbise
510 1073 43 19 den
569 1072 189 27 omständigheten
773 1075 32 18 att
821 1072 37 20 det
873 1072 55 20 fasta

168 1105 105 28 kapitalet
289 1106 41 20 och
353 1105 101 22 särskildt
470 1107 38 20 det
523 1106 88 27 kapital,
629 1113 47 14 som
691 1107 80 20 bestod
785 1107 6 20 i
807 1106 85 27 egande
908 1105 25 21 af

166 1140 55 26 jord,
237 1141 30 20 uti
282 1140 74 27 regeln
370 1140 142 27 begrundade
528 1147 26 14 en
562 1141 109 26 betydligt
681 1141 88 20 säkrare
779 1140 150 27 förmögenhet

167 1174 27 20 än
209 1174 37 21 det
262 1174 78 27 rörliga
354 1174 113 27 kapitalet.

235 1208 127 21 Utskottets
371 1208 108 27 pluralitet
488 1209 39 20 har
539 1209 119 21 emellertid
671 1209 47 20 icke
726 1209 79 20 kunnat
813 1208 117 27 godkänna

168 1242 70 21 denna
254 1243 145 26 uppfattning,
415 1246 25 23 ty
456 1243 88 21 oafsedt
559 1242 72 21 hvilka
647 1243 94 20 fördelar
756 1243 37 20 det
801 1243 56 20 fasta
869 1243 61 26 kapi-

167 1276 53 21 talet
240 1277 27 20 än
286 1277 42 20 kan
343 1277 64 20 hafva
423 1277 89 20 framför
528 1277 38 21 det
580 1277 85 27 rörliga,
682 1284 65 20 synes
763 1277 75 21 härvid
854 1277 77 20 endast

167 1310 53 21 böra
235 1310 67 21 hällas
319 1311 32 20 för
366 1311 93 26 ögonen,
476 1314 33 17 att
526 1311 41 20 den
582 1311 139 21 mantalsatta
734 1311 76 26 jorden
826 1311 23 20 är
861 1311 69 20 öfver-

167 1344 80 21 höfvan
265 1345 111 26 betungad
390 1345 51 20 med
456 1345 113 26 utskylder
585 1345 41 20 och
641 1345 84 25 besvär,
741 1345 78 21 hvaraf
831 1346 38 20 det
883 1345 48 20 ifrä-

167 1379 124 26 gavarande
307 1379 115 26 ingalunda
440 1379 23 20 är
479 1379 39 21 det
533 1381 85 23 minsta,
635 1379 42 20 och
693 1383 32 17 att
733 1379 108 21 omäfven
849 1385 82 14 samma

167 1413 93 26 grunder
270 1416 51 17 utan
327 1413 71 26 någon
404 1413 148 27 begränsning
560 1413 107 27 tillämpas
674 1413 33 21 för
711 1413 68 27 öfrige
787 1413 145 27 församlings-

167 1446 139 21 medlemmar
322 1454 48 13 som
392 1446 33 21 för
441 1453 67 20 egare
523 1447 31 21 till
570 1447 60 26 dylik
643 1447 54 27 jord,
714 1447 218 27 byggnadsbesväret

168 1480 50 21 eller
234 1480 50 20 med
299 1481 67 20 andra
382 1480 39 21 ord
432 1480 102 28 bidraget
544 1481 31 21 till
584 1481 286 27 boställsbyggnadskassan
878 1480 54 21 skall

168 1514 33 20 för
217 1514 28 20 de
261 1514 115 22 obesuttne
391 1514 67 21 blifva
474 1522 27 13 en
518 1515 153 27 obetydlighet
686 1516 7 20 i
708 1515 133 21 förhällande
855 1514 32 22 till
895 1515 38 21 det

238 1554 47 21 Lag-
298 1554 34 17 och
343 1554 187 18 Ekonomiutskottets
543 1554 110 18 betänkande
666 1556 35 15 N:o
713 1555 17 16 4.
