1142 1803
355 202 30 22 U.
400 202 28 22 B.
445 215 28 2 —
488 202 76 28 Prop.
580 202 46 22 N:o
641 202 24 22 4.

431 503 240 28 Lagutskottets
700 503 192 22 betänkande

342 537 55 22 N:o
417 537 16 22 4
452 537 10 22 i
482 537 135 28 anledning
632 537 28 22 af
672 537 67 22 Hans
754 537 139 29 Kejserliga

343 571 125 28 Majestäts
484 571 91 27 nådiga
589 571 166 28 proposition,
767 571 126 28 angående

343 604 117 28 åtgärder
482 605 42 22 till
543 604 203 23 förekommande
761 605 28 22 af
801 605 92 23 bosätt-

343 639 61 28 ning
419 639 71 22 invid
504 639 235 28 begrafningsplats.

206 701 164 23 Förevarande
389 701 87 28 nådiga
493 702 144 27 proposition
659 701 42 22 har
716 702 27 21 af
754 702 141 21 Ridderska-

138 738 41 27 pet
197 736 43 22 och
258 735 77 22 Adeln
353 737 60 20 samt
431 735 89 22 Preste-
536 735 42 22 och
597 735 181 22 Bondeständen
792 735 103 22 remitte-

139 773 48 19 rats
202 770 37 21 till
254 769 172 30 Lagutskottet,
442 776 49 15 som
506 769 77 22 tillika
591 776 83 22 genom
682 769 215 29 protokollsutdrag

139 804 94 21 erhällit
248 804 38 21 del
300 803 26 22 af
332 803 28 22 de
371 803 162 28 diskussioner,
550 803 81 22 hvilka
645 803 40 22 vid
696 803 107 22 ärendets
813 804 81 21 remiss

140 838 10 21 i
164 838 128 22 sistnämda
307 837 69 22 ständ
391 837 119 22 äfvensom
525 837 9 22 i
551 838 203 28 Borgareständet,
769 838 30 21 dä
813 845 83 22 propo-

141 873 101 21 sitionen
264 872 104 22 därifrän
390 871 159 22 remitterades
567 872 37 21 till
619 872 60 29 Lag-
694 873 44 21 och
753 872 143 22 ekonomiut-

142 907 94 27 skottet,
257 906 117 29 förelupit.
404 907 35 20 På
458 906 102 29 begäran
582 906 71 22 hafva
664 907 89 28 jämväl
768 907 130 21 sedermera

141 940 53 22 från
216 941 132 28 Kejserliga
368 941 102 21 Senaten
492 940 113 22 särskilda
626 941 72 21 saken
713 941 97 22 rörande
825 941 73 22 hand-

142 975 78 28 lingar
232 975 73 28 jämte
320 975 116 28 protokoll
456 975 66 21 öfver
536 982 29 14 en
579 975 39 22 vid
637 975 162 29 uppgörandet
813 975 27 22 af
852 975 46 22 för-

143 1009 52 28 slag
209 1009 38 21 till
262 1009 144 28 proposition
424 1010 7 20 i
447 1011 77 19 ämnet
542 1009 121 22 förefallen
683 1009 145 29 omröstning
845 1009 54 22 blif-

143 1043 35 21 vit
192 1043 122 21 Utskottet
329 1043 199 21 tillhandahållna.

214 1185 125 28 Principen
357 1191 37 15 om
412 1184 134 22 samhällets
565 1187 47 19 rätt
631 1187 35 19 att
680 1185 37 22 för
731 1185 129 28 främjande
876 1185 27 22 af

146 1219 98 22 allmänt
258 1219 125 28 gagneliga
398 1218 108 22 ändamål
520 1222 57 25 göra
591 1219 97 29 ingrepp
704 1219 8 21 i
728 1219 117 22 enskildas
853 1221 48 20 rätt

146 1253 42 22 har
208 1253 9 21 i
241 1253 166 28 förordningen
430 1252 26 22 af
468 1253 46 21 den
533 1254 26 20 12
575 1253 119 21 december
710 1254 55 21 1864
781 1253 120 28 angående

147 1287 172 29 expropriation
334 1287 52 21 icke
401 1287 73 29 gjorts
489 1287 109 28 gällande
613 1287 8 21 i
636 1287 45 21 den
696 1287 66 27 form,
781 1289 34 20 att
825 1289 77 20 staten

148 1322 56 21 eller
218 1322 78 28 någon
310 1321 120 29 menighet
449 1321 136 28 berättigats
607 1321 126 22 inskränka
751 1321 150 29 jordegarens

147 1355 172 29 nyttjanderätt
341 1355 37 22 till
400 1355 36 22 sin
453 1355 73 22 mark.
555 1355 38 21 En
608 1355 71 21 sådan
694 1355 37 22 för
745 1355 42 22 vår
801 1355 101 29 lagstift-

148 1391 58 28 ning
220 1397 33 21 ny
268 1392 36 19 art
319 1389 27 22 af
358 1389 172 29 expropriation
546 1393 25 17 är
585 1389 35 21 uti
635 1389 45 22 den
699 1389 86 28 nådiga
800 1389 103 30 proposi-

148 1425 80 21 tionen
249 1423 131 29 föreslagen
402 1423 37 21 till
461 1423 122 21 införande
606 1423 52 21 med
679 1423 108 21 afseende
802 1424 13 20 å
830 1423 73 27 mark,

149 1465 50 15 som
226 1462 26 17 är
273 1458 99 28 belägen
394 1457 8 21 i
424 1457 131 22 omedelbar
576 1457 83 21 närhet
681 1457 37 21 till
743 1457 162 29 begrafnings-

148 1492 68 29 plats.

219 1532 129 23 Lagutskottets
362 1531 110 19 betänkande
485 1531 38 18 N:o
535 1532 17 17 4.
