1142 1803
262 202 28 20 40
451 200 29 22 U.
496 200 28 22 B.
541 213 27 3 —
584 200 76 28 Prop.
676 199 46 23 N:o
738 199 37 22 10.

232 264 54 21 verk
301 264 99 27 gällande
416 263 134 25 instruktion,
566 264 74 20 trettio
656 263 68 27 dagar
735 262 54 22 efter
798 258 127 37 delfäendet.
955 263 35 20 Då

233 298 116 20 Utskottet
357 298 94 20 närmast
462 301 71 17 ansett
548 297 199 27 Industristyrelsen
755 297 53 20 böra
817 297 110 21 ombetros
935 298 55 26 regi-

233 333 125 26 streringen,
368 332 72 20 kunde
448 332 38 20 det
494 332 35 20 väl
537 338 66 20 synas
611 332 73 20 såsom
692 338 36 13 om
744 331 113 21 enahanda
869 330 122 22 besvärstid

232 366 50 20 bort
289 365 85 27 uti
329 360 10 36 $
349 360 23 36 49
386 365 117 21 fastställas
519 367 6 18 i
540 365 94 20 ärenden
650 365 112 27 angående
778 366 139 25 registrering
925 364 65 21 afak-

233 399 103 28 tiebolag.
347 399 73 28 Enligt
428 401 52 19 sista
488 403 119 17 momentet
617 401 30 19 uti
656 399 11 27 $
676 400 27 25 48
713 399 62 27 äläge
784 399 37 20 det
831 400 160 25 registrerings-

233 434 156 27 myndigheten
404 437 32 18 att
451 433 160 22 tillhandahålla
634 433 111 21 sökanden
767 433 92 26 skriftlig
881 433 109 20 underrät-

233 468 56 21 telse
304 475 36 14 om
356 470 36 19 sitt
408 468 91 21 beslut
494 463 14 36 i
520 467 66 21 saken
609 471 61 21 samt,
695 468 72 20 derest
791 467 70 21 denne
881 467 109 26 uppgifvit

234 502 124 27 fullständig
373 502 81 24 adress,
471 502 50 21 med
536 505 79 24 posten
631 502 129 20 öfversända
776 501 31 22 till
822 502 81 20 honom
922 501 68 26 sagda

234 536 162 21 underrättelse.
427 537 108 20 Besvären
551 536 68 21 borde
635 537 123 20 sedermera
771 537 58 19 inom
841 537 71 20 sextio
924 535 66 26 dagar

236 570 54 21 efter
299 571 103 20 beslutets
411 571 97 20 fattande
521 570 102 20 inlemnas
635 570 30 20 till
677 570 312 27 registreringsmyndigheten,

234 604 87 20 hvilken
327 604 66 26 jemte
404 604 154 27 handlingarna
571 606 5 18 i
588 604 89 21 ärendet
688 604 41 20 och
741 608 50 23 eget
802 604 109 20 utlåtande
923 603 68 21 skulle

234 638 90 21 insända
340 638 248 27 ändringsansökningen
603 638 31 21 till
654 638 100 21 Senaten.
771 638 77 20 Denna
865 638 124 26 anordning,

235 679 48 13 som
298 672 103 27 vidtagits
416 672 33 20 för
465 675 31 17 att
512 672 52 26 göra
575 673 122 26 omgången
706 672 37 20 vid
751 673 138 26 registrering
897 672 23 20 så
931 673 60 25 ringa

235 706 42 20 och
288 706 93 26 beqväm
391 713 47 13 som
446 706 88 27 möjligt,
544 706 41 20 kan
594 706 66 20 under
671 708 57 19 vissa
739 706 146 20 förhållanden
896 706 95 20 emeller-

234 740 32 21 tid
276 740 179 27 nödvändiggöra
464 747 26 13 en
498 739 186 28 betydligtlängre
692 740 32 21 tid
731 740 32 20 för
769 740 89 20 besvärs
867 739 122 21 anförande.

234 767 22 27 Å
272 774 66 20 andra
354 774 61 20 sidan
430 774 39 20 bör
485 774 75 20 härvid
575 774 57 20 dock
647 774 48 20 icke
711 774 90 21 förbises
816 777 32 17 att
859 774 68 20 denna
938 773 53 21 tids-

235 808 88 27 utdrägt
338 809 69 20 måste
422 808 62 21 ställa
500 810 33 25 sig
548 808 129 27 ojemförligt
692 809 87 20 kortare
795 808 26 20 än
837 815 36 13 om
891 809 100 26 proposi-

234 843 86 20 tionens
343 842 160 27 bestämningar
526 849 36 14 om
583 842 278 27 registreringsmyndighet
884 845 55 17 samt
954 842 36 20 än-

236 876 171 27 dringssökande
423 876 53 21 först
491 878 6 19 i
512 876 81 21 hofrätt
609 877 41 20 och
666 877 51 20 derä
732 878 6 19 i
753 876 94 21 Senaten
870 876 68 21 blifvit
961 876 30 21 bi-

235 910 105 20 behållna.

305 944 43 20 För
370 947 32 18 att
424 944 126 27 möjliggöra
569 945 269 26 ansökningshandlingars
860 944 132 21 insändande

237 978 51 20 med
304 981 79 24 posten
398 978 31 21 till
444 979 305 26 registreringsmyndigheten
758 979 38 20 har
807 978 113 21 Utskottet
931 978 61 21 tänkt

236 1013 34 25 sig
292 1015 33 17 att
344 1012 113 21 bestämda
478 1012 237 27 registreringsafgifter
733 1012 71 21 kunde
824 1012 25 20 af
867 1013 125 26 regeringen

237 1045 123 21 fastställas.

306 1080 97 20 Emedan
426 1080 130 26 aktiebolag,
579 1087 48 12 som
652 1080 97 20 bedrifva
773 1079 218 26 försäkringsrörelse,

237 1113 67 20 redan
327 1114 29 26 på
378 1114 68 26 grund
462 1114 25 20 af
499 1114 41 20 den
556 1114 121 26 föreslagna
692 1113 63 27 lagen
771 1113 42 20 och
825 1113 80 26 jemväl
920 1115 5 18 i
941 1113 52 26 följd

238 1147 25 20 af
275 1147 67 20 andra
358 1148 185 26 omständigheter
565 1149 72 25 intaga
653 1155 27 13 en
695 1147 134 27 väsentligen
845 1154 68 13 annan
936 1147 57 20 ställ-

238 1183 51 24 ning
304 1181 27 20 än
346 1181 86 27 vanliga
447 1182 124 26 aktiebolag
586 1184 30 19 uti
632 1182 37 20 det
685 1181 140 21 ekonomiska
841 1181 66 24 lifvet,
931 1181 62 20 torde

237 1215 138 26 bestämning
390 1215 52 21 böra
458 1217 49 26 ingå
522 1216 58 26 uti
572 1211 12 36 8
600 1221 26 20 50
649 1216 80 24 derom,
754 1219 32 17 att
809 1215 106 21 Senatens
936 1215 57 21 stad-

239 1249 89 20 fästelse
358 1250 12 19 å
399 1249 169 28 bolagsordning
591 1250 32 20 för
645 1249 198 27 försäkringsbolag
863 1249 132 21 fortfarande

240 1283 53 20 skall
322 1284 108 24 utverkas,
461 1285 63 19 innan
550 1285 138 26 registrering
718 1284 24 20 af
773 1284 90 26 bolaget
893 1283 30 21 får
948 1284 45 20 ske.

239 1317 139 21 Beträffande
412 1318 141 27 aktiebolag,.
573 1318 72 20 hvilka
682 1318 50 20 idka
769 1318 138 20 bankrörelse
923 1313 8 36 =
944 1318 50 20 eller

240 1351 46 20 afse
316 1352 130 27 anläggning
477 1352 24 20 af
520 1353 96 19 enskilda
639 1353 120 26 jernvägar,
783 1359 65 20 synes
872 1352 41 20 den
940 1352 55 20 före-

239 1385 85 27 gäende
340 1386 172 27 lagstiftningens
534 1387 158 26 bestämningar
715 1388 6 19 i
744 1387 72 20 ämnet
839 1386 79 26 jemväl
943 1386 52 21 fort-

240 1419 89 20 farande
345 1419 52 20 böra
413 1420 57 26 tjena
486 1420 30 21 till
532 1420 148 21 efterrättelse.
707 1421 32 25 8:n
762 1421 38 20 har
824 1420 71 20 derför
915 1420 80 25 jemväl

240 1454 33 19 sin
295 1452 75 28 giltiga
394 1454 120 26 anledning.
545 1454 51 20 Med
618 1454 124 20 densamma
758 1454 38 20 har
811 1454 18 25 ej
846 1454 65 20 heller
927 1453 67 22 blifvit

240 1486 93 21 uttaladt
349 1490 32 17 att
396 1487 73 26 dylika
492 1488 65 26 bolag
572 1488 66 20 skulle
661 1495 51 13 vara
728 1488 91 26 fritagna
835 1488 45 20 frän
896 1489 98 25 registre-

309 1525 47 22 Lag-
370 1525 32 17 och
414 1526 181 18 Ekonomiutskottets
608 1527 109 17 betänkande
729 1526 37 18 N:o
779 1526 18 18 2.
