1142 1803
275 180 26 20 32

442 179 84 23 Ständ.
542 179 38 23 Sv.
597 192 25 3 —
639 180 72 26 Prop.
727 180 42 22 N:o
784 180 21 22 9.

451 247 33 19 att
497 246 9 20 i
522 246 88 21 ärendet
623 246 34 27 sig
671 247 65 26 yttra,
753 246 108 27 äfvensom
874 246 126 27 Domkapit-

452 280 38 22 lets
512 280 111 22 utlåtande
645 280 122 27 inhemtats,
791 288 48 20 eger
861 280 139 22 Guvernören

451 316 33 20 att
496 322 75 20 genom
588 315 70 28 utslag
671 315 113 22 bestämma
795 316 60 21 såväl
864 315 135 28 besittnings-

450 350 66 25 tiden,
539 357 44 14 som
606 350 41 21 den
671 350 37 26 tid,
732 350 60 21 inom
813 350 85 21 hvilken
921 350 80 21 arbetet

450 384 66 21 delvis
531 384 50 21 eller
595 384 43 21 helt
648 384 37 21 och
695 384 66 21 hållet
771 384 35 21 bör
816 391 53 14 vara
880 384 118 21 verkstäldt.

522 419 75 26 Tiden,
620 419 35 27 för
677 419 86 22 hvilken
789 419 72 21 odlare
882 419 27 27 af
927 425 72 19 mosse,

448 453 53 21 kärr
523 453 49 22 eller
594 461 78 14 annan
695 454 88 27 oländig
805 454 60 21 mark
885 454 33 20 mä
936 453 63 21 tiller-

448 488 86 21 kännas
556 488 159 27 nyttjanderätt
733 488 32 21 till
781 489 130 24 densamma,
927 491 49 18 vare
990 487 9 21 i

449 522 117 21 allmänhet
588 523 45 21 icke
655 523 92 21 bestämd
771 523 32 20 till
821 523 50 26 flere
886 525 29 18 än
931 522 67 21 trettio

449 558 31 25 år,
504 557 94 21 räknadt
619 557 54 27 från
689 557 89 21 arbetets
793 557 82 27 början.
891 564 48 14 men
955 557 43 21 kan

449 591 51 21 dock
515 592 158 28 undantagsvis
692 592 119 22 utsträckas
826 592 59 21 ända
901 591 32 21 till
947 592 51 26 fem-

450 626 28 21 tio
500 627 32 25 år,
556 627 36 21 der
614 627 99 21 markens
735 627 52 27 läge,
810 626 51 22 vidd
876 626 35 22 och
928 626 70 28 öfriga

448 660 144 28 beskaffenhet
614 661 73 27 finnas
709 661 96 28 medföra
827 662 23 20 så
873 661 68 27 dryga
963 660 34 22 od-

449 696 178 27 lingskostnader,
650 698 33 20 att
696 696 25 22 de
737 696 20 27 ej
772 703 62 14 anses
849 696 75 21 kunna
939 696 58 21 inom

448 730 152 27 förstnämnda
617 731 31 21 tid
663 731 66 27 blifva
744 731 51 27 fullt
810 732 84 19 ersatta.
915 730 83 21 Finnes

448 765 46 21 skäl
510 767 32 19 att
555 765 108 22 utsträcka
679 765 187 28 nyttjanderätten
881 765 58 27 öfver
950 766 47 19 tret-

450 799 28 21 tio
501 800 31 26 år,
556 800 35 21 bör
617 800 139 21 Guvernören
771 799 133 22 underställa
919 799 80 21 sådant

448 833 71 28 utslag
551 834 294 27 Ekonomiedepartementets
869 834 8 21 i
904 833 93 22 Senaten

448 868 88 28 slutliga
547 869 114 27 pröfning.

517 903 102 27 Afträdes
635 903 94 22 bostället
743 903 70 22 under
829 903 58 21 tiden
903 903 35 20 och
953 903 44 21 kan

448 937 206 27 0fverenskommelse
676 945 33 14 om
732 938 81 21 utlösen
835 938 48 21 med
901 937 95 28 efterträ-

448 972 68 21 daren
539 972 20 27 ej
581 972 83 27 träffas,
687 979 36 20 ege
742 973 87 21 odlaren
844 973 37 20 och
896 972 51 27 efter
961 972 35 21 ho-

448 1013 50 14 nom
520 1007 55 21 hans
595 1007 196 28 rättsinnehafvare
807 1007 101 28 odlingen
923 1007 74 21 besitta

448 1041 37 20 och
500 1041 71 27 nyttja
593 1041 32 22 till
641 1041 45 22 dess
702 1042 41 21 den
759 1041 107 22 bestämda
882 1041 58 22 tiden
957 1041 39 21 till-

448 1076 121 26 ändalupit,
585 1076 107 27 hvarefter
707 1076 42 21 den
759 1076 74 21 odlade
843 1076 89 21 marken
941 1077 55 20 utan

448 1109 58 22 lösen
525 1110 110 27 återfaller
654 1110 32 21 till
701 1110 100 22 bostället.
831 1110 74 21 Hälles
921 1110 41 21 den
977 1110 20 27 ej

447 1144 71 21 under
540 1144 187 29 besittningstiden
745 1145 9 21 i
773 1145 94 27 behörigt
880 1145 65 21 stånd
960 1145 36 21 och

448 1178 60 27 bruk,
523 1179 70 27 gänge
608 1179 42 22 den
665 1181 76 26 genast
757 1179 86 21 tillbaka
860 1179 31 21 till
904 1179 93 21 bostället

447 1214 55 20 utan
517 1213 63 22 lösen.

520 1247 93 22 Odlaren
648 1248 37 21 och
715 1248 56 22 hans
799 1248 198 28 vättsinnehafvare

447 1288 50 15 vare
522 1282 36 21 ock
580 1282 77 22 tillåtet
681 1285 33 19 att
741 1283 36 22 sin
801 1283 133 28 besittnings-
959 1283 36 21 och

446 1316 116 28 nyttjorätt
577 1317 32 21 till
625 1317 173 28 odlingsmarken
813 1319 14 20 &
842 1325 78 14 annan
930 1317 65 27 öfver-

447 1350 51 27 läta,
514 1358 32 14 om
565 1351 146 28 Guvernören,
722 1352 53 28 efter
784 1352 167 27 församlingens
959 1351 36 22 och

447 1385 200 28 boställshafvarens
661 1388 57 19 samt
727 1386 157 27 Domkapitlets
894 1386 101 26 hörande,

448 1420 70 21 dertill
528 1419 95 29 bifaller;
633 1421 51 21 dock
695 1421 113 22 tillkomme
818 1421 78 22 härvid
903 1421 92 21 boställs-

446 1454 112 27 hafvaren,
573 1455 94 27 säframt
676 1455 45 22 han
731 1455 37 22 vill
778 1456 33 28 sig
822 1456 65 27 deraf
894 1456 101 28 begagna,

446 1488 164 28 företrädesrätt
625 1489 32 21 till
672 1490 101 22 markens
787 1490 158 28 öfvertagande.
