1142 1803
238 191 29 19 44
438 189 30 22 U.
484 189 28 22 B.
531 202 25 2 —
571 189 75 27 Prop.
662 188 45 22 N:o
723 189 22 21 1.

280 252 9 20 I
304 253 155 26 sammanhang
475 252 89 20 härmed
580 253 37 19 har
633 252 60 27 fräga
709 252 64 20 äfven
789 252 108 24 förevarit,
911 252 61 20 huru-

210 287 50 19 vida
284 286 47 21 icke
353 287 118 27 uttrycklig
493 286 137 27 bestämning
652 286 69 20 borde
744 286 79 21 införas
843 286 74 20 derom
933 290 38 21 att,

211 322 6 19 i
232 321 104 20 händelse
352 321 142 27 legotagaren
510 321 66 27 begår
591 321 104 20 straffbar
716 320 108 27 handling,
848 324 31 17 ett
902 320 70 21 förbe-

211 355 42 20 häll
268 355 37 20 vid
321 355 81 24 aftalet,
420 359 32 16 att
468 355 63 26 legan
546 356 6 19 i
568 355 67 20 sädan
651 354 104 20 händelse
775 362 52 12 vore
851 354 120 25 förverkad,

212 389 68 20 skulle
296 389 102 20 förklaras
414 389 76 26 ogildt.
520 389 85 26 Frägan
621 388 75 21 derom
718 388 73 20 hvilka
814 388 105 21 förbehäll
941 388 31 21 öf-

211 423 121 20 verhufvud
348 423 52 20 böra
416 424 73 19 säsom
505 423 89 26 ogiltiga
611 429 62 14 anses
689 423 23 19 är
727 422 26 20 af
764 423 59 26 längt
839 423 84 26 gäende
935 423 37 20 be-

212 457 122 20 skaffenhet
364 457 42 20 och
436 457 126 20 förutsätter
589 464 26 13 en
645 457 135 20 omfattande
805 457 166 26 undersökning.

212 491 64 20 Hvad
299 491 102 21 särskildt
423 492 66 26 angår
512 491 135 27 spörsmälet,
664 498 35 13 om
717 491 104 20 straffbar
842 491 102 27 handling
960 492 11 20 a

212 525 152 27 legotagarens
380 526 46 20 sida
442 525 54 21 skall
512 533 62 12 anses
590 525 53 20 böra
664 525 112 27 begrunda
797 525 43 20 rätt
863 525 32 20 för
913 525 58 26 jord-

212 567 80 19 egaren
315 563 31 17 att
369 559 63 27 bryta
448 559 110 27 legoaftal,
574 559 38 20 har
628 559 115 21 Utskottet
759 559 32 20 för
807 561 32 18 sin
855 559 34 21 del
905 559 67 21 funnit

212 597 32 17 att
260 601 27 13 en
302 594 67 20 sädan
384 594 105 26 rättighet
504 594 35 20 väl
555 594 66 20 skulle
637 594 101 20 innebära
755 601 25 13 en
797 594 112 26 principiel
917 594 54 20 orik-

212 628 70 27 tighet
298 628 33 20 för
346 628 71 20 sävidt
434 631 31 17 ett
483 628 91 20 tillskott
598 629 30 19 uti
651 628 172 26 straffpäföljiden
846 628 125 26 härigenom

212 662 90 21 faktiskt
318 669 51 20 eger
384 669 51 18 rum,
460 662 42 20 och
527 662 66 20 nekas
615 662 42 20 kan
681 662 17 26 ej
724 662 67 20 heller
814 665 31 17 att
867 662 104 20 särskilda

214 696 127 27 lagstridiga
365 696 42 20 och
429 696 50 20 med
502 696 64 21 straff
583 696 92 27 belagda
698 696 127 27 handlingar
841 696 37 20 äro
894 696 24 20 af
931 696 41 20 den

212 730 152 21 beskaffenhet
380 733 31 18 att
424 730 130 27 jordegaren
570 730 25 20 af
607 731 110 19 desamma
733 730 102 27 billigtvis
849 730 46 20 icke
903 730 68 21 borde

212 767 52 24 taga
280 766 33 25 sig
329 765 115 26 anledning
457 765 31 20 till
511 764 85 21 aftalets
619 764 113 26 brytande.
763 765 51 20 Men
836 765 85 20 oafsedt
945 765 27 20 de

213 798 70 21 större
296 799 93 24 brotten,
406 799 72 20 säsoin
494 799 27 20 de
537 798 72 21 hvilka
625 798 97 21 medföra
738 798 75 21 förlust
829 799 25 20 af
873 799 98 20 medbor-

212 833 80 26 gerligt
307 833 125 20 förtroende
448 833 50 20 eller
514 833 38 20 äro
567 833 84 20 riktade
667 836 45 17 mot
729 833 162 26 eganderätten,
917 833 55 20 före-

212 867 89 20 komma
316 867 66 20 bland
398 868 27 19 de
441 868 81 20 mindre
538 867 167 26 förbrytelserna
720 867 51 20 flere
787 867 24 20 af
824 868 37 20 det
877 867 46 27 slag
933 871 38 21 att,

214 901 73 21 derest
300 901 129 27 jordegaren
445 902 112 26 nödgades
572 901 93 21 tolerera
673 909 26 12 en
708 902 50 19 med
771 901 60 26 dylik
843 901 129 27 förbrytelse

212 935 95 20 beträdd
322 935 133 28 legotagare,
472 936 76 20 sädant
564 936 86 20 komme
665 939 31 17 att
713 937 5 19 i
735 935 44 28 hög
797 936 55 27 grad
874 935 98 21 inkräkta

214 970 28 26 pä
259 969 43 20 den
317 969 157 21 rättssäkerhet
490 970 41 20 och
547 971 96 26 ordning,
660 970 86 20 hvilken
766 970 130 27 jordegaren
921 970 50 20 lika-

212 1003 36 20 väl
274 1011 47 13 som
346 1004 80 20 enhvar
452 1011 69 14 annan
554 1005 22 19 är
605 1004 123 27 berättigad
757 1007 32 18 att
814 1004 157 27 tillgodonjuta.

213 1038 179 26 Förbrytelserna
415 1042 45 17 mot
483 1038 264 27 bränvinslagstiftningen
770 1039 41 20 och
834 1038 137 27 skogslagen,

213 1072 73 19 hvilka
302 1072 136 27 gemenligen
453 1072 133 20 förekomma
602 1073 12 19 ä
630 1072 156 27 landsbygden,
803 1072 38 20 äro
857 1072 64 20 bland
936 1080 37 12 an-

214 1105 39 20 dra
276 1109 32 17 att
330 1105 66 21 räkna
419 1105 31 21 till
472 1106 72 26 dylika
567 1106 116 21 straffbara
699 1106 132 27 handlingar.
862 1106 8 20 I
879 1106 35 20 de
930 1106 41 25 fall,

214 1139 38 20 der
269 1139 114 27 utredning
398 1139 42 21 kan
456 1139 139 28 förebringas,
619 1140 23 20 är
664 1140 127 27 visserligen
814 1140 42 20 den
878 1140 95 27 utvägen

214 1173 31 20 till
260 1173 55 20 buds
331 1176 32 18 att
379 1173 100 21 befordra
495 1174 41 21 den
552 1174 112 27 brottslige
680 1174 31 21 till
726 1174 66 25 straff,
821 1181 48 13 men
885 1174 88 26 mycket

214 1207 64 20 torde
294 1207 126 27 härigenom
436 1208 57 20 dock
508 1208 48 21 icke
571 1208 70 20 kunna
656 1209 81 19 vinnas.
768 1208 69 21 Säker
854 1209 7 20 i
881 1210 33 19 sin
936 1209 37 20 be-

214 1242 152 26 sittningsrätt,
375 1241 43 21 kan
425 1242 140 27 legotagaren
573 1243 55 20 efter
643 1242 91 21 ådömdt
744 1243 65 20 straff
817 1243 46 20 åter
872 1243 101 20 fortsätta

214 1277 33 18 sin
277 1275 64 27 olaga
371 1276 135 27 handtering,
534 1277 89 20 dermed
645 1277 52 27 icke
718 1277 67 20 sällan
820 1277 152 20 förderfvande

214 1309 126 26 omnejdens
362 1310 48 21 hela
425 1310 131 27 befolkning.
587 1311 150 26 Rättegångar
752 1311 25 20 af
789 1311 61 20 detta
865 1311 47 26 slag
935 1311 38 20 äro

214 1343 18 26 ei
249 1343 68 21 heller
333 1345 85 26 egnade
434 1348 32 17 att
480 1345 135 26 grundlägga
631 1349 30 16 ett
677 1345 95 27 önskligt
779 1345 54 26 godt
841 1345 132 20 förhållande

214 1377 79 21 mellan
308 1378 188 25 kontrahenterne,
513 1379 42 20 och
570 1379 149 26 ihågkommas
734 1379 40 20 bör
796 1379 67 21 tillika
883 1383 38 21 att,
946 1380 27 20 då

214 1412 142 27 legotagaren
372 1413 120 20 merendels
508 1413 23 20 är
546 1413 91 27 aflägset
652 1413 80 25 bosatt,
748 1413 53 20 hans
812 1414 111 27 göranden
932 1414 42 21 och

214 1446 102 20 låtanden
332 1448 6 18 i
354 1446 27 21 de
396 1446 62 21 flesta
474 1446 36 21 fall
524 1447 48 20 icke
588 1447 70 20 kunna
673 1447 128 21 öfvervakas
817 1448 26 20 af
854 1448 119 27 legogifva-

213 1487 45 13 ren.
289 1480 29 20 På
334 1480 43 21 sätt
393 1481 88 26 antydts
496 1480 70 21 kunna
575 1481 115 21 straffbara
698 1482 127 27 handlingar
833 1482 139 25 förekomma,

284 1519 47 22 Lag-
345 1520 32 16 och
390 1519 182 18 Ekonomiutskottets
585 1520 110 18 betänkande
707 1520 38 18 N:o
758 1521 15 17 1.
