1142 1803
384 192 29 22 U.
429 192 28 22 B.
474 204 27 3 —
516 192 75 28 Prop.
607 192 45 22 N:o
669 192 22 22 8.
868 199 12 20 7

227 487 145 28 (Öfversättning).

458 595 159 28 Reservation.

226 670 9 20 I
251 670 41 20 den
308 670 31 20 till
354 670 120 20 Ständerna
485 670 161 21 öfverlämnade
659 671 78 27 nådiga
749 672 166 26 propositionen

160 704 91 21 rörande
272 704 78 20 lärares
374 704 41 20 och
439 704 127 20 lärarinnors
586 704 126 27 skyldighet
728 708 31 17 att
774 705 36 20 vid
826 706 43 19 viss
885 705 29 20 äl-

158 739 38 20 der
212 738 49 27 afgä
278 738 45 20 frän
338 737 98 27 tjensten,
453 738 121 21 framhälles
590 739 101 20 hurusom
707 739 32 20 för
755 739 41 20 den
811 739 104 20 händelse

157 773 103 27 förslaget
282 772 72 21 blefve
369 772 35 27 lag
426 773 82 27 ,skilda
529 773 160 26 bestämningar
708 773 113 25 erfordras,
837 773 78 20 beträf-

157 807 64 20 fande
242 807 42 20 den
304 807 152 27 pensionsrätt,
472 813 48 14 som
534 807 39 20 bör
588 807 137 20 tillerkännas
741 807 88 20 sälunda
845 807 70 20 afske-

158 841 42 21 dad
219 841 67 20 lärare
302 841 50 20 eller
368 841 124 25 lärarinna”;
509 841 112 20 äfvensom
636 844 32 17 att
684 841 41 20 den
742 848 39 20 ,en
797 841 35 20 del
847 841 68 20 lärare

157 877 7 18 i
179 875 95 27 enlighet
288 875 50 20 med
354 875 114 20 faststälda
483 875 93 26 grunder
591 874 163 21 tillkommande
769 877 92 25 pension
878 875 37 20 vid

157 909 184 27 afskedstagande
364 913 82 17 ansetts
469 909 53 20 böra
543 911 6 18 i
565 910 71 26 någon
651 910 49 19 män
716 909 112 26 förhöjas.*
860 909 9 20 I
884 909 31 20 öf-

156 943 202 21 verensstämmelse
373 943 89 21 härmed
480 943 22 20 är
523 943 62 20 äfven
604 943 254 27 författningsförslagets
874 942 13 29 &
904 949 8 14 1

157 978 97 24 affattad,
278 978 72 20 såsom
373 978 76 20 orden:
471 981 72 24 ,emot
558 977 125 26 åtnjutande
697 977 25 20 af
733 977 124 27 anständigt
873 977 42 20 och

157 1011 54 22 efter
226 1012 139 25 tjenstetiden
380 1011 112 28 afpassadt
508 1011 195 26 lifstidsunderhåll,
720 1013 29 26 på
759 1012 43 20 sätt
815 1011 100 21 särskildt

157 1045 101 27 stadgas"
276 1046 58 26 gifva
349 1046 36 20 vid
401 1046 92 20 handen.
517 1046 42 20 För
574 1045 72 21 hvilka
662 1045 74 25 lärare,
753 1046 41 20 och
806 1045 50 20 med
865 1045 50 20 hvil-

156 1080 37 20 ket
209 1080 81 27 belopp
307 1080 106 26 styrelsen
429 1086 62 13 anser
506 1080 75 26 nödigt
597 1080 50 25 höja
662 1081 149 25 pensionerna,
823 1079 92 26 framgår

157 1114 46 20 åter
225 1113 25 21 af
266 1114 37 20 det
321 1113 81 27 förslag
419 1113 31 21 till
465 1113 135 27 kungörelse,
617 1120 47 13 som
679 1113 84 26 åtföljer
779 1113 42 20 den
836 1113 80 27 nådiga

156 1149 166 26 propositionen
338 1148 41 20 och
394 1155 48 13 som
457 1147 121 21 meddelats
594 1147 121 21 Ständerna
730 1147 31 21 till
777 1147 138 27 upplysning.

156 1182 10 20 I
182 1182 60 21 detta
258 1182 80 26 förslag
353 1181 31 21 till
399 1182 66 26 nådig
480 1181 128 27 kungörelse
625 1181 88 21 föreslås
729 1181 36 21 full
781 1183 91 25 pension
883 1184 32 17 att

156 1216 106 21 beräknas
277 1216 33 20 för
325 1216 129 20 öfverlärare
465 1216 37 20 vid
512 1215 168 26 normallyceum
691 1215 31 21 till
733 1215 64 25 6,000
804 1215 67 26 mark,
883 1215 32 21 för

156 1250 70 21 lektor
240 1250 37 21 vid
292 1250 85 26 lyceum
392 1250 31 21 till
439 1255 63 21 5,000
517 1250 59 20 mark
592 1250 41 20 och
649 1249 32 21 för
694 1250 80 27 manlig
783 1249 88 28 kollega
879 1249 37 21 vid

157 1284 216 21 elementarläroverk
386 1284 41 21 och
438 1284 203 21 fruntimmersskola
652 1284 32 21 till
695 1289 64 20 4,000
767 1284 66 25 mark,
843 1284 73 20 äfven-

157 1326 48 13 som
228 1322 31 17 att
282 1319 32 20 för
335 1318 70 21 lektor
420 1318 36 21 vid
471 1319 134 19 seminarium
621 1319 120 26 pensionen
756 1318 39 20 bör
809 1318 106 21 beräknas

157 1353 54 21 efter
234 1359 26 14 en
282 1352 106 27 grundlön
409 1352 24 20 af
454 1352 62 26 3,600
536 1352 66 20 mark.
633 1352 73 27 Enligt
721 1359 27 13 nu
764 1352 99 27 gällande
879 1351 37 21 be-

157 1387 133 20 stämmelser
305 1386 90 27 belöper
410 1387 34 25 sig
459 1386 35 19 hel
510 1387 90 26 pension
616 1386 32 20 för
656 1386 79 20 nämda
743 1386 67 20 lärare
819 1386 31 21 till
858 1393 57 19 resp.

159 1425 67 21 5,500,
242 1425 70 21 4,500,
330 1424 62 22 3,500
408 1420 41 20 och
465 1420 64 24 4,800
539 1420 66 20 mark.
631 1420 43 20 För
682 1420 60 20 tiden
752 1420 100 27 gällande
863 1426 54 20 pen-

157 1454 165 21 sionsförmäner
336 1453 87 21 komme
439 1453 84 21 således
538 1453 33 20 för
586 1453 73 26 hvarje
675 1453 25 20 af
712 1454 63 20 dessa
791 1454 46 26 fyra
853 1453 63 21 först-

157 1488 79 20 nämda
251 1488 123 26 kategorier
389 1487 25 20 af
426 1487 68 20 lärare
510 1490 32 18 att
557 1487 61 26 höjas
633 1487 51 20 med
701 1492 40 21 500
752 1487 59 21 mark
820 1488 41 20 och
872 1486 44 21 lek-

228 1526 129 23 Lagutskottets
370 1526 60 17 andra
443 1526 110 17 betänkande
565 1526 37 17 N:o
615 1526 18 17 2.
