1142 1803
328 170 82 22 Ständ.
427 170 39 22 Sv.
482 182 27 2 —
526 169 73 27 Prop.
615 170 42 21 N:o
673 170 22 21 9.
836 172 26 19 35

338 235 64 27 yifna
419 234 146 28 anvisningar
579 235 45 21 icke
639 235 65 27 följts,
720 236 35 20 må
766 235 127 27 Domkapit-

339 270 33 26 let,
385 270 32 26 på
432 270 72 21 derom
518 269 63 28 gjord
595 270 110 26 anmälan,
717 270 45 21 låta
772 269 121 22 undersöka

339 304 146 27 förhållandet
508 304 42 26 och,
567 304 8 20 i
589 304 102 21 händelse
705 304 47 22 skäl
767 304 126 28 förefinnas,

341 338 32 22 till
392 338 141 22 Guvernören
548 338 130 27 öfverlemna
694 340 33 20 att
740 338 105 27 förordna
861 346 33 14 om

340 372 104 22 boställets
465 372 146 28 öfverlåtande
623 373 32 26 på
670 373 92 21 arrende
777 373 47 20 med
838 373 55 27 skyl-

340 407 73 28 dighet
435 407 35 28 för
492 407 145 21 arrendatorn
658 409 32 19 att
704 407 95 28 fullgöra
814 407 56 22 hvad
885 407 9 21 i

341 442 100 27 afseende
464 443 14 20 å&
500 441 104 22 boställets
627 441 114 22 underhåll
760 442 49 27 eljes
825 442 70 28 älegat

341 476 196 28 boställshafvaren.
576 476 38 21 Vid
636 476 71 22 sådan
729 476 117 27 upplåtelse
871 476 27 27 af

342 511 131 28 embetsgård
488 519 47 20 eger
554 511 139 22 Guvernören
709 511 44 26 ock,
765 511 53 28 efter
828 511 66 21 Dom-

341 546 99 26 kapitlets
462 546 102 26 hörande,
589 545 135 28 föreskrifva,
750 545 72 22 hvilka
847 545 46 26 hus,

341 581 69 20 såsom
424 580 36 27 för
475 580 145 21 arrendatorn
635 580 80 28 nödiga
732 580 32 21 till
774 580 73 21 bostad
857 580 37 21 och

341 614 35 28 för
394 614 138 28 jordbrukets
554 614 146 28 bedrifvande,
723 615 36 21 må
779 614 27 28 af
817 614 78 22 honom

342 649 126 28 öfvertagas.
490 648 203 28 Arrendeafgälden
709 648 34 28 för
758 648 94 22 sålunda
861 650 33 20 ut-

342 684 143 21 arrenderadt
500 683 85 22 boställe
600 683 85 28 tillfalle
698 683 196 27 boställshafvaren.

589 764 30 20 36
632 763 20 28 $.

412 810 83 27 Hvarje
514 810 47 21 med
573 810 107 27 jordbruk
695 809 101 28 förenadt
811 809 85 22 boställe

344 845 41 26 bör,
409 845 69 20 derest
491 845 81 21 sådant
586 845 45 20 icke
645 844 70 21 redan
721 839 68 31 skett,
806 843 89 28 affattas

344 880 13 20 å
378 879 63 21 karta
464 879 36 21 och
521 879 122 27 beskrifvas.
676 878 129 21 Kostnaden
819 878 76 27 härför

344 913 100 22 bestrides
458 921 28 14 ur
501 913 280 28 boställsbyggnadskassan.
807 913 88 21 Kartan

345 949 37 20 och
406 947 163 28 beskrifningen
595 948 58 27 öfver
682 947 94 22 bostället
804 947 59 21 skola
887 947 8 20 i

345 983 149 27 kyrkoarkivet
508 983 104 27 förvaras.

591 1057 29 20 87
633 1057 20 27 8.

415 1098 43 25 Äro
474 1102 96 21 boställes
585 1109 49 20 egor
649 1102 64 28 lagda
728 1102 9 21 i
747 1102 90 27 spridda
847 1101 49 21 eller

346 1137 49 27 eljes
410 1137 34 27 för
459 1136 85 28 behörig
559 1137 53 20 vård
628 1136 37 21 och
675 1136 133 28 bebrukning
818 1136 78 27 olämp-

346 1171 44 28 liga
405 1171 66 27 lotter,
486 1171 37 21 mä
538 1171 195 27 boställshafvaren,
745 1171 52 27 efter
807 1171 89 27 försam-

346 1205 84 28 lingens
453 1205 102 27 hörande,
571 1212 76 21 genom
663 1207 89 26 egobyte,
770 1205 7 21 i
793 1205 41 21 den
849 1205 47 20 ord-

345 1240 56 28 ning
416 1239 102 22 särskildt
534 1242 26 19 är
573 1240 107 28 stadgadt,
697 1239 78 28 bringa
790 1239 107 22 desamma

345 1275 9 20 i
370 1274 126 28 lämpligare
511 1274 164 27 sammanhang.
705 1274 129 21 Kostnaden
847 1273 50 22 här-

345 1309 35 27 för
394 1309 65 27 utgår
474 1316 27 14 wr
517 1308 282 28 boställsbyggnadskassan.
