1142 1803
468 174 46 23 N:o
535 174 21 23 1.
840 172 23 20 17

484 263 12 27 8
511 264 35 20 44.

211 303 46 21 Har
279 304 52 20 visst
347 303 87 21 område
449 302 24 22 af
482 302 100 28 lägenhet
592 304 51 20 utan
654 302 130 27 föregången
793 302 49 27 laga
853 302 42 22 del-

138 338 52 26 ning
215 338 35 21 till
273 338 70 27 någon
362 337 128 26 öfverlåtits,
505 344 50 15 vare
571 337 66 21 denne
652 337 127 27 berättigad,
796 337 23 21 så
833 337 62 26 länge

138 372 131 27 lägenheten
284 372 74 21 tillhör
374 371 151 27 öfverlåtaren,
535 371 53 22 hans
604 371 87 27 arvinge
701 371 54 21 eller
764 371 76 27 någon,
851 377 45 15 som

140 405 153 22 öfverlåtelsen
309 406 101 27 godkänt,
431 408 33 19 att
479 405 29 27 på
523 406 93 21 ansökan
632 405 23 22 få
670 405 227 22 öfverlåtelseafhand-

139 441 73 27 lingen
227 441 7 21 i
250 441 266 27 inteckningsprotokollet
530 441 123 21 inskrifven.
684 441 45 21 När
740 440 65 22 sådan
816 440 81 21 inteck-

138 475 52 27 ning
215 475 63 28 skett,
301 475 62 22 hafve
384 476 40 21 den
440 475 64 28 förre,
520 476 57 20 ändå
593 477 32 20 att
643 475 126 27 lägenheten
785 475 64 21 sedan
864 475 34 21 till

140 516 26 21 ny
182 516 63 21 egare
261 510 96 27 öfvergår
373 510 52 21 eller
440 510 78 21 varder
533 510 33 21 för
584 516 81 15 annans
681 509 86 22 fordran
779 509 52 22 eller
840 511 57 25 nytt-

138 544 112 27 janderätt
264 544 120 27 intecknad,
400 545 32 20 sin
448 546 44 19 rätt
514 544 33 21 till
564 544 35 21 det
615 544 120 21 öfverlätna
751 543 96 22 området
861 543 36 22 be-
911 556 2 2 -

140 578 72 26 varad,
228 578 24 22 sä
268 578 64 21 framt
348 578 120 21 detsamma
476 584 77 21 genom
565 578 48 27 laga
623 578 85 27 delning
723 578 100 27 afskiljes,
834 578 62 21 innan

141 612 152 28 inteckningen
310 613 24 21 af
348 613 152 21 öfverlätelsen
515 613 94 27 upphört
625 615 32 19 att
672 613 63 27 gälla.

214 648 132 26 Inteckning,
361 654 45 15 som
422 654 27 14 nu
473 649 25 19 är
520 648 59 26 sagd,
600 648 67 26 gäller
683 647 76 21 endast
773 647 33 21 för
821 646 36 22 tvä
871 646 24 21 är

147 682 37 21 och
200 682 36 21 mä
252 683 18 26 ej
287 682 92 27 förnyas,
395 683 49 20 med
459 682 83 21 mindre
558 682 113 27 delningen
687 685 53 18 utan
754 682 141 26 intecknings-

141 716 115 22 hafvarens
271 717 61 20 skuld
348 717 45 20 icke
408 717 70 21 blifvit
494 716 98 22 slutförd.

488 798 12 27 8
516 798 34 21 45.

213 833 30 26 Är
258 837 45 22 före
319 838 40 21 den
377 839 24 20 19
425 837 111 22 december
556 839 52 20 1864
623 838 53 21 visst
691 839 87 21 omräde
793 839 24 22 af
831 839 66 22 sädan

141 872 107 27 lägenhet,
264 878 43 16 som
323 873 7 20 i
350 873 12 20 2
383 872 12 27 &
411 874 65 25 sagts,
493 873 70 20 säsom
580 873 103 26 vederlag
698 873 33 22 för
746 873 85 22 arfslott
846 874 51 21 eller

142 907 62 27 eljest
226 907 32 21 för
281 907 61 21 alltid
364 907 22 21 ät
408 907 69 26 nägon
501 907 103 26 upplätet,
625 913 51 15 vare
693 907 69 22 denne
777 908 52 21 eller
843 909 54 20 hans

142 941 194 22 rättsinnehafvare
351 941 127 27 berättigad,
494 941 24 21 sä
532 941 47 22 vidt
593 941 48 22 icke
652 941 77 22 hinder
740 942 49 21 med
799 942 99 22 afseende

142 975 13 22 å
170 975 116 28 egovidden
301 977 74 26 möter,
392 977 32 20 att
439 975 22 22 få
477 975 36 22 det
528 975 87 22 område
631 982 76 21 genom
720 977 117 27 styckning
846 977 52 21 eller

142 1010 124 27 afsöndring
288 1011 66 26 enligt
373 1011 69 20 denna
457 1010 126 27 förordning
598 1010 127 27 fränskildt;
742 1011 79 22 ansöke
837 1011 60 27 dock,

142 1045 24 20 sä
188 1045 66 21 framt
273 1045 41 20 han
330 1044 66 21 sädan
411 1044 83 21 förmän
510 1045 32 20 till
558 1045 55 26 godo
629 1045 62 27 njuta
707 1045 44 26 vill,
768 1045 39 21 hos
824 1052 73 20 guver-

142 1080 65 20 nören
230 1079 71 21 derom
324 1079 56 20 inom
404 1079 30 21 tio
457 1078 23 21 är
504 1078 47 21 frän
567 1078 40 21 den
623 1079 49 26 dag,
689 1079 70 21 denna
774 1079 124 27 förordning

142 1113 58 22 trädt
216 1114 6 20 i
238 1113 98 27 gällande
352 1113 62 22 kraft.

489 1193 12 28 8
518 1195 33 19 46.

214 1233 168 28 Tillämpningen
398 1233 21 22 af
433 1233 71 21 denna
519 1233 125 27 förordning
659 1233 97 28 vidtager
772 1234 40 21 den

213 1297 31 26 Är
260 1303 33 21 del
304 1302 22 22 af
332 1302 150 27 jordlägenhet
494 1302 139 21 derförinnan
643 1303 67 26 enligt
720 1302 179 27 förordningarna

143 1338 6 21 i
165 1339 73 20 ämnet
252 1337 24 21 af
289 1337 41 21 den
349 1338 24 21 19
390 1337 113 21 december
521 1338 53 20 1864
591 1337 38 21 och
645 1337 41 21 den
701 1338 25 20 19
737 1337 94 21 februari
845 1337 54 21 1883

143 1372 117 21 öfverläten
275 1373 51 20 utan
342 1373 31 20 att
388 1371 50 27 laga
454 1371 113 27 styckning
577 1371 53 22 eller
641 1371 124 27 afsöndring
777 1371 121 26 försiggätt,

143 1407 55 21 skall
222 1407 112 26 delningen
356 1406 128 21 verkställas
507 1406 58 21 inom
588 1406 43 21 fem
648 1405 24 22 är
688 1405 48 22 frän
752 1405 148 22 förstnämnde

144 1441 46 27 dag,
206 1441 35 21 vid
256 1441 97 26 äfventyr
369 1442 33 20 att
417 1440 215 22 öfverlätelseaftalet
647 1441 7 19 i
670 1442 66 19 annat
751 1439 39 21 fall
806 1442 25 18 är
847 1441 53 19 utan

143 1476 80 21 verkan
238 1477 44 19 mot
297 1475 69 27 tredje
381 1480 57 16 man.

830 1514 10 16 2
