1142 1803
278 183 14 19 4
445 182 83 23 Ständ.
545 182 38 23 Sv.
600 196 27 2 —
641 183 72 27 Prop.
729 183 42 22 N:o
785 183 22 21 9.

250 248 127 28 ömsesidiga
392 248 196 28 brandstodsbolag,
604 256 51 14 men
669 248 34 22 för
717 249 32 21 sin
765 248 33 22 del
813 248 62 21 hafva
891 248 117 21 Ständerna

250 284 76 25 ansett,
347 284 37 25 att,
408 284 26 20 då
454 284 26 20 de
501 283 112 21 inhemska
627 283 148 28 aktiebolagen
789 283 34 21 för
837 282 120 28 försäkring
972 284 35 20 äro

249 318 154 21 underkastade
419 318 77 21 allmän
511 318 100 26 kontroll,
626 318 176 28 församlingarna
818 317 64 21 borde
897 325 48 13 vara
958 317 49 21 obe-

249 353 59 26 taget
319 353 31 19 att
360 352 32 20 uti
402 352 157 27 ifrågavarande
570 352 99 22 afseende
679 352 22 21 få
711 353 65 20 anlita
785 352 63 20 äfven
859 352 69 27 dylika
938 352 69 27 bolag.

318 386 10 21 I
344 386 93 28 enlighet
452 387 49 20 med
517 387 36 20 det
569 386 64 21 ofvan
648 387 87 20 anförda
750 387 38 20 har
802 386 102 27 förslaget
919 386 31 21 till
965 386 42 21 för-

250 421 90 27 ordning
358 429 36 13 om
409 421 111 28 byggande
536 421 41 21 och
592 421 109 21 underhåll
717 421 22 21 af
752 421 67 28 kyrka
834 420 68 21 blifvit
917 421 90 20 omredi-

249 455 80 28 geradt.
352 455 76 21 Tillika
442 456 41 21 och
498 456 26 21 då
541 457 26 20 12
578 456 96 27 punkten
684 456 7 20 i
701 455 165 27 Ridderskapets
877 455 40 21 och
928 455 79 21 Adelns

249 491 56 20 samt
321 492 11 18 7
348 491 96 27 punkten
459 491 6 20 i
481 490 169 28 Presterskapets
672 491 118 28 privilegier
805 489 23 22 af
841 490 41 20 den
899 491 25 19 16
941 489 65 22 Okto-

248 525 38 20 ber
301 526 54 19 1723
372 532 77 21 genom
464 525 41 21 den
520 525 119 28 föreslagna
654 525 152 28 förordningen
825 525 86 20 komme
927 526 31 19 att
968 531 37 13 un-

249 559 63 27 dergå
332 559 94 28 ändring,
447 560 39 20 har
500 560 75 20 sådant
590 561 81 19 ansetts
686 559 51 21 böra
752 559 144 27 uttryckligen
911 560 94 19 omnäm-

248 601 38 13 nas
301 593 32 21 uti
348 594 108 27 ingressen
471 594 31 21 till
514 594 159 28 förordningen.
697 588 72 33 Öfriga
779 593 100 27 vidtagna
889 592 116 22 förändrin-

248 635 37 20 gar
300 628 60 21 torde
375 628 47 22 icke
437 628 90 22 behöfva
543 628 69 22 vidare
627 629 98 27 påpekas.

317 732 73 27 Enligt
412 733 101 27 förslaget
533 733 31 20 till
584 733 131 27 förordning
730 731 115 29 angående
859 731 144 28 skyldigheten

248 768 33 19 att
300 767 85 28 deltaga
400 767 8 21 i
423 767 111 28 byggande
550 767 37 22 och
602 767 115 22 underhåll
732 767 27 27 af
767 765 118 28 prestgård
899 766 9 21 i
923 765 83 22 landets

249 801 239 28 evangelisk-lutherska
502 802 156 28 församlingar
673 801 66 21 skulle
755 801 70 21 denna
836 800 118 27 byggnads-
965 800 40 21 och

248 835 241 28 underhållsskyldighet
509 838 85 25 utgöras
615 843 78 20 genom
713 836 82 21 direkta
813 834 193 28 penningeafgifter

247 869 32 21 till
302 877 26 14 en
348 871 6 20 i
374 870 70 28 hvarje
464 871 125 27 församling
607 871 34 20 för
658 871 75 20 sådant
747 869 100 22 ändamål
862 869 91 21 inrättad
968 869 37 20 bo-

248 904 236 28 ställsbyggnadskassa,
508 905 22 21 af
551 905 156 28 presterskapet
729 905 68 27 enligt
817 904 96 27 grunder,
934 911 46 13 som
1000 903 5 20 i

246 939 102 27 förslaget
362 939 32 21 till
406 939 124 28 förordning
546 940 107 27 angående
669 939 168 28 presterskapets
852 938 103 21 boställen
969 939 36 19 äro

248 973 92 28 angifna,
361 974 41 21 och
420 974 48 21 från
482 974 163 27 församlingens
660 974 45 21 sida
719 974 7 21 i
741 973 96 28 enlighet
853 972 49 21 med
917 973 41 20 den
972 972 34 21 för

247 1008 285 28 kyrkobyggnadsbesvärets
551 1009 118 27 utgörande
688 1016 30 13 nu
733 1009 94 26 antagna
842 1007 56 27 regel
913 1008 32 19 att
960 1007 45 26 alla,

247 1050 46 13 som
309 1043 83 27 deltaga
406 1043 7 20 i
429 1043 205 27 aflöningsbesväret,
651 1043 64 21 borde
729 1043 55 21 efter
795 1041 110 22 enahanda
915 1041 91 27 grunder

246 1077 70 20 lemna
332 1077 73 28 bidrag
420 1077 61 21 äfven
496 1078 31 20 till
542 1078 198 27 byggnadstungan,
756 1077 57 20 dock
827 1078 28 25 på
872 1076 74 20 sådant
963 1076 42 19 sätt

247 1112 37 25 att,
300 1111 78 21 medan
393 1111 133 22 innehafvare
542 1112 23 21 af
578 1112 123 21 mantalsatt
713 1112 49 27 jord
776 1110 111 22 äfvensom
897 1109 107 28 bergverk,

247 1145 53 21 bruk
322 1146 42 21 och
387 1147 63 20 andra
470 1147 121 20 industriela
611 1146 141 27 inrättningar
767 1145 73 21 dervid
856 1144 65 21 skulle
936 1144 69 21 betala

246 1180 54 21 efter
320 1180 60 21 deras
397 1180 51 21 fulla
464 1180 85 28 afgifter
563 1181 32 20 till
609 1181 162 27 presterskapet,
789 1179 26 21 de
831 1179 63 20 andre
909 1179 7 20 i
930 1179 75 20 sådant

248 1214 98 21 afseende
361 1215 84 20 svarade
461 1215 48 20 med
525 1215 73 27 bidrag
612 1215 55 21 blott
683 1215 54 20 efter
752 1222 27 13 en
796 1213 101 28 fjerdedel
912 1212 22 21 af
946 1213 58 20 deras

246 1249 110 21 enahanda
371 1249 91 28 afgifter.
803 1265 2 2 :

314 1283 35 21 Då
372 1283 24 21 de
420 1283 122 22 obesuttnes
565 1283 233 29 byggnadsskyldighet
820 1282 69 21 blifvit
908 1281 96 22 faststäld

245 1318 32 21 till
292 1319 142 20 nästnämnda
448 1319 82 27 belopp,
546 1319 61 20 torde
622 1319 81 26 sådant,
719 1320 72 19 såsom
807 1317 107 21 komiténs
932 1316 72 21 betän-

246 1353 68 20 kande
330 1353 7 20 i
352 1354 72 19 ämnet
447 1353 66 28 gifver
531 1353 34 20 vid
584 1353 90 27 handen,
693 1353 62 21 hafva
771 1352 60 21 skett
846 1351 47 21 utaf
907 1351 35 20 det
957 1351 47 20 huf-

246 1387 122 28 vudsakliga
390 1387 73 27 skälet,
484 1389 32 19 att
535 1388 69 21 denna
619 1387 120 28 skyldighet
758 1387 60 21 förut
833 1386 46 21 icke
895 1385 68 28 ålegat
979 1385 25 21 de

245 1421 113 21 obesuttne
378 1421 40 22 och
438 1423 31 20 att
492 1422 68 21 denna
574 1422 75 27 pålaga
664 1422 70 21 derför
749 1421 68 21 borde
833 1422 61 25 göras
908 1419 33 21 för
956 1420 48 20 dem

244 1456 24 20 så
286 1455 40 21 lätt
346 1463 47 13 som
411 1456 89 28 möjligt,
516 1456 7 20 i
539 1456 114 28 synnerhet
668 1463 47 14 som
730 1456 127 20 densamma
872 1454 85 21 komme
973 1455 32 19 att

244 1489 62 21 träffa
328 1489 146 22 företrädesvis
495 1491 25 20 de
540 1490 98 28 fattigare
659 1491 114 21 klasserna.
806 1488 117 22 Ständerna
942 1488 63 22 hafva
