1142 1803
383 192 30 22 U.
429 192 29 22 B.
474 204 28 3 —
517 191 77 28 Prop.
609 191 47 22 N:o
671 191 24 22 4.
877 192 12 21 5

160 254 88 22 skolors
264 254 83 22 närhet
362 254 37 21 till
414 253 213 29 begrafningsplats
643 253 30 29 på
688 252 77 22 denna
777 253 76 29 grund
860 253 58 21 und-

159 288 71 22 vikas.

228 322 81 22 Ehuru
324 330 29 14 en
368 321 213 29 begrafningsplats
603 321 9 21 i
627 320 129 22 allmänhet
770 321 52 21 icke
838 320 79 30 erbjöd

159 357 78 28 någon
253 356 103 29 egentlig
371 356 51 21 fara
436 356 8 21 i
460 356 99 21 sanitärt
573 354 139 28 hänseende,
727 354 86 22 funnos
829 355 88 21 således

160 390 60 22 dock
235 390 203 29 omständigheter,
454 389 80 22 hvilka
550 389 81 29 gjorde
646 389 178 28 bestämningen
845 389 26 21 af
884 391 34 20 ett

159 425 59 22 visst
240 425 93 21 afstånd
359 424 99 21 emellan
472 423 134 29 kyrkogård
621 423 43 22 och
680 423 93 28 bebygd
788 425 37 19 ort
840 423 77 22 välbe-

160 459 74 22 tänkt.
263 459 12 21 I
290 459 28 21 de
332 459 68 21 flesta
414 458 92 22 länders
522 457 149 29 lagstiftning
687 457 52 22 fans
757 457 70 21 äfven
837 457 80 22 härom

160 493 115 28 stadgadt,
291 501 52 13 men
358 493 82 21 endast
454 493 73 28 några
542 492 81 21 länder
638 491 59 22 hade
706 491 103 22 faststält
817 493 34 20 ett
858 491 60 22 visst

159 527 190 22 normalafstånd.
379 527 51 21 Den
446 529 82 26 nyaste
544 526 212 28 hälsovårdslagen,
770 525 44 22 den
825 525 92 22 italien-

160 561 41 22 ska
216 561 36 29 (af
272 561 44 21 den
339 563 27 20 22
382 561 120 21 december
520 561 70 27 1888),
611 560 119 21 bestämde
746 560 63 21 detta
824 559 93 22 afstånd

160 596 36 21 till
218 597 42 20 200
281 598 83 24 meter;
386 595 37 22 för
447 594 120 29 Tyskland
589 594 68 28 gälde
673 594 122 22 enahanda
810 594 65 21 mått.
905 594 12 20 I

160 630 129 21 Frankrike
310 637 41 14 var
373 629 64 21 detta
459 629 83 28 (enligt
566 631 33 19 ett
624 628 81 22 dekret
729 627 26 22 af
768 628 45 21 den
829 630 12 20 7
857 635 60 14 mars

161 665 63 26 1806)
246 664 116 21 bestämdt
382 663 36 21 till
444 664 39 21 100
498 666 78 19 meter.
607 663 12 21 I
635 662 96 29 Sverige
747 670 42 13 var
804 662 40 22 det
859 662 58 22 lika-

160 705 47 15 som
231 698 41 22 hos
296 705 36 15 oss
353 698 105 21 lämnadt
477 698 130 22 obestämdt
622 698 43 22 och
682 698 113 22 beroende
810 698 31 27 på
855 697 64 29 pröf-

159 732 58 28 ning
237 732 8 21 i
268 732 79 28 hvarje
370 732 110 21 särskildt
494 732 49 22 fall.
572 733 47 20 För
635 734 35 19 att
684 732 52 21 icke
752 732 82 21 härvid
847 731 70 22 altför

160 766 62 21 olika
248 766 176 28 uppfattningar
445 767 37 20 må
504 770 57 25 göra
583 767 36 28 sig
641 766 115 29 gällande,
778 769 79 25 syntes
878 766 39 22 det

160 800 59 21 dock
234 800 133 25 önskvärdt,
383 802 36 19 att
433 800 9 21 i
457 800 39 29 lag
511 803 34 19 ett
555 801 58 20 visst
621 800 184 22 normalafstånd
815 800 102 21 faststäl-

160 834 46 27 des,
229 834 42 21 och
289 835 78 20 kunde
387 834 64 21 detta
472 834 70 22 äfven
557 835 34 21 för
612 835 102 21 Finland
729 835 134 28 lämpligast
879 835 38 22 be-

162 870 108 19 stämmas
290 869 37 21 till
347 870 41 20 200
402 871 78 19 meter.
510 869 36 28 Ty
561 868 92 22 utöfver
669 869 64 21 detta
749 868 93 22 afstånd
857 869 60 21 hade

160 910 54 14 man
233 903 36 28 sig
286 903 51 21 icke
353 903 92 27 bekant,
462 905 34 19 att
512 903 149 21 smittämnen
677 903 74 21 skulle
767 903 150 28 fortplantats

160 944 84 21 genom
266 936 81 27 luften,
371 937 114 21 beroende
510 937 63 22 detta
597 937 78 28 därpå,
692 940 35 19 att
741 937 58 21 frisk
815 937 46 22 luft
875 944 42 14 var

160 973 34 19 ett
209 971 26 21 af
248 971 28 21 de
291 971 137 28 kraftigaste
444 971 251 22 desinfektionsmedel.
721 967 77 26 Äfven
809 971 36 22 till
858 971 59 22 före-

159 1005 140 21 kommande
322 1005 26 22 af
365 1005 214 29 sjukdomsämnens
595 1006 204 28 transporterande
815 1006 36 21 till
867 1008 50 19 vat-

159 1041 83 26 tentag
256 1047 42 14 var
312 1039 64 22 detta
392 1039 92 22 afstånd
499 1040 9 21 i
522 1040 95 28 vanliga
632 1039 42 22 fall
690 1040 144 28 tillräckligt.

227 1073 47 21 Vid
282 1073 44 21 den
336 1073 190 22 internationella
536 1074 143 21 medicinska
689 1074 141 27 kongressen
845 1074 8 20 i
861 1074 56 20 Ber-

158 1107 34 21 lin
208 1107 25 21 år
250 1108 54 21 1890
319 1107 59 21 hade
398 1107 82 28 frågan
497 1114 36 15 om
550 1107 249 29 begrafningsplatsers
814 1107 103 28 skadlig-

158 1141 40 21 het
212 1141 120 21 refererats
348 1141 27 21 af
386 1141 35 21 Dr
436 1142 68 26 Petri,
521 1149 55 19 som,
592 1141 53 22 med
661 1141 52 22 stöd
729 1141 25 22 af
762 1142 84 27 många
857 1141 60 22 före-

158 1175 100 28 gåendes
274 1175 43 22 och
338 1177 77 19 senast
430 1175 26 22 af
470 1175 84 22 honom
572 1175 78 29 själf
641 1171 13 37 i
665 1175 58 29 prof.
740 1176 72 21 Kochs
828 1175 89 22 labora-

157 1209 85 22 torium
257 1209 82 29 gjorda
354 1209 201 29 undersökningar
570 1209 129 22 framhållit
714 1209 179 22 öfverdrifterna
907 1210 10 21 i

158 1243 27 22 de
200 1247 88 25 gängse
303 1243 145 29 farhägorna.
479 1244 72 21 Detta
566 1244 149 28 andragande
730 1244 60 21 hade
805 1243 111 22 särskildt

156 1277 42 22 hos
214 1285 36 14 oss
266 1278 69 21 väckt
354 1279 93 27 mycket
462 1278 139 29 uppseende,
617 1278 30 21 då
662 1278 83 29 frågan
760 1278 42 21 här
817 1278 52 21 stod
884 1278 31 28 på

157 1311 181 30 dagordningen.
368 1313 140 28 Betydelsen
530 1313 26 20 af
572 1312 28 21 de
623 1313 72 26 fakta,
718 1312 41 21 här
774 1312 141 21 framhållits

156 1353 37 14 om
208 1346 63 21 vissa
286 1347 146 28 möjligheter
448 1347 26 21 af
486 1347 102 21 sanitära
603 1347 79 27 vådor,
698 1346 77 22 kunde
791 1347 60 21 dock
862 1346 52 21 icke

155 1380 187 22 bortresonneras
366 1381 42 21 och
431 1381 59 21 hade
514 1381 51 21 icke
587 1381 74 21 heller
680 1381 119 21 förnekats
814 1381 30 28 på
859 1380 58 21 kon-

155 1422 101 21 gressen.

223 1448 83 28 Nägon
327 1449 103 21 statistik
451 1456 37 14 om
510 1448 39 22 det
570 1456 48 14 mer
633 1448 56 22 eller
703 1448 90 22 mindre
808 1448 107 28 skadliga

153 1482 142 28 inflytandet
317 1482 25 22 af
357 1482 161 29 kyrkogårdar
538 1483 31 28 pä
588 1482 29 22 de
639 1482 135 22 närboende
790 1482 58 28 egde
863 1489 55 15 man

223 1522 129 22 Lagutskottets
366 1523 111 17 betänkande
488 1522 39 18 N:o
539 1524 17 16 4.
