1142 1803
285 205 26 20 20
482 204 30 22 U.
527 204 28 22 B.
572 217 28 2 —
616 204 75 28 Prop.
707 204 45 22 N:o
768 204 21 21 1.

255 267 147 27 tesreglering,
412 269 5 19 i
426 267 119 27 möjligaste
553 268 69 20 måtto
631 267 131 21 inskränkes.
771 267 73 20 Nekas
852 267 43 20 kan
903 267 106 27 nemligen

256 301 48 21 icke
312 305 32 17 att
352 305 31 17 ett
392 302 76 20 sådant
476 302 127 26 stadgande,
615 302 64 20 äfven
687 302 44 20 från
740 309 27 13 nu
775 301 99 27 gällande
882 302 47 26 lags
937 302 72 20 stånd-

256 335 74 27 punkt,
346 336 71 20 kunde
432 336 64 20 blifva
507 336 31 20 till
546 339 55 17 stort
611 336 74 20 hinder
694 336 32 20 för
733 336 276 26 egosammandragningar,

257 369 42 21 och
314 371 6 19 i
334 369 103 21 händelse
457 377 27 13 en
503 369 80 28 parcell
604 370 109 20 användes
732 370 32 20 för
784 369 112 21 enahanda
912 369 98 21 ändamål

256 410 48 14 som
319 404 141 21 öfverhufvud
475 404 66 20 andra
554 404 181 27 jordlägenheter,
747 403 113 21 förefinnes
871 404 18 25 ej
901 404 66 20 heller
974 405 36 19 nä-

256 441 40 24 got
316 438 46 20 skäl
382 441 31 18 att
428 438 32 21 för
476 439 123 20 densamma
615 438 106 21 bibehälla
737 445 26 13 en
779 437 59 27 dylik
853 438 158 27 undantagsbe-

256 472 114 27 stämning.
391 473 50 20 Men
456 473 13 20 ä
484 473 66 20 andra
565 473 62 20 sidan
642 473 23 19 är
681 473 37 20 det
733 472 79 27 tydligt
824 475 37 22 att,
871 473 28 20 dä
908 472 103 27 parceller

256 506 70 21 kunna
342 507 80 26 uppstå
438 507 61 20 äfven
516 507 32 20 för
563 507 66 20 andra
645 507 104 24 ändamål,
759 507 72 20 såsom
842 507 122 20 industriela
975 514 35 13 an-

256 541 133 26 läggningar,
412 541 137 27 tomtplatser
571 548 27 13 m.
621 548 35 17 m.,
679 541 61 20 deras
763 541 152 20 bestämmelse
940 541 71 20 blefve

257 574 88 21 alldeles
368 575 95 25 förfelad,
486 575 88 21 säframt
595 575 73 26 dylika
690 575 103 27 parceller
808 574 57 28 finge
881 576 29 19 uti
926 575 85 20 skiftes-

258 609 106 27 reglering
379 610 106 26 indragas.
514 610 34 20 En
564 609 35 21 del
614 609 23 21 af
651 609 125 21 Utskottets
793 609 139 21 medlemmar
947 609 63 20 hafva

257 643 77 21 uttalat
357 647 31 17 att
410 644 253 26 undantagsstadgandet
686 643 32 21 för
739 644 70 20 denna
825 643 103 21 händelse
944 644 67 20 borde

258 677 90 21 omfatta
364 678 47 20 hela
429 678 114 26 parcellen,
560 678 51 20 enär
627 678 36 20 det
679 678 45 20 ofta
739 678 72 20 kunde
827 678 64 20 blifva
906 678 58 20 svärt
979 681 32 17 att

258 711 74 26 afgöra
355 712 31 20 till
401 712 85 20 hvilken
502 712 35 20 del
552 712 125 20 densamma
693 712 17 26 ej
726 720 52 12 vore
794 712 32 20 för
842 712 50 20 dess
907 712 104 20 särskilda

258 745 99 21 ändamäl
379 746 131 27 erforderlig.
540 747 35 20 Dä
597 753 49 13 man
668 746 65 21 likväl
754 747 69 20 mäste
846 746 114 21 förutsätta
979 749 31 17 att

257 780 163 20 vederbörande
442 781 188 26 förrättningsmän
651 781 72 20 härför
741 788 40 19 ega
804 781 113 26 tillräcklig
931 780 80 26 urskilj-

258 815 50 25 ning
331 814 42 20 och
388 815 36 20 det
440 815 62 20 äfven
518 817 6 18 i
540 815 27 20 de
582 815 62 20 flesta
660 815 35 20 fall
709 815 63 20 torde
788 815 69 20 kunna
873 815 88 26 pröfvas
973 815 38 20 när

258 851 32 17 ett
313 850 54 19 visst
390 849 87 20 omräde
499 849 23 20 är
545 849 32 20 för
599 849 119 27 parcellens
734 849 110 26 egentliga
860 849 151 20 bestämmelse

258 882 142 27 erforderligt,
423 883 65 20 häller
511 883 125 21 Utskottets
658 884 69 21 flertal
741 884 57 20 dock
818 883 45 21 före
879 887 31 17 att
926 887 31 17 ett
971 883 40 20 till-

258 916 190 27 läggsstadgande,
465 917 101 21 afseende
577 918 152 27 inskränkning
739 920 30 19 uti
780 918 131 26 rättigheten
922 918 31 20 för
964 925 47 19 par-

259 950 39 21 cell
321 951 24 20 af
360 951 127 20 omförmäld
505 952 149 21 beskaffenhet
669 956 32 17 att
716 953 135 26 undantagas
867 952 44 20 frän
927 952 84 21 skiftes-

258 985 112 26 reglering,
387 985 22 20 är
422 985 24 20 af
455 985 103 21 behofvet
569 986 116 26 päkalladt.
708 987 9 19 I
728 987 223 20 öfverensstämmelse
962 987 49 19 med

258 1018 58 20 hvad
332 1019 88 20 sälunda
435 1022 78 23 yttrats
525 1020 41 19 och
577 1021 5 19 i
596 1020 65 27 öfrigt
671 1020 24 20 af
703 1021 135 26 pluraliteten
851 1022 57 18 inom
923 1020 88 21 Utskot-

260 1056 33 16 tet
308 1053 112 20 fasthällits
436 1053 38 20 har
489 1053 12 27 $
514 1059 24 20 37
562 1053 21 28 ($
600 1053 35 27 35)
651 1057 20 17 at
687 1055 242 25 författningsiörslaget
944 1054 68 20 blifvit

259 1086 172 21 omformulerad.

327 1120 35 21 De
384 1120 92 27 afgifter,
500 1121 70 20 hvilka
593 1122 33 20 för
647 1122 133 21 närvarande
800 1123 52 26 utgä
868 1122 53 21 efter
936 1121 75 25 röktal,

259 1154 99 27 erläggas
374 1155 30 20 till
419 1155 112 20 aflönande
546 1156 25 20 af
582 1156 169 27 presterskapet,
767 1157 102 20 klockare
881 1157 41 20 och
934 1157 79 26 kyrko-

258 1188 90 21 väktare
364 1189 12 20 ä
392 1189 72 21 landet
484 1193 54 18 samt
556 1190 49 20 bro-
615 1191 42 20 och
667 1191 138 27 skallfogdar,
819 1191 118 26 hvarjemte
947 1192 65 25 tings-

259 1223 102 26 gästning
376 1223 41 20 och
432 1224 152 26 tingshushyra
599 1225 55 20 efter
669 1225 70 20 denna
751 1225 69 27 grund
831 1226 57 26 utgå.
919 1225 34 20 Då
960 1226 53 26 jem-

259 1256 38 21 likt
312 1257 163 27 bestämningen
492 1259 29 20 uti
536 1257 12 29 8
566 1259 24 26 38
607 1258 21 28 (&
645 1259 32 26 36)
693 1259 75 20 derom
783 1263 33 17 att
832 1259 77 21 endast
924 1259 32 20 för
976 1260 37 20 det

259 1291 42 24 fall,
318 1295 32 16 att
366 1291 50 21 flere
432 1293 58 20 inom
505 1299 27 14 en
546 1293 164 21 landskommun
725 1295 30 20 uti
770 1301 27 13 en
813 1301 76 19 egares
905 1294 57 20 hand
972 1293 41 21 för-

260 1325 69 20 enade
350 1325 125 27 lägenheter
496 1327 78 20 brukas
592 1327 145 26 tillsammans,
754 1331 31 18 ett
801 1327 118 27 fjerdedels
935 1327 80 21 mantal

260 1359 26 20 af
304 1359 164 26 lägenheternas
490 1361 161 27 sammanlagda
673 1362 102 21 skattetal
794 1362 55 21 skall
863 1369 64 14 anses
942 1363 72 19 säsom

260 1400 26 13 en
306 1393 45 25 rök,
374 1395 71 26 nägon
467 1395 117 21 nämnvärd
606 1396 139 27 nedsättning
760 1396 26 21 af
797 1396 155 27 rökafgifterna
967 1396 47 20 icke

259 1427 64 20 torde
338 1435 51 13 vara
404 1431 32 17 att
452 1432 89 22 emotse,
558 1429 39 20 bör
611 1431 69 25 sagda
699 1431 138 26 bestämning
853 1437 63 14 anses
927 1430 35 20 väl
973 1430 42 20 för-

260 1468 62 13 svara
343 1462 33 20 sin
398 1462 62 26 plats,
480 1464 72 20 säsom
567 1463 103 21 afseende
685 1468 32 17 att
732 1464 135 20 förekomma
883 1464 37 21 det
935 1471 80 19 egaren

259 1494 32 21 till
311 1496 67 26 nägra
400 1497 52 24 smä,
472 1504 35 13 om
522 1497 42 20 ock
579 1497 148 28 sjelfständiga
742 1498 133 27 lägenheter,
891 1498 72 21 blefve
978 1498 37 21 be-

330 1534 46 22 Lag-
390 1535 30 17 och
433 1535 180 19 Ekonomiutskottets
627 1537 109 18 betänkande
747 1537 38 17 N:o
798 1538 15 16 1.
