1142 1803
370 187 30 22 U.
416 187 28 22 B.
461 200 28 2 —
501 186 79 29 Prop.
596 186 45 22 N:o
657 186 40 22 10.
859 187 25 21 19

156 250 88 26 detaljer
259 250 24 20 af
295 250 81 20 honom
392 250 48 20 icke
454 250 72 20 kunna
542 249 202 25 omhänderhafvas,
765 249 40 21 blir
827 250 38 21 det
887 257 27 13 en

155 284 163 26 nödvändighet
334 287 32 17 att
382 284 75 20 dervid
472 284 101 26 begagna
589 284 34 26 sig
638 283 25 20 af
675 290 110 20 personer,
796 283 33 21 för
841 284 72 21 hvilka

155 317 42 21 han
212 318 38 20 har
264 318 125 20 förtroende
405 317 42 21 och
463 317 27 21 de
506 317 39 21 der
560 317 50 20 med
633 317 85 27 rättslig
739 316 81 22 verkan
842 318 71 21 kunna

155 351 77 21 afsluta
247 351 52 21 aftal
314 351 33 20 för
362 351 87 21 honom.
480 351 79 26 Tredje
574 358 55 17 man,
646 358 47 13 som
706 350 75 21 inläter
793 352 34 26 sig
837 351 74 28 härpä,

155 385 39 20 bör
210 385 118 20 emellertid
344 385 12 20 å
371 386 32 19 sin
426 385 46 20 sida
494 384 71 21 kunna
587 391 52 14 vara
659 384 113 25 förvissad,
788 388 33 17 att
843 385 70 21 denna

154 419 98 27 rättsliga
272 419 80 20 verkan
373 419 23 20 är
412 419 33 20 för
460 419 92 24 handen,
569 418 42 21 och
627 418 121 21 säkerstäld
768 422 59 18 emot
849 419 64 21 förlu-

155 457 49 21 ster,
225 453 71 21 hvilka
311 453 37 21 vid
363 456 31 17 ett
410 456 90 18 motsatt
516 452 132 21 förhällande
662 452 73 21 kunde
750 453 100 20 äsamkas
873 453 38 20 ho-

155 494 56 14 nom.
238 487 52 21 Men
305 487 51 20 enär
372 487 37 20 det
431 488 5 19 i
458 486 126 21 affärslifvet
606 486 46 21 ofta
674 493 45 20 nog
737 493 53 14 vore
813 487 99 21 förenadt

154 522 51 21 med
219 521 48 21 icke
282 522 24 19 sä
321 523 61 25 ringa
397 521 101 26 omgäng,
520 521 73 20 derest
616 520 97 21 fullmakt
735 520 32 21 till
788 521 124 26 sysslandet

154 556 74 20 städse
242 555 96 20 behöfde
352 555 106 20 affordras
474 555 41 19 och
535 557 116 24 presteras,
675 554 96 26 päkallas
792 555 64 20 häraf
876 562 36 13 an-

155 589 118 26 ordningen
288 588 24 20 af
322 591 31 18 ett
363 588 101 20 särskildt
476 588 49 21 utaf
532 588 128 26 myndighet
671 588 57 20 fördt
739 589 96 26 register,
849 589 62 20 hvar-

154 622 52 21 ifrån
222 622 142 20 allmänheten
380 622 23 20 är
409 618 13 35 i
440 622 82 20 tillfälle
531 626 38 17 att
591 622 69 20 erfara
682 622 65 20 hvem
766 622 51 21 eller
839 623 72 21 hvilka

154 664 41 20 ega
210 656 78 21 handla
304 657 72 19 såsom
391 656 132 26 prokurister
539 658 30 18 uti
585 663 26 13 en
627 656 59 20 affär.

222 690 34 21 Af
270 690 37 21 det
322 690 89 20 anförda
426 690 64 20 torde
505 690 82 27 framgå
603 693 32 17 att
650 690 50 20 med
715 690 112 21 införande
840 690 25 21 af
873 691 38 20 be-

154 725 130 26 stämningar
310 731 36 13 om
370 723 59 21 firma
452 724 41 20 och
516 724 94 27 prokura
633 723 64 21 äfven
721 723 132 23 föreskrifter
874 731 36 14 om

154 758 88 21 förande
257 758 24 20 af
294 761 31 18 ett
340 757 181 27 handelsregister
537 757 66 21 blifva
619 757 145 28 erforderliga.
789 759 85 26 Frågan
887 759 24 20 är

154 793 87 20 härnäst
263 792 25 21 af
300 792 86 21 hvilken
402 791 50 21 eller
468 791 72 21 hvilka
556 792 151 27 myndigheter
722 795 32 18 ett
769 792 69 26 dylikt
855 794 56 25 regi-

153 830 44 17 ster
204 826 125 27 lämpligast
341 825 39 21 bör
387 825 64 21 föras.
466 826 45 21 Det
520 826 24 20 är
554 826 55 21 klart
625 829 32 18 att
673 833 36 13 om
724 826 126 21 affärslifvet
857 826 53 21 skall

152 861 71 20 kunna
236 860 78 21 erhålla
329 859 93 27 verkligt
437 867 58 19 gagn
510 860 26 20 af
548 867 26 13 en
590 860 135 27 lagstiftning
739 867 36 13 om
790 860 59 21 firma
868 861 42 20 och

152 894 100 27 prokura,
268 894 53 20 böra
336 893 154 21 sträfvandena
510 895 28 26 gå
554 897 23 18 ut
598 895 29 26 på
650 897 31 18 att
704 895 147 26 omgångarne
873 895 36 20 vid

152 928 122 27 anmälning
288 927 32 22 till
334 929 101 25 registret
450 927 90 21 likasom
553 928 64 20 äfven
628 928 33 20 för
671 928 138 21 inhemtande
822 928 24 21 af
854 936 55 19 upp-

152 962 86 27 lysning
258 962 63 20 derur
344 962 64 27 göras
430 963 25 19 så
478 963 60 26 ringa
561 969 47 13 som
623 961 89 28 möjligt.
743 962 8 20 I
766 962 143 21 betraktande

152 996 64 21 häraf
228 996 41 21 och
285 996 27 21 då
323 996 37 21 det
371 997 13 19 å
394 996 67 20 andra
476 996 62 21 sidan
548 1003 65 19 synes
623 1003 52 13 vara
689 996 80 27 tydligt
784 1000 38 21 att,
836 997 73 20 derest

152 1037 27 14 en
194 1030 36 27 lag
244 1037 36 13 om
288 1029 59 21 firma
362 1030 54 20 skall
431 1033 110 18 motsvara
556 1031 37 20 sitt
609 1030 105 25 ändamål,
731 1030 100 27 pröfning
846 1030 62 21 affir-

152 1070 46 14 mas
212 1064 104 26 laglighet
326 1063 57 21 helst
393 1064 40 19 bör
448 1064 39 20 ske
502 1064 50 20 med
567 1064 84 25 hänsyn
666 1063 48 21 icke
729 1064 90 20 allenast
833 1064 32 20 till
880 1064 27 20 de

151 1097 77 25 firmor,
244 1097 72 20 hvilka
332 1099 94 19 existera
442 1098 30 26 på
487 1105 27 13 en
529 1099 44 19 viss
589 1101 39 21 ort,
645 1101 51 17 utan
711 1097 64 21 äfven
789 1097 32 21 till
842 1101 66 18 samt-

150 1131 43 27 liga
208 1131 69 27 öfriga
292 1131 71 20 firmor
378 1133 6 19 i
398 1131 79 26 landet,
493 1131 39 21 har
547 1131 116 22 Utskottet
677 1135 54 17 trott
749 1135 32 17 att
802 1131 106 22 hvardera

151 1165 137 27 synpunkten
296 1165 72 21 kunde
377 1165 67 21 blifva
452 1165 49 21 bäst
507 1165 96 21 beaktad
611 1166 29 26 på
648 1165 77 21 sådant
737 1166 44 20 sätt
796 1169 32 18 att
836 1166 72 20 anmä-

150 1199 35 20 lan
193 1206 36 13 om
236 1199 60 20 firma
304 1199 42 20 och
354 1199 94 27 prokura
458 1199 68 21 skulle
534 1199 39 21 ske
581 1199 120 27 skriftligen
716 1199 42 20 och
770 1201 7 18 i
787 1200 36 20 två
833 1206 74 14 exem-

150 1233 47 26 plar
211 1233 41 20 hos
267 1233 43 21 den
324 1233 129 27 myndighet
474 1235 6 18 i
502 1233 73 26 hvarje
598 1237 40 21 ort,
661 1233 42 20 hos
725 1233 86 20 hvilken
827 1233 80 26 jemväl

150 1266 98 21 anmälan
270 1274 36 13 om
329 1267 112 21 drifvande
464 1267 26 20 af
508 1267 76 27 näring
603 1267 40 20 bör
666 1273 41 20 ega
725 1273 52 14 rum.
806 1267 45 21 Det
867 1275 40 13 ena

150 1300 134 27 exemplaret
303 1301 67 20 skulle
394 1304 130 23 qvarstanna
546 1301 40 20 hos
609 1307 82 14 samma
713 1301 192 27 lokalmyndighet,

149 1341 48 14 som
211 1334 69 21 borde
295 1335 46 20 föra
356 1335 136 26 förteckning
506 1335 61 20 öfver
590 1335 146 26 anmälningar
759 1335 24 20 af
801 1335 106 27 ifrågava-

148 1368 66 21 rande
230 1368 47 27 slag
292 1372 56 17 samt
363 1369 135 20 omedelbart
513 1369 90 20 insända
623 1369 38 20 det
681 1369 68 20 andra
771 1369 136 27 exemplaret

148 1402 31 20 till
201 1409 27 13 en
247 1402 32 21 för
302 1403 49 20 hela
373 1402 74 21 landet
470 1409 125 20 gemensam
622 1403 283 26 registreringsmyndighet.

147 1436 77 20 Denna
246 1436 62 26 ålåge
330 1437 38 20 det
390 1439 31 18 att
440 1436 79 27 pröfva
539 1436 103 20 huruvida
666 1436 149 27 anmälningen
835 1437 72 19 kunde

148 1469 134 27 godkännas,
308 1471 6 19 i
340 1470 60 20 detta
420 1470 37 20 fall
479 1470 102 20 inskrifva
603 1470 150 26 anmälningen
771 1471 30 19 uti
824 1470 37 21 det
883 1470 26 21 af

215 1508 48 23 Lag-
276 1509 33 17 och
320 1508 183 19 Ekonomiutskottets
515 1508 111 18 betänkande
637 1508 38 18 N:o
687 1509 18 17 2.
