1142 1803
365 209 29 23 U.
411 210 27 22 B.
456 222 26 3 —
497 209 76 28 Prop.
589 208 46 23 N:o
650 208 39 22 10.
865 208 13 20 5

220 274 29 19 På
270 274 64 24 grund
357 273 57 20 häraf
428 273 30 20 får
472 274 34 23 jag
525 273 100 19 vördsamt
640 272 80 20 anhålla
735 274 29 17 avt
784 272 123 19 hedervärda

148 302 150 20 Bondeståndet
313 302 60 20 måtte
388 302 105 24 godkänna
508 302 87 23 följande
611 300 135 24 underdåniga
761 300 95 24 petition:

357 376 31 19 att
404 374 64 20 Hans
476 373 129 28 Kejserliga
621 373 104 27 Majestät
737 372 108 28 behagade
859 372 47 21 låta

288 402 98 21 utarbeta
414 403 38 20 och
471 402 122 27 förelägga
618 401 119 21 ständerna
759 401 91 27 förslag
873 400 35 21 till

288 438 26 14 en
329 432 43 27 lag,
388 437 44 14 som
448 430 68 21 skulle
531 430 70 21 ordna
616 429 47 22 icke
678 429 94 21 allenast
782 431 74 25 öppna
869 428 39 21 och

288 459 198 28 kommanditbolag
502 461 53 18 utan
571 458 64 27 äfven
651 459 47 20 alla
708 457 136 28 föreningar
860 456 49 22 med

289 487 123 22 ekonomisk
427 487 139 26 verksamhet,
581 493 46 14 som
642 487 47 20 icke
704 486 76 21 kunna
797 486 112 25 hänföras

290 517 35 20 till
336 517 62 20 dessa
409 517 52 20 eller
478 515 128 28 aktiebolag,
617 515 111 25 äfvensom
736 515 169 27 sparbankerna

223 585 131 25 Helsingfors,
372 586 37 19 den
426 586 12 18 6
454 585 87 19 februari
558 584 61 20 1891.

608 651 66 21 Matti
689 650 26 22 E.
735 650 105 22 Niemelä.

223 851 109 21 Ehuruväl
354 851 65 28 bolag
440 851 71 21 kunna
533 853 75 26 späras
631 852 59 27 längt
713 852 88 21 tillbaka
822 853 5 20 i
838 852 72 25 tiden,

154 885 134 22 förekomma
303 887 6 19 i
325 886 42 20 den
378 885 59 22 äldre
448 886 156 21 svensk-finska
614 886 162 27 lagstiftningen
786 886 48 21 icke
844 887 67 26 nägra

155 919 111 22 utbildade
282 919 69 28 regler
366 920 112 27 angäende
494 920 63 21 deras
569 920 209 21 rättsförhällanden.
793 921 31 20 Pä
834 927 27 14 en
873 921 38 24 tid,

154 953 28 22 dä
196 953 100 22 krediten
310 961 38 13 var
363 953 25 22 af
399 955 60 26 ringa
474 954 120 27 betydelse,
610 954 73 21 kunde
693 954 142 21 förhällandet
846 954 67 21 ocksä

154 987 48 21 icke
224 995 52 13 vara
298 988 138 21 annorlunda.
468 993 54 22 1734
544 989 33 20 ärs
600 988 36 27 lag
657 989 122 24 innehäller,
801 992 62 17 utom
885 995 27 14 en

154 1022 129 27 hänvisning
298 1022 134 21 beträffande
447 1022 160 27 rederibolaget
621 1023 32 20 till
670 1023 53 26 1667
739 1023 34 20 ärs
784 1023 69 26 sjölag
871 1022 42 21 och

154 1057 67 26 nägra
236 1056 145 26 antydningar
396 1063 37 13 om
447 1058 57 19 vissa
520 1057 144 20 outvecklade
679 1057 232 26 bolagstörhällanden,

154 1091 50 25 inga
214 1090 67 20 andra
291 1090 136 27 stadganden
438 1097 36 13 om
484 1090 66 27 bolag
560 1090 27 21 än
597 1091 34 24 de,
643 1090 72 21 hvilka
725 1090 135 21 förekomma
870 1091 40 25 i15

156 1124 50 27 kap.
222 1123 28 21 H.
272 1123 24 21 B.
319 1123 42 21 och
384 1131 39 20 par
444 1125 66 20 andra
526 1124 87 27 lagrum,
631 1125 27 20 de
673 1125 39 20 der
727 1124 90 21 hänföra
832 1125 35 26 sig
881 1123 32 22 till

154 1158 190 27 bestämningarna
367 1159 7 19 i
394 1158 61 21 detta
477 1158 89 28 kapitel.
595 1159 50 20 Den
667 1159 45 20 deri
727 1159 132 20 omnämnda
873 1158 40 21 bo-

155 1191 132 27 lagsformen
302 1191 38 21 har
355 1191 47 21 icke
417 1192 89 27 mycket
521 1192 83 21 berörts
617 1193 25 20 af
649 1199 26 14 en
685 1200 76 13 senare
771 1193 141 27 lagstiftning,

154 1225 43 21 och
219 1225 99 21 omrädet
340 1225 33 21 för
395 1226 103 27 kapitlets
520 1226 135 27 tillämpning
678 1227 23 20 är
723 1227 46 20 frän
784 1227 129 26 lagstiftnin-

155 1266 54 20 gens
224 1259 134 28 ständpunkt
374 1260 18 26 ej
407 1260 67 21 heller
489 1261 46 20 fullt
547 1261 116 21 bestämdt.
686 1261 28 20 Pä
724 1261 59 27 goda
793 1261 48 20 skäl
848 1260 65 21 hafva

154 1293 162 21 föreskrifterna
338 1295 30 20 uti
392 1299 24 21 15
439 1294 51 27 kap.
506 1294 27 21 H.
549 1295 24 20 B.
589 1295 58 20 dock
662 1298 83 18 ansetts
761 1295 46 20 afse
823 1294 18 27 ej
857 1294 57 21 blott

154 1327 39 21 det
214 1327 109 28 egentliga
337 1328 181 28 handelsbolaget
532 1333 51 17 utan
599 1329 74 28 öppna
688 1329 67 28 bolag
769 1331 6 19 i
790 1329 123 21 allmänhet.

155 1361 44 22 Om
214 1362 90 21 sälunda
323 1362 74 27 lagens
413 1363 123 27 otydlighet
546 1365 30 19 uti
586 1363 61 21 detta
659 1363 124 21 hänseende
796 1363 49 21 icke
854 1363 61 20 med-

156 1395 44 22 fört
222 1397 72 26 nägon
317 1396 123 27 olägenhet,
456 1397 43 21 kan
514 1398 37 20 det
566 1397 48 21 icke
629 1397 67 21 nekas
711 1401 33 18 att
759 1398 106 20 bristerna
880 1396 34 21 för

155 1429 66 27 öfrigt
243 1431 31 19 uti
296 1430 101 26 gällande
419 1431 43 21 rätt
483 1438 37 14 om
535 1432 38 20 det
587 1431 75 27 öppna
677 1432 90 26 bolaget
781 1432 38 20 äro
835 1431 79 26 många

155 1463 43 21 och
212 1464 68 26 några
294 1464 24 20 af
331 1464 50 21 dem
396 1464 49 22 utaf
456 1464 83 28 ganska
556 1465 108 27 väsentlig
684 1465 157 21 beskaffenhet.
871 1464 44 21 För

155 1497 121 27 afgörande
292 1498 25 20 af
328 1498 81 28 frågan,
425 1499 104 21 huruvida
544 1500 61 20 detta
617 1500 67 26 bolag
693 1500 43 20 kan
751 1499 109 21 förvärfva
872 1498 43 21 rät-

225 1536 48 23 Lag-
286 1536 32 18 och
330 1536 183 19 Ekonomiutskottets
525 1538 110 18 betänkande
646 1538 39 17 N:o
697 1539 17 16 2.
