1142 1803
387 184 27 20 U.
430 184 24 21 B.
470 196 28 2 —
513 183 63 27 Prop.
591 183 41 21 N:o
649 185 18 19 9.
788 182 94 22 XXXIII

358 247 74 20 denna
447 246 130 27 förordning
593 246 56 20 skall
665 246 113 26 tillämpas
789 246 37 20 och
836 245 74 21 hvilka

359 281 69 27 enligt
448 281 60 27 förut
526 280 103 27 gällande
651 280 137 27 stadganden
803 282 38 18 äro
855 280 54 27 god-

359 315 74 20 kända
458 315 51 20 eller
538 314 121 28 antagliga,
689 314 102 21 utdömas
816 314 95 20 allenast

359 349 79 27 derför,
462 350 33 19 att
510 349 24 20 de
550 349 19 27 ej
583 351 39 18 äro
637 349 50 20 med
697 348 160 27 förordningen
873 348 35 27 öf-

359 383 220 20 verensstämmande.

428 417 129 21 Kostnaden
571 417 36 27 för
623 417 68 27 ofvan
701 417 98 20 nämnda
815 417 95 27 husesyn

361 451 101 21 bestrides
478 458 28 14 ur
516 451 171 28 församlingens
697 451 212 28 boställsbygynads-

353 486 77 27 kassa,
454 493 36 13 om
510 486 70 21 sådan
602 486 69 21 redan
691 485 79 28 finnes,
787 493 49 13 men
853 485 59 28 eljest

360 520 29 27 af
400 520 166 28 församlingen.

600 584 13 25 $
631 584 35 19 66.

429 622 77 21 Innan
521 623 41 20 den
577 623 12 20 1
603 622 49 28 Maj
667 622 26 20 är
708 623 61 19 1900
780 622 50 20 böra
839 623 69 19 samt-

361 657 44 27 liga
421 657 25 20 de
460 657 10 20 i
484 658 28 25 $$
530 658 33 25 16,
581 658 28 19 64
624 656 39 21 och
680 657 30 20 65
725 656 135 28 föreskrifna
873 656 34 20 ät-

359 692 85 26 gärder,
468 690 134 28 beträffande
621 690 288 28 boställslyggnadskassan,

361 725 131 20 boställenas
516 725 175 20 iständsättande
718 725 39 20 och
781 725 130 27 husesyners

360 759 143 27 förrättande,
527 766 54 13 vara
603 759 36 27 för
660 759 46 20 alla
726 759 161 27 församlingar
901 758 10 20 i

360 793 75 21 landet
458 793 114 27 behörigen
595 793 117 27 vidtagna;
735 793 38 21 och
795 793 62 26 skall,
885 792 25 21 sä

360 829 64 19 snart
439 828 58 20 detta
508 827 10 20 i
530 827 132 28 församling
669 827 60 27 skett,
740 827 171 27 tillämpningen

360 861 29 28 af
400 862 74 20 denna
493 861 131 28 förordning
639 862 10 20 i
664 862 46 20 alla
725 862 61 20 delar
800 861 36 28 för
850 861 61 27 dylik

360 895 133 28 församling
516 896 89 27 vidtaga
619 896 54 27 från
689 896 109 27 ingången
815 896 28 27 af
855 897 54 18 när-

360 932 59 19 mast
431 930 130 28 påföljande
572 930 148 21 ecklesiastika
727 930 32 27 är,
769 930 28 20 dä
806 930 105 27 samtliga

360 964 152 27 härförinnan
527 965 10 20 i
544 966 76 19 ämnet
627 965 106 20 utkomna
740 965 169 26 författningar,

360 998 9 20 i
384 998 58 21 hvad
456 999 25 20 de
496 999 35 20 stå
545 999 10 20 i
569 999 57 20 strid
639 999 50 20 med
703 999 144 27 förevarande
862 998 47 27 för-

360 1033 100 27 ordning,
476 1033 61 21 skola
552 1033 83 27 förlora
649 1033 106 28 giltighet.

600 1096 14 25 $
631 1097 36 19 67.

429 1134 33 21 De
477 1135 61 20 delar
556 1135 28 27 af
595 1135 73 21 denna
683 1135 137 27 förordning,
836 1135 74 20 hvilka

359 1175 39 21 ega
413 1169 35 20 sin
465 1169 157 27 motsvarighet
631 1169 10 20 i
652 1170 170 27 presterskapets
834 1169 74 28 privi-

360 1202 65 27 legier
446 1203 28 27 af
492 1203 42 21 den
555 1205 28 19 16
601 1203 90 21 Oktober
705 1205 67 26 1723,
787 1204 59 27 gälla
862 1203 49 21 med

358 1243 88 14 samma
466 1237 60 28 kraft
540 1245 47 13 som
602 1238 67 26 dessa,
687 1238 61 21 intill
762 1239 47 20 dess
823 1238 85 27 yrund-

360 1271 105 28 lagsenlig
481 1272 96 27 ändring
593 1272 141 21 härutinnan
749 1273 52 20 sker.

221 1508 44 22 Lag-
278 1510 27 15 och
318 1509 168 17 Ekonomiutskottets
500 1510 103 16 betänkande
615 1511 34 15 N:o
661 1516 16 15 4.
