1142 1803
467 186 44 23 N:o
532 188 22 21 9.
849 186 11 20 9

134 254 98 21 timeters
247 254 57 26 höjd,
321 254 37 20 der
374 254 41 20 den
431 255 23 19 är
469 254 62 26 lägst,
548 253 48 21 med
611 255 79 25 väggar
701 253 23 21 af
733 254 91 25 timmer,
836 254 56 26 tegel

136 288 53 21 eller
212 290 64 18 annat
298 289 28 25 på
343 290 60 18 orten
420 287 95 26 brukligt
530 288 181 26 byggnadsämne,
727 291 56 18 samt
798 288 93 26 inredas,

137 322 12 21 å
171 322 171 26 kyrkoherdebol
365 322 33 21 till
421 322 65 20 minst
501 328 42 20 sex,
560 322 63 26 högst
638 322 37 26 tio,
691 322 38 21 och
746 322 13 20 å
773 325 66 19 annat
855 322 38 21 bo-

137 356 62 21 ställe
222 357 33 20 till
277 357 64 20 minst
365 356 52 27 fyra,
441 356 63 26 högst
519 357 33 24 sju
567 356 137 27 boningsrum
718 357 66 26 jemte
800 357 92 25 tambur,

138 391 48 24 kök,
204 390 93 26 skafferi,
314 390 142 27 erforderliga
471 391 77 20 kontor
565 391 38 20 och
619 391 117 26 förstugor;
752 391 7 20 i
775 391 64 21 köket
856 397 38 14 an-

138 425 87 26 bringas
240 425 64 26 spisel
320 425 48 21 med
382 425 45 20 häll
444 425 38 20 och
498 425 31 21 uti
544 425 73 26 hvarje
633 425 139 26 boningsrum
783 425 109 21 äfvensom

138 459 7 20 i
168 459 112 21 tamburen
303 459 90 25 eldstad,
418 459 23 20 af
458 459 63 20 kakel
538 459 53 21 eller
606 462 65 18 annat
686 459 7 20 i
708 459 73 21 landet
796 459 97 26 allmänt,

139 494 31 21 uti
185 493 78 22 sådant
278 493 46 26 hus,
340 493 89 21 hvarom
445 495 24 19 är
480 493 66 28 fråga,
558 494 95 26 brukligt
664 494 105 26 material,
780 494 48 20 med
837 493 57 27 jern-

139 528 46 27 plåt
208 529 52 20 eller
274 529 98 26 plansten
388 528 89 21 framför
493 529 73 26 spisel-
582 528 40 21 och
638 528 257 27 eldstadsöppningarna;

140 569 95 14 rummen
252 565 62 24 göras
330 563 64 20 minst
409 565 33 18 tre
459 563 38 20 och
511 563 102 26 tjugufem
625 562 191 21 etthundradedels
827 564 68 18 meter

140 596 56 27 höga
212 597 39 21 och
267 596 67 21 förses
351 596 49 21 med
416 596 165 26 dubbelfenster,
598 599 83 24 tapeter
698 597 13 20 å
721 598 114 25 väggarne,
850 596 45 26 gip-

140 631 50 21 sade
207 632 52 20 eller
275 631 104 26 panelade
396 631 37 21 tak
448 631 38 21 och
503 631 137 27 oljemålning
655 632 13 20 å
683 631 63 26 panel
763 631 38 21 och
819 631 76 20 dörrar

141 668 55 18 samt
220 666 59 20 dörr-
296 666 38 20 och
350 666 232 26 fensterinfattningar;
599 665 109 21 äfvensom
724 665 84 27 golfven
825 665 71 21 antin-

141 706 41 21 gen
198 700 110 26 oljemålas
324 701 52 20 eller
391 700 47 21 med
455 700 91 21 fernissa
562 700 117 26 bestrykas.

213 735 10 20 I
247 734 127 27 församling,
398 735 38 20 der
451 735 176 26 pastorsadjunkt
642 741 26 14 ex
683 733 70 22 officio
769 734 72 26 finnes,
857 734 40 20 bör

143 769 38 21 ock
196 769 89 26 lämplig
301 769 76 21 bostad
394 769 22 20 åt
432 769 76 21 honom
525 769 116 20 anskaffas.

494 821 12 28 8
522 822 20 20 9.

216 851 74 32 Öfriga
314 856 48 26 laga
384 855 40 21 hus
443 855 35 21 må
493 855 102 28 uppföras
611 855 87 21 afskildt
714 855 46 20 från
775 854 123 21 hvarandra

144 890 51 21 eller
212 891 45 26 ock,
274 891 37 20 der
326 891 23 20 så
364 890 124 27 lämpligare
504 890 91 26 pröfvas,
612 889 183 27 sammanbyggas.
825 888 74 21 Under

144 925 62 21 dessa
229 925 40 20 hus
292 925 39 20 bör
354 925 74 26 läggas
450 925 80 20 stenfot
553 925 23 20 af
594 925 65 20 minst
675 924 73 21 trettio
764 924 135 21 centimeters

144 959 57 27 höjd,
218 960 38 21 der
271 959 41 21 den
328 959 56 26 lägst
400 961 29 19 är.
460 959 102 21 Källaren
577 959 33 21 får
625 959 115 26 anbringas
751 958 66 21 under
828 964 71 15 annan

144 995 105 26 byggnad.
281 994 55 21 Stall
351 993 39 22 och
406 993 61 22 fähus
478 993 52 22 böra
540 993 67 22 förses
619 993 47 21 med
678 993 81 21 skullar
770 993 51 20 eller
833 993 67 20 andra

144 1029 116 21 foderrum.

492 1057 10 26 8
521 1057 32 20 10.

218 1091 40 21 Till
279 1091 141 26 taktäckning
436 1091 60 20 skola
511 1090 56 21 helst
583 1089 92 22 eldfasta
690 1091 77 19 ämnen
783 1089 116 21 användas.

218 1126 42 21 För
282 1125 130 26 boningshus
435 1124 109 21 äfvensom
567 1124 34 21 för
624 1124 69 27 öfriga
709 1124 49 26 laga
774 1123 39 21 hus
829 1123 12 21 å
857 1129 42 15 em-

146 1160 102 27 betsgärd
271 1160 40 26 må,
335 1159 53 22 efter
403 1159 100 21 behofvet
519 1159 39 21 och
575 1161 72 18 ortens
663 1159 44 25 sed,
723 1158 74 27 tjenlig
812 1157 88 22 bekläd-

146 1196 41 20 nad
204 1195 39 20 och
259 1194 93 27 målning
367 1193 147 22 föreskrifvas.

493 1246 11 27 $
522 1247 32 20 11.

218 1281 10 21 I
244 1281 64 26 öfrigt
324 1281 44 26 bör,
385 1281 35 20 vid
436 1280 140 21 meddelande
591 1280 23 21 af
627 1279 112 22 föreskrift
754 1285 34 14 om
804 1278 99 27 byggnad

147 1318 13 20 a
183 1316 98 27 boställe,
304 1317 105 25 noggrant
432 1314 101 21 afseende
557 1315 66 20 fästas
646 1315 11 20 å
674 1313 61 26 hvad,
752 1313 49 21 med
816 1313 86 26 hänsigt

147 1351 59 22 såväl
229 1351 33 20 till
286 1350 72 26 hvarje
381 1349 101 21 boställes
505 1349 54 27 läge,
580 1349 87 25 storlek,
685 1347 162 27 brukningssätt
863 1347 40 20 och

147 1385 90 27 tillgång
253 1385 27 26 på
296 1384 186 27 byggnadsämnen
498 1389 46 15 som
560 1383 40 21 ock
615 1383 33 21 till
665 1385 72 19 ortens
749 1382 44 25 sed,
804 1381 100 27 lämpligt

148 1422 30 24 är,
202 1421 24 19 så
249 1418 37 22 att
304 1419 94 21 hvarken
415 1418 205 21 boställshafvarens
636 1418 83 26 skäliga
733 1417 67 22 behof
813 1417 91 20 förbises

148 1454 52 21 eller
216 1454 26 20 de
258 1453 209 27 byggnadsskyldige
483 1452 139 22 öfverhöfvan
637 1453 112 26 betungas.

220 1488 45 20 Allt
281 1493 45 15 som
342 1488 42 20 kan
400 1486 112 22 förorsaka
529 1487 82 21 eldfara
627 1489 55 19 samt
697 1486 83 21 således
794 1486 111 21 förhindra

148 1522 52 20 eller
216 1522 86 26 fördyra
318 1521 191 27 brandförsäkring
519 1522 46 24 bör,
577 1521 68 21 såvidt
656 1521 83 27 möjligt
751 1523 30 24 är,
793 1520 112 21 undvikas.

1138 697 4 467 NIIIN
1123 574 19 108 äätä:
1123 479 19 74 RS
1123 399 19 53 RAA
1123 266 19 114 ÄTER
1123 95 19 140 ES
1123 24 19 39 INN
