1142 1803
278 196 27 20 24

446 195 83 23 Ständ.
546 195 37 23 Sv.
600 208 27 2 —
643 196 74 26 Prop.
733 196 43 22 N:o
790 196 21 22 9.

456 261 92 27 förenad
563 261 72 22 lands-
651 261 38 22 och
703 262 190 29 stadsförsamling
907 262 55 22 skall
977 261 31 22 be-

456 296 87 26 stridas,
559 296 134 28 uppbringas
709 296 33 21 till
756 296 81 22 sådant
846 296 161 29 kapitalbelopp,

457 332 33 19 att
510 332 108 20 räntorna
639 330 52 22 derå
712 330 105 22 beräknas
831 331 77 21 kunna
923 330 85 22 betäcka

458 364 25 21 de
497 364 71 28 årliga
583 365 126 28 utgifterna.

528 399 194 28 Stadsförsamling
745 399 35 22 må
800 399 86 27 besluta,
902 399 57 22 huru
973 399 35 28 för

458 433 133 22 dervarande
615 433 101 22 boställen
740 434 69 21 sådan
838 434 92 21 kostnad
954 433 54 22 skall

457 467 109 27 bestridas,
582 475 45 14 som
641 475 32 15 nu
689 471 26 18 är
729 469 88 20 nämnd.

698 554 27 20 14
740 554 21 27 $.

525 610 45 22 För
585 611 223 29 sammanbringande
823 612 26 27 af
860 611 145 28 boställsbygg-

456 646 147 22 nadskassans
623 646 156 27 kapitalbelopp
801 646 113 22 användas
934 646 25 22 de
974 647 32 20 bo-

457 680 250 29 ställsbyggnadskassor,
730 688 44 14 som
798 681 144 27 tilläfventyrs
956 680 50 22 här-

456 715 108 27 förinnan
585 722 76 21 genom
682 715 134 28 försäljning
839 716 27 27 af
885 716 51 27 skog
953 715 53 28 från

453 749 176 27 prestboställena
644 750 9 21 i
667 749 156 29 församlingen
839 750 49 21 eller
897 750 30 27 på
937 751 70 20 annat

456 786 43 19 sätt
522 784 125 23 tillkommit.
678 784 85 22 Finnes
783 785 31 27 på
832 785 85 21 boställe
931 787 29 19 än
976 784 30 21 vi-

457 819 51 21 dare
524 819 107 28 öfverårig
646 819 49 21 eller
704 819 117 28 fullmogen
831 819 56 28 skog,
898 826 44 15 som
951 820 56 20 utan

456 853 108 28 afsaknad
585 854 46 27 för:
642 854 126 28 lägenheten
785 854 44 21 kan
844 854 109 27 föryttras,
969 853 36 21 och

456 890 26 19 är
504 888 205 28 hushållningsplan
731 888 36 28 för
789 889 78 27 skogen
885 890 62 20 ännu
963 887 43 22 icke

456 923 106 27 faststäld,
577 923 55 21 skall
647 923 139 28 vederbörligt
801 923 98 21 tillstånd
914 922 32 21 till
960 922 45 21 sko-

455 964 53 20 gens
529 957 134 28 försäljning
683 957 100 22 utverkas
803 958 37 21 och
855 957 151 28 behållningen

456 992 65 27 deraf
541 992 87 27 tillfalla
651 992 196 28 byggnadskassan.
886 991 49 22 Har
957 991 48 21 hus-

456 1025 164 29 hållningsplan
643 1027 69 21 redan
736 1026 105 28 faststälts
866 1026 38 21 och
923 1026 83 21 lemnar

455 1060 78 27 skogen
548 1061 68 27 enligt
625 1061 125 21 densamma
760 1061 64 27 högre
834 1060 171 27 årsafkastning,

454 1096 31 19 än
512 1101 44 14 som
582 1096 120 20 motsvarar
727 1094 201 28 boställshafvarens
957 1094 48 21 hus-

455 1128 63 28 Vehof
536 1130 56 20 samt
613 1129 57 21 hans
689 1129 64 28 behof
765 1129 27 28 af
804 1129 58 22 virke
878 1129 33 21 till
925 1128 80 28 nödiga

456 1163 170 28 torpbyggnader
648 1163 37 22 och
708 1163 122 28 ängslador,
854 1163 55 22 skall
925 1163 81 21 sådant

454 1197 113 27 öfverskott
573 1197 81 28 jemväl
665 1198 170 27 tillgodokomma
845 1205 83 14 samma
935 1197 69 26 kassa,

454 1231 65 28 äfven
540 1232 53 27 efter
617 1232 35 21 det
673 1232 80 22 kassan
775 1233 96 26 uppnätt
891 1232 39 21 sitt
950 1232 55 28 före-

454 1265 87 28 skrifna
556 1266 162 28 kapitalbelopp.
749 1267 115 21 Likaledes
879 1267 54 21 skall
945 1266 60 22 såväl

450 1300 141 28 jordegarens
619 1301 64 21 andel
709 1301 26 27 af
757 1301 188 28 skadeersättning
969 1301 36 21 vid

453 1335 95 21 åverkan
571 1335 14 21 &
612 1335 90 27 Voställe,
725 1342 44 15 som
792 1335 37 22 ock
851 1335 154 28 afkastningen

452 1369 54 27 från
522 1369 107 22 derstädes
645 1369 98 28 olofligen
758 1370 83 21 brukad
855 1370 50 21 sved
919 1370 86 27 tillfalla

453 1403 192 28 byggnadskassan
659 1405 70 20 såsom
743 1404 9 21 i
767 1404 125 28 skogslagen
907 1407 26 18 är
947 1404 58 21 stad-

452 1437 58 27 gadt.

522 1471 50 22 Den
595 1472 34 21 del
651 1472 27 28 af
696 1472 183 28 kapitalbeloppet,
901 1479 45 15 som
961 1472 44 22 icke

452 1505 94 22 sålunda
571 1506 95 27 erhålles,
682 1506 189 28 sammanbringas
885 1514 75 20 genom
975 1506 29 22 bi-
