1142 1803
378 205 30 22 U.
423 205 29 22 B.
468 218 28 3 —
510 205 76 28 Prop.
601 205 47 23 N:o
664 205 39 23 10.
867 206 27 21 15

164 268 30 21 let
215 268 47 21 fullt
282 268 129 28 tillräckligt.
441 268 73 27 Enligt
537 268 103 28 förslaget
661 269 88 20 komme
764 268 159 28 granskningen

164 302 25 21 af
200 302 208 28 bolagsordningens
430 302 104 28 laglighet
557 306 32 18 att
611 304 7 19 i
633 302 157 28 sammanhang
804 303 51 21 med
867 302 56 22 utöf-

163 337 81 21 vandet
258 336 27 21 af
300 336 212 22 koncessionsrätten
528 336 71 27 åligga
615 336 102 26 Senaten,
733 337 80 21 medan
827 337 96 26 pröfnin-

164 377 42 20 gen
226 371 7 20 i
254 370 67 27 öfrigt
336 369 114 22 ankomme
465 371 13 20 å
492 370 165 21 vederbörande
672 371 251 27 registreringsmyndig-

164 405 42 20 het.
237 404 34 21 Då
286 404 138 21 stadfästelse
440 405 12 20 å
468 400 185 36 bolagsordning,”
657 400 77 36 enligt
741 404 127 22 Utskottets
881 405 42 20 för-

162 438 54 27 slag,
230 438 48 21 icke
292 439 75 20 vidare
382 438 68 21 skulle
465 438 163 27 ifrågakomma,
645 442 65 23 synes
726 445 27 14 en
769 439 59 26 dylik
843 439 80 20 dubbel

163 473 107 27 pröfning,
294 473 72 20 såsom
388 472 56 21 blott
466 473 141 20 medförande
627 479 26 14 en
673 473 132 20 tidsödande
821 473 101 27 omgång,

163 507 53 21 böra
238 507 85 27 frångås
346 507 41 20 och
408 507 308 26 registreringsmyndigheten
743 507 89 20 sålunda
856 507 67 21 blifva

163 541 48 25 den,
235 548 48 14 som
302 541 80 26 jemväl
396 541 87 20 komme
505 544 33 18 att
555 541 93 27 granska
663 541 212 27 bolagsordningens
891 541 33 20 öf-

162 574 190 22 verenstämmelse
367 574 50 21 med
432 574 42 28 lag.

231 609 105 21 Bildande
365 608 26 21 af
415 608 126 28 aktiebolag
569 609 68 20 skulle
662 609 67 27 enligt
757 610 166 26 propositionen

162 643 87 21 komma
271 646 32 18 att
328 643 95 27 försiggå
448 644 102 26 antingen
573 643 89 21 sålunda
685 646 32 18 att
740 646 33 18 ett
795 643 58 21 antal
873 650 50 20 per-

162 684 64 14 soner
248 679 30 19 uti
301 684 27 14 en
350 677 100 27 samtidig
472 677 38 21 akt
532 677 187 21 öfverenskomma
735 677 51 21 med
800 677 122 21 hvarandra

162 715 32 18 att
223 712 113 26 öfvertaga
365 711 41 20 alla
435 711 69 22 aktier
525 710 19 29 ($
569 711 18 26 1)
610 711 51 20 eller
685 714 33 18 att
743 711 60 21 detta
829 711 93 20 öfverta-

162 746 71 26 gande
254 745 48 21 icke
324 745 49 21 sker
395 747 7 19 i
424 752 26 14 en
470 745 56 21 enda
541 744 36 22 akt
593 749 51 16 utan
659 745 113 21 efterhand
791 744 19 29 (&
826 750 12 21 7
854 745 23 27 (8
885 745 37 27 6)).

162 779 9 20 I
193 779 133 21 sistnämnda
348 779 41 25 fall,
411 779 91 21 hvarvid
524 779 169 27 bolagsordning
708 779 23 20 är
747 779 26 20 af
783 779 139 26 inbjudarene

162 814 30 27 på
213 813 91 21 förhand
326 813 125 28 upprättad,
474 813 72 21 kunde
567 813 38 21 det
620 813 107 21 måhända
743 813 98 20 förefalla
856 813 67 20 ända-

162 847 121 28 målsenligt
303 851 33 18 att
358 848 136 20 densammas
516 847 103 28 laglighet
642 847 46 21 före
710 847 152 27 inbjudningen
877 847 44 20 och

162 881 42 22 den
220 882 51 21 derå
286 882 151 27 försiggående
452 882 130 27 teckningen
597 881 68 21 blifvit
677 882 30 27 på
717 881 91 21 förhand
819 881 101 28 pröfvad.

162 916 51 20 Men
234 916 28 21 då
276 915 130 28 teckningen
422 916 118 21 emellertid
556 916 47 20 icke
617 916 43 20 kan
675 915 98 21 medföra
788 916 71 26 någon
875 915 45 21 bin-

162 949 71 22 dande
254 950 86 25 verkan,
363 951 6 20 i
384 950 103 21 händelse
502 950 197 27 bolagsordningen
715 949 123 21 sedermera
854 949 25 21 af
890 951 31 19 in-

162 984 270 27 skrifningsmyndigheten
454 984 67 21 skulle
544 984 95 21 befinnas
663 984 87 27 olaglig,
774 984 42 20 och
831 983 90 28 bolaget

162 1018 46 21 före
226 1018 152 27 inskrifningen
393 1018 88 21 alldeles
497 1019 47 20 icke
558 1018 43 21 kan
625 1019 109 26 uppträda
749 1019 73 20 såsom
843 1017 77 21 sådant

162 1056 112 23 gentemot
288 1053 69 25 tredje
369 1059 55 18 man,
440 1059 66 19 synes
522 1053 63 19 äfven
597 1053 33 20 för
641 1053 62 20 detta
713 1052 36 20 fall
759 1052 129 27 pröfningen
899 1051 26 20 af

161 1085 197 28 bolagsordningen
383 1086 42 20 och
450 1086 25 21 af
493 1086 117 27 tillgången
631 1086 37 21 vid
693 1086 100 27 bolagets
818 1085 103 21 bildande

162 1120 123 27 lämpligast
300 1120 70 21 kunna
386 1120 38 21 ske
440 1120 118 27 samtidigt.

230 1154 42 21 Till
292 1154 301 27 registreringsmyndigheter
608 1154 37 21 äro
661 1155 6 20 i
683 1155 166 26 propositionen
865 1153 56 20 före-

162 1189 75 26 slagna
260 1190 6 19 i
288 1189 50 20 stad
366 1189 156 20 rådstufvurätt
546 1189 42 20 och
610 1189 13 20 å
645 1188 73 21 landet
743 1187 177 27 häradshöfding.

161 1222 77 21 Denna
263 1223 120 27 anordning
406 1222 78 25 kunde,
511 1223 100 20 förutsatt
632 1226 32 17 att
687 1222 106 27 styrelsen
814 1221 108 28 pröfvade

161 1256 132 27 lagligheten
321 1257 25 20 af
365 1256 177 28 bolagsordning,
568 1258 5 19 i
599 1258 44 19 viss
672 1257 50 20 mån
751 1256 42 21 låta
825 1255 96 21 försvara

162 1291 40 26 sig,
228 1291 50 20 enär
303 1294 32 17 ett
361 1291 118 27 likformigt
504 1291 121 20 förfarande
653 1291 131 21 åtminstone
813 1291 30 20 uti
873 1291 48 19 sist-

161 1325 93 20 nämnda
275 1325 102 21 afseende
392 1332 53 14 vore
460 1328 33 18 att
508 1325 105 21 förvänta.
643 1325 51 20 Men
710 1325 65 20 äfven
789 1324 38 21 vid
842 1327 32 18 ett
889 1323 32 21 bi-

161 1359 128 21 behållande
312 1359 24 21 af
347 1359 248 26 koncessionssystemet
611 1359 41 20 och
667 1359 28 20 än
709 1365 46 14 mer
767 1358 36 21 vid
819 1361 32 18 ett
866 1357 55 21 från-

161 1393 86 27 gående
268 1393 24 21 af
312 1393 120 21 detsamma
454 1400 66 20 synas
543 1393 28 21 de
593 1395 6 19 i
614 1394 169 26 propositionen
798 1392 123 26 föreslagna

160 1427 332 27 registreringsmyndigheterna
513 1427 48 21 icke
581 1427 87 21 komma
681 1430 32 18 att
729 1427 29 26 på
773 1429 32 18 ett
820 1425 101 22 tillfreds-

161 1461 106 21 ställande
289 1462 44 20 sätt
353 1464 110 18 motsvara
486 1462 38 20 sitt
540 1461 105 21 ändamål.
675 1461 39 21 Ett
730 1460 133 26 olikformigt
879 1459 43 21 för-

161 1495 89 21 farande
271 1496 37 20 vid
329 1495 75 27 lagens
426 1495 136 27 tillämpning
577 1495 67 21 skulle
659 1495 37 21 vid
714 1495 70 20 denna
799 1494 122 26 anordning

230 1534 48 23 Lag-
290 1534 33 18 och
335 1534 182 18 Ekonomiutskottets
529 1534 110 17 betänkande
651 1533 39 18 N:o
702 1534 18 17 2.
