1142 1803
278 197 27 20 24

473 196 30 22 U.
518 196 28 22 B.
562 210 27 2 —
605 196 75 29 Prop.
696 197 46 23 N:o
757 198 21 21 1.

606 259 121 29 Förordning,
755 260 94 29 angående
879 260 76 29 delning
984 260 21 24 af

556 299 159 30 jordlägenheter.

643 373 11 21 I
670 373 142 21 KAPITLET.

575 441 130 22 Allmänna
721 441 160 28 stadganden.

703 511 15 27 $
734 512 16 19 1

507 572 88 21 Frälse-
613 573 38 20 och
665 573 178 25 skattehenuman,
856 580 47 14 som
918 573 81 21 wnder-

451 606 49 28 gått
520 607 109 27 storskifte
649 608 51 20 eller
715 608 29 27 af
755 608 61 20 ålder
830 607 59 21 varit
904 608 95 26 enstaka,

452 641 26 21 sä
500 642 36 20 ock
556 648 77 20 genom
657 642 103 27 klyfning
780 642 51 20 eller
846 642 114 27 styckning
975 642 29 27 af

452 675 85 21 sådana
559 676 103 20 hemman
684 676 127 27 uppkomna
835 676 120 27 lägenheter
975 676 25 27 få

453 710 86 27 klyfvas
561 710 9 20 i
585 710 83 21 delar
683 710 34 27 af
728 710 75 21 hvad
817 710 111 20 storlek
942 717 58 14 som

453 744 81 21 helst.

701 790 14 27 $
732 791 20 20 2.

509 851 176 28 Jordlägenheter
707 852 29 28 af
754 853 42 20 den
818 853 10 20 i
850 854 11 19 1
879 853 16 27 $
915 853 82 27 omför-

451 887 73 20 mälda
547 888 68 19 natur
639 887 38 20 och
701 887 144 27 beskaffenhet
870 887 36 20 må
932 887 41 26 ock,
990 887 9 20 i

450 921 49 20 den
527 921 130 27 ordning
685 922 88 20 nedan
797 921 200 28 föreskrifves,

448 961 77 20 genom
548 955 54 20 visst
620 956 51 20 eller
685 956 59 20 vissa
759 955 116 21 områdens
889 955 108 27 fränskil-

444 989 71 27 jande
536 990 85 27 styckas
643 989 10 21 i
673 990 75 20 delar
769 990 32 27 af
819 990 68 21 hvad
901 990 98 21 storlek

449 1030 55 13 som
519 1023 78 25 helst,
621 1024 103 20 enhvar
739 1024 55 21 med
813 1024 185 20 motsvarande

450 1058 107 20 mantal
572 1057 49 21 och
637 1058 82 21 skatt.

506 1091 30 27 Ej
550 1091 37 20 mä
601 1098 101 20 genom
717 1092 116 27 styckning
850 1091 96 21 bildad
967 1099 31 20 ny

450 1125 98 27 lägenhet
569 1125 58 21 bestå
650 1126 28 27 af
696 1126 50 27 flere
769 1128 30 18 än
816 1127 31 19 tre
861 1126 72 21 skilda
947 1133 48 20 ego-

448 1159 94 27 stycken,
560 1160 85 20 mindre
659 1160 87 21 holmar
761 1160 140 21 oberäknade.

697 1235 13 26 $
727 1235 20 20 3.

506 1289 61 22 Från
589 1291 80 26 frälse-
689 1292 50 20 eller
753 1291 175 26 skattelägenhet,
951 1298 46 13 som

448 1323 68 28 enligt
530 1325 12 19 1
556 1325 15 26 $
585 1325 37 26 får
637 1325 92 27 klyfvas,
754 1332 51 14 vare
817 1325 86 27 jemväl
919 1325 79 20 tillåtet

448 1359 38 25 att,
508 1360 56 19 utan
586 1359 125 28 fördelning
732 1359 29 28 af
778 1359 88 20 mantal
881 1359 38 20 och
933 1359 63 26 skatt,

448 1392 36 20 till
495 1393 174 27 parcellägenhet
682 1394 49 20 med
743 1393 209 28 afgäldsskyldighet
963 1393 34 20 till

447 1428 132 19 rastommen
595 1427 10 20 i
619 1428 73 20 nedan
706 1427 93 27 stadgad
811 1427 95 27 ordning
919 1427 79 27 afsönd

447 1461 91 20 större
560 1461 72 21 eller
654 1462 107 20 mindre
785 1461 122 26 område,
932 1467 65 15 vare

447 1494 37 26 sig
496 1496 68 25 mark,
574 1496 111 26 strömfall
695 1496 51 20 eller
755 1495 96 27 skiftadt
860 1494 133 28 fiskevatten.

311 1533 47 24 Lag-
371 1535 32 17 och
415 1535 180 17 Ekonomiutskottets
607 1535 109 17 betänkande
728 1534 37 18 N:o
781 1534 12 18 1.
