1142 1803
451 187 55 22 N:o
522 186 32 23 6.

331 399 68 25 Hans
426 399 165 33 Kejserliga
619 399 151 32 Majestäts
801 399 82 32 nådiga

263 446 139 32 proposition
419 441 11 41 —
439 446 34 24 till
502 445 103 25 Finlands
633 446 102 32 Ständer,
767 445 115 32 angående

262 493 137 33 upplåtande
418 492 23 25 åt
460 493 103 25 enskilda
581 500 110 25 personer
713 493 27 24 af
756 493 61 24 vissa
833 493 50 31 slag

263 539 27 25 af
305 539 89 25 kronan
412 539 102 32 tillhörig
530 539 61 31 jord.

199 602 71 22 Sedan
286 602 60 20 äldre
361 601 55 21 tider
431 601 91 21 tillbaka
538 601 39 21 har
589 601 211 27 jordlagstiftningen
817 602 6 20 i
833 602 49 20 Fin-

127 637 51 21 land
200 636 48 22 haft
270 636 32 21 till
326 636 38 21 sitt
386 636 90 21 främsta
499 635 99 27 syftemål
615 638 32 19 att
660 636 66 26 jemte
740 636 142 27 jordegande-

128 673 82 20 rättens
226 670 146 28 betryggande
387 670 105 27 befrämja
508 670 81 21 landets
605 671 117 26 uppodling
738 671 91 21 medelst
844 677 38 15 un-

128 706 137 21 derlättande
289 704 23 21 af
334 705 268 26 nybyggesanläggningar.
629 700 19 25 Å
673 705 155 27 allmänningar
844 705 38 20 och

126 739 203 28 öfverloppsjordar,
352 745 44 15 som
420 739 36 21 vid
480 739 123 21 storskiften
627 739 85 21 afskilts
735 739 47 21 från
798 739 84 28 bysam-

126 775 123 26 fälligheter
273 774 39 21 och
335 774 91 21 enstaka
448 774 138 27 lägenheters
609 781 52 19 egor
685 776 56 19 samt
763 775 120 20 tillerkänts

126 810 88 26 kronan,
239 809 27 20 ha
289 809 33 20 till
347 809 72 26 odling
439 809 88 26 tjenliga
542 809 84 20 marker
642 809 84 20 derföre
742 809 103 26 upplåtits
861 809 22 20 åt

127 844 107 27 nyodlare,
251 843 73 22 hvilka
340 846 56 18 emot
412 843 125 26 åtnjutande
553 843 22 20 af
590 843 56 20 vissa
662 843 35 20 års
713 843 65 21 frihet
793 843 48 21 från
851 849 32 15 er-

127 878 104 27 läggande
252 878 22 21 af
289 878 58 21 skatt
363 878 33 20 till
411 878 82 21 kronan
508 877 111 21 förbundit
636 877 33 26 sig
685 879 32 19 att
731 877 96 27 bebygga
843 877 38 22 och

127 913 119 26 upparbeta
269 912 109 21 desamma
401 914 55 19 samt
480 912 60 21 deraf
554 911 57 22 bilda
628 911 166 27 sjelfbestående
810 912 73 27 lägen-

127 948 67 20 heter.
226 947 71 22 Sättet
313 947 38 20 och
368 946 117 27 ordningen
500 946 34 21 för
550 946 71 27 dylika
637 946 135 27 lägenheters
784 946 99 21 bildande

127 981 96 27 angifvas
239 987 87 15 numera
341 983 99 18 närmare
456 981 7 20 i
478 981 79 26 nådiga
572 981 279 26 landtmäterireglementet
862 981 23 20 af

129 1017 40 20 den
187 1017 25 20 15
229 1017 43 27 Maj
290 1017 54 20 1848
361 1015 109 22 äfvensom
486 1016 6 20 i
508 1015 79 27 nådiga
603 1016 144 26 kungörelsen
763 1015 23 21 af
803 1016 40 20 den
856 1017 25 20 27

127 1051 118 21 December
271 1052 60 24 1877,
356 1051 112 26 angående
490 1050 130 27 anläggning
639 1051 23 19 af
676 1051 206 26 nybyggeshemman

127 1085 39 21 och
181 1085 118 27 kronotorp
316 1087 55 19 samt
387 1085 159 26 skattläggning
561 1084 22 21 af
598 1085 25 20 de
640 1085 137 20 sistnämnda.
809 1084 74 22 Såsom

125 1119 79 28 tillägg
227 1120 33 21 till
284 1120 142 21 nästnämnda
446 1119 77 27 nådiga
550 1119 127 26 kungörelse
693 1119 118 21 innehåller
827 1119 57 21 dess-

126 1156 61 19 utom
208 1154 141 27 kungörelsen
370 1154 23 21 af
411 1154 41 21 den
464 1155 12 20 3
488 1154 125 26 September
623 1154 52 21 1886
685 1153 110 22 föreskrift
804 1153 79 27 derom,

127 1190 33 20 att
183 1189 13 20 å
221 1189 93 21 kronans
337 1188 155 27 allmänningar
508 1188 39 21 och
564 1187 197 28 öfverloppsjordar
775 1187 110 28 befintliga

129 1229 84 15 mossar
229 1223 40 21 och
284 1223 58 26 kärr,
358 1223 72 21 hvilka
446 1223 72 20 kunna
533 1223 32 20 till
582 1222 51 21 åker
649 1222 52 21 eller
717 1224 42 25 äng
773 1222 111 27 uppodlas,

129 1259 35 20 må
187 1257 34 22 för
244 1257 78 22 sådant
346 1257 101 21 ändamål
467 1257 29 26 på
519 1257 42 20 viss
584 1257 38 26 tid,
639 1257 62 26 högst
717 1257 74 21 trettio
807 1257 78 20 samt
875 1253 14 35 i

127 1292 161 27 undantagsfall
304 1292 74 21 femtio
394 1292 30 25 år,
442 1293 57 20 emot
514 1291 55 27 årlig
585 1293 61 19 ränta
658 1291 101 27 upplåtas
770 1293 23 19 åt
803 1291 81 21 enskild

128 1332 79 21 person
230 1327 52 20 eller
305 1326 70 27 bolag,
399 1332 45 15 som
468 1326 72 21 derom
565 1325 91 22 ansöker
672 1325 39 21 hos
726 1325 159 22 vederbörande

128 1361 119 22 Guvernör.

200 1396 32 21 De
256 1395 23 21 af
294 1395 58 21 ålder
368 1395 99 26 gällande
483 1395 144 26 stadgandena
642 1395 6 20 i
665 1396 71 19 ämnet
751 1394 72 21 känna
838 1394 47 27 följ-

129 1431 95 26 aktligen
242 1430 46 21 icke
303 1430 34 21 till
352 1431 70 25 någon
440 1436 69 14 annan
524 1429 55 21 form
595 1429 32 20 för
645 1428 147 22 öfverlåtande
803 1429 23 21 af
835 1429 49 21 kro-

127 1465 78 27 nojord
227 1465 34 21 till
285 1464 83 21 enskild
393 1464 104 27 egendom
521 1466 26 18 än
568 1463 111 21 bildandet
695 1462 23 22 af
732 1462 80 22 sådana
827 1463 58 27 sjelf-

128 1500 119 22 bestående
276 1498 239 26 hemmanslägenheter
546 1498 38 21 och
607 1498 126 26 kronotorp,
756 1504 46 14 som
825 1498 6 21 i
855 1498 31 21 af-
