1142 1803
264 197 28 20 22

433 196 83 24 Ständ.
533 197 38 23 Sv.
589 210 25 3 —
631 198 72 27 Prop.
720 198 41 22 N:o
776 198 21 22 9.

442 263 54 27 från
518 264 72 28 öfriga
612 264 46 26 hus,
675 265 32 26 på
721 264 80 27 stenfot
814 265 27 27 af
853 265 67 21 minst
934 265 60 27 fyra-

444 298 71 27 tiofem
538 299 131 21 centimeters
691 299 57 27 höjd,
771 300 38 20 der
832 300 41 21 den
892 302 25 19 är
932 300 61 28 lägst,

442 332 49 22 med
504 335 82 26 väggar
601 333 27 27 af
641 333 88 27 timmer,
749 334 51 27 tegel
815 334 50 21 eller
880 336 71 20 annat
962 334 30 27 på

442 368 61 20 orten
521 367 93 28 brukligt
633 367 179 30 byggnadsämne,
827 370 57 19 samt
898 368 95 26 inredas,

443 401 13 21 å
471 401 164 28 kyrkoherdebol
650 402 32 21 till
697 402 66 22 minst
777 409 42 20 sex,
836 403 62 27 högst
908 402 35 27 tio,
955 403 36 21 och

442 436 14 21 å
479 438 71 19 annat
571 436 84 31 bosfälle
678 437 33 21 till
730 437 66 21 minst
809 437 58 27 fyra,
883 437 62 28 högst
958 437 34 28 sju

443 470 139 27 boningsrum
598 471 66 28 jemte
684 471 89 26 tambur,
787 471 46 27 kök,
849 471 97 28 skafferi,
962 479 31 14 er-

442 506 118 27 forderliga
575 506 76 21 kontor
666 507 37 20 och
717 506 119 28 förstugor;
856 507 8 20 i
879 506 59 21 köket
953 513 40 15 an-

442 541 88 28 bringas
552 541 63 26 spisel
637 541 48 21 med
706 541 45 21 häll
770 541 37 21 och
821 541 34 21 utt
871 541 74 28 hvarje
960 541 32 21 bo-

442 575 115 28 ningsrum
579 575 109 27 äfvensom
710 575 9 21 i
739 574 110 22 tamburen
865 575 88 27 eldstad,
969 575 27 27 af

442 610 61 21 kakel
524 610 50 21 eller
595 612 70 19 annat
686 610 9 21 i
709 610 74 21 landet
797 610 97 25 allmänt.
911 610 32 21 uti
958 611 33 20 så-

443 644 54 22 dant
518 644 47 27 hus,
587 644 87 22 hvarom
693 647 25 19 är
733 644 70 28 fråga,
820 644 94 28 brukligt
927 646 65 20 mate-

442 678 49 27 rial,
514 679 47 21 med
579 678 99 28 jernplåt
704 679 50 22 eller
774 679 101 27 plansten
900 679 93 28 framför

441 714 73 26 spisel-
546 714 35 21 och
607 714 259 27 eldstadsöppningarna;
895 721 96 14 rummen

441 750 64 25 göras
519 748 67 21 minst
601 750 31 19 tre
647 749 36 20 och
699 755 27 14 en
740 748 50 27 half
805 750 66 19 meter
885 748 55 27 höga
955 748 34 21 och

441 783 67 26 förses
522 783 48 20 med
585 783 162 27 dubbelfönster,
764 784 81 25 tapeter
855 783 14 21 å
876 785 115 26 väggarne,

441 817 88 28 gipsade
552 817 49 22 eller
619 817 108 27 panelade
748 817 35 22 tak
799 817 36 21 och
851 817 141 28 oljemålning

440 852 14 21 å
468 851 66 28 panel
554 851 37 22 och
611 852 77 21 dörrar
703 853 55 20 samt
773 851 59 22 dörr-
848 851 35 21 och
900 851 91 28 fönster-

440 886 162 28 infattningar;
631 886 109 27 äfvensom
769 886 84 27 golfven
884 886 105 27 antingen

441 921 109 28 oljemälas
565 921 49 21 eller
624 921 47 21 med
681 921 95 27 fernissa
786 920 115 27 bestrykas.
926 920 65 27 Rum,

439 963 46 14 som
506 957 26 20 är
554 955 70 28 afsedt
637 955 35 28 för
686 955 131 28 förvarande
832 955 28 27 af
872 955 67 22 arkiv.
956 955 35 21 bör

439 990 72 21 sävidt
525 990 84 27 möjligt
622 990 93 27 skyddas
729 990 35 27 för
779 990 90 27 eldfara.

509 1025 17 20 I
543 1025 134 27 församling,
701 1025 38 21 der
756 1024 184 28 pastorsadjunkt
965 1031 26 14 ex

440 1059 70 26 officio
532 1059 77 26 finnes,
625 1059 36 21 bör
676 1059 37 21 ock
727 1059 89 27 lämplig
831 1059 74 21 bostad
920 1059 23 21 ät
957 1059 34 21 ho-

440 1099 49 15 nom
506 1093 117 27 anskaffas.

691 1179 48 27 98

512 1226 76 33 Öfriga
611 1230 48 28 laga
677 1231 41 21 hus
733 1231 33 20 mä
783 1230 104 27 uppföras
903 1230 89 27 afskilat

438 1265 54 28 från
507 1265 125 22 hvarandra
647 1265 50 21 eller
712 1265 43 25 ock,
771 1265 38 21 der
824 1265 24 21 sä
865 1264 126 28 lämpligare

436 1300 96 27 pröfvas,
554 1299 184 28 sammanbyggas.
774 1299 73 22 Under
870 1299 61 21 dessa
950 1299 41 21 hus

439 1335 38 20 bör
494 1334 75 28 läggas
588 1334 79 27 stenfot
686 1334 27 27 af
724 1334 67 21 minst
807 1333 72 22 trettio
893 1333 96 21 centime-

439 1371 42 19 ters
503 1369 57 27 höjd,
584 1369 37 21 der
643 1369 41 21 den
699 1369 56 27 lägst
769 1371 32 18 är.
832 1367 107 22 Källaren
954 1367 37 28 får

439 1403 119 28 anbringas
572 1403 71 22 under
658 1410 77 15 annan
747 1403 109 28 byggnad.
888 1402 55 21 Stall
953 1402 35 21 och

438 1437 66 27 fälvus
526 1437 49 21 böra
597 1437 68 27 förses
686 1437 48 21 med
755 1437 83 21 skullar
853 1437 50 21 eller
919 1436 71 21 andra

438 1471 115 27 foderrum.
