1142 1803
248 178 26 20 30

380 176 84 24 Ständ.
488 177 40 22 Sv.
544 191 27 2 —
587 177 74 29 Prop.
678 177 45 23 N:o
739 178 22 22 1.

495 240 148 34 Förordning,
657 238 160 30 innehållande
831 241 66 27 vissa
907 241 68 28 stad-

425 280 89 34 ganden
539 280 100 28 rörande
659 280 52 34 lega
731 280 26 28 af
774 280 52 33 jord
846 279 29 35 pä
895 281 84 29 landet.

493 354 52 20 Med
556 354 157 27 upphäfvande
724 354 29 27 af
760 354 70 27 kongl.
847 354 129 27 förordnin-

422 395 44 20 gen
476 388 42 21 den
533 389 29 20 18
583 388 58 21 Juni
656 389 68 26 1800,
740 389 94 20 rörande
846 389 79 20 städsel
940 388 38 21 och

426 423 46 27 lega
494 422 30 28 af
529 423 54 27 jord
594 422 32 28 pä
642 423 79 26 landet,
741 423 40 20 och
796 423 27 20 16
837 423 14 26 $
865 422 10 21 i
890 422 86 28 förord-

424 457 84 27 ningen
524 457 28 27 af
558 457 42 20 den
614 457 29 20 19
658 457 110 21 Februari
781 457 68 26 1883,
866 456 111 28 angäende

424 491 155 28 egostyckning
600 491 39 21 och
655 491 184 28 jordafsöndring
861 491 14 20 &
896 491 79 27 frälse-

424 525 40 21 och
478 525 173 21 skattehemman
666 527 59 19 samt
740 525 104 28 legoaftal
859 532 35 14 om
904 525 74 28 nägon

424 559 34 21 del
473 559 29 27 af
509 559 75 28 dylika
601 559 127 27 lägenheter,
745 559 114 27 äfvensom
871 559 49 21 med
933 561 42 19 än-

425 593 65 27 dring
506 593 29 27 af
546 594 12 20 1
572 593 39 21 och
626 594 29 20 15
670 594 27 26 $$
712 594 29 20 16
755 594 48 27 kap.
832 593 146 21 Jordabalken

425 628 79 20 varder
518 627 129 28 härigenom
661 627 132 28 förordnadt
806 634 46 14 som
868 627 77 28 följer:

674 714 11 19 1
699 700 23 44 8.

493 769 52 22 Alla
560 769 56 28 aftal
633 776 36 14 om
685 769 47 28 lega
747 769 29 28 af
783 769 55 28 jord
850 769 32 28 pä
904 769 74 21 landet

424 804 60 21 skola
512 803 66 28 ingås
607 803 126 28 skriftligen
757 803 39 22 och
826 803 50 21 med
904 805 71 20 utsät-

425 838 64 21 tande
519 837 29 28 af
573 837 98 22 bestämd
699 837 58 28 årlig
789 838 52 27 lega.
870 837 108 28 Muntligt

426 871 104 28 legoaftal
551 871 65 28 hafve
634 871 45 22 icke
694 879 79 14 annan
795 872 82 21 verkan
891 873 31 20 än
936 871 10 21 i
962 872 15 20 2

426 907 13 24 $
454 907 56 26 sägs.

675 974 52 26 28.

492 1030 50 21 Har
558 1030 73 28 någon
641 1031 55 27 efter
705 1031 98 27 muntlig
813 1030 159 28 öfverenskom-

423 1064 65 21 melse
511 1064 70 27 börjat
596 1064 69 21 bruka
679 1071 80 14 annan
778 1064 97 27 tillhörig
885 1064 87 27 jordlä-

422 1098 78 27 genhet
515 1098 51 21 eller
577 1099 53 26 torp,
647 1105 51 14 vare
708 1098 63 21 såväl
780 1098 133 27 jordegaren
927 1105 46 14 som

424 1132 108 21 brukaren
548 1132 121 27 berättigad
681 1133 33 20 att
724 1133 64 26 legan
799 1133 44 20 när
857 1139 47 14 som
920 1132 55 21 helst

423 1168 105 25 uppsäga.
560 1166 60 21 Dock
639 1166 62 28 njute
717 1166 107 21 hvardera
839 1166 55 27 efter
915 1173 57 20 upp-

422 1201 123 27 sägningen
555 1201 42 20 den
609 1200 38 27 tid,
659 1207 48 14 som
718 1200 11 21 i
741 1201 14 20 5
770 1201 14 26 $
793 1201 29 21 16
831 1200 48 28 kap.
892 1200 80 21 Jorda-

424 1234 77 21 balken
515 1236 56 26 sägs.

673 1309 14 19 3
703 1309 21 25 8.

492 1369 177 28 Jordlägenheter
683 1370 40 21 och
738 1372 48 26 torp
801 1370 37 21 må
848 1370 84 27 utlegas
941 1369 32 28 på

423 1403 147 28 legotagarens
596 1404 73 27 lifstid
690 1404 52 21 eller
760 1404 33 27 på
815 1404 97 21 bestämd
933 1403 38 27 tid,

422 1438 20 26 €
458 1438 74 27 längre
547 1439 30 19 än
592 1438 77 27 femtio
685 1437 32 22 är.
