1142 1803
466 194 44 23 N:o
530 195 22 21 9.
847 194 12 20 5

205 260 73 27 Kyrka
302 261 37 21 och
356 261 134 27 klockstapel
506 261 61 21 skola
582 261 32 21 uti
630 261 79 21 allmän
725 261 163 21 brandstodsin-

132 295 95 27 rättning
243 295 6 21 i
266 295 90 21 Finland
373 298 45 18 mot
435 296 104 20 eldskada
555 295 115 21 försäkras.

488 364 11 26 $
516 365 19 20 2.

206 403 74 22 Denna
302 404 127 27 förordning
452 404 54 21 skall
530 404 63 21 träda
608 404 5 21 i
632 404 98 26 gällande
747 403 57 22 kraft
821 404 40 21 den
879 406 8 18 1

132 439 44 26 Maj
194 440 60 20 18—.

342 594 46 24 2:0.
400 594 96 32 Förslag
509 594 35 25 till
556 594 133 30 förordning
702 592 115 33 angående
827 593 62 31 skyl-

274 640 101 31 digheten
395 642 33 22 att
446 640 90 32 deltaga
554 647 6 17 i
578 639 117 32 byggande
714 640 39 24 och
772 638 117 26 underhåll

273 686 26 24 af
315 685 120 33 prestgärd
447 686 7 24 i
467 686 86 25 landets
566 685 263 32 evangelisk-lutherska
842 685 49 25 för-

276 731 128 32 samlingar.

207 811 50 22 Med
273 812 90 27 ändring
378 811 23 22 af
414 811 57 21 hvad
486 818 45 15 som
546 811 68 21 finnes
626 801 100 37 stadgadt
737 811 91 20 rörande
839 811 50 26 byg-

136 847 68 26 gande
220 847 39 20 och
275 846 111 21 underhäll
403 846 22 21 af
439 846 112 27 prestgärd
569 846 7 21 i
592 846 25 21 de
635 846 65 26 delar,
716 846 88 20 hvarom
821 845 69 21 nedan

136 883 67 24 säges,
219 881 77 20 varder
311 881 125 20 förordnadt
452 880 69 21 säsom
538 880 71 27 följer:

492 961 46 27 81.

209 1001 125 21 Kostnaden
358 1001 33 21 för
408 1001 112 27 byggande
536 1001 37 21 och
590 1001 112 21 underhäll
719 1000 22 21 af
755 999 137 27 embetsgärd

136 1035 33 21 för
192 1037 59 25 prest
274 1035 6 21 i
300 1035 187 26 landsförsamling
503 1038 55 18 samt
573 1035 90 21 förenad
680 1035 71 20 lands-
767 1034 38 21 och
822 1033 69 22 stads-

136 1069 126 26 församling
278 1070 54 20 skall
351 1070 105 21 bestridas
472 1076 26 13 ur
514 1076 24 14 en
555 1069 110 21 derstädes
681 1069 97 20 inrättad
793 1068 100 21 boställs-

136 1104 180 27 byggnadskassa.

492 1150 47 27 82

202 1190 80 27 Bidrag
290 1190 33 21 till
335 1190 270 27 boställsbygenadskassa
616 1190 55 20 skall
682 1191 86 24 utgöras
779 1189 18 26 ej
809 1187 84 21 mindre

138 1224 22 21 af
174 1227 116 23 presterne,
307 1226 27 25 pä
350 1227 44 18 sätt
409 1231 76 20 genom
502 1224 90 23 särskild
604 1224 124 26 förordning
740 1223 23 21 af
773 1223 68 21 denne
852 1222 42 26 dag

138 1261 24 18 är
184 1259 108 26 stadgadt,
311 1261 27 18 än
358 1259 22 21 af
394 1259 44 20 alla
454 1259 54 25 dem,
525 1259 71 20 hvilka
612 1259 6 20 i
634 1258 155 26 församlingen
805 1257 89 26 erlägga

138 1293 94 26 aflöning
255 1293 33 20 till
312 1293 48 21 dess
384 1293 144 27 presterskap,
548 1295 55 19 samt
619 1293 39 21 bör
674 1293 23 20 af
711 1291 132 23 sistnämnde
858 1291 37 20 be-

138 1327 192 27 talningsskyldige
357 1329 87 25 utgöras
470 1327 54 22 efter
547 1327 32 21 för
603 1327 64 27 öfrigt
690 1333 82 15 samma
795 1325 100 28 grunder,

138 1367 45 15 som
199 1361 58 26 gälla
272 1361 34 21 för
322 1362 62 21 deras
404 1362 128 26 deltagande
548 1362 6 21 i
571 1361 212 27 aflöningsbesväret,
800 1360 95 21 förutom

138 1397 32 19 att
192 1395 138 22 innehafvare
347 1395 23 22 af
383 1396 128 21 mantalsatt
524 1396 48 26 jord
587 1395 108 22 äfvensom
712 1395 112 27 bergverk,
840 1394 56 21 bruk

139 1430 39 21 och
202 1430 69 20 andra
290 1431 126 20 industriela
437 1431 143 26 inrättningar
596 1431 72 21 dervid
684 1431 73 20 betala
773 1429 56 21 efter
843 1429 54 21 fulla

138 1464 102 27 beloppet
262 1464 23 21 af
306 1465 62 21 deras
392 1464 86 27 afgifter
501 1465 33 20 till
557 1464 160 27 presterskapet
733 1464 38 21 och
788 1463 26 21 de
831 1462 66 22 andre

138 1499 56 21 blott
210 1498 55 22 efter
282 1506 25 14 en
324 1499 103 27 fjerdedel
444 1499 22 21 af
482 1500 61 20 deras
560 1499 113 21 enahanda
689 1498 93 27 afgifter.
