1142 1803
260 194 26 21 10
444 194 31 22 U.
491 194 29 22 B.
538 206 27 3 —
581 194 78 28 Prop.
675 194 46 22 N:o
737 194 24 22 4.

228 268 44 15 nar
299 261 56 21 eller
380 260 109 30 bebygda
513 263 68 23 orter,
597 261 44 22 och
670 260 136 30 grafvarnes
827 261 56 29 djup
899 264 26 18 är
933 260 56 22 fast-

228 294 73 22 stäldt
323 295 37 21 till
379 295 71 21 minst
465 302 41 14 sex
521 295 43 21 fot.
593 295 76 29 Tages
684 295 114 29 härjämte
813 295 8 21 i
836 294 153 23 betraktande

231 329 46 22 den
299 329 65 27 värd,
388 336 48 15 som
462 329 61 22 skall
547 336 72 22 egnas
635 329 214 29 begrafningsplats
865 329 44 22 och
924 328 65 22 öfver

228 363 97 21 hvilken
340 363 29 21 de
384 363 74 21 under
472 370 82 15 senare
569 363 35 22 tid
619 363 117 22 inrättade
749 363 240 28 hälsovärdsmyndig-

228 397 98 22 heterna
348 401 41 18 äro
412 397 100 28 pligtiga
533 399 35 20 att
582 397 64 22 hålla
661 397 89 28 tillsyn,
765 398 48 21 kan
827 405 54 14 man
896 397 40 22 väl
951 396 39 22 be-

228 430 68 23 tvifla
317 431 158 22 förekomsten
498 431 26 22 af
544 431 87 22 sådana
647 431 103 22 sanitära
765 430 223 27 missförhållanden,

229 472 50 15 som
294 465 78 22 kunde
388 465 95 29 betinga
493 465 109 22 förbudet
610 467 35 20 att
654 465 108 22 använda
769 465 219 29 begrafningsplats,

229 499 99 29 belägen
343 499 66 22 invid
424 499 94 29 bebygd
533 502 43 20 ort.

299 533 43 22 Om
367 533 89 22 således
482 534 144 29 riktigheten
651 533 26 22 af
697 534 28 21 de
743 533 201 29 förutsättningar,
959 533 30 28 på

230 567 82 22 hvilka
334 568 74 21 första
430 571 161 19 monumentet
613 568 27 21 af
659 569 28 21 40
703 568 13 28 &
731 569 9 20 i
755 567 235 29 hälsovårdsstadgan

232 605 26 17 är
272 602 82 28 bygdt,
370 602 144 21 fortfarande
538 606 26 18 är
578 602 8 21 i
602 602 45 21 allo
664 601 104 28 outredd,
784 601 67 29 följer
866 601 73 28 häraf,
955 602 34 20 att

230 643 28 14 en
274 636 103 21 revision
392 636 26 21 af
430 636 73 28 sagda
518 636 90 28 lagrum
624 640 25 17 är
665 636 26 21 af
703 636 83 21 nöden.
816 636 37 21 En
868 635 71 22 sådan
954 642 35 14 re-

230 670 78 21 vision
333 670 43 22 har
402 673 66 25 synts
493 670 123 22 Utskottet
639 670 25 21 så
679 670 94 28 mycket
789 676 62 15 mera
865 669 123 25 önskvärd,

230 710 50 15 som
296 704 19 27 ej
333 704 100 21 allenast
448 704 121 28 grundade
583 704 145 21 tvifvelsmål
738 704 97 21 uttalats
845 703 98 22 rörande
951 703 38 21 be-

229 737 145 29 höfligheten
400 738 26 21 af
439 737 179 29 ifrågavarande
634 737 135 29 stadgande,
783 739 57 20 utan
853 737 88 29 jämväl
956 739 33 19 ett

231 771 91 28 ganska
345 771 97 22 allmänt
464 772 52 26 och,
541 772 74 28 enligt
629 772 134 22 Utskottets
778 771 101 29 mening,
895 773 94 20 rättmä-

230 805 47 29 tigt
292 805 110 30 missnöje
416 806 53 21 med
486 806 51 21 dess
553 806 151 29 tillämpning
719 805 120 29 försports.

300 839 37 22 En
360 839 37 22 del
420 839 26 22 af
457 840 132 22 Utskottets
605 839 150 22 medlemmar
770 839 42 22 har
826 839 37 22 till
879 839 43 22 och
937 839 52 21 med

231 873 63 22 velat
316 873 137 29 ifrågasätta
475 874 149 29 regeringens
639 873 145 29 befogenhet
799 876 35 19 att
848 876 57 19 utan
921 873 68 22 Stän-

231 907 84 22 dernas
334 908 141 21 medverkan
490 908 94 21 utfärda
599 907 88 22 sådana
701 907 152 29 stadganden,
869 915 49 14 som
935 907 54 22 deti

230 949 82 14 senare
340 942 124 28 meningen
494 941 26 22 af
543 941 73 22 första
636 944 127 19 momentet
784 942 36 21 uti
841 941 146 22 hälsovårds-

231 975 111 29 stadgans
362 977 28 21 40
405 977 13 26 $
433 975 122 29 ingående,
570 976 37 21 till
623 975 58 29 följd
697 975 86 22 hvaraf
795 976 28 21 de
838 975 42 22 här
896 975 93 22 medde-

229 1009 54 22 lade
303 1009 177 31 föreskrifterna
503 1010 90 28 tillagts
612 1010 131 21 retroaktiv
757 1009 70 23 kraft.
857 1009 132 22 Utskottets

230 1043 76 21 fertal
328 1043 43 21 har
394 1043 19 29 ej
430 1044 90 20 kunnat
536 1044 51 21 dela
603 1043 76 22 denna
693 1043 159 29 uppfattning.
882 1044 54 20 Men
952 1050 37 14 om

231 1076 41 21 det
294 1077 69 21 också
378 1077 51 21 icke
444 1078 47 21 kan
506 1077 119 25 bestridas,
642 1080 35 18 att
691 1078 138 27 regeringen
845 1080 38 25 egt
898 1076 92 22 formell

230 1110 142 29 befogenhet
387 1111 147 26 härutinnan,
550 1112 25 20 så
591 1119 67 14 anser
672 1111 122 22 Utskottet
809 1111 79 22 likväl,
901 1113 34 19 att
945 1110 45 21 den

231 1144 84 29 åtgärd
337 1152 49 14 som
409 1145 112 28 vidtagits
542 1145 119 22 inneburit
677 1153 29 14 en
721 1145 135 28 kränkning
871 1146 26 20 af
909 1144 81 21 rättvi-

230 1185 54 15 sans
304 1179 43 21 och
362 1179 150 28 billighetens
528 1179 151 28 grundsatser
695 1179 43 22 och
753 1179 98 22 sålunda
867 1178 123 22 öfverskri-

232 1212 36 22 dit
282 1212 40 22 det
337 1215 61 19 rätta
413 1213 84 22 måttet
512 1213 36 22 för
562 1213 85 22 nämda
663 1213 145 28 befogenhet.
831 1213 37 21 En
877 1213 82 28 åtgärd
967 1211 27 22 af

230 1247 27 20 så
271 1247 200 28 genomgripande
486 1247 51 28 slag
552 1255 48 14 som
617 1247 76 22 denna
707 1247 60 22 hade
778 1247 19 29 ej
807 1247 52 22 bort
867 1247 123 28 företagas,

230 1282 59 19 utan
304 1283 36 18 att
354 1283 84 26 nyttan
454 1281 69 21 däraf
535 1281 62 22 varit
614 1281 62 22 stäld
691 1284 65 19 utom
772 1281 33 22 alt
821 1281 88 22 tvifvel.
941 1280 49 22 Och

231 1314 31 21 då
283 1314 197 29 församlingarna
498 1315 142 22 förhindrats
657 1318 34 19 att
707 1315 108 22 använda
829 1315 162 29 begrafnings-

230 1349 95 28 platser,
342 1356 49 15 som
406 1349 62 22 varit
483 1349 117 22 inrättade
615 1350 8 21 i
639 1349 240 22 öfverensstämmelse
894 1349 53 21 med
962 1349 29 21 de

229 1382 42 22 vid
294 1382 66 22 tiden
384 1383 36 22 för
442 1383 66 22 deras
532 1383 145 29 anläggning
693 1383 109 29 gällande
817 1383 173 28 författningar,

230 1419 63 18 samt
315 1417 108 28 tvungits
445 1419 35 20 att
502 1418 113 28 antingen
636 1418 144 21 underkasta
796 1417 117 22 desamma
927 1417 64 21 kost-

230 1457 89 15 samma
334 1458 48 20 nya
398 1451 164 29 anordningar,
577 1451 57 21 eller
649 1452 44 21 ock
709 1453 86 19 ersätta
811 1451 51 21 dem
878 1450 53 22 med
950 1458 41 14 an-

231 1483 47 28 dra,
295 1484 165 22 motsvarande
476 1484 28 22 de
519 1492 33 14 nu
566 1485 125 29 uppstälda
707 1485 137 29 anspråken,
860 1484 59 22 hade
934 1486 57 20 rätt-

302 1523 132 23 Lagutskottets
446 1524 111 18 betänkande
568 1524 38 18 N:o
618 1525 18 17 4.
