1142 1803
354 174 30 23 U.
400 175 28 22 B.
443 187 29 4 —
487 175 74 28 Prop.
577 176 42 22 N:o
635 175 22 23 2.
845 179 12 19 9

128 241 54 20 1889
206 238 88 35 afgifvet
316 238 81 27 förslag
415 238 33 22 till
462 238 126 28 förordning
603 239 112 27 angående
729 240 157 22 mantalsskrif-

126 274 56 26 ning.
212 269 68 26 Äfven
303 273 108 21 utskottet
433 272 69 22 finner
524 273 38 22 det
583 274 48 21 icke
655 280 51 16 vara
720 273 101 28 förenligt
837 274 49 22 med

126 308 42 28 god
176 307 202 27 samhällsordning,
396 309 34 20 att
445 308 79 21 sakens
541 307 118 28 afgörande
670 308 81 22 lemnas
762 308 23 22 ät
797 308 40 22 den
850 315 35 15 en-

126 342 76 27 skilde,
216 344 52 19 utan
280 348 64 15 anser
356 342 39 21 det
408 348 50 15 vara
469 341 22 22 af
500 342 109 27 synnerlig
624 342 51 27 vigt,
693 344 32 20 att
740 342 145 23 förhällandet

126 377 61 21 äfven
210 376 136 26 härutinnan,
370 375 25 22 sä
415 376 45 21 vidt
482 376 38 22 ske
536 376 49 27 kan,
601 377 95 27 regleras
711 383 78 21 genom
804 383 27 16 en
847 377 38 22 all-

125 414 48 19 män
188 411 134 26 författning.
352 411 64 21 Hvad
440 411 48 21 äter
503 411 102 22 beträffar
625 411 166 28 undantagsfall,
807 412 25 21 sä
846 411 39 22 fin-

125 452 39 15 nas
189 446 66 21 redan
277 452 29 15 nu
329 445 141 27 stadganden,
495 445 72 22 hvilka
589 446 105 21 innebära
709 446 114 22 afvikelser
838 446 45 21 frän

126 481 40 21 den
190 480 98 27 gällande
310 480 111 27 principen
444 479 34 22 för
492 480 273 27 mantalsskrifningsorten
781 481 41 21 och
838 487 46 15 som

124 515 32 22 för
179 515 57 22 vissa
258 514 36 22 fall
317 515 126 25 bestämma,
466 514 90 22 hvarest
578 521 25 15 en
620 521 90 21 persons
726 515 27 22 bo
770 515 40 22 och
826 517 58 19 rätta

124 549 92 22 hemvist
231 549 39 22 bör
286 555 62 15 anses
364 555 58 15 vara.
452 549 70 21 Bland
537 549 162 27 bestämningar
714 549 23 22 af
750 549 81 27 antydd
846 549 37 22 be-

124 583 122 23 skaffenhet
260 584 35 20 mä
311 585 99 19 nämnas:
426 584 33 20 att
474 589 103 21 personer
591 584 7 20 i
615 584 58 21 aktiv
689 584 128 27 krigstjenst
831 583 52 22 fort-

124 617 89 23 farande
228 618 79 21 räknas
323 618 31 20 till
371 618 26 20 de
413 618 133 25 kommuner,
561 618 72 21 hvilka
649 618 27 21 de
692 618 101 21 tillhörde
808 618 35 22 vid
852 618 31 21 in-

124 652 73 22 trädet
211 653 8 21 i
234 652 100 27 tjensten.
368 652 211 27 (Värnepligtslagen
603 652 22 22 af
649 652 40 22 den
712 654 27 20 27
763 652 120 22 December

126 690 61 24 1878,
203 687 11 28 &
231 688 42 25 15);
290 689 32 19 att
337 687 40 21 den
390 692 46 16 som
458 687 95 27 ätnjuter
568 686 190 28 fattigunderstöd,
775 687 39 21 bör
829 693 52 21 upp-

125 724 61 25 tagas
202 722 7 21 i
224 721 186 26 mantalslängden
434 720 34 23 för
484 722 40 20 den
540 722 109 25 kommun,
665 721 23 21 af
701 722 87 21 hvilken
804 722 78 21 under-

125 757 73 21 stödet
216 756 101 27 ätnjutes.
348 755 36 27 (K.
408 755 151 27 förordningen
583 761 34 16 om
640 755 199 28 mantalsskrifning
861 754 22 23 af

126 791 40 22 den
182 792 12 20 9
213 790 120 22 December
354 791 62 26 1878,
433 790 10 25 S
460 792 27 24 3);
504 792 33 19 att
552 789 69 22 finska
641 790 147 27 medborgare,
811 789 71 22 hvilka

125 825 49 22 med
189 831 51 21 pass
255 825 67 21 vistas
334 824 5 21 i
348 824 113 27 Ryssland,
478 824 52 22 eller
546 825 40 21 ock
602 824 54 23 efter
665 824 99 22 anmälan
773 824 39 22 hos
822 830 59 21 pass-

126 859 149 28 expeditionen
291 859 51 21 eller
358 858 56 22 finsk
430 859 234 22 handelsombudsman
679 859 59 27 tjena
753 859 14 21 ä
781 858 32 23 för
829 859 52 21 utri-

125 895 39 21 kes
187 893 77 28 sjöfart
286 894 127 27 begagnade
429 894 64 27 ryska
508 893 75 28 fartyg,
601 896 57 19 samt
673 893 104 22 likaledes
795 893 43 22 alla
853 893 32 21 till

126 935 70 15 annan
211 928 85 22 utrikes
312 930 34 19 ort
361 927 128 28 förpassade
504 934 109 21 personer,
630 928 53 22 böra
699 928 68 22 under
781 927 104 22 vistelsen

125 965 60 20 utom
203 962 74 22 landet
300 969 50 15 vara
365 963 6 21 i
387 963 83 21 mantal
490 965 111 25 upptagna
620 963 80 21 enhvar
715 963 8 20 i
738 963 41 21 den
795 961 89 23 försam-

126 997 50 26 ling,
193 997 38 22 där
246 997 42 21 han
304 999 74 19 senast
394 997 44 22 före
463 996 85 23 afresan
571 997 56 22 varit
643 996 160 23 skattskrifven.
820 995 21 29 ($
859 998 24 19 15

126 1031 22 22 af
169 1031 93 22 nämnda
284 1031 345 27 mantalsskrifningsförordning.
649 1031 26 22 K.
691 1031 66 27 kung.
773 1037 49 21 ang.
839 1033 46 20 sär-

126 1066 70 21 skilda
210 1066 158 26 passväsendet
387 1066 93 21 rörande
496 1066 187 26 omständigheter
699 1065 22 21 af
735 1066 40 21 den
791 1067 27 19 27
834 1065 51 21 Juni

127 1100 70 27 1888).

193 1134 61 21 Inom
269 1134 109 21 utskottet
392 1134 40 21 har
447 1134 37 21 det
499 1134 55 22 varit
569 1134 61 27 fräga
646 1139 33 16 om
696 1135 33 20 att
744 1134 31 21 uti
791 1140 27 15 nu
829 1133 55 22 före-

125 1169 94 21 varande
237 1170 25 20 12
278 1168 10 28 &
305 1168 23 22 af
340 1168 121 28 Kejserliga
476 1168 151 27 förordningen
643 1168 23 22 af
679 1169 42 21 den
739 1170 28 20 20
782 1168 103 22 Februari

126 1205 55 20 1865
204 1203 70 22 skulle
297 1203 91 27 intagas,
412 1203 93 22 förutom
526 1203 41 22 den
583 1203 108 22 allmänna
705 1203 83 27 princip
805 1202 80 23 beträf-

125 1237 63 22 fande
210 1237 280 27 mantalsskrifningsorten,
518 1243 46 16 som
585 1237 8 22 i
616 1237 79 28 nädiga
720 1237 164 28 propositionen

125 1271 131 27 föreslagits,
276 1272 80 27 jämväl
379 1271 136 28 detaljerade
537 1272 162 27 bestämningar
718 1277 34 16 om
768 1272 36 21 det
819 1271 65 22 förfa-

124 1306 111 27 ringssätt,
251 1312 47 16 som
312 1306 7 21 i
334 1306 74 27 hvarje
418 1305 146 28 tvifvelaktigt
575 1305 37 22 fall
621 1306 67 22 borde
696 1306 117 27 iakttagas,
823 1306 61 21 hvar-

122 1341 68 27 jämte
213 1340 62 23 äfven
298 1340 28 22 de
345 1340 168 27 undantagsfall,
530 1341 111 26 angående
657 1340 72 22 hvilka
744 1341 66 21 redan
826 1339 59 23 förut

124 1374 68 23 finnes
216 1375 102 21 särskildt
340 1375 110 26 stadgadt,
474 1375 70 22 skulle
560 1375 45 21 däri
621 1376 132 21 omnämnas.
785 1375 49 21 Men
851 1376 34 19 ut-

125 1409 83 22 skottet
223 1409 40 21 har
273 1409 76 21 afstått
364 1408 47 22 från
427 1410 33 21 att
477 1409 81 22 föreslå
572 1409 67 27 något
654 1409 7 21 i
677 1409 61 22 detta
754 1408 62 28 syfte,
833 1410 52 20 enär

125 1442 121 22 införandet
268 1442 8 22 i
291 1449 27 15 en
333 1442 126 28 ständerlag
474 1442 23 22 af
510 1443 235 27 detaljbestämningar,
761 1448 46 16 som
824 1443 61 21 dess-

125 1478 59 20 utom
199 1476 100 28 möjligen
314 1477 48 22 icke
378 1476 70 22 blefve
464 1477 155 26 uttömmande,
628 1476 70 22 skulle
707 1476 96 23 försvåra
813 1476 72 22 åstad-

193 1515 193 19 Ekonomiutskottets
400 1516 118 18 betänkande
529 1516 38 19 N:o
580 1518 17 16 1.
