1142 1803
472 184 44 24 N:o
537 186 22 22 1.
838 185 23 20 11

136 252 8 20 i
159 252 151 26 sammanhang
332 251 49 21 med
401 250 110 22 storskifte
527 251 51 21 eller
594 250 184 28 skiftesreglering
793 252 100 26 lägenhet

138 286 80 26 klyfva,
242 285 23 21 så
287 286 46 26 ock,
350 286 27 20 dä
392 285 43 21 han
451 285 121 21 förordnats
589 287 32 19 att
639 286 42 20 viss
696 286 148 22 hemmansdel
859 288 33 19 ut-

139 320 69 27 bryta,
224 320 102 27 derjemte
342 320 118 21 verkställa
472 320 125 26 utbrytning
608 320 23 20 af
641 326 71 15 annan
723 320 63 21 andel
797 320 7 21 i
812 320 81 22 samma

138 354 108 27 lägenhet,
269 355 23 20 så
316 354 65 21 framt
404 354 48 26 den,
476 360 45 15 som
546 354 59 27 dylik
623 354 131 27 förrättning
771 354 74 28 begär,
861 355 33 20 till

138 388 114 26 styrkande
268 388 22 21 af
304 388 33 21 sin
354 389 92 26 egande-
462 388 53 21 eller
529 389 86 20 åborätt
626 388 80 21 företer
716 389 109 26 protokoll
835 389 59 21 öfver

138 422 78 21 honom
236 423 123 20 meddeladt
377 423 87 26 uppbud
483 423 51 21 eller
550 423 33 20 till
599 423 79 21 honom
694 423 111 21 utfärdadt
821 423 72 26 faste-,

139 457 80 21 skatte-
235 457 51 21 eller
301 457 186 22 immissionsbref.

210 491 116 28 Styckning
341 492 39 21 och
397 491 124 28 afsöndring
536 499 38 19 ege
589 492 145 21 landtmätare
750 492 40 21 ock
805 491 28 28 på
844 491 48 22 sak-

139 531 74 22 egares
228 526 107 21 anmodan
354 528 52 19 utan
426 525 142 22 förordnande
583 526 126 26 verkställa;
727 526 54 21 dock
795 527 40 20 bör
851 526 42 21 han

138 560 7 20 i
160 560 76 21 sådant
258 561 38 21 fall
318 563 77 24 genast
418 560 54 21 efter
495 561 131 27 uppdragets
650 561 151 25 emottagande
821 561 72 21 derom

138 594 40 22 hos
193 594 208 22 länelandtmätaren
415 595 91 21 anmäla.

486 658 11 27 $
513 659 34 20 21.

211 697 101 27 Klyfning
334 698 126 21 verkställes
483 698 27 27 på
525 700 44 19 sätt
584 698 73 21 derom
673 698 58 21 förut
746 700 24 18 är
786 697 108 27 stadgadt,

140 731 54 22 dock
218 733 32 20 att
272 731 140 28 skiljoråerna
434 732 54 21 böra
510 732 35 21 vid
565 732 153 27 utstakningen
734 731 52 22 eller
802 731 92 22 omedel-

140 765 50 22 bart
206 765 93 22 derefter
314 766 117 27 rörläggas.
453 767 33 20 Då
502 766 174 27 klyfningsskifte
688 766 74 21 vunnit
771 766 49 27 laga
830 765 64 27 kraft,

140 800 56 21 skall
218 801 206 21 länelandtmätaren
445 801 7 20 i
468 801 150 27 jordregistret
633 800 70 22 införa
719 801 88 20 delarne
823 800 72 21 såsom

140 835 70 20 skilda
232 835 124 26 lägenheter
379 838 55 19 samt
457 835 73 21 derom
552 835 78 22 teckna
653 835 59 21 bevis
735 834 12 21 å
762 835 77 20 kartan
854 834 40 21 och

141 869 255 27 delningsinstrumentet;
413 870 39 21 och
464 869 96 22 kommer
570 869 135 21 häradsrätts
715 868 121 27 befattning
845 869 49 21 med

140 903 199 27 klyfningsskiftens
355 904 149 21 fastställande
520 906 32 19 att
568 903 33 22 för
616 903 116 22 framtiden
748 903 104 27 upphöra.

212 938 46 21 Har
280 938 96 27 klyfning
398 939 58 21 skett
475 940 53 20 utan
544 938 123 27 ovilkorligt
683 937 142 22 förordnande
841 938 54 21 eller

140 971 61 28 fråga
220 972 74 22 väckts
317 979 34 14 om
374 973 106 27 frihetsär,
497 973 52 21 eller
564 973 39 20 har
619 973 121 26 stridighet,
756 978 45 15 som
817 972 7 21 i
840 973 26 20 22
882 972 12 27 $

140 1008 94 25 nämnes,
261 1008 103 26 uppstätt,
392 1008 88 21 insände
506 1007 208 22 länelandtmätaren
736 1007 159 26 handlingarna

138 1040 67 27 jemte
227 1043 49 25 eget
294 1041 100 27 yttrande
409 1042 32 21 till
456 1043 135 25 guvernören
607 1041 39 22 och
661 1041 86 21 afvakte
764 1041 79 21 dennes
857 1041 36 21 be-

142 1074 44 22 slut
200 1074 7 21 i
223 1075 73 26 saken,
312 1075 65 21 innan
393 1075 121 22 införandet
529 1076 7 20 i
551 1075 102 27 registret
669 1076 54 20 sker.

486 1139 12 26 8
514 1139 34 20 22.

208 1178 88 28 Klyfves
320 1179 106 27 lägenhet,
450 1179 33 21 till
506 1179 86 21 hvilken
609 1178 71 28 afgäld
696 1179 39 20 bör
750 1178 48 21 frän
813 1178 81 27 parcell

140 1212 59 27 utgä,
222 1213 55 21 skall
300 1213 99 27 afgälden
421 1213 100 28 tilläggas
544 1213 79 22 endera
643 1213 60 21 delen
719 1213 68 21 under
802 1215 93 19 motsva-

141 1247 66 21 rande
222 1247 121 28 förhöjning
358 1247 23 22 af
394 1247 82 22 dennas
492 1248 39 21 och
546 1247 123 28 minskning
684 1247 23 22 af
720 1247 41 22 den
777 1247 68 21 andra
858 1247 36 21 de-

141 1281 47 22 lens
203 1282 83 21 mantal
302 1282 39 21 och
356 1282 66 21 skatt.

212 1315 80 22 Kunna
308 1316 132 27 sakegarene
457 1316 47 21 icke
522 1316 97 27 äsämjas,
635 1317 141 20 hvilkendera
791 1316 62 21 delen
865 1315 30 22 af-

141 1350 76 27 gälden
240 1350 88 21 tillhöra
350 1351 60 26 skall,
434 1351 112 21 ankomme
569 1350 27 27 pä
618 1353 132 24 guvernören
774 1352 31 20 att
820 1351 73 20 härom

142 1385 124 21 bestämma.

487 1414 12 27 8
514 1415 34 20 23.

210 1453 60 21 Skall
285 1454 103 27 lägenhet
403 1453 86 27 styckas
506 1454 53 20 eller
575 1453 86 21 omräde
673 1452 94 22 derifrän
778 1451 118 27 afsöndras,

141 1488 39 20 bör
195 1488 159 22 landtmätaren
374 1488 71 27 uppgå
465 1488 39 21 och
524 1488 100 27 rörlägga
644 1489 55 19 samt
715 1486 13 22 ä
742 1487 64 21 karta
821 1485 76 22 affatta
