1142 1803
358 199 30 23 U.
404 199 29 23 B.
449 212 28 4 —
490 199 76 29 Prop.
581 200 47 22 N:o
643 200 38 22 10.

420 501 60 29 Lag-
496 501 42 24 och
553 501 257 24 Ekonomiutskottets
825 501 79 24 betän-

351 535 83 24 kande
449 535 43 25 N:o
503 535 12 24 2
538 535 7 24 i
560 535 100 28 anledning
684 535 25 27 af.
726 535 49 24 Hans
800 535 104 31 Kejserliga

353 569 103 29 Majestäts:
472 569 71 29 nådiga
567 569 123 31 proposition,
713 569 94 29 angående
829 569 33 29 lag
877 576 28 17 om

355 603 115 29 aktiebolag.

215 661 46 20 Vid
283 660 154 27 föredragning
460 660 24 20 af
504 660 70 21 denna
592 660 79 27 nådiga
687 662 137 25 proposition
839 660 65 21 hafva

146 694 163 28 Ridderskapet
332 694 43 20 och
396 694 74 21 Adeln
491 698 56 17 samt
567 695 84 20 Preste-
674 694 42 20 och
735 694 169 21 Bondestånden

146 730 120 20 remitterat
288 728 128 21 densamma
438 728 32 21 till
492 728 161 27 Lagutskottet,
670 728 114 21 hvaremot
799 728 106 27 Borgare-

146 763 87 20 ståndet
253 762 67 27 jemte
344 762 210 27 protokollsutdrag,
576 762 149 21 innehållande
743 762 125 21 uttalanden
883 762 25 21 af

146 797 106 20 särskilda
274 796 126 25 ledamöter,
424 797 121 20 remitterat
564 797 165 26 propositionen
744 796 31 21 till
789 796 58 27 Lag-
862 796 43 21 och

146 831 222 20 Ekonomiutskottet.
399 830 29 21 På
452 831 135 20 sistnämnda
608 830 75 21 stånds
701 830 124 27 inbjudning
839 830 66 21 hafva

146 865 84 20 Preste-
246 865 42 20 och
302 864 169 21 Bondestånden
486 864 58 21 dock
559 864 122 21 sedermera
696 865 51 20 med
759 864 146 21 återkallande

146 899 26 20 af
189 900 46 19 sina
255 899 71 20 beslut
346 899 142 20 öfverlemnat
504 900 164 25 propositionen
684 898 31 21 till
729 899 61 20 detta
805 898 99 25 Utskott,

146 939 48 14 som
210 933 58 26 förty
283 934 103 26 upptagit
402 933 132 20 densamma.
563 933 83 20 Dervid
660 932 39 21 har
714 934 6 19 i
733 932 114 21 Utskottet
860 933 45 20 fun-

146 969 42 18 nits
210 967 101 20 tillhands
334 967 78 26 utdrag
436 974 24 13 ur
480 967 121 26 Kejserliga
624 966 105 21 Senatens
747 967 36 20 vid
804 967 101 20 ärendets

146 1001 153 27 föredragning
313 1001 62 20 förda
392 1001 118 27 protokoll,
521 1001 141 27 upptagande
673 1001 42 20 den
728 1003 5 18 i
743 1000 95 21 Senaten
850 1001 55 20 före-

146 1035 64 20 fallna
234 1035 140 26 omröstning,
396 1038 56 18 samt
474 1035 88 26 tryckta
577 1035 112 27 exemplar
705 1035 24 20 af
741 1038 32 18 ett
787 1035 50 21 utaf
848 1035 58 27 Lag-

147 1069 147 26 beredningen
310 1068 92 27 afgifvet
417 1068 138 21 betänkande
570 1069 113 20 äfvensom
698 1072 32 17 ett
747 1069 26 20 af
789 1069 117 20 Berednin-

148 1109 43 20 gen
206 1103 125 20 utarbetadt
346 1103 82 26 förslag
442 1102 32 21 till
489 1103 35 26 lag
539 1104 6 19 i
560 1103 79 20 ämnet.

216 1137 9 20 I
237 1137 157 26 sammanhang
405 1137 51 20 med
472 1137 42 20 den
529 1137 78 26 nådiga
623 1138 164 26 propositionen
804 1137 39 20 har
865 1137 42 20 Ut-

146 1171 84 20 skottet
251 1170 32 21 till
302 1171 133 26 behandling
452 1172 103 25 upptagit
576 1174 80 17 tvenne
671 1172 58 19 inom
743 1171 106 27 Borgare-
865 1171 42 20 och

147 1205 170 20 Bondestånden
332 1205 80 20 väckta
426 1208 58 17 samt
499 1205 81 20 medels
595 1205 201 27 protokollsutdrag
813 1205 31 21 till
866 1205 41 21 Ut-

146 1239 84 20 skottet
245 1239 140 20 remitterade
400 1239 188 27 petitionsförslag
603 1239 24 20 af
639 1239 93 26 följande
747 1239 92 27 lydelse:

299 1313 49 20 Till
364 1313 141 24 Vällofliga
522 1314 223 23 Borgareståndet.

216 1375 100 20 Behofvet
338 1375 21 20 af
381 1381 23 14 en
426 1376 54 23 lag
471 1371 14 33 i
501 1376 84 19 Finland
609 1376 102 23 angående
734 1376 173 24 handelsregister,

149 1403 57 20 firma
219 1403 39 21 och
279 1409 89 19 procura
384 1406 36 21 gör
435 1405 29 22 sig
480 1404 28 19 alt
523 1409 54 14 mera
597 1404 106 19 kännbart.
733 1404 68 23 Enligt
816 1403 92 24 gällande

148 1433 188 23 lagbestämmelser,
360 1433 31 24 (se
412 1433 113 23 Kejserliga
542 1432 151 24 Förordningen
708 1438 30 14 om
754 1433 119 23 näringarne
889 1431 22 19 af

149 1461 37 19 den
209 1460 26 20 31
257 1466 53 14 mars
327 1460 57 20 1879
408 1460 37 20 och
468 1460 22 20 af
508 1461 37 19 den
562 1460 27 20 12
604 1462 37 22 maj
660 1459 63 27 1884)
739 1460 77 20 fordras
832 1460 32 19 för
879 1460 29 19 id-

148 1489 66 19 kande
230 1488 21 20 af
264 1489 73 19 handel
354 1489 52 19 blott
424 1489 92 19 anmälan
532 1490 7 18 i
554 1490 45 18 stad
621 1489 36 19 hos
679 1488 110 26 magistrat,
805 1489 7 18 i
834 1488 76 24 köping

219 1526 48 23 Lag-
280 1527 33 17 och
326 1526 184 18 Ekonomiutskottets
522 1527 110 17 betänkande
643 1527 38 17 N:o
693 1527 17 17 2.
