1142 1803
481 170 28 17 :0
526 164 55 23 10.

354 589 70 25 Hans
451 589 159 32 Kejserliga
637 590 150 32 Majestäts
815 590 82 32 nådiga

280 641 139 32 proposition
438 641 34 25 till
490 640 103 26 Finlands
611 642 104 32 Ständer,
731 642 115 32 angående
858 642 39 32 lag

280 700 34 16 om
333 692 138 31 aktiebolag.

211 784 73 27 Enligt
305 783 56 21 hvad
384 783 148 22 erfarenheten
554 783 60 27 gifvit
637 784 34 21 vid
691 784 84 21 handen
790 784 65 22 hafva
871 785 26 21 de

142 826 28 14 nu
194 819 98 26 gällande
315 818 225 27 lagbestämningarna
556 825 33 14 om
605 819 128 26 aktiebolag,
751 819 72 22 hvilka
838 819 57 22 inne-

143 855 69 20 hållas
227 855 7 20 i
250 853 77 27 nådiga
350 853 149 27 förordningen
522 853 6 21 i
552 855 70 20 ämnet
638 854 23 21 af
675 854 42 21 den
733 855 28 20 24
776 855 120 20 November

145 890 61 26 1864,
222 889 7 20 i
252 888 53 27 följd
328 888 22 21 af
372 888 164 27 förordningens
552 889 85 26 knappa
652 888 113 27 affattning
780 889 39 21 och
835 889 61 22 ofull-

143 923 122 26 ständighet
280 923 46 21 icke
342 923 56 20 visat
410 923 32 26 sig
452 922 48 21 fullt
514 923 200 21 tillfredsställande
723 923 34 21 vid
766 923 130 28 lagtillämp-

143 959 86 26 ningen.
254 958 107 21 Särskildt
371 958 39 21 har
422 957 35 22 det
468 957 107 22 föranledt
585 958 134 27 svårigheter
728 958 39 21 och
775 959 120 27 olägenhet,

143 995 32 20 att
198 993 149 26 förordningen
369 993 46 20 icke
431 993 52 20 eller
498 993 129 21 åtminstone
643 993 46 21 icke
707 993 49 21 med
771 993 125 27 erforderlig

142 1028 150 27 noggrannhet
308 1027 39 22 och
367 1027 106 27 tydlighet
491 1027 130 22 bestämmer
637 1034 34 15 om
687 1027 96 22 vilkoren
799 1028 40 21 och
854 1028 43 21 for-

142 1068 49 15 men
212 1062 35 21 för
270 1062 158 26 aktieteckning
450 1062 39 20 och
511 1062 80 21 verkan
607 1062 22 21 af
644 1062 75 26 sådan,
735 1068 34 15 om
785 1062 111 21 förutsätt-

142 1097 105 26 ningarna
267 1096 33 21 för
324 1097 32 20 att
378 1097 32 20 ett
426 1096 124 27 aktiebolag
565 1096 54 21 skall
635 1103 52 14 vara
704 1096 82 21 bildadt
802 1097 39 20 och
857 1099 40 18 när

142 1133 31 19 ett
188 1131 94 27 lagligen
296 1131 84 20 bildadt
396 1130 122 27 aktiebolag
536 1131 56 20 skall
608 1137 62 15 anses
685 1130 64 22 hafva
764 1131 89 21 kommit
864 1131 33 21 till

142 1165 62 21 stånd
228 1167 56 19 samt
307 1171 33 15 om
364 1165 162 21 aktionärernes
549 1167 44 19 rätt
615 1165 7 21 i
639 1165 39 21 och
695 1167 44 19 mot
755 1165 86 27 bolaget
857 1165 39 22 och

142 1201 65 20 sättet
226 1199 33 22 för
282 1199 80 21 dennas
385 1199 123 21 utöfvande.
538 1199 113 22 Likaledes
671 1199 80 22 saknas
767 1199 78 28 nödiga
860 1200 37 21 be-

142 1234 137 26 stämningar,
303 1234 101 21 afseende
428 1236 33 19 att
484 1234 149 21 åstadkomma
656 1234 86 27 garanti
764 1233 33 22 för
817 1235 33 20 att
865 1236 32 19 ett

141 1268 110 27 uppgifvet
274 1268 124 26 aktiebolag
422 1268 109 26 verkligen
555 1270 23 19 är
602 1268 83 21 bildadt
709 1269 7 20 i
732 1268 163 21 öfverensstäm-

141 1303 66 20 melse
230 1303 48 21 med
302 1303 48 20 dess
373 1303 169 26 bolagsordning
565 1304 54 19 samt
642 1305 31 19 att
693 1303 164 26 aktiekapitalet
873 1305 23 19 är

140 1337 142 21 fulltecknadt
298 1337 38 21 och
352 1337 128 21 tecknarene
496 1337 154 27 vederhäftiga.
676 1337 32 21 En
718 1337 91 22 revision
820 1337 23 22 af
852 1338 44 27 lag-

142 1371 124 27 stiftningen
283 1371 109 27 angäende
413 1371 123 27 aktiebolag
554 1372 39 21 har
609 1371 56 28 förty
681 1373 61 26 synts
758 1378 51 15 vara
825 1372 23 21 af
861 1373 35 20 be-

140 1406 74 21 hofvet
236 1406 111 27 påkallad;
371 1407 40 20 och
430 1407 39 20 har
484 1407 7 20 i
506 1406 77 21 sådant
599 1406 101 21 afseende
716 1406 121 22 utarbetats
853 1407 42 21 för-

141 1441 45 26 slag
202 1441 33 20 till
251 1447 26 20 ny
294 1441 128 26 författning
437 1441 6 20 i
459 1442 77 25 ämnet,
553 1441 60 20 hvari
629 1442 22 20 ät
667 1441 26 20 de
708 1440 33 21 för
751 1441 145 27 aktiebolaget

139 1475 119 27 väsentliga
268 1475 168 27 grundsatserna
447 1475 105 27 tydligare
563 1477 27 19 än
601 1475 107 21 härintills
719 1475 72 27 gifvits
802 1476 92 27 uttryck.
