1142 1803
138 310 131 18 Bondeståndet

394 202 29 22 U.
439 202 27 22 B.
484 215 24 2 —
525 202 74 29 Prop.
616 203 45 23 N:o
677 204 21 22 1.
981 205 12 21 9

586 312 98 18 Utskottets
695 312 72 23 förslag,

68 412 65 21 orden
163 413 79 26 saada
270 413 70 27 ulos'',

68 446 80 22 hvilket
169 447 86 26 uttryck
270 446 70 23 bättre

69 482 117 20 motsvarar
208 481 36 22 det
261 481 8 21 i
284 487 58 15 sven-

69 515 38 21 ska
128 516 72 20 texten
220 515 122 27 begagnade

119 549 61 21 ordet
196 549 95 27 ,.utgår''.

70 822 39 22 har
124 823 94 27 godkänt
228 822 114 22 betänkan-

71 857 36 21 det
131 859 51 19 utan
207 863 70 15 annan
300 857 43 21 för-

71 891 89 27 ändring
181 893 27 19 än
223 892 32 20 att
270 897 26 15 ur
310 891 33 27 $:n

71 925 26 21 de
112 925 13 21 å
139 931 47 21 pag.
202 925 26 21 39
241 925 23 21 af
271 925 71 21 betän-

71 959 79 21 kandet
171 959 28 27 på
221 960 26 20 10
262 959 39 22 och
318 961 23 20 11

71 993 65 21 raden
165 993 94 22 nerifrån
288 994 55 21 före-

68 1030 1 7 |
99 1027 127 22 kommande
250 1028 65 21 orden

93 1063 69 24 »Samt
176 1061 100 26 legoaftal
292 1067 33 15 om

86 1095 69 26 någon
174 1095 34 21 del
223 1095 23 21 af
260 1095 70 27 dylika

100 1129 135 27 lägenheter"
250 1129 66 22 borde

180 1163 57 27 utgå.

361 826 69 21 Jemte
460 826 121 21 beaktande
606 827 23 20 af
652 827 35 20 det
712 827 48 20 utaf
784 826 161 22 Presteständet
975 833 36 14 an-

361 861 85 20 märkta
473 861 118 26 tryckfelet,
621 860 91 22 föreslår
743 860 111 22 Utskottet
885 862 32 20 att
945 861 66 20 orden

361 896 67 25 ySamt
449 895 176 27 förordningarna
647 895 23 21 af
689 895 41 21 den
751 895 25 21 19
792 895 95 21 februari
902 894 109 27 angående

362 929 152 27 egostyckning
535 929 39 22 och
592 929 173 27 jordafsöndring
783 929 12 21 å
810 929 73 21 frälse-
899 929 40 21 och
954 929 58 20 skat-

362 963 120 21 tehemman
505 965 55 19 samt
581 963 102 27 legoaftal
703 970 34 15 om
760 963 71 26 någon
852 963 34 21 del
906 963 22 21 af
941 963 72 27 dylika

361 997 130 26 lägenheter,
514 997 39 22 och
575 997 40 22 den
638 999 10 20 1
673 1004 57 15 mars
752 998 65 21 1886"
838 997 67 22 måtte
927 997 86 27 utbytas

362 1033 57 20 emot
442 1032 66 21 orden
530 1034 66 24 ,samt
620 1033 69 20 1—15
705 1032 24 27 8$
749 1032 6 21 i
770 1031 151 27 förordningen
937 1031 23 21 af
973 1031 40 21 den

364 1066 25 21 19
404 1065 94 21 februari
516 1066 60 24 1883,
587 1066 108 26 angående
712 1066 151 26 egostyckning
879 1066 39 20 och
931 1064 82 27 jordaf-

362 1099 102 27 söndring
484 1099 13 21 å
512 1099 75 22 frälse-
602 1100 39 21 och
657 1100 170 21 skattehemman
843 1101 55 20 samt
913 1099 100 26 legoaftal

363 1140 34 15 om
412 1134 70 27 någon
498 1134 33 21 del
547 1135 22 20 af
582 1134 72 27 dylika
668 1135 129 26 lägenheter,
814 1134 39 21 och
863 1133 150 26 förordningen

363 1168 41 21 den
420 1169 10 20 1
448 1175 57 14 mars
522 1169 53 21 1886
592 1181 25 3 —
635 1172 47 18 —*.

136 1537 48 22 Lag-
197 1538 32 16 och
241 1538 135 17 Ekonomiutsk.
389 1538 258 23 sammanjemkningsförslag
660 1540 9 16 i
680 1540 37 17 anl.
730 1540 24 22 af
766 1540 93 18 Utskottets
871 1541 31 17 bet.
915 1542 37 16 N:o
964 1541 17 17 1.
