1142 1803
269 176 27 19 36

440 174 82 22 Ständ.
539 174 38 23 Sv.
596 187 24 3 —
637 175 72 27 Prop.
726 174 39 22 N:o
781 174 21 22 9.

675 243 18 18 V
711 243 60 23 Kap.

589 298 36 22 Om
641 298 30 22 af-
688 298 40 22 och
744 298 109 22 tillträde.

691 367 15 20 38
735 368 20 27 $.

515 407 94 22 Boställe
631 407 30 28 af-
685 407 35 21 och
743 407 104 22 tillträdes
862 408 13 20 &
892 407 31 22 tid
938 407 35 21 och
990 407 9 21 i

446 442 41 21 den
503 442 101 28 ordning,
623 449 44 14 som
682 442 33 21 uti
731 442 139 27 Kyrkolagen
886 449 33 14 om
931 443 68 26 prest-

446 476 99 27 lägenhet
560 479 25 19 är
599 477 98 27 stadgad.

691 546 30 20 39
733 546 21 27 $.

516 581 38 31 Är,
578 586 27 21 dä
629 586 84 21 boställe
735 586 54 21 skall
812 586 106 27 afträdas,
937 588 62 19 ännu

447 620 45 22 icke
516 620 108 26 bestämdt,
647 620 60 22 hvem
729 628 45 14 som
795 620 93 22 kommer
910 622 32 19 att
956 620 43 21 det-

446 662 84 14 samma
552 655 116 28 öfvertaga,
691 662 48 21 eger
763 656 41 20 den
825 654 174 26 boställsnämnd,

448 690 86 21 hvarom
558 690 8 21 i
594 690 34 21 VI
645 690 58 27 Kap.
726 692 66 26 säges,
816 689 137 28 föranstalta,
969 690 32 20 att

448 724 94 22 bostället
562 725 76 20 varder
658 724 113 29 behörigen
790 724 93 22 brukadt
901 724 36 21 och
952 723 47 22 vär-

448 759 53 21 dadt
515 759 60 22 intill
590 759 46 21 dess
652 759 34 21 det
700 759 45 22 kan
755 759 28 27 af
791 759 136 21 tillträdaren
938 759 62 20 emot-

449 795 66 26 tagas.

690 857 35 20 40
737 857 21 27 $.

517 897 37 22 Då
570 897 173 28 boställshafvare
758 897 49 21 eller
817 897 56 22 hans
883 897 116 21 rättsinne-

449 931 90 28 hafvare
553 933 53 26 från
621 932 85 21 boställe
720 932 81 27 flyttar,
812 931 54 22 skall
875 931 126 28 lägenheten

448 966 101 28 afträdas
556 966 83 27 häfdad
649 967 38 21 och
697 966 111 28 bebrukad,
816 967 32 26 pä
858 967 44 20 sätt
915 965 4 22 i
929 965 72 21 denna

450 1001 130 28 förordning
594 1001 147 27 föreskrifves;
755 1001 38 21 och
803 1000 37 22 bör
851 1000 73 21 dervid
934 999 67 22 åkern

449 1041 53 15 vara
520 1035 63 28 plöjä
605 1035 37 22 och
665 1035 78 22 besädd
764 1035 9 21 i
789 1034 212 28 öfverensstämmelse

449 1069 47 20 med
518 1069 42 22 den
583 1069 196 28 Wrukningsmetod,
803 1076 45 14 som
873 1070 12 20 å
908 1068 94 21 bostället

450 1105 72 20 senast
537 1103 70 28 blifvit
620 1103 60 28 följd.

696 1173 28 20 41
738 1174 21 25 $.

518 1206 20 27 Ä
555 1212 84 21 boställe
654 1213 34 20 mä
706 1213 69 21 umder
790 1212 92 27 ledighet
896 1212 27 27 af
931 1211 70 28 tjenst,

450 1247 101 21 hvarmed
571 1247 115 22 detsamma
707 1249 26 20 är
751 1247 106 27 förenadt,
873 1246 128 27 bruknings-

449 1283 64 19 sättet
534 1281 49 21 blott
605 1282 47 21 med
675 1281 208 22 Pboställsnämndens
897 1281 105 27 samtycke

452 1316 87 21 ändras.

690 1375 33 20 42
735 1375 21 26 S.

518 1414 67 26 Brist,
605 1421 44 14 som
671 1414 134 28 uppkommit
819 1414 8 21 i
842 1414 55 28 följd
912 1415 27 26 af
951 1421 51 14 van-

450 1448 53 22 vård
531 1448 50 22 eller
607 1448 104 28 vanhäfd,
737 1455 50 15 vare
812 1448 191 28 boställshafvaren

449 1483 78 27 pligtig
542 1485 31 19 att
587 1483 46 27 före
647 1483 34 21 sin
698 1483 129 27 afflyttning
842 1483 51 27 från
910 1482 94 22 bostället
