1142 1803
250 196 28 20 44

441 196 29 22 U.
487 196 27 22 B.
531 210 27 2 —
574 196 75 29 Prop.
665 197 46 22 N:o
727 197 38 22 10.

429 258 29 28 af
479 260 77 26 andra,
585 260 183 27 öfverenskomme
792 260 128 28 skriftligen
948 262 35 27 sig

430 294 98 26 emellan,
552 294 72 20 såsom
645 294 10 20 i
670 295 11 19 I
697 301 72 14 mom.
792 295 15 20 2
829 294 15 28 $
865 296 65 26 sagts,
947 302 36 14 om

430 328 169 27 bolagsordning
615 328 38 21 och
673 328 60 21 huru
748 328 82 28 mänga
851 329 71 21 aktier
942 336 39 15 en-

430 362 56 20 hvar
512 362 133 27 öfvertager;
672 363 45 20 och
743 363 93 20 teckne
864 363 83 20 sedan
969 363 14 20 ä

431 395 301 28 volagsafhandlingen
747 397 170 28 inbjudning
933 397 50 21 till

430 430 28 20 de
484 429 177 28 återstående
687 431 144 21 aktiernas
856 431 125 27 öfverta-

428 464 103 27 gande,
552 465 57 20 med
631 465 110 27 uppgift
763 465 101 21 tillika
879 472 40 14 om
933 466 50 20 den

429 498 97 27 grund,
543 498 69 27 efter
632 499 113 21 hvilken
767 499 10 20 i
799 499 131 21 händelse
953 499 33 27 af

431 532 206 28 öfverteckning
652 533 29 20 de
698 533 135 28 utbjudna
855 533 127 21 aktierna

430 567 73 19 skola
518 567 127 26 fördelas.

500 600 74 21 Hvad
599 601 9 20 i
639 602 60 20 3—5
728 602 33 27 $$
789 603 31 19 är
845 602 136 27 stadgadt,

432 635 79 20 lände
527 635 46 21 ock
587 636 10 19 i
612 642 35 14 nu
662 636 115 20 nämnda
795 636 55 27 fall
873 636 45 21 till
940 636 40 27 ef-

432 670 167 20 tervättelse.

678 727 15 26 $
705 723 24 34 7.

502 777 106 27 Teckning
623 777 29 28 af
663 777 57 21 aktie
735 778 56 20 skall
804 778 35 20 ske
859 785 14 13 &
895 778 85 27 bolags-

432 811 159 28 afhandlingen
608 812 51 20 eller
675 812 91 27 afskrift
780 812 67 27 deraf
857 814 59 19 samt
937 819 43 14 an-

430 845 63 28 gifva
512 846 125 20 tecknarens
653 853 74 19 namn,
743 846 66 21 ständ
824 846 38 21 och
876 846 104 27 bonings-

432 881 39 25 ort,
483 880 83 20 antalet
576 879 75 27 aktier,
664 887 45 14 som
723 881 29 26 af
763 881 80 20 honom
859 880 120 27 öfverta-

430 921 58 20 gas,
504 914 38 20 och
558 914 69 27 dagen
641 914 36 27 för
693 914 139 27 teckningen;
849 914 38 21 och
902 913 38 28 får
961 915 20 26 e

433 947 99 28 teckning
546 948 133 26 godkännas,
695 949 49 20 med
759 948 86 21 mindre
866 948 115 21 tecknaren

431 982 37 27 för
482 982 34 20 det
531 982 128 27 öfvertagna
681 982 155 27 aktiebeloppet
857 989 64 14 anses
943 989 36 14 ve-

432 1016 114 27 derhäftig.

501 1050 49 20 Har
565 1051 19 26 e&
599 1051 94 26 bolagets
709 1051 148 26 upprättande
877 1050 103 27 beslutits,

432 1083 9 21 i
456 1084 45 24 den,
518 1083 93 28 ordning
637 1084 26 20 10
685 1084 14 27 $
719 1084 95 27 stadgar,
835 1083 62 21 inom
912 1085 29 20 ett
955 1083 27 22 år

432 1118 54 27 efter
500 1118 163 27 inbjudningen
678 1118 51 20 eller
745 1117 61 21 inom
820 1118 42 20 den
877 1118 46 20 deri
943 1119 37 20 ut-

432 1153 57 19 satta
505 1152 84 20 kortare
605 1152 37 25 tid,
658 1159 51 13 vare
724 1152 64 20 skedd
803 1151 100 28 teckning
924 1153 57 20 utan

432 1186 86 21 verkan.

678 1237 15 27 $
711 1238 20 19 8.

500 1283 75 26 Hafva
591 1283 46 20 alla
653 1283 107 26 utbjudna
773 1282 70 21 aktier
855 1282 126 27 öfvertagits

430 1323 78 20 genom
524 1317 132 26 teckningar,
672 1323 47 14 som
735 1316 28 27 af
769 1316 144 27 inbjudarene
927 1317 53 26 god-

432 1351 69 26 känts,
510 1351 56 20 skall
575 1351 60 27 öfver
644 1351 125 20 tecknarene
779 1351 117 26 upprättas
906 1350 75 27 skrift-

432 1385 30 27 lig
478 1385 71 27 längd,
566 1385 133 27 angifvande
715 1385 93 20 enhvars
820 1391 76 20 namn,
909 1384 72 27 stånd,

432 1419 127 27 boningsort
574 1419 39 20 och
623 1419 63 20 antal
696 1419 75 26 aktier,
782 1420 59 19 samt
865 1418 118 27 längdens

431 1453 132 27 riktighet
589 1453 109 27 bekräftas
722 1453 49 20 med
795 1451 138 28 underskrift
957 1452 28 27 af

431 1487 101 27 samtlige
542 1487 128 27 inbjudare;
682 1487 40 21 och
733 1494 34 20 ege
777 1487 58 20 desse
844 1486 69 21 sedan
923 1486 59 21 kalla

292 1524 49 23 Lag-
354 1525 33 17 och
399 1525 182 18 Ekonomiutskottets
593 1526 110 17 betänkande
715 1525 38 17 N:o
766 1526 17 16 2.
