1142 1803
264 199 28 21 24

432 198 84 23 Ständ.
532 198 39 23 Sv.
588 212 28 2 —
631 198 76 29 Prop.
722 198 47 24 N:o
784 199 21 23 1.

685 263 30 20 39
730 262 22 27 $.

516 318 38 22 Uti
560 321 149 25 guvernörens
719 319 91 28 slutliga
820 319 79 28 åtgärd
907 320 10 20 i
926 321 66 20 ären-

440 353 48 27 den,
504 360 48 14 som
567 353 70 28 enligt
657 353 73 21 denna
752 354 131 27 förordning
906 354 29 27 af
953 354 39 21 ho-

440 394 53 14 nom
508 387 143 28 handläggas,
664 387 38 21 mä
712 387 97 28 ändring
819 387 62 22 sökas
895 387 10 21 i
921 387 71 22 Sena-

441 423 47 20 tens
508 421 272 28 Ekonomiedepartement
806 422 79 21 medels
914 421 77 28 skrift-

441 456 46 27 liga
502 456 81 27 besvär,
599 455 76 22 hvilka
689 457 75 20 senast
778 455 47 28 före
844 456 89 21 klockan
953 455 45 28 tolf

440 489 15 22 ä
470 490 42 21 den
527 489 115 22 trettionde
657 490 70 27 dagen
737 490 55 27 efter
802 489 122 28 delfäendet
933 490 60 21 skola

442 524 35 21 till
490 526 138 26 guvernören
641 524 107 27 ingifvas.

681 588 32 20 40
727 588 20 26 $.

509 637 47 21 För
571 638 70 21 beslut
655 638 52 21 eller
726 638 80 27 utslag,
829 644 47 15 som
890 637 10 21 i
914 638 79 20 ärende

441 672 112 27 angäende
568 672 133 28 afsöndring
716 672 51 21 eller
782 672 85 28 egobyte
883 671 28 28 af
925 678 66 22 myn-

441 706 73 27 dighet
528 706 115 27 meddelas,
661 706 96 28 erlägges
771 706 44 21 icke
829 706 74 27 nägon
926 706 65 21 lösen.

685 774 27 21 41
727 774 21 27 8.

511 823 31 28 Åt
557 830 96 22 Senaten
667 831 146 27 öfverlemnas
823 832 33 19 att
865 836 79 21 genom
953 829 38 22 in-

441 865 111 20 struktion
566 867 105 19 närmare
687 865 118 21 bestämma
819 866 66 19 sättet
898 864 37 28 för
945 864 46 21 del-

441 899 79 28 nings-
538 899 38 21 och
591 899 274 28 egobytesförrättningars
875 898 118 28 utförande

441 935 59 19 samt
514 935 34 19 att
561 933 112 28 fastställa
688 933 25 21 de
733 933 36 28 för
791 933 86 21 sådana
899 933 92 27 förrätt-

440 967 85 28 ningar
539 967 82 28 nödiga
635 967 117 28 formulär.

684 1036 31 20 42
730 1036 20 26 $.

509 1085 51 21 Har
579 1085 56 21 visst
659 1085 88 22 omräde
769 1085 29 28 af
817 1085 98 28 lägenhet
936 1087 57 20 utan

440 1119 134 28 föregängen
589 1120 50 27 laga
653 1120 91 27 delning
767 1120 36 21 till
824 1119 73 28 någon
919 1119 71 28 öfver-

442 1153 66 27 lätits,
527 1160 51 15 vare
601 1154 69 21 denne
694 1154 127 27 berättigad,
836 1154 25 21 sä
879 1154 63 28 länge
958 1155 33 20 lä-

439 1187 106 27 genheten
561 1187 76 22 tillhör
651 1188 154 27 öfverlätaren,
821 1188 57 21 hans
890 1188 102 28 arfvinge

440 1221 52 21 eller
505 1221 80 28 nägon,
601 1228 48 15 som
664 1221 152 28 öfverlätelsen
836 1222 101 28 godkänt,
960 1224 33 19 att

437 1255 31 28 pä
490 1255 99 21 ansökan
613 1255 26 28 få
663 1255 298 28 öfverlätelseafhandlingen
982 1256 11 21 i

440 1290 265 28 inteckningsprotokollet
719 1290 131 28 inskrifven.
881 1290 50 21 När
951 1289 38 22 sä-

440 1325 45 20 dan
500 1324 129 28 inteckning
644 1325 61 26 skett,
721 1325 65 26 hafve
801 1325 41 20 den
856 1324 65 28 förre,
933 1324 59 21 ändå

440 1360 33 19 att
488 1358 127 28 lägenheten
629 1359 68 20 sedan
713 1359 36 20 till
762 1365 33 21 ny
809 1365 62 21 egare
891 1358 101 27 öfvergär

440 1393 51 20 eller
505 1393 78 21 varder
597 1393 38 27 för
649 1399 90 14 annans
753 1393 94 27 fordran
862 1392 51 21 eller
927 1393 62 27 nytt-

434 1427 116 27 janderätt
564 1427 123 27 intecknad,
703 1427 38 21 sin
755 1428 46 19 rätt
815 1426 36 21 till
861 1427 36 20 det
917 1425 72 28 öfver-

440 1460 62 22 lätna
517 1461 98 21 omrädet
637 1461 98 25 bevarad,
758 1460 97 28 säframt
869 1460 122 21 detsamma

438 1501 78 21 genom
541 1495 50 27 laga
613 1495 89 27 delning
725 1494 104 28 afskiljes,
853 1494 75 21 innan
951 1494 37 20 in-
