1142 1803
472 192 54 24 N:o
542 190 29 25 5.

348 446 71 25 Hans
448 446 167 32 Kejserliga
642 446 152 32 Majestäts
821 445 80 32 nådiga

279 487 138 33 proposition
437 487 33 24 till
489 487 103 24 Finlands
611 487 102 32 Ständer,
732 485 116 33 angående
865 493 36 18 er-

279 528 98 31 sättning
395 527 27 25 af
432 527 110 25 allmänna
555 527 68 25 medel
637 527 23 25 åt
672 527 85 25 vittnen
770 527 7 24 i
790 525 111 26 brottmål.

212 602 39 21 Till
276 602 60 21 Hans
361 601 121 27 Kejserliga
507 601 113 27 Majestäts
646 601 79 27 nådiga
747 600 154 28 godkännande

145 636 63 21 hafva
230 636 101 22 Finlands
355 636 93 21 Ständer
471 636 32 21 uti
522 636 111 21 skrifvelse
650 636 23 21 af
687 636 40 21 den
745 638 25 19 31
788 636 43 26 Maj
849 636 53 20 1888

144 670 137 22 öfverlemnat
304 672 31 19 ett
360 670 24 20 af
406 670 121 22 Ständerna
550 671 7 20 i
573 671 116 26 anledning
705 670 24 22 af
743 670 62 22 väckt
821 670 81 21 motion

144 707 86 25 antaget
251 704 79 27 förslag
356 705 32 20 till
412 704 132 27 förordning,
562 706 110 25 angäende
689 705 118 26 ersättning
828 704 23 21 af
865 704 38 21 all-

143 742 77 19 männa
234 739 69 22 medel
320 739 22 21 åt
357 740 81 20 vittnen
456 739 7 21 i
478 739 109 27 brottmål,
602 740 66 27 jemte
683 739 135 27 underdånig
829 739 73 21 anhål-

143 775 35 20 lan
194 777 31 19 att
240 775 58 20 Hans
314 775 120 26 Kejserliga
448 774 103 27 Majestät
567 775 90 26 täcktes,
671 775 4 20 i
688 775 101 20 händelse
800 774 102 26 förslaget

142 816 69 15 vunne
233 809 66 27 nådig
322 809 145 27 fastställelse,
492 809 44 21 låta
559 809 87 28 vidtaga
661 810 26 20 de
703 809 111 27 åtgärder,
830 809 72 21 hvilka

143 843 33 21 för
189 844 117 27 bringande
316 843 33 21 till
360 843 164 27 verkställighet
535 844 23 21 af
566 843 165 28 förordningens
743 844 159 26 bestämningar

142 878 70 21 kunde
226 878 68 21 finnas
308 878 84 27 nödiga.

209 913 46 20 Den
277 913 33 20 till
328 913 69 26 grund
413 913 33 20 för
462 913 132 21 Ständernas
610 913 93 21 nämnda
719 912 183 27 författningsför-

142 948 46 26 slag
210 948 62 26 lagda
294 947 90 27 princip,
408 949 32 20 att
458 947 37 21 det
511 947 60 27 ålåge
587 950 72 19 staten
675 949 82 20 ersätta
773 947 25 22 de
814 947 87 21 kostna-

142 982 44 27 der,
209 989 43 14 som
276 988 74 21 genom
367 983 120 20 inställelse
503 983 33 20 till
553 982 91 21 domstol
659 982 137 27 tillskyndats
812 982 89 25 vittnen,

142 1016 71 21 hvilka
236 1017 22 20 af
278 1017 79 20 allmän
380 1016 101 27 åklagare
504 1017 7 20 i
526 1017 71 26 gröfre
615 1017 102 21 brottmål
733 1016 114 27 påkallats,
863 1016 39 21 har

142 1053 80 19 ansetts
245 1051 102 21 innebära
370 1057 25 15 en
418 1051 60 21 såväl
502 1052 5 19 i
531 1051 145 21 rättsvårdens
696 1051 97 26 intresse,
813 1057 45 15 som
877 1057 25 13 ur

141 1085 215 26 billighetssynpunkt
379 1085 85 26 önsklig
486 1085 122 27 utveckling
634 1085 23 21 af
674 1086 41 20 den
732 1085 6 21 i
755 1087 12 20 5
783 1085 12 28 $
813 1086 24 20 17
854 1085 41 26 kap

141 1120 25 20 R.
189 1120 23 21 B.
234 1120 96 21 uttalade
346 1120 121 27 grundsats,
484 1122 32 19 att
532 1120 39 21 den
587 1126 45 15 som
649 1120 98 27 påkallat
763 1120 68 21 vittne
847 1119 54 21 skall

142 1156 80 19 ersätta
244 1155 48 20 dess
315 1155 127 24 kostnader;
466 1161 47 14 men
530 1155 7 20 i
553 1154 52 27 följd
621 1155 23 20 af
657 1154 245 28 författningsförslaget

140 1189 125 21 vidlådande
288 1189 78 21 brister
389 1189 39 21 och
453 1189 5 21 i
483 1190 107 20 anseende
605 1190 33 20 till
655 1190 25 21 de
697 1189 144 28 olägenheter,
858 1195 43 14 som

140 1223 188 27 verkställigheten
350 1223 23 22 af
395 1224 48 21 dess
463 1224 158 27 bestämningar
638 1224 69 21 skulle
723 1224 64 21 hafva
803 1223 98 25 medfört,

141 1258 39 21 har
196 1258 116 21 detsamma
328 1258 46 21 icke
386 1261 83 18 ansetts
481 1259 79 26 egnadt
571 1261 32 18 att
613 1259 33 20 till
657 1259 129 21 efterlefnad
796 1258 107 22 utfärdas.

208 1293 45 20 Den
277 1293 6 20 i
311 1295 4 18 1
342 1293 11 27 $
373 1293 23 21 af
410 1293 94 21 nämnda
520 1293 80 28 förslag
615 1293 115 27 uppstälda
745 1294 58 27 regel
820 1294 6 20 i
842 1293 61 26 fråga

141 1334 33 15 om
190 1328 78 21 vittnes
284 1328 146 27 godtgörande
451 1328 33 21 för
495 1328 147 27 resekostnad,
654 1328 67 27 enligt
730 1328 86 21 hvilken
827 1328 75 26 rättig-

140 1362 37 21 het
199 1363 32 20 till
249 1363 121 26 ersättning
385 1363 33 20 för
434 1363 120 26 skjutslega
569 1363 70 21 skulle
655 1363 65 21 hafva
736 1363 83 21 inträdt
834 1363 68 20 redan

141 1397 33 20 vid
195 1399 30 19 ett
240 1397 84 20 afstånd
340 1397 23 21 af
378 1397 76 21 endast
470 1398 30 20 tio
516 1397 113 22 kilometer
646 1398 77 21 mellan
739 1398 89 21 vittnets
843 1398 59 20 hem-

140 1431 41 21 vist
203 1431 38 21 och
256 1431 132 21 domstolens
404 1432 135 26 sessionsort,
551 1432 54 20 hade
616 1432 115 27 nemligen,
742 1432 49 20 med
801 1431 102 22 afseende

140 1465 51 21 derå
214 1467 32 19 att
268 1466 104 26 allmogen
389 1466 7 20 i
412 1466 49 20 vårt
477 1466 51 20 land
543 1468 23 19 är
581 1473 40 14 van
638 1468 31 19 att
685 1467 34 21 till
735 1466 42 22 fots
793 1466 109 27 tillrygga-

139 1500 63 26 lägga
224 1500 62 26 långa
309 1501 145 26 vägsträckor,
472 1500 157 27 otvifvelaktigt
644 1501 44 21 ledt
704 1501 72 21 dertill
793 1503 32 19 att
841 1500 61 27 godt-
