1142 1803
258 201 26 21 26
431 202 85 24 Ständ.
533 204 38 23 Sv.
588 218 28 2 —
632 205 74 30 Prop.
722 207 45 23 N:o
782 209 21 22 1.

430 266 82 28 serliga
526 267 159 29 förordningen
701 270 30 28 af
741 271 42 21 den
798 272 12 20 1
830 272 63 22 Mars
914 270 68 35 1852,

430 301 74 21 sävidt
525 302 72 27 angår
618 303 224 31 hemmansklyfning,
871 308 15 20 5
906 308 75 27 punk-

432 337 36 19 ten
482 335 10 21 i
504 335 160 29 förordningen
678 338 42 21 den
736 340 32 20 27
777 340 66 27 April
857 342 68 26 1868,
939 349 42 14 an-

430 369 88 28 gående,
536 370 67 21 bland
617 374 78 25 annat,
710 373 97 28 ändring
823 375 38 20 och
883 371 98 36 upphäf-

431 404 71 21 vande
526 405 30 27 af
579 405 113 29 ätskilliga
717 407 73 28 lagens
814 415 52 15 rum
890 411 93 20 rörande

431 439 256 29 rättegängsordningen,
703 441 10 21 i
727 442 58 21 hvad
799 443 100 22 nämnda
910 445 73 26 punkt

431 473 72 28 angär
518 473 75 22 tvister
607 481 36 15 om
665 475 103 28 klyfning
791 477 28 27 af
837 477 143 28 skattelägen-

431 507 64 28 heter,
510 511 59 18 samt
583 510 70 20 1—15
667 510 31 27 $$
712 510 10 21 i
736 510 159 29 förordningen
905 512 29 27 af
941 513 41 20 den

431 543 28 20 19
474 541 109 22 Februari
605 544 68 27 1883,
697 545 110 27 angäende
829 547 153 27 egostyckning

432 576 38 20 och
479 576 186 29 jordafsöndring
681 578 13 20 &
709 578 79 28 frälse-
801 579 39 21 och
851 579 129 22 skattehem-

430 617 55 14 man
500 613 60 19 samt
574 612 104 28 legoaftal
693 620 36 14 om
743 613 74 27 nägon
839 614 34 21 del
893 614 29 28 af
939 615 41 27 dy-

432 645 45 21 lika
504 646 129 27 lägenheter,
658 647 39 21 och
721 647 159 28 förordningen
905 649 41 21 den
971 650 11 20 1

430 679 63 21 Mars
508 680 67 27 1886,
591 680 112 28 angäende
717 681 71 28 nägra
805 682 108 22 särskilda
934 683 47 27 slag

431 714 29 27 af
471 714 152 27 egostyckning
638 715 39 20 och
692 715 197 28 jordafsöndring;
913 717 66 20 hvar-

426 748 68 27 jemte
510 749 20 26 ej
545 749 86 20 mindre
651 750 12 20 7
677 751 16 24 $
707 750 29 20 12
758 750 49 27 kap.
832 745 149 33 Ärfdabalken

432 783 38 20 och
486 783 15 20 3
515 783 15 27 $
548 784 14 19 6
583 783 48 28 kap.
651 783 153 28 Jordabalken,
819 785 85 21 sädana
919 785 62 21 dessa

432 817 88 27 lagrum
536 817 51 28 lyda
601 817 10 21 i
626 817 55 22 hvar
695 818 37 21 sin
746 818 131 28 förordning
893 819 28 28 af
939 819 42 21 den

433 851 31 20 27
478 851 58 21 Juni
550 852 68 26 1878,
634 852 159 28 förordningen
808 853 28 27 af
847 853 41 21 den
900 854 14 20 6
923 853 58 21 Juni

430 886 69 25 1883,
515 886 93 21 rörande
623 886 86 21 åborätt
724 886 14 21 ä
753 887 177 27 kronohemman,
946 887 35 21 sä-

430 919 48 21 vidt
499 920 71 27 angär
591 920 104 27 klyfning
711 921 28 27 af
765 921 75 27 dylika
869 921 109 27 hemman,

430 956 59 19 samt
514 955 30 20 67
559 954 38 21 och
622 955 31 20 68
667 956 31 24 $$
712 955 10 20 i
739 954 83 28 nädiga
843 955 138 28 reglementet

430 988 29 27 af
477 989 43 20 den
541 989 29 20 15
586 988 49 28 Maj
650 989 65 26 1848,
735 989 111 27 angäende
867 989 110 21 landtmä-

431 1023 62 21 teriet
514 1029 30 14 m.
567 1029 38 20 m.,
629 1024 30 19 än
674 1023 66 27 äfven
755 1023 58 21 hvad
826 1023 10 20 i
857 1023 69 28 öfriyt
945 1024 35 20 uti

430 1057 141 21 sistnämnda
595 1057 39 20 och
659 1057 71 21 andra
755 1057 163 27 författningar
941 1060 36 18 rö-

429 1091 69 20 rande
512 1090 91 27 delning
617 1090 29 27 af
647 1091 175 27 jordlägenheter
836 1091 15 20 å
865 1091 75 21 landet
953 1093 27 19 är

428 1125 102 27 stadgadt
549 1126 46 19 mot
613 1125 73 20 denna
705 1125 130 27 förordning
859 1125 119 26 stridande,

429 1159 129 27 härigenom
572 1158 98 28 undergä
685 1159 102 27 ändring.

288 1323 136 21 Beträffande
446 1323 101 28 förslaget
569 1324 32 20 till
620 1323 129 28 förordning,
770 1323 89 21 rörande
881 1323 96 27 ändring

218 1357 29 27 af
260 1357 14 20 3
290 1357 39 21 och
345 1358 32 20 27
391 1357 31 28 $$
436 1357 10 21 i
460 1357 84 28 nädiga
553 1357 160 28 förordningen
728 1357 28 28 af
767 1357 42 21 den
824 1358 29 20 12
862 1357 116 21 December

218 1392 65 26 1864,
307 1391 112 28 angäende
441 1391 122 28 skyldighet
584 1391 37 28 för
635 1399 62 20 egare
720 1392 51 21 eller
785 1391 145 28 innehafvare
953 1391 28 28 af

212 1425 55 27 jord
288 1427 34 19 att
336 1427 46 19 mot
404 1426 123 26 ersättning
543 1425 92 28 uppläta
657 1426 64 20 mark
740 1425 36 27 för
791 1425 95 21 allmänt
908 1425 68 27 behof,

217 1458 64 21 hafva
296 1458 119 22 Ständerna
431 1459 165 21 vidkommande
612 1460 13 20 3
641 1460 12 26 $
674 1461 74 24 ansett,
763 1461 30 19 att
807 1459 117 27 jordegare,
947 1459 30 21 öf-

217 1498 38 15 ver
269 1493 63 21 hvars
348 1493 60 21 mark
424 1494 98 26 telegraf-
538 1494 53 20 eller
605 1493 152 21 telefonträdar
771 1493 118 26 framledas,
911 1493 65 21 borde
