1142 1803
379 173 25 21 U.
422 173 24 21 B.

505 173 62 27 Prop.
584 173 41 21 N:o
641 175 18 19 9.
859 176 12 19 3

210 237 36 19 Att
268 236 44 20 värt
334 236 48 19 land
404 236 65 20 skulle
491 237 40 19 lida
552 237 50 19 brist
617 236 26 26 pä
657 237 43 25 jord
716 237 69 25 tjenlig
801 239 29 17 att
845 238 56 19 odlas

142 265 56 19 torde
213 264 32 20 väl
259 265 101 25 knappast
374 265 69 19 kunna
458 264 76 26 pästäs.
564 265 45 19 Men
624 265 46 19 med
685 267 63 17 större
763 266 33 24 fog
806 266 38 19 kan
856 272 45 13 man

141 295 47 23 säga
202 295 30 17 att
247 299 24 13 en
288 295 42 17 stor
345 293 31 19 del
391 293 19 19 af
424 294 40 18 den
478 293 44 25 jord
537 299 44 13 som
596 294 56 19 odlas
667 294 109 25 ingalunda
791 294 88 20 kommer
894 295 6 19 i

142 321 117 25 åtnjutande
280 322 20 18 af
322 322 38 19 den
383 321 49 19 vård
455 322 116 19 densamma
594 322 50 19 både
666 322 67 19 kunde
749 322 36 20 och
800 323 60 19 borde
875 323 25 19 få.

142 350 111 19 Orsakerna
274 350 66 19 härtill
362 352 33 17 äro
418 350 19 19 af
460 350 42 19 vidt
525 350 63 19 skilda
604 350 43 25 slag
662 351 37 18 och
713 350 103 19 deribland
831 351 70 20 främst

143 378 100 19 bristande
262 378 114 25 kunskaper
398 378 37 19 och
452 378 101 19 saknaden
567 378 20 19 af
602 378 125 25 erforderligt
741 379 80 25 kapital.
851 379 9 19 I
875 385 25 14 en

142 409 43 17 stor
207 407 31 19 del
260 407 20 18 af
294 406 67 19 landet
378 407 82 18 hindrar
474 406 44 20 äter
533 406 70 25 sjelfva
616 407 81 24 jordens
713 407 136 20 beskaffenhet
863 408 37 19 och

142 435 76 20 bristen
234 434 26 26 pä
274 441 36 13 ens
326 435 24 19 de
366 435 48 18 allra
423 435 158 25 nödvändigaste
591 435 249 20 kommunikationsmede!
858 435 41 26 (vä-

142 463 42 26 gar)
198 463 80 26 jordens
293 463 121 19 intensivare
429 463 133 20 bebrukande.

211 492 103 19 Betraktar
338 497 46 14 man
406 491 42 20 äter
468 492 53 19 huru
544 492 69 25 odling
628 492 37 19 och
679 492 219 20 kommunikationsvä-

144 520 60 20 sende
226 521 6 19 i
255 520 45 19 värt
317 520 47 19 land
378 520 103 19 utvecklat
497 521 36 25 sig,
550 520 22 19 sä
587 521 51 18 skall
653 527 46 12 man
714 521 55 19 finna
783 523 30 17 att
828 521 73 25 kyrkor

143 549 37 19 och
201 549 115 24 kyrkobyar
336 549 50 18 hvar
407 548 26 25 pä
448 549 32 18 sin
495 550 31 17 ort
541 550 70 23 utgöra
627 549 71 19 liksom
713 549 189 25 centralpunkterna

143 576 86 20 derifrän
253 577 93 24 odlingen
369 576 65 26 spridt
456 576 31 25 sig
504 577 59 25 kring
585 577 86 25 bygden.
701 577 145 25 Kyrkobyarna
867 580 34 17 äro

143 606 93 24 vanligen
257 605 83 25 belägna
362 605 6 19 i
392 605 38 19 den
450 605 133 19 fruktbaraste
601 606 57 18 delen
679 606 20 18 af
714 605 93 25 socknen,
822 606 79 19 hvarför

143 633 65 24 också,
230 634 104 19 obeaktadt
357 633 38 19 den
417 634 71 18 lättare
510 634 171 19 kommunikation
703 634 37 19 och
755 634 24 20 de
794 634 64 20 bättre
873 634 28 19 af-

144 662 237 25 sättningsförhällanden
402 662 34 19 der
450 664 34 17 äro
496 662 93 24 rädande,
603 662 116 25 jordbruket
733 662 104 20 derstädes
852 669 49 13 van-

143 690 53 25 ligen
216 692 22 18 är
253 690 33 19 det
300 691 57 19 bästa
372 690 54 19 inom
442 690 127 20 kommunen.
599 691 35 19 Att
648 690 70 25 jorden
734 690 77 20 säledes
822 691 34 19 der
866 691 35 19 har

144 720 62 18 större
222 719 59 18 värde
296 721 25 16 än
336 719 6 18 i
358 718 140 19 ödemarkerna
513 719 36 18 och
566 720 29 17 att
612 719 38 18 den
665 719 146 24 jordbrukande
826 719 74 19 befolk-

144 747 74 24 ningen
240 747 70 19 främst
334 747 56 19 söker
406 747 30 24 sig
450 747 44 24 jord
510 747 22 19 sä
547 749 48 17 nära
609 747 106 24 kyrkobyn
731 753 44 13 som
789 747 76 25 möjligt
880 749 21 17 är

145 775 102 25 sjeltfallet.
277 775 29 19 De
328 777 74 17 största
423 775 37 19 och
475 775 57 19 bästa
546 775 165 25 possessionerna
726 775 6 19 i
747 776 106 24 kyrkobyn
869 777 32 17 ut-

144 805 56 23 göras
216 803 43 20 åter
274 804 93 25 vanligen
382 804 19 18 af
418 803 132 25 prestabolen,
565 804 67 19 hvilka
648 803 77 20 således
740 804 60 19 borde
815 810 47 13 vara
877 804 24 19 de

143 832 7 19 i
165 832 68 25 odling
248 832 37 19 och
300 832 114 25 afkastning
428 832 109 19 förnämsta
552 832 54 19 inom
622 832 93 19 socknen.
738 832 51 19 Vare
801 833 34 18 det
845 832 57 25 långt

142 860 52 19 ifrån
209 861 41 24 mig
264 862 30 17 att
309 860 59 25 påstå
382 861 34 18 det
433 860 42 19 icke
490 861 100 24 prestabol
609 861 70 24 finnas,
693 860 67 19 hvilka
775 861 6 18 i
796 861 105 24 odlingens

144 889 104 19 intensitet
270 889 36 19 och
327 889 160 24 bebrukningens
503 889 74 24 godhet
592 889 32 19 stä
638 889 6 18 i
659 889 116 24 jemnbredd
789 889 45 19 med
849 888 53 19 hvad

144 917 6 19 i
165 917 67 25 hvarje
252 917 54 25 bygd
328 917 45 19 bäst
388 917 111 19 förefinnes.
529 917 45 19 Men
590 917 34 20 det
638 917 39 19 kan
692 917 12 19 ä
719 917 61 19 andra
792 917 57 19 sidan
859 917 43 19 icke

145 945 68 25 undgå
235 947 29 18 att
284 945 6 19 i
313 945 42 20 viss
374 945 46 19 män
436 947 62 18 väcka
513 945 104 25 förvåning
632 947 29 18 att
677 945 22 20 sä
714 945 39 19 kan
769 951 46 13 vara
830 945 72 19 förhäl-

144 974 74 19 landet.
248 973 30 25 Ty
299 980 32 13 om
352 973 116 26 jordbruket
489 985 28 2 —
540 974 36 19 och
591 974 66 19 dertill
671 975 29 18 ett
716 974 40 19 ofta
771 979 40 19 nog
826 973 76 25 ganska

146 1003 51 18 stort
207 1001 71 20 sädant
287 1013 27 3 —
322 1004 55 23 tager
388 1002 31 19 sin
430 1008 46 13 man
486 1008 52 19 noga
553 1002 7 19 i
575 1001 92 26 anspräk,
683 1002 22 19 sä
720 1003 39 18 kan
775 1002 127 25 sannerligen

146 1030 16 25 ej
178 1030 61 19 heller
260 1033 60 16 annat
336 1033 58 22 sägas
410 1037 32 12 om
457 1032 93 23 prestens
568 1031 100 24 egentliga
683 1031 48 18 kall:
749 1030 152 25 själasörjarens,

146 1058 159 20 undervisarens..
336 1058 36 20 Om
388 1059 33 19 det
436 1059 25 19 dä
484 1059 71 24 lyckats
571 1059 62 24 några
647 1059 139 23 framstående,
802 1058 99 25 synnerli-

145 1092 39 19 gen
206 1087 124 19 verksamma
352 1087 98 18 individer
464 1088 29 17 att
509 1087 64 24 ,tjena
587 1086 35 19 två
637 1087 84 24 herrar",
735 1087 115 24 jordbruket
865 1086 37 19 och

146 1115 145 24 församlingen,
314 1115 22 19 sä
357 1115 38 19 kan
411 1115 11 19 ä
437 1115 62 19 andra
514 1115 57 19 sidan
586 1115 60 24 ingen
661 1115 94 19 förundra
770 1115 31 24 sig
816 1121 33 12 om
863 1115 38 18 den

146 1149 37 13 ena
197 1145 70 23 parten
282 1144 6 18 i
303 1143 107 20 allmänhet
425 1143 65 20 mäste
505 1143 26 19 bli
546 1143 79 19 lidande
640 1143 37 19 och
691 1145 30 17 att
736 1143 33 19 det
784 1143 25 19 dä
819 1145 21 17 är
849 1143 52 24 jord-

145 1171 72 20 bruket
239 1177 43 14 som
303 1171 29 20 får
354 1172 48 19 sitta
424 1171 89 25 emellan,
536 1171 50 20 skall
601 1171 33 20 väl
651 1171 61 25 ingen
727 1171 48 25 vilja
789 1171 48 20 eller
852 1171 51 24 våga

146 1200 92 19 bestrida.

214 1239 95 20 Prestens
330 1240 126 19 verksamhet
485 1241 21 18 bör
522 1246 45 13 vara
582 1239 65 25 egnad
661 1239 21 19 ät
697 1239 152 25 församlingens
864 1245 38 13 un-

146 1268 117 25 dervisning
285 1268 36 19 och
344 1268 104 25 själavärd.
478 1268 35 19 Att
528 1268 54 19 detta
597 1268 71 24 arbete,
684 1273 32 14 om
731 1267 34 20 det
780 1269 39 18 rätt
835 1267 66 20 skötes

146 1296 46 19 fullt
207 1299 22 17 ut
244 1298 54 23 tager
313 1303 24 12 en
353 1302 84 19 persons
453 1296 29 19 tid
496 1296 7 19 i
518 1296 92 25 anspräk,
626 1296 38 19 kan
679 1296 42 19 icke
736 1296 96 24 förnekas,
857 1301 45 14 men

146 1327 30 17 att
190 1325 43 19 äter
248 1324 66 25 nägon
329 1325 29 19 tid
373 1325 29 19 för
416 1331 67 12 annan
499 1325 126 19 verksamhet
640 1324 6 19 i
661 1325 46 18 flere
722 1324 33 19 fall
771 1323 37 20 blir
821 1326 81 23 presten

146 1353 50 25 öfrig
218 1355 30 18 att
269 1353 102 19 användas
393 1353 83 19 likasom
495 1353 30 19 till
540 1353 110 19 rekreation
666 1352 63 19 måste
745 1352 60 19 också
819 1352 83 25 medgif-

147 1388 41 13 vas.
218 1381 36 20 Om
270 1381 24 20 dä
312 1381 120 25 jordbruket,
444 1381 76 20 hvilket
534 1381 7 19 i
556 1381 36 19 vär
607 1381 28 19 tid
650 1381 76 18 fordrar
741 1383 83 22 säregna
838 1380 65 25 anlag,

146 1411 114 24 kunskaper
275 1410 37 19 och
327 1410 65 19 dertill
407 1412 54 17 ännu
477 1409 79 25 kapital,
573 1411 22 17 är
610 1409 39 19 den
665 1409 125 24 lämpligaste
805 1409 96 24 bisyssel-

148 1439 120 24 sättningen,
290 1439 38 18 kan
351 1438 45 19 med
418 1438 42 19 skäl
476 1439 64 17 sättas
554 1437 7 19 i
576 1437 60 25 fråga.
666 1437 109 19 Frukterna
790 1437 19 19 af
823 1437 34 18 det
871 1442 30 13 ar-

146 1467 45 19 bete
209 1466 37 20 och
263 1466 24 19 de
303 1466 100 25 kapitaler,
418 1472 43 13 som
477 1466 107 24 nedläggas
599 1465 12 19 ä
625 1465 121 25 jordbruket,
760 1465 61 19 blifva
836 1464 67 19 vidare

216 1505 46 21 Lag-
276 1504 32 18 och
320 1504 181 17 Ekonomiutskottets
514 1503 110 18 betänkande
635 1504 37 16 N:o
685 1504 16 16 4.
