1142 1803
383 155 31 22 U.
429 156 28 22 B.
474 169 28 3 —
516 156 76 28 Prop.
608 156 46 24 N:o
670 157 23 23 5.

423 529 226 28 Lagutskottets
664 530 183 23 hemställan
861 530 57 22 med

368 563 137 28 anledning
527 564 28 22 af
575 564 29 22 de
620 565 92 26 beslut,
727 565 10 21 i
752 564 86 22 hvilka
853 564 64 22 stån-

370 598 47 22 den
430 599 100 21 stannat
545 598 41 22 vid
597 599 183 27 behandlingen
794 599 28 22 af
829 598 90 28 nådiga

369 633 189 28 propositionen
581 633 126 27 angående
733 634 140 26 ersättning
893 632 28 23 af

370 667 126 22 allmänna
516 667 82 22 medel
613 667 26 23 åt
654 668 98 22 vittnen
765 668 9 22 i
790 667 128 23 brottmål.

232 735 166 29 Lagutskottet
413 735 42 22 har
470 743 83 21 genom
569 736 213 29 protokollsutdrag
797 736 121 27 inhämtat,

165 772 35 19 att
209 770 40 21 vid
260 769 166 29 föredragning
438 770 25 21 af
470 770 132 22 Utskottets
615 770 147 21 betänkande
772 771 43 21 N:o
827 772 12 20 3
851 772 70 20 samt-

164 805 49 28 liga
236 804 98 21 stånden
350 805 8 20 i
373 804 42 21 sak
430 804 105 29 godkänt
551 805 39 21 det
605 805 50 21 däri
672 805 115 28 ingående
809 805 112 28 förslaget

165 839 36 22 till
216 839 143 28 förordning.
390 839 66 21 Dock
471 839 42 21 har

233 873 142 24 Presteståndet
400 873 84 21 önskat
506 875 36 20 att
563 873 275 29 författningsförslagets
855 873 66 22 orda-

165 908 39 28 lag
220 907 76 22 blefve
311 907 97 22 sålunda
424 907 107 28 ändrade,
547 910 34 19 att
597 908 39 21 det
651 909 8 20 i
675 908 44 21 den
732 908 99 21 svenska
841 910 80 19 texten

166 943 13 21 å
197 944 56 19 11:te
268 942 71 21 raden
355 942 25 21 af
395 943 9 20 1
422 944 46 25 8:ns
484 942 73 22 första
571 944 102 20 moment
683 942 190 22 förekommande
886 950 37 14 or-

166 977 38 21 det
228 978 111 24 ,vittnets
362 977 112 28 antingen
497 977 76 21 blefve
595 977 81 28 utbytt
698 979 62 19 emot
776 977 65 21 ordet
856 978 66 26 ,,sitt'

166 1011 56 21 eller
245 1011 93 21 alldeles
356 1011 117 25 uteslutet,
491 1013 60 19 samt
566 1014 35 18 att
616 1011 39 22 det
668 1011 8 21 i
692 1011 45 21 den
752 1011 75 22 finska
842 1013 80 19 texten

167 1046 13 20 å
202 1045 50 21 9:de
274 1045 70 21 raden
368 1045 26 21 af
414 1045 72 28 tredje
507 1047 126 19 momentet
648 1046 8 20 i
672 1045 72 29 sagda
759 1047 11 25 $
786 1045 137 29 begagnade

166 1080 118 27 uttrycket
308 1095 4 10 ,
315 1080 135 25 huolimatta
472 1080 53 21 siitä
546 1080 53 20 mitä
621 1081 116 26 ylempänä
759 1087 28 14 on
809 1080 114 27 säädetty"

167 1114 71 21 måtte
262 1116 95 19 ersättas
381 1113 52 21 med
452 1115 33 19 ett
501 1116 70 19 annat
587 1113 136 29 lämpligare
738 1114 101 28 uttryck,
856 1113 67 22 hvar-

167 1148 93 28 igenom
278 1147 109 22 särskildt
403 1147 65 22 ordet
484 1148 156 27 ,,huolimatta"
656 1147 77 22 kunde
748 1148 8 21 i
771 1150 80 19 texten
865 1147 59 22 und-

168 1182 75 27 vikas;

236 1217 160 29 Borgareständet
426 1217 96 21 —beslutit
549 1217 118 21 utelämna
693 1217 40 21 det
755 1217 170 22 ofvanberörda

168 1251 66 21 ordet
250 1252 121 26 ,,vittnets';
387 1251 119 22 äfvensom

237 1285 137 24 Bondeständet
397 1285 63 22 velat
485 1285 78 22 lämna
577 1285 122 22 Utskottet
714 1286 37 21 del
767 1286 26 21 af
805 1293 29 14 en
852 1285 74 22 under

169 1319 106 22 ärendets
291 1319 143 29 behandling
450 1320 8 21 i
468 1320 93 21 ståndet
574 1320 121 21 framstäld
708 1320 155 29 anmärkning
875 1320 51 21 där-

170 1361 43 19 om,
236 1356 34 19 att
292 1355 8 21 i
316 1355 44 21 den
376 1355 100 21 svenska
491 1354 119 29 lagtexten
625 1355 36 21 uti
677 1355 12 28 $
707 1356 18 25 1,
741 1362 67 14 mom.
825 1356 12 20 2
854 1354 72 22 orden

170 1390 85 26 ,Vittne,
278 1396 44 14 som
345 1389 106 21 inkallats
466 1389 67 28 enligt
549 1389 101 21 domstols
662 1389 169 28 förordnande"
855 1388 72 22 borde

170 1423 87 21 erhålla
278 1423 102 28 följande
400 1423 162 28 omställning:
579 1424 86 26 ,vittne,
681 1430 44 14 som
741 1424 66 27 enligt
824 1424 102 20 domstols

166 1457 155 28 förordnande
336 1457 127 21 inkallats".

238 1496 130 24 Lagutskottets
381 1497 111 18 betänkande
504 1496 38 18 N:o
554 1497 17 17 3.
