1142 1803
384 189 26 22 U.
426 190 24 20 B.
468 202 25 2 —
510 189 65 27 Prop.
590 189 40 22 N:o
647 190 19 21 9.
851 191 27 19 45

144 252 82 21 vandet
250 252 25 20 af
294 252 92 20 boställe
408 252 48 20 icke
479 252 23 20 är
526 252 107 25 förenadt,
656 259 50 14 men
721 252 68 28 enligt
804 252 104 28 förslaget

146 286 68 21 skulle
230 287 65 20 dessa
310 286 41 21 alla
367 286 68 21 förses
450 286 52 21 med
518 286 80 27 dylika,
615 286 87 21 hvarför
717 294 30 19 ny
762 287 115 27 uträkning
887 287 24 21 af

145 321 185 27 prestaflöningen
352 321 72 21 blefve
445 321 132 27 nödvändig,
595 321 28 21 då
636 320 23 27 ju
674 321 165 27 presterskapet
854 322 55 20 efter

145 362 14 14 2
175 356 33 27 &n
224 358 6 18 i
248 356 54 20 1886
318 356 33 20 års
367 356 126 27 förordning
508 357 30 19 uti
554 363 27 13 en
596 356 101 20 bestämd
710 357 130 26 proportion
851 356 56 27 egde

146 389 152 28 tillgodonjuta
320 390 131 20 densamma.
481 389 115 27 Farhågan
618 389 33 21 för
673 397 30 19 ny
721 389 108 28 reglering
844 397 65 20 synes

146 424 59 21 dock
226 431 53 14 vara
299 424 137 27 temmeligen
460 424 120 27 ogrundad,
604 424 28 21 då
647 424 68 21 saken
730 425 6 20 i
752 424 28 21 de
795 425 62 20 flesta
873 424 36 21 fall

148 459 64 20 torde
234 459 72 20 kunna
322 459 78 20 ordnas
416 459 29 26 på
460 458 247 21 öfverenskommelsens
720 459 44 26 väg
779 459 52 20 eller
846 461 6 18 i
867 459 42 20 den

147 493 93 27 ordning
265 499 48 14 som
335 493 33 20 för
390 493 134 20 närvarande
546 493 68 27 gäller
637 500 37 13 om
696 493 213 21 lönekonventioner.

147 527 73 28 Enligt
239 533 24 21 13
280 527 34 28 &n
328 528 6 19 i
350 527 145 21 resolutionen
511 528 29 26 pä
555 528 176 26 presterskapets
747 527 78 21 besvär
838 528 25 20 af
868 528 42 20 den

148 567 12 21 7
176 562 41 26 Juli
235 566 53 22 1752
305 561 61 20 skola
381 561 27 20 de
424 561 128 27 föreningar,
569 569 48 13 som
631 561 72 21 kunna
709 557 57 35 vara
778 557 131 35 iförsamlin-

148 602 67 20 garna
230 595 99 22 träffade,
346 596 68 20 sedan
424 596 28 20 de
465 596 25 20 af
498 596 113 20 Guvernör
619 596 42 20 och
669 596 142 27 Domkapitel
819 596 91 26 (Lands-

148 630 92 26 höfding
255 630 42 20 och
312 630 167 26 Konsistorium)
495 630 105 26 pröfvats,
624 630 31 20 till
670 630 76 26 nädigt
761 630 148 21 fastställande

148 664 108 25 insändas,
282 664 41 20 och
344 664 69 20 denna
428 664 93 26 ordning
536 671 65 19 synes
617 664 64 20 äfven
697 666 6 18 i
719 664 140 21 förevarande
875 664 35 22 fall

149 698 88 26 mycket
246 698 36 20 väl
294 698 70 20 kunna
376 698 114 27 tillämpas.
522 698 29 20 På
566 698 69 27 grund
645 698 26 20 af
679 698 28 20 de
719 698 67 20 redan
796 698 114 21 faststälda

149 732 165 26 regleringarna,
333 732 89 20 hvarvid
440 731 135 21 förmänerna
591 732 25 20 af
626 732 43 25 bol,
685 732 140 27 boningsrum
839 739 27 14 m.
882 739 27 14 m.

147 765 22 27 ju
185 766 64 20 äfven
263 767 66 26 tagits
344 767 7 19 i
373 765 149 26 betraktande,
545 765 55 21 skall
615 766 37 21 det
667 766 108 27 nemligen
790 766 120 21 merendels

149 800 65 21 blifva
236 800 40 21 lätt
299 803 31 18 att
353 803 51 18 utan
425 807 29 20 ny
475 800 115 27 uträkning
612 801 29 26 pä
660 804 62 17 orten
737 800 116 21 verkställa
869 801 42 20 den

147 835 112 26 jemkning
269 836 6 19 i
286 841 82 14 samma
376 835 136 26 regleringar,
526 841 48 14 som
584 835 25 20 af
616 835 215 26 omständigheterna
840 834 71 21 kunna

150 867 104 28 päkallas.
279 869 42 20 Att
338 870 177 26 propositionens
538 868 66 21 tanke
627 869 64 20 äfven
709 869 24 20 är
748 869 76 25 denna,
848 869 63 20 torde

149 903 71 20 kunna
239 909 63 14 anses
322 903 51 20 med
388 903 154 26 otvetydighet
564 903 83 26 framgä
667 903 67 25 deraf,
751 906 32 17 att
797 903 46 20 frän
859 903 51 20 den-

150 943 82 14 samma
248 936 106 21 uteslutits
370 937 38 20 det
422 937 123 26 stadgande
561 943 35 14 om
611 944 30 19 ny
662 937 107 27 reglering
789 939 30 19 uti
834 937 77 27 ifräga-

149 971 96 20 varande
260 971 108 25 afseende,
384 971 82 20 hvilket
484 971 61 26 ingår
563 972 6 19 i
589 971 154 20 motsvarande
759 971 12 26 $
789 971 25 20 af
826 971 37 20 det
881 972 30 19 uti

150 1005 91 20 ärendet
256 1005 110 20 tillkomna
381 1004 171 28 komiteförslag.

220 1039 74 27 Enligt
310 1039 100 27 gällande
426 1039 42 21 rätt
484 1039 24 20 är
524 1039 188 27 församlingarnas
724 1040 29 26 pä
761 1039 73 21 landet
842 1039 69 27 bygg-

152 1072 180 27 nadsskyldighet
355 1072 110 21 inskränkt
486 1072 33 21 till
540 1074 58 19 vissa
620 1073 115 20 bestämda
750 1074 46 24 hus,
813 1073 28 20 de
857 1080 16 13 s.
889 1073 21 20 k.

150 1106 50 27 laga
222 1106 74 25 husen,
320 1107 49 20 dem
391 1107 27 20 de
440 1113 41 20 ega
497 1113 110 14 ensamme
622 1107 101 27 uppföra,
739 1107 78 20 medan
832 1107 79 26 kyrko-

151 1141 106 20 herdarne
268 1141 71 26 åligga
354 1144 32 17 att
402 1141 68 26 draga
485 1141 86 26 försorg
587 1148 35 13 om
638 1141 147 27 uppförandet
800 1141 25 20 af
837 1141 28 20 de
881 1141 31 20 öf-

151 1176 46 25 riga
226 1175 33 20 för
287 1175 60 20 bolet
376 1175 142 26 erforderliga
549 1175 74 20 husen.
656 1175 75 21 Under
753 1175 158 27 benämningen

152 1209 63 27 laga
237 1208 53 21 hus"
310 1209 123 26 inbegriper
451 1209 46 20 åter
518 1210 177 26 propositionens
713 1209 14 20 6
742 1209 11 27 &
769 1209 100 27 samtliga
884 1209 27 20 de

152 1243 134 26 byggnader,
302 1249 48 14 som
365 1243 33 20 för
413 1243 104 20 bostället
533 1243 42 20 och
591 1243 50 20 dess
657 1243 138 21 innehafvare
810 1243 38 20 äro
859 1243 52 20 nöd-

152 1277 100 26 vändiga.
282 1277 45 20 Det
342 1277 23 20 är
381 1277 71 20 derför
468 1277 64 20 äfven
548 1277 123 20 kostnaden
686 1277 33 20 för
735 1277 63 21 dessa
813 1277 98 27 byggna-

151 1311 51 20 ders
224 1311 136 26 uppförande
383 1311 42 20 och
448 1311 117 25 underhäll,
589 1318 48 13 som
654 1311 88 20 komme
758 1314 32 18 att
805 1311 107 21 bestridas

152 1351 24 14 ur
192 1345 41 20 den
248 1351 80 20 genom
342 1344 77 27 bidrag
434 1345 46 20 frän
490 1345 60 20 säväl
560 1345 188 27 församlingarnas
759 1352 48 13 som
819 1348 93 24 prester-

152 1379 90 26 skapets
264 1378 46 21 sida
332 1379 111 20 tillkomna
458 1379 293 27 boställsbyggnadskassan.
782 1379 35 20 De
832 1381 30 19 uti
877 1379 35 27 &:n

152 1412 143 28 uppräknade
314 1413 128 26 byggnader
461 1413 63 20 torde
540 1415 6 18 i
562 1413 116 21 allmänhet
692 1413 71 20 kunna
779 1420 62 13 anses
857 1416 55 17 mot-

152 1454 62 13 svara
232 1446 105 21 behofvet
358 1447 28 26 pä
402 1450 31 17 ett
448 1446 99 25 boställe,
564 1446 41 21 och
621 1447 28 20 dä
664 1448 7 19 i
687 1447 148 26 efterföljande
845 1442 12 35 8
879 1446 33 21 til-

150 1480 78 27 lägges
244 1483 32 18 att
289 1483 31 18 ett
336 1480 50 20 eller
401 1484 64 17 annat
480 1480 40 20 hus
536 1480 124 21 derutöfver
675 1481 110 21 beroende
800 1481 23 20 af
834 1480 78 21 förhäl-

222 1521 47 21 Lag-
282 1519 32 17 och
327 1519 183 18 Ekonomiutskottets
522 1520 111 17 betänkande
645 1519 38 18 N:o
695 1520 17 17 4.
