1142 1803
258 194 29 20 18

424 193 78 22 Ständ
518 193 39 23 Sv.
572 206 28 3 —
615 194 75 28 Prop.
706 194 45 22 N:o
766 194 38 22 10.

508 256 77 21 Sådan
601 257 104 20 anmälan
721 257 57 21 skall
793 264 54 14 vara
862 258 125 21 underteck-

438 290 46 20 nad
507 290 31 28 af
560 290 177 28 bolagsstyrelsen
759 291 8 21 i
789 291 48 21 dess
858 291 68 22 helhet
948 292 38 21 och

434 324 115 21 innehålla
570 326 115 26 styrelsens
695 325 138 28 förklaring,
849 328 32 18 att
896 326 36 21 vid
947 333 38 14 an-

438 358 61 21 stäld
520 358 136 28 granskning
672 359 49 20 skäl
736 360 34 19 till
786 360 146 27 anmärkning
955 360 31 20 be-

433 391 114 28 träffande
567 391 94 29 bolagets
677 392 102 21 bildande
801 394 51 20 eller
867 396 53 18 emot
931 394 54 27 för-

436 425 77 26 behåll,
536 433 45 14 som
606 427 68 27 enligt
693 427 13 20 5
727 427 15 27 $
764 427 75 27 gjorts,
865 427 46 21 icke
921 427 64 28 före-

434 459 92 28 funnits
549 463 57 18 samt
621 463 32 18 att
676 461 34 20 det
726 461 81 27 belopp,
829 468 45 14 som
890 462 66 27 enligt
970 463 13 19 1

437 495 52 20 eller
512 495 14 20 9
548 496 15 25 $
579 494 37 21 bör
631 501 53 14 vara
706 495 112 26 inbetaldt,
834 496 31 27 af
881 496 102 27 styrelsen

433 527 201 29 omhänderhafves.

679 621 29 20 12
724 620 21 26 $.

505 680 83 22 Finnes
604 681 167 28 bolagsordning
783 681 42 27 för
837 682 98 20 anmäldt
945 682 39 20 ak-

436 714 94 27 tiebolag
554 722 53 13 vara
629 715 120 27 upprättad
771 716 67 27 enligt
861 716 70 20 denna
947 716 36 26 lag

440 747 39 21 och
501 748 41 21 har
567 749 36 20 vid
629 749 92 28 bolagets
746 749 101 21 bildande
871 749 113 27 iakttagits

432 781 60 21 hvad
507 782 42 21 här
564 783 67 26 ofvan
647 785 27 18 är
688 783 103 28 stadgadt
805 785 55 19 samt
875 785 24 18 är
906 783 77 27 flerta-

432 813 30 23 let
486 817 32 26 af
529 817 53 25 dem,
598 823 45 14 som
659 817 82 28 bolaget
756 818 45 26 lagt
821 817 51 20 eller
887 817 34 21 till
935 817 48 21 dess

438 850 108 28 läggande
569 850 102 28 inbjudit,
694 851 8 20 i
725 851 74 21 landet
817 851 74 26 bosatt,
919 851 64 21 varde

438 885 80 28 bolaget
540 886 9 19 i
565 885 170 28 bolagsregistret
750 885 116 28 inskrifvet
881 885 47 21 med
943 892 40 14 an-

435 919 99 28 teckning
556 927 32 13 om
605 920 40 20 den
661 920 51 21 eller
727 920 53 26 dem,
797 926 43 14 som
855 921 77 26 utgöra
947 919 36 21 bo-

437 953 68 27 lagets
520 954 98 27 styrelse;
641 953 38 21 och
695 953 72 21 teckne
781 953 150 28 myndigheten
950 953 31 20 be-

438 988 32 19 vis
485 994 33 14 om
538 987 165 28 inskrifningen
718 989 13 19 å
747 987 235 28 bolagsafhandlingen

435 1023 57 19 samt
514 1022 42 20 låte
578 1029 32 13 om
633 1021 81 28 bolaget
736 1021 38 21 och
795 1021 47 21 dess
864 1021 87 28 styrelse
973 1021 8 20 i

435 1055 114 21 allmänna
565 1056 143 27 tidningarna
723 1055 105 28 kungöra.

675 1146 28 19 13

501 1207 74 20 Innan
597 1207 120 27 aktiebolag
732 1207 9 20 i
762 1207 171 27 bolagsregistret
948 1207 32 20 in-

434 1241 108 28 skrifvits,
565 1242 36 20 må
616 1241 21 27 ej
658 1241 99 27 egendom
777 1241 8 20 i
801 1240 92 28 boluycic
915 1247 65 14 namn

428 1276 138 27 Jförvärfvas
584 1276 51 20 eller
650 1275 44 26 för
711 1275 118 20 detsamma
851 1275 57 20 talas
930 1275 51 20 eller

432 1316 88 19 svaras;
536 1309 54 21 dock
605 1316 50 14 vare
670 1309 143 27 inbjudarene
828 1308 99 27 obetaget,
943 1308 38 20 der

432 1343 100 21 tecknare
548 1343 45 20 icke
603 1343 89 27 fullgör
708 1343 40 20 den
763 1343 8 20 i
787 1344 14 19 9
815 1343 16 26 $
837 1342 143 27 föreskrifna

431 1377 145 28 inbetalming,
593 1379 31 19 att
639 1377 40 21 den
695 1377 36 20 hos
747 1377 76 20 honom
839 1375 82 22 utsöka.

498 1411 70 28 Ingär
583 1412 72 27 nägon
665 1411 54 26 före
735 1410 92 28 bolagets
842 1409 137 28 inskrifning

426 1444 143 28 förbindelse
588 1445 9 20 i
619 1445 48 20 dess
689 1451 72 19 namn,
785 1450 61 14 svare
861 1444 43 20 han
921 1442 58 28 fullt

423 1480 45 26 för
492 1479 40 21 den
542 1478 137 28 förbindelse
699 1479 71 20 såsom
779 1477 42 27 för
837 1484 50 20 egen
907 1476 70 22 skuld.
