1142 1803
0 629 12 441 III
0 499 7 111 III
0 440 6 12 I
0 352 16 46 1
0 206 16 84 TTI
0 163 16 21 K
0 115 16 25 s
0 26 16 72 S$6sTSTÄÖfTRTAÄ

251 191 62 22 XXX

464 192 24 22 U.
505 193 24 21 B.
546 206 27 2 —
588 194 63 26 Prop.
668 193 40 21 N:o
725 195 19 19 9.

428 255 38 21 der
487 255 55 27 efter
563 256 176 27 afträdandet,
755 262 36 14 on
806 256 91 21 marken
911 256 29 21 dä
955 258 26 18 är

429 289 45 27 bar,
491 296 50 14 men
556 290 60 27 eljest
630 289 25 21 sä
667 292 64 18 snart
742 290 40 20 bar
791 290 63 20 mark
865 290 113 27 inträffar.

669 358 15 26 $
701 359 36 20 59.

502 396 41 21 Vid
564 397 36 27 af-
624 397 38 21 och
685 397 150 28 tillträdessyn
859 397 62 21 lände
945 397 36 21 till

428 431 147 27 efterrättelse,
594 431 59 21 hvad
667 438 35 14 om
717 431 125 21 ekonomisk
857 431 123 28 besigtning

428 465 9 20 i
452 465 32 28 $$
500 465 32 20 52
547 465 38 21 och
602 466 31 20 53
647 467 27 18 är
688 465 107 28 stadgadt.
830 465 79 21 Tillika
923 465 58 21 skall

428 499 75 21 dervid
517 499 98 28 följande
630 499 116 28 iakttagas,
761 499 122 28 nemligen:

496 533 42 27 1:0)
564 533 103 21 tillhälles
689 533 129 28 afträdaren
834 535 33 19 att
881 533 99 22 redovisa

428 567 36 27 för
485 568 25 20 de
533 568 72 26 medel,
628 567 75 21 hvilka
718 567 46 21 han
780 567 149 28 tilläfventyrs
943 567 37 27 för

430 601 98 21 bostället
543 601 117 27 uppburit;

498 635 45 27 2:0)
562 636 49 20 med
620 636 121 27 anledning
749 635 30 27 af
782 636 129 27 protokollet
919 635 61 28 öfver

428 671 84 19 senaste
526 669 41 27 af-
585 670 44 20 och
646 670 189 27 tillträdessyn
847 670 44 20 och
899 670 78 21 ekono-

428 704 71 20 miska
518 703 123 28 besigtning
663 704 14 20 ä
700 704 103 26 bostället,
827 704 93 27 afsynas
940 704 39 20 och

428 737 118 21 antecknas
567 737 10 20 i
599 737 58 21 hvad
671 737 54 21 män
740 737 29 21 dä
783 737 135 28 föreskrifna
933 744 43 21 ny-

429 771 129 28 byggnader,
573 771 161 28 förbättringar
746 771 39 22 oeh
795 771 71 21 andra
877 771 101 28 åtgärder

430 805 73 28 blifvit
518 805 133 25 verkstälda;

496 839 44 27 3:0)
567 839 126 21 bestämmes
716 840 41 20 den
780 839 127 28 ersättning,
930 846 47 14 som

426 873 135 27 afträdaren,
585 873 54 28 efter
661 873 58 21 hvad
740 873 10 21 i
773 875 14 24 $
804 874 32 20 22
850 875 65 26 sagts,
932 873 44 21 kan

426 914 54 13 vara
501 907 85 28 skyldig
608 907 88 28 utgifva
713 907 36 28 för
767 907 30 28 af
808 907 78 21 honom
902 907 75 21 vållad

425 941 67 20 skada
507 941 13 21 å
536 941 109 21 boställets
661 942 50 27 laga
726 941 41 21 hus
784 941 51 21 eller
849 941 36 27 för
900 941 73 21 åsido-

424 977 45 19 satt
483 975 55 21 vård
552 975 28 27 af
591 975 59 26 dem;

493 1009 44 27 4:0)
564 1009 128 28 uppskattas
707 1009 120 21 kostnaden
841 1009 36 27 för
892 1009 82 28 afhjel-

421 1043 74 27 pande
510 1043 29 27 af
550 1043 45 21 alla
610 1043 71 21 under
695 1050 70 20 synen
780 1043 14 21 å
811 1043 107 21 boställets
927 1050 49 20 egor

425 1077 117 20 anmärkta
564 1076 83 27 brister,
663 1077 36 27 för
713 1077 76 20 hvilka
804 1076 129 27 afträdaren
949 1078 26 19 är

424 1111 116 26 ansvarig;

494 1145 44 26 5:0)
557 1145 104 26 slutligen
673 1145 94 27 pröfvas
777 1144 73 27 äfven,
863 1145 112 20 huruvida

424 1178 38 21 och
478 1179 48 20 med
537 1179 58 20 hvad
604 1179 74 27 belopp
689 1179 140 20 tillträdaren
841 1178 37 21 bör
888 1179 86 20 kännas

423 1212 84 27 skyldig
529 1214 34 19 att
577 1213 36 20 till
627 1213 129 26 afträdaren
771 1213 67 26 gälda
853 1212 70 21 sådan
939 1219 33 14 er-

422 1246 105 27 sättning,
548 1247 91 20 hvarom
653 1247 10 20 i
678 1247 31 26 $$
723 1247 32 20 12
771 1246 44 21 och
832 1247 31 20 32
877 1247 94 27 stadgas.

491 1280 33 21 På
538 1281 73 26 grund
626 1281 25 26 af
669 1281 58 20 hvad
747 1280 96 21 sålunda
866 1280 106 26 bestämts,

422 1316 122 25 upprättas,
561 1321 34 14 om
610 1314 24 21 så
650 1314 117 27 erfordras,
780 1314 94 21 emellan
889 1313 36 28 af-
935 1314 39 21 och

423 1348 139 21 tillträdaren
585 1349 72 26 ligvid,
673 1349 117 20 utvisande
806 1348 58 21 hvad
878 1348 42 20 den
935 1355 38 13 ene

422 1382 52 21 eller
499 1383 68 20 andre
595 1382 78 27 blifver
697 1382 85 28 skyldig
805 1383 52 20 eller
878 1381 37 28 får
939 1382 34 21 till

420 1416 61 27 godo.

284 1522 45 20 Lag-
342 1522 27 16 och
382 1522 168 16 Ekonomiutskottets
563 1523 103 15 betänkande
678 1523 34 15 N:o
724 1528 17 14 4.
