1142 1803
326 191 83 23 Ständ.
425 191 39 23 Sv.
482 203 23 3 —
522 191 74 27 Prop.
612 190 43 22 N:o
671 190 22 22 9.
848 190 12 20 5

133 257 115 21 emellertid
266 257 46 21 icke
327 257 83 21 kunnat
425 257 82 21 ansluta
522 256 32 28 sig
568 256 32 21 till
616 256 41 20 den
672 256 77 27 nådiga
764 255 125 28 propositio-

133 299 52 13 nens
200 291 135 27 bestämning
349 291 7 21 i
372 291 59 21 detta
450 291 104 26 afseende,
576 290 89 21 emedan
682 290 119 21 Ständerna
812 290 77 26 funnit,

134 328 37 25 att,
187 333 36 14 om
238 333 81 14 samma
334 326 91 27 grunder
439 328 53 19 utan
507 327 71 26 någon
589 325 144 27 begränsning
743 325 105 27 tillämpas
858 324 33 21 för

134 360 66 28 öfrige
222 360 278 27 församlingsmedlemmar,
522 367 46 14 som
588 360 34 20 för
641 367 61 20 egare
721 360 31 20 till
768 360 123 20 mantalsatt

130 395 55 27 jord,
206 395 211 27 byggnadsbesväret,
434 395 49 20 eller
498 395 49 20 med
563 395 64 20 andra
643 394 37 21 ord
695 393 97 28 bidraget
807 394 31 20 till
853 394 37 21 bo-

134 429 250 28 ställsbyggnadskassan,
400 429 51 21 skall
466 429 34 21 för
516 429 25 20 de
556 429 113 21 obesuttne
685 428 64 21 blifva
765 436 25 13 en
804 421 87 34 obetyd-

133 464 67 27 lighet
215 464 7 20 i
236 463 129 21 förhållande
384 463 32 21 till
432 464 35 20 det
482 463 84 28 belopp,
585 471 47 14 som
648 463 87 21 komme
751 464 31 19 att
797 463 94 27 erläggas

135 498 21 21 af
170 499 26 20 de
211 499 104 20 besuttne.
345 497 99 22 Nämnda
459 498 79 27 bidrag,
555 498 117 21 beräknadt
688 497 53 21 efter
756 497 25 21 de
797 497 94 21 obesutt-

134 541 38 12 nes
186 533 52 21 fulla
252 532 85 28 afgifter
351 533 31 20 till
398 533 162 27 presterskapet,
575 540 51 13 men
641 532 50 21 med
707 532 148 21 utelemnande
871 531 22 20 af

136 568 25 20 all
181 567 197 27 inkomsttaxering,
399 574 47 14 som
466 567 74 21 endast
558 567 42 21 kan
615 567 80 20 drabba
710 567 25 19 de
750 566 141 27 förmögnare,

136 602 65 20 skulle
216 601 113 27 nemligen,
345 601 48 21 med
409 601 135 29 tillämpning
560 601 21 21 af
596 602 25 20 de
636 602 7 20 i
653 601 78 27 nådiga
740 600 152 28 förordningen

136 636 22 20 af
176 636 41 21 den
233 637 12 19 5
260 636 92 27 Augusti
372 637 55 19 1886
448 636 110 21 faststälda
579 636 120 27 grunderna
716 636 34 20 för
764 635 127 27 presterska-

135 672 47 26 pets
198 670 98 28 aflöning,
312 670 86 21 komma
414 672 32 19 att
461 671 79 20 variera
555 671 89 20 emellan
659 670 56 21 blott
729 670 45 21 fem
788 670 40 21 och
838 670 53 20 fem-

136 707 37 19 ton
196 705 64 28 penni
282 705 33 20 för
329 712 83 20 person.
442 704 34 21 De
491 705 110 21 besuttnes
616 704 191 28 byggnadsbidrag,
825 717 24 3 —
867 704 25 20 de

135 740 47 21 från
203 740 41 21 den
262 739 136 21 mantalsatta
412 740 77 27 jorden
504 740 105 27 utgående
626 739 113 28 afgifterna
754 739 139 21 tillsammans

136 775 49 20 med
200 775 26 20 de
240 774 114 27 personela,
370 787 29 2 —
414 774 66 21 skulle
496 775 96 20 deremot
607 774 118 21 merendels
740 775 71 26 uppgå
822 773 34 21 för
866 781 27 13 en

136 809 50 20 hvar
208 809 31 21 till
260 810 32 19 tre
309 810 11 19 &
335 808 45 28 fyra
400 809 60 20 mark
480 809 43 21 och
542 809 61 20 äfven
622 809 126 20 derutöfver.
778 808 34 21 Då
828 808 65 27 enligt

137 843 41 21 den
196 843 77 28 nådiga
290 843 160 27 propositionen
469 843 25 21 de
510 843 112 21 obesuttne
639 843 66 21 skulle
721 843 84 28 erlägga
819 843 74 20 endast

138 885 25 14 en
174 877 100 28 fjerdedel
284 877 22 21 af
316 877 156 22 ofvannämnda
481 877 35 22 för
526 878 49 21 dem
585 878 119 21 beräknade
715 878 82 27 belopp,
807 878 86 21 komme

137 913 70 20 desses
222 912 74 27 bidrag
311 912 45 21 icke
372 913 31 20 att
418 912 97 21 medföra
528 914 71 26 någon
609 913 116 20 nämnvärd
733 913 81 21 lättnad
824 912 34 21 för
868 912 25 20 de

136 947 103 21 härmtills
258 947 48 20 med
320 947 207 27 byggnadsbesväret
543 949 82 19 ensamt
640 947 120 27 betungade
775 947 118 28 lägenhets-

136 981 156 27 innehafvarne,
308 981 145 21 hvarförutom
468 981 73 28 sjelfva
556 981 123 28 uppbörden
695 981 22 21 af
731 981 60 21 dessa
803 983 45 20 små
859 981 35 20 be-

137 1017 49 26 lopp
206 1016 64 21 redan
289 1016 67 21 blefve
376 1016 94 27 ovanligt
490 1017 38 27 dyr
542 1016 8 21 i
564 1016 131 21 förhållande
714 1016 32 21 till
761 1016 25 21 de
802 1016 91 28 afgifter,

137 1051 70 20 hvilka
222 1051 122 27 derigenom
358 1051 80 27 inflyta.
462 1051 104 21 Deremot
581 1051 72 26 skulle,
670 1051 43 20 ifall
729 1051 62 20 äfven
806 1051 25 20 de
845 1051 48 21 obe-

138 1086 81 20 suttnes
241 1085 74 27 bidrag
336 1085 130 21 beräknades
488 1085 54 21 efter
562 1085 59 20 deras
635 1084 52 21 fulla
703 1085 84 27 afgifter
801 1085 32 20 till
848 1093 45 19 pre-

138 1120 123 27 sterskapet,
285 1120 40 21 den
346 1119 94 28 åsyftade
460 1120 110 21 lättnaden
589 1121 72 20 kunna
675 1119 65 22 blifva
754 1121 66 26 något
835 1120 58 20 verk-

138 1161 109 20 sammare,
270 1154 40 21 och
330 1161 46 14 som
395 1154 25 21 de
443 1154 114 21 obesuttne
573 1155 123 27 derigenom
712 1154 120 27 påtagligen
847 1154 47 21 icke

139 1188 67 21 blefve
228 1189 65 27 högre
315 1189 126 27 betungade,
458 1191 27 18 än
506 1190 32 20 att
557 1189 25 20 de
601 1189 49 21 med
668 1189 78 20 lätthet
761 1189 70 20 kunde
846 1189 49 20 bära

138 1223 70 21 denna
226 1223 80 28 pålaga,
322 1223 62 21 hafva
400 1223 119 21 Ständerna
534 1225 69 19 ansett
619 1224 32 27 sig
666 1223 51 21 böra
731 1223 74 28 frångå
819 1230 75 21 propo-

138 1257 102 21 sitionens
260 1258 114 27 stadgande
390 1258 6 20 i
412 1259 73 20 ämnet
505 1258 41 21 och
562 1258 6 20 i
584 1258 69 21 stället
669 1260 78 25 antaga
762 1265 27 14 en
803 1258 91 21 bestäm-

138 1292 58 27 ning,
219 1292 136 27 hvarigenom
376 1293 79 27 jemväl
478 1293 26 20 de
527 1293 112 20 obesuttne
662 1292 69 21 blefve
754 1292 87 27 pligtige
864 1294 31 19 att

138 1327 70 20 lemna
227 1326 73 27 bidrag
320 1327 31 20 till
366 1327 276 27 boställsbyggnadskassan
657 1327 54 20 efter
726 1327 59 20 deras
800 1327 50 20 fulla
866 1326 29 21 af-

138 1360 64 28 gifter
223 1361 32 20 till
277 1361 161 28 presterskapet.
468 1361 36 21 En
524 1361 56 28 dylik
601 1361 137 28 bestämning
755 1363 44 19 står
813 1361 83 21 äfven
885 1356 15 37 i

138 1395 217 21 öfverensstämmelse
370 1396 49 21 med
435 1396 127 27 stadgandet
577 1396 7 20 i
599 1396 136 21 förevarande
748 1395 146 27 författnings-

137 1429 89 27 förslags
242 1431 12 19 3
270 1429 12 29 &
298 1430 78 26 derom,
393 1431 32 19 att
440 1431 120 20 kostnaden
570 1430 34 21 för
614 1431 111 27 byggande
737 1431 40 20 och
787 1430 108 21 underhåll

138 1464 22 20 af
180 1464 133 27 embetsgård
332 1465 22 19 åt
368 1466 58 25 prest
441 1464 6 21 i
464 1464 183 28 stadsförsamling
663 1464 50 21 skall
730 1464 102 21 bestridas
848 1464 48 20 eller

137 1498 131 27 hyresmedel
284 1499 22 19 åt
320 1498 79 21 honom
416 1498 106 22 anskaffas
538 1498 22 22 af
575 1499 24 20 de
615 1498 215 30 betalningsskyldige
843 1498 54 21 efter
