1142 1803
271 192 25 19 10
432 190 81 23 Ständ.
530 190 38 24 Sv.
585 204 29 3 —
628 192 73 26 Prop.
717 191 42 23 N:o
773 191 22 22 9.

239 255 57 21 förra
318 256 117 28 ändringen
450 257 51 21 böra
515 257 126 27 framhållas,
659 258 31 20 att
705 257 151 21 efterträdaren
871 257 46 21 icke
933 257 65 21 sällan

240 290 66 21 skulle
328 291 51 21 råka
394 291 7 21 i
416 293 56 19 svårt
489 292 112 27 trångmål,
618 292 69 20 derest
702 291 42 21 han
759 291 108 27 nödgades
882 291 69 21 tillösa
966 291 32 27 sig

240 324 54 21 efter
316 324 48 22 fullt
387 326 42 27 pris
452 326 36 21 det
510 328 27 26 på
552 326 58 21 bolet
626 328 57 19 ännu
698 326 109 27 befintliga
821 326 77 26 fodret,
914 333 47 14 som
973 326 24 27 ju

239 359 65 20 också
326 361 23 18 är
364 360 68 21 afsedt
448 362 31 19 att
494 362 12 19 å
520 360 59 21 bolet
595 360 105 21 användas
716 360 40 21 och
771 360 124 27 derigenom
910 360 87 21 komma

236 393 80 27 jemväl
332 394 59 21 detta
405 395 32 20 till
452 395 62 27 godo.

308 428 191 29 Bestämningarna
514 429 6 21 i
536 431 26 19 30
571 429 19 29 &,
601 437 47 13 som
663 429 32 21 till
710 431 44 20 stor
764 429 34 20 del
809 429 188 21 öfverensstämma

240 463 50 20 med
306 465 12 19 6
334 463 12 29 &
362 463 7 21 i
385 464 141 28 kungörelsen
541 464 22 21 af
577 465 42 20 den
635 466 12 19 3
669 464 124 28 September
814 465 55 20 1886
889 464 107 27 angäende

238 497 55 21 hvad
316 498 35 20 vid
374 498 162 28 tillämpningen
555 499 22 20 af
591 499 127 28 skogslagen
733 499 7 20 i
755 499 54 20 vissa
824 498 37 21 fall
876 499 52 20 skall
943 499 52 20 iakt-

238 533 60 26 tagas
320 532 64 21 hafva
398 533 7 20 i
419 533 119 21 hufvudsak
552 533 69 21 blifvit
636 533 23 21 af
673 533 117 22 Ständerna
806 535 98 26 antagna.
934 533 62 20 Dock

238 565 38 21 har
296 567 152 27 kronobetjent
466 569 81 19 ansetts
562 568 82 21 mindre
659 568 88 27 lämplig
760 567 34 21 för
808 567 152 27 förrättningar
975 567 22 21 af

238 600 36 21 det
289 600 7 21 i
311 600 67 22 första
400 603 119 20 momentet
534 602 131 21 omnämnda
679 602 50 28 slag,
745 602 116 27 hvarjemte
877 603 119 20 momentet

238 634 6 21 i
261 635 70 21 denna
354 636 33 20 del
409 636 85 22 ändrats
512 636 85 27 derhän,
613 638 32 20 att
661 638 102 26 guvernör
778 636 33 21 till
827 636 70 28 dylika
910 636 85 21 förrätt-

238 669 76 28 ningar
338 670 52 28 egde
412 672 53 26 utse,
489 673 60 19 utom
573 678 102 20 agronom
695 672 48 20 eller
758 671 147 27 landtmätare,
918 671 78 27 jemväl

237 704 228 29 landtbruksingeniör.
496 706 75 21 Tillika
594 706 41 21 och
657 706 26 21 dä
705 706 36 21 det
763 707 81 20 ansetts
865 706 72 20 kunna
960 713 35 13 an-

238 738 88 21 komma
342 741 12 18 å
370 742 130 25 guvernören
515 741 32 20 att
561 740 74 27 pröfva
651 740 40 21 och
703 740 72 28 afgöra
785 740 93 21 ärenden
889 740 22 21 af
919 739 76 28 ifräga-

238 773 91 20 varande
352 773 45 28 slag
415 776 52 19 utan
481 775 126 21 hemställan
622 775 32 20 till
670 774 98 27 Senaten,
784 776 39 19 när
837 775 60 20 tiden
911 774 34 21 för
960 774 35 21 be-

237 806 91 29 sittning
344 808 22 20 af
380 809 60 20 mark
454 809 46 21 icke
516 809 117 22 utsträekes
649 809 58 21 öfver
721 809 74 21 trettio
811 811 28 25 är,
855 809 38 20 har
908 817 27 12 en
950 816 44 13 om-

237 841 140 29 formulering
392 843 22 20 af
427 844 124 27 paragrafen
563 844 7 20 i
585 844 59 21 detta
659 844 54 27 syfte
730 843 69 21 blifvit
814 843 105 28 vidtagen.

309 875 75 23 Såsom
400 885 72 14 senare
488 880 119 19 momöntet
622 878 22 21 af
658 880 26 19 31
696 878 12 29 $
719 878 66 27 enligt
801 878 41 21 den
857 878 77 27 nådiga
946 885 47 20 pro-

236 911 122 26 positionen
374 913 22 20 är
411 912 143 27 formuleradt,
567 913 70 20 kunde
654 913 47 20 dess
716 913 160 27 bestämningar
890 912 104 21 mähända

236 945 69 21 tolkas
329 946 79 21 derhän
424 948 31 19 att
470 949 137 26 guvernören,
623 955 36 13 om
674 947 43 21 han
732 947 41 22 ock
788 954 49 14 vore
852 947 76 28 pligtig
942 947 52 21 höra

235 979 154 28 församlingen
412 981 58 21 öfver
491 981 198 22 boställshafvarens
712 982 121 27 ansökning
854 989 36 14 om
909 983 84 26 torpan-

235 1013 109 29 läggning,
361 1015 63 21 likväl
438 1016 47 21 icke
500 1023 49 14 vore
564 1016 120 21 förbunden
699 1018 32 19 att
745 1016 56 21 fästa
815 1016 70 21 vidare
896 1015 97 22 afseende

236 1049 12 19 å
262 1048 164 28 församlingens
448 1051 104 26 yttrande.
582 1051 49 20 Den
655 1051 21 20 af
698 1051 119 20 Ständerna
833 1050 100 27 vidtagna
948 1058 45 13 om-

234 1083 141 21 redaktionen
390 1083 22 21 af
426 1085 119 20 momentet
559 1084 88 21 innebär
661 1085 53 26 icke,
731 1086 31 19 att
776 1084 163 27 församlingens
952 1084 41 21 till-

235 1117 62 20 stånd
312 1117 31 20 till
360 1117 70 28 dylika
446 1118 151 28 anläggningar
611 1126 49 14 vore
675 1119 110 28 behöfligt,
801 1120 52 19 utan
863 1119 32 20 att
905 1118 88 21 försam-

234 1151 74 28 lingen
330 1151 40 22 bör
391 1160 49 13 vara
457 1153 118 28 berättigad
591 1155 32 19 att
638 1155 111 26 gentemot
764 1153 188 21 boställshafvaren
967 1155 26 25 på

236 1186 32 20 ett
283 1186 108 21 verksamt
406 1188 42 19 sätt
463 1187 44 21 visa
522 1188 36 20 det
573 1188 26 20 de
614 1188 178 27 förutsättningar
806 1187 34 21 för
854 1189 59 26 torps
929 1187 63 21 inrät-

235 1220 71 27 tande,
323 1227 47 14 som
386 1223 118 19 momentet
520 1222 100 27 angifver,
636 1223 47 20 icke
698 1224 35 19 äro
749 1222 34 21 för
797 1222 92 21 handen.

306 1255 74 27 Enligt
403 1257 26 19 33
446 1255 12 29 $
474 1256 64 21 borde
554 1259 132 24 guvernören
701 1257 34 20 vid
749 1256 134 21 fastställelse
899 1256 23 21 af
935 1257 57 27 torp-

234 1288 102 21 kontrakt
351 1291 27 26 på
393 1289 71 28 längre
480 1290 36 27 tid,
532 1292 28 19 än
570 1291 199 21 boställshafvarens
780 1291 124 27 besittning,
913 1292 80 19 utsätta

233 1322 55 21 vissa
303 1323 7 20 i
325 1323 42 21 den
389 1325 77 26 nådiga
480 1325 161 27 propositionen
656 1327 95 20 närmare
768 1325 87 28 angifna
870 1325 72 27 vilkor,
959 1326 34 20 vid

233 1357 81 21 hvilkas
338 1357 159 22 öfverträdande
520 1360 125 21 kontraktet
669 1360 68 21 blefve
757 1359 112 22 förbrutet.
900 1359 93 22 Härmed

233 1391 55 21 afses
311 1393 166 28 uppenbarligen
493 1395 31 20 att
540 1394 79 27 skydda
635 1394 147 28 efterföljande
798 1393 172 22 boställshafvare
987 1394 6 21 i

232 1426 60 21 deras
315 1428 49 25 rätt,
388 1428 41 20 och
446 1428 63 21 hafva
526 1428 117 22 Ständerna
658 1429 62 21 äfven
735 1429 88 21 anslutit
839 1429 32 27 sig
885 1428 31 21 till
933 1429 60 20 dessa

232 1460 160 28 bestämningar
406 1462 8 20 i
430 1462 70 28 öfrigt,
516 1464 61 20 utom
599 1464 32 20 att
651 1463 118 21 Ständerna
784 1462 72 22 funnit
871 1462 48 21 från
933 1470 59 20 para-

232 1494 74 27 grafen
329 1495 52 21 böra
403 1496 102 21 uteslutas
524 1497 75 21 orden:
617 1498 64 26 ,,eller
695 1499 64 20 annat
775 1497 92 27 ohägn*,
885 1498 50 20 enär
949 1498 42 20 tor-
