1142 1803
271 182 28 20 18

443 182 85 23 Ständ.
545 183 38 22 Sv.
597 196 30 3 —
641 184 74 28 Prop.
731 184 45 24 N:o
791 186 22 22 1.

448 247 46 19 stor
509 246 66 21 andel
592 246 29 28 af
631 247 241 27 jordebokshemmanet
893 249 108 21 hvardera

450 279 98 21 omrädet
569 282 70 26 utgör,
663 284 59 18 samt
743 282 38 21 vid
802 283 116 27 styckning
938 283 63 21 deras

450 314 153 21 motsvarande
619 316 88 20 mantal
721 316 38 21 och
780 317 58 21 skatt
853 317 38 21 och
910 317 39 21 vid
962 317 36 28 af-

449 348 107 27 söndring
572 348 97 29 beloppet
683 350 29 27 af
723 350 72 28 ärliga
810 351 103 27 afgälden
932 351 69 27 enligt

448 381 25 21 de
487 383 98 26 grunder
601 383 32 21 27
647 384 16 27 &
676 383 131 22 innehäller.

514 416 42 21 Vid
569 417 158 22 verkställande
743 418 28 28 af
779 425 34 14 nu
824 419 100 21 nämnda
935 421 63 26 göro-

449 450 47 21 mål
510 451 95 28 iakttage
621 451 164 22 landtmätaren
800 453 59 20 hvad
867 459 36 15 om
914 453 86 21 sådana

449 486 27 19 är
490 485 53 20 eller
558 485 117 27 framdeles
689 487 78 20 varder
781 487 107 28 stadgadi.

691 555 32 20 22
737 555 21 27 $.

429 608 14 5 >
517 604 65 21 Inom
593 605 72 21 trettio
673 606 69 27 dagar
749 606 56 27 efter
813 606 36 21 det
856 606 141 28 förrättning,

448 644 48 15 som
510 638 10 21 i
536 640 28 20 21
577 639 16 27 $
607 641 56 26 sägs,
687 640 74 28 blifvit
782 640 101 28 slutförd,
905 641 93 21 insände

449 672 164 22 landtmätaren
628 674 80 21 kartan
723 675 38 21 och
777 674 73 28 öfriga
865 675 134 27 handlingar

449 706 35 21 till
500 707 221 28 länelandtmätaren,
736 716 48 13 som
797 708 54 27 efter
861 709 136 27 granskning

448 740 29 27 af
488 740 165 29 förrättningen
661 742 70 27 jemte
745 744 46 26 eget
805 743 102 27 yttrande
929 742 69 28 öfver-

449 775 85 21 lemnar
548 776 90 21 ärendet
653 776 35 21 till
700 779 138 25 guvernören
852 777 10 20 i
877 777 65 21 länet.

516 802 20 27 Å
542 813 137 24 guvernören
689 811 128 21 ankommer
823 811 68 21 sedan
899 813 33 19 att
938 807 58 37 fast-

447 844 66 21 ställa
535 844 25 21 de
581 851 78 21 genom
680 845 119 28 delningen
823 846 175 27 uppkommande

448 878 164 27 lägenheternas
634 879 215 28 andelsförhållande
869 880 35 21 till
920 880 76 27 jorde-

448 911 176 23 bokshemmanet
637 915 60 19 samt
710 914 63 21 deras
788 914 88 21 mantal
891 914 38 21 och
941 914 57 21 skatt

448 946 56 27 eller,
528 947 38 20 vid
587 947 138 28 afsöndring,
746 948 36 21 det
797 947 80 29 belopp,
893 948 105 21 hvarmed

447 980 72 28 årliga
534 981 105 27 afgälden
653 981 69 28 enligt
742 983 32 20 27
796 982 15 27 $
834 981 37 22 bör
890 982 59 27 utgå,
972 982 25 21 så

447 1015 37 20 ock
499 1016 33 19 att
547 1015 126 26 bestämma,
689 1023 35 14 om
745 1016 39 21 och
806 1016 35 21 till
855 1016 58 21 hvad
935 1016 62 21 antal

446 1048 78 21 äskade
539 1049 106 27 frihetsår
660 1049 38 21 må
713 1050 97 27 beviljas.

690 1118 31 20 23
735 1117 22 26 $.

519 1168 153 21 Guvernörens
687 1169 72 27 utslag
773 1169 11 20 i
793 1169 139 27 stycknings-
945 1169 52 20 eller

446 1202 223 28 afsöndringsärende
699 1203 56 20 skall
781 1205 80 25 genast
889 1203 108 21 meddelas

448 1237 226 26 länelandtmätaren;
701 1237 38 21 och
763 1237 84 28 åligger
871 1237 70 21 denne
965 1239 33 19 att

445 1272 57 19 utan
516 1271 79 21 hinder
609 1271 29 27 af
649 1271 81 27 besvär,
741 1278 48 14 som
805 1271 98 27 deröfver
920 1271 77 21 kunna

446 1305 98 27 anföras,
560 1305 10 20 i
579 1305 153 28 jordregistret
747 1305 79 28 införa
847 1305 88 21 delarne
957 1305 36 21 sä-

445 1346 47 13 som
506 1339 72 21 skilda
593 1339 122 28 lägenheter
728 1341 61 19 samt
803 1341 34 19 att
851 1339 75 21 teckna
939 1339 57 21 bevis

444 1373 99 28 deröfver
557 1373 14 21 ä
581 1373 86 27 kartan,
678 1373 269 28 delningshandlingarna
957 1373 39 22 och

444 1407 100 21 nämnda
558 1408 80 27 utslag.

514 1441 43 21 Det
571 1441 96 21 sålunda
681 1441 135 28 pätecknade
838 1441 95 27 utslaget
953 1441 42 21 låte

443 1478 138 25 guvernören
591 1476 68 21 sedan
665 1475 160 22 vederbörande
833 1476 101 26 sakegare
946 1475 47 21 till-

443 1510 73 21 ställa.
