1142 1803
243 208 27 20 64
436 206 29 22 U.
481 207 28 21 B.
527 220 27 2 —
570 206 75 28 Prop.
661 206 46 22 N:o
723 207 38 21 10.

216 270 140 21 embetsverk
376 272 6 19 i
398 270 165 24 hufvudstaden,
584 270 81 21 hvilket
687 270 67 21 tillika
777 270 88 21 komme
883 274 32 17 att
931 277 46 14 om-

216 304 148 21 händerhafva
380 306 166 26 registreringen
562 305 24 20 af
599 304 131 27 aktiebolag.

285 339 52 20 Med
357 339 84 26 hänsyn
464 339 70 21 härtill
557 339 112 20 äfvensom
689 339 31 20 till
735 339 57 20 hvad
809 338 116 22 Utskottet
940 346 37 13 un-

219 373 39 20 der
274 373 42 20 den
331 373 131 27 föregäende
477 373 182 26 framställningen
676 375 5 18 i
697 373 65 26 öfrigt
778 373 71 20 anfört
860 372 65 21 finner
936 373 41 20 Ut-

218 407 85 21 skottet
318 409 33 25 sig
366 407 52 21 böra
434 407 84 25 föreslä,
535 408 37 20 det
588 407 121 21 Ständerna
723 407 66 26 jemte
800 408 37 19 sitt
848 414 49 13 svar
909 407 13 20 ä
935 407 42 20 den

218 442 81 26 nädiga
315 443 164 25 propositionen
495 441 49 21 ville
560 442 48 26 ingä
624 442 50 19 med
694 441 133 26 underdänig
849 441 128 20 hemställan

219 477 86 20 derom:

494 541 34 18 att
542 538 65 21 Hans
628 538 122 28 Kejserliga
771 537 104 28 Majestät
898 537 79 21 täcktes

426 572 48 21 låta
496 572 101 21 utarbeta
619 572 37 21 och
688 572 34 20 uti
743 572 68 27 nådig
838 571 139 28 proposition

424 607 112 27 förelägga
552 607 84 21 landets
651 607 94 20 härnäst
765 606 212 21 sammanträdande

427 642 94 20 Ständer
540 641 123 27 lagförslag,
685 641 142 27 hvarigenom
849 640 20 27 ej
891 640 87 20 mindre

426 676 114 28 formerna
562 676 35 26 för
619 678 74 24 öppna
715 675 38 21 och
776 674 201 27 kommanditbolag

426 710 67 27 blefve
510 712 101 18 närmare
627 710 94 20 ordnade
737 711 30 18 än
782 709 66 27 äfven
863 708 25 21 de
903 710 73 25 egent-

426 744 44 27 liga
493 744 138 21 ekonomiska
651 743 158 28 föreningarne
824 743 10 20 i
849 742 100 27 afseende
964 741 15 22 å

425 779 63 20 deras
511 778 52 21 både
585 778 48 21 inre
652 778 38 21 och
714 779 56 26 yttre
794 776 183 28 rättsförhållan-

426 813 42 20 den
482 813 120 27 reglerade;
619 814 59 19 samt

495 848 33 19 att
544 847 67 27 nådig
624 846 139 27 proposition
779 845 67 21 måtte
856 845 123 27 föreläggas

428 881 83 21 landets
527 881 56 27 först
595 880 210 21 sammanträdande
820 879 94 21 Ständer
930 878 50 21 med

426 916 84 27 förslag
526 916 35 20 till
577 915 34 27 lag
627 915 111 27 angäende
748 914 74 27 firma,
830 913 100 28 prokura
941 912 38 21 och

426 951 104 27 förandet
544 949 28 28 af
584 951 29 19 ett
627 949 144 27 fullständigt
789 947 188 28 handelsregister.

290 1110 40 21 Uti
354 1109 42 21 den
419 1109 85 27 slutliga
526 1109 159 26 behandlingen
707 1108 26 20 af
745 1108 60 20 detta
821 1107 80 20 ärende
916 1106 65 21 hafva

220 1144 93 27 deltagit
328 1143 88 21 friherre
431 1143 18 26 J.
462 1143 141 27 Gripenberg,
621 1143 72 20 säsom
703 1141 138 24 ordförande,
855 1144 56 17 samt
921 1140 60 21 leda-

220 1177 99 22 möterne
334 1177 88 21 friherre
436 1177 26 21 O.
472 1177 87 24 Wrede,
569 1176 119 27 Stjernvall,
697 1176 28 21 A.
738 1176 25 20 G.
776 1175 69 24 Valle,
854 1174 125 27 Karlsberg,

219 1212 29 20 K.
271 1211 29 21 A.
324 1211 140 25 Schroderus,
486 1211 107 26 Eneberg,
609 1210 94 25 Kumlin,
719 1217 43 13 von
777 1209 76 24 Pfaler,
869 1208 111 27 Hallberg,

221 1246 110 25 Duncker,
347 1245 119 25 Karlstedt,
483 1245 72 27 Lagus
571 1245 42 20 och
629 1244 84 21 Strähle
735 1247 56 17 samt
812 1243 169 27 suppleanterne

222 1280 28 21 N.
267 1280 25 20 B.
309 1279 128 26 Grotenfelt,
454 1279 147 22 Fredriksson,
618 1278 63 21 Böök
696 1278 41 20 och
753 1277 129 21 Hollmerus.

291 1347 143 28 Helsingfors,
451 1348 42 20 den
511 1352 22 21 15
551 1347 58 20 Mars
631 1347 59 25 1891.

294 1546 48 22 Lag-
356 1546 31 17 och
400 1545 183 18 Ekonomiutskottets
595 1544 110 17 betänkande
715 1544 38 17 N:o
762 1544 18 17 2.
