1142 1803
283 187 13 19 2
486 186 29 22 U.
530 186 28 22 B.
573 199 28 3 —
616 186 75 28 Prop.
706 186 41 23 N:o
762 187 22 22 6.

253 251 82 27 ningar,
355 252 86 22 hvarför
462 253 40 21 ock
517 252 46 22 helt
578 252 104 27 naturligt
697 259 82 15 samma
795 252 98 28 syftemål
909 253 46 22 blef
969 254 44 27 gäl-

252 285 65 22 lande
339 286 7 20 i
369 286 102 22 afseende
494 287 13 21 å
530 287 26 22 de
579 287 90 21 sålunda
689 288 124 26 uppkomna
831 288 180 27 kronojordarnas

253 319 135 27 disposition.
420 320 129 22 Sedermera
564 321 40 22 och
621 322 28 21 då
663 322 7 20 i
686 322 80 21 medlet
783 321 23 22 af
819 322 144 22 innevarande
979 322 32 21 år-

252 354 112 21 hundrade
380 355 118 27 skogarnes
514 356 111 27 betydelse
641 355 110 22 äfvensom
766 356 74 21 vikten
855 356 22 21 af
891 363 27 14 en
929 357 81 21 ordnad

252 388 204 28 skogshushållning
479 395 69 16 vunno
572 390 143 27 erkännande,
739 390 75 27 gjorde
838 391 33 26 sig
894 397 26 15 en
940 397 69 15 annan

252 422 136 27 uppfattning
408 424 100 27 gällande
528 425 92 21 rörande
640 424 118 27 skogarnas
775 425 138 27 disposition;
929 425 80 27 nybyg-

250 457 195 28 gesanläggningar
467 459 81 21 tillätos
572 459 77 21 endast
671 459 7 21 i
701 459 27 21 de
750 459 43 26 fall,
813 459 28 22 då
855 459 70 27 någon
941 459 68 22 skada

251 491 125 27 därigenom
403 492 49 22 icke
474 492 152 22 förorsakades
650 493 93 22 kronans
769 494 86 26 skogar.
889 493 119 22 Enahanda

250 526 116 26 grundsats
393 527 39 21 har
458 527 69 22 blifvit
552 527 51 28 följd
627 527 60 22 äfven
711 528 6 21 i
739 527 61 28 fråga
823 534 34 15 om
880 528 127 27 disposition

250 559 22 21 af
295 560 94 22 kronans
416 561 155 27 allmänningar
593 562 40 21 och
657 561 197 27 öfverloppsjordar
876 562 31 21 uti
929 562 78 26 nådiga

248 594 145 27 kungörelsen
417 594 23 22 af
461 596 40 21 den
525 597 25 19 27
574 596 121 21 December
719 598 60 23 1877,
794 596 110 26 angående
921 596 86 26 anlägg-

248 628 51 27 ning
327 628 23 22 af
374 629 209 27 nybyggeshemman
611 636 28 15 m.
666 636 33 20 m.
727 632 55 19 samt
804 630 7 21 i
834 630 129 27 skogslagen
986 630 22 21 af

249 662 41 22 den
314 665 12 19 3
350 663 129 27 September
500 666 62 20 1886.
592 665 49 21 Men
654 665 24 27 ju
695 671 58 15 mera
769 665 40 21 den
825 665 47 21 lösa
886 664 119 22 befolknin-

248 703 53 20 gens
318 698 101 27 ställning
435 700 56 20 samt
507 698 62 22 däraf
581 698 140 22 framkallade
732 698 199 22 missförhällanden
943 698 62 22 ädra-

247 732 31 26 git
294 731 33 27 sig
343 732 78 21 allmän
437 733 190 26 uppmärksamhet
645 733 40 21 och
704 733 209 27 jordlagstiftningen
925 733 80 26 begynt

246 765 125 22 underlätta
392 766 62 22 äfven
472 767 33 21 för
522 767 83 21 mindre
621 767 126 22 bemedlade
764 767 122 22 åtkomsten
902 767 32 21 till
947 767 56 27 jord,

247 800 63 21 desto
332 807 60 15 mera
414 801 99 28 högljudt
535 802 39 21 har
593 801 80 28 yrkats,
695 803 32 20 att
743 803 79 24 staten,
838 808 45 15 som
900 803 23 20 är
939 807 64 21 egare

245 834 33 21 till
301 841 26 15 en
350 837 47 20 stor
420 836 35 21 del
477 835 23 22 af
520 836 84 21 landets
625 836 58 21 areal
699 835 40 22 och
757 836 103 21 särskildt
875 836 32 20 till
923 836 81 21 sädana

246 869 108 25 områden,
377 869 73 22 hvilka
471 870 47 21 icke
538 872 56 19 ännu
609 870 111 27 upptagits
736 869 33 22 för
784 870 78 26 odling,
875 869 80 28 jämväl
971 869 32 22 för

244 903 34 21 sin
294 903 35 22 del
344 904 68 21 borde
427 905 87 26 vidtaga
529 904 77 27 åtgärd
619 910 35 15 om
664 903 175 27 förverkligande
850 903 22 22 af
881 904 60 21 detta
951 904 50 21 mål.

313 938 151 22 Förevarande
479 938 79 27 nådiga
569 939 134 26 proposition
715 941 25 18 är
751 940 32 20 ett
793 940 48 25 steg
852 939 6 20 i
869 939 134 20 sistnämnda

243 972 101 27 riktning.
368 973 58 21 Utan
442 974 32 20 att
488 973 103 21 innebära
605 973 121 27 principiell
741 973 125 26 förändring
881 972 23 21 af
917 979 29 14 nu
957 973 45 25 gäl-

242 1006 64 22 lande
328 1007 134 27 stadganden
480 1013 34 16 om
533 1007 179 27 kronojordarnas
730 1007 135 27 disposition,
881 1006 58 22 afser
953 1013 48 20 pro-

242 1041 122 26 positionen
388 1042 84 26 endast,
496 1043 32 20 att
547 1042 40 21 den
603 1041 34 22 del
653 1041 22 22 af
688 1042 83 21 kronan
787 1041 108 26 tillhöriga
910 1041 90 25 marker,

242 1075 86 21 hvilken
352 1076 68 26 enligt
443 1076 129 26 skogslagen
595 1078 24 19 är
641 1076 78 21 ämnad
742 1075 33 22 för
796 1075 78 26 odling,
891 1074 110 27 verkligen

242 1109 70 22 blefve
335 1109 31 22 till
390 1111 70 20 större
483 1109 85 27 omfång
591 1111 27 20 än
637 1109 107 22 härintills
760 1109 55 22 varit
830 1109 83 27 möjligt
929 1109 72 21 därtill

242 1144 91 21 använd.
364 1144 37 21 Uti
424 1145 27 26 $$
471 1145 13 20 2
505 1144 41 21 och
566 1145 11 20 3
601 1143 22 22 af
644 1145 92 20 nämnda
756 1144 36 27 lag
807 1143 94 27 stadgas,
918 1145 33 19 att
966 1149 34 15 om

240 1177 33 21 uti
297 1177 27 22 de
346 1178 95 21 kronans
464 1178 155 27 skogsmarker,
643 1178 72 21 hvilka
736 1178 48 21 icke
800 1177 85 27 pröfvas
901 1183 52 16 vara
968 1177 32 21 till

240 1212 148 27 kronoparker
403 1212 111 27 behöfliga,
531 1211 67 22 finnes
614 1212 33 21 för
662 1212 109 21 åkerbruk
782 1211 75 28 tjenlig
865 1211 55 27 jord,
931 1211 68 21 sådan

240 1246 36 21 må
291 1246 101 27 upplåtas
408 1247 23 20 åt
446 1246 98 21 enskilda
559 1252 102 21 personer
676 1246 33 21 till
725 1246 112 27 nybyggen
853 1245 52 22 eller
920 1245 79 21 krono-

239 1283 49 24 torp
305 1281 53 21 eller
373 1281 7 20 i
396 1281 106 21 särskilda
516 1280 36 22 fall
564 1281 91 20 tilldelas
667 1280 151 27 angränsande
828 1279 103 27 lägenhet
941 1281 58 20 emot

239 1315 157 26 uppskattning
416 1315 23 21 af
456 1315 139 26 lägenhetens
611 1315 81 21 mantal
708 1315 54 21 eller
777 1314 70 27 skälig
862 1314 136 26 skogsränta.

239 1349 122 27 Styrelsens
384 1349 130 26 befogenhet
535 1351 32 20 att
590 1349 89 27 upplåta
694 1349 164 26 ifrågavarande
873 1348 126 26 skogsmar-

238 1383 39 21 ker
300 1383 33 22 till
356 1383 98 22 enskilda
472 1389 104 22 personer
591 1386 24 19 är
630 1383 86 22 således
733 1389 76 21 genom
825 1381 126 27 ständerlag
966 1382 32 21 in-

238 1417 92 22 skränkt
352 1417 33 22 till
408 1417 144 27 nyssnämnda
573 1417 86 22 former.
696 1416 132 23 Därutöfver
850 1415 92 23 föreslås
966 1415 31 22 uti

237 1450 142 23 förevarande
394 1452 79 26 nådiga
487 1452 140 27 proposition,
642 1453 33 20 att
690 1451 7 21 i
713 1450 108 22 särskilda
833 1450 38 22 fall
881 1450 117 27 kronojord

306 1490 194 19 Ekonomiutskottets
512 1491 116 18 betänkande
640 1491 37 17 N:o
689 1491 16 17 2.
