<?xml version="1.0" encoding="UTF-8"?>
<alto xmlns="http://www.loc.gov/standards/alto/ns-v3#" xmlns:xlink="http://www.w3.org/1999/xlink" xmlns:xsi="http://www.w3.org/2001/XMLSchema-instance" xsi:schemaLocation="http://www.loc.gov/standards/alto/ns-v3# http://www.loc.gov/alto/v3/alto-3-0.xsd">
	<Description>
		<MeasurementUnit>pixel</MeasurementUnit>
		<sourceImageInformation>
			<fileName>/tmp/tess_m4r97tk7_input.PNG</fileName>
		</sourceImageInformation>
		<OCRProcessing ID="OCR_0">
			<ocrProcessingStep>
				<processingSoftware>
					<softwareName>tesseract 5.3.4</softwareName>
				</processingSoftware>
			</ocrProcessingStep>
		</OCRProcessing>
	</Description>
	<Layout>
		<Page WIDTH="1142" HEIGHT="1803" PHYSICAL_IMG_NR="0" ID="page_0">
			<PrintSpace HPOS="0" VPOS="0" WIDTH="1142" HEIGHT="1803">
				<ComposedBlock ID="cblock_0" HPOS="454" VPOS="176" WIDTH="403" HEIGHT="24">
					<TextBlock ID="block_0" HPOS="454" VPOS="176" WIDTH="403" HEIGHT="24">
						<TextLine ID="line_0" HPOS="454" VPOS="176" WIDTH="403" HEIGHT="24">
							<String ID="string_0" HPOS="454" VPOS="177" WIDTH="45" HEIGHT="23" WC="0.96" CONTENT="N:o"/><SP WIDTH="21" VPOS="177" HPOS="499"/>
							<String ID="string_1" HPOS="520" VPOS="178" WIDTH="39" HEIGHT="22" WC="0.95" CONTENT="10."/><SP WIDTH="286" VPOS="178" HPOS="559"/>
							<String ID="string_2" HPOS="845" VPOS="176" WIDTH="12" HEIGHT="20" WC="0.96" CONTENT="7"/>
						</TextLine>
					</TextBlock>
				</ComposedBlock>
				<ComposedBlock ID="cblock_1" HPOS="129" VPOS="243" WIDTH="760" HEIGHT="169">
					<TextBlock ID="block_1" HPOS="129" VPOS="243" WIDTH="760" HEIGHT="99">
						<TextLine ID="line_1" HPOS="129" VPOS="243" WIDTH="760" HEIGHT="31">
							<String ID="string_3" HPOS="129" VPOS="246" WIDTH="100" HEIGHT="28" WC="0.96" CONTENT="inbjudit,"/><SP WIDTH="23" VPOS="246" HPOS="229"/>
							<String ID="string_4" HPOS="252" VPOS="245" WIDTH="33" HEIGHT="22" WC="0.96" CONTENT="för"/><SP WIDTH="18" VPOS="245" HPOS="285"/>
							<String ID="string_5" HPOS="303" VPOS="245" WIDTH="94" HEIGHT="21" WC="0.96" CONTENT="skadans"/><SP WIDTH="18" VPOS="245" HPOS="397"/>
							<String ID="string_6" HPOS="415" VPOS="244" WIDTH="53" HEIGHT="22" WC="0.93" CONTENT="fulla"/><SP WIDTH="20" VPOS="244" HPOS="468"/>
							<String ID="string_7" HPOS="488" VPOS="244" WIDTH="111" HEIGHT="28" WC="0.91" CONTENT="gäldande."/><SP WIDTH="30" VPOS="244" HPOS="599"/>
							<String ID="string_8" HPOS="629" VPOS="244" WIDTH="65" HEIGHT="22" WC="0.96" CONTENT="Visar"/><SP WIDTH="15" VPOS="244" HPOS="694"/>
							<String ID="string_9" HPOS="709" VPOS="244" WIDTH="72" HEIGHT="26" WC="0.96" CONTENT="någon"/><SP WIDTH="16" VPOS="244" HPOS="781"/>
							<String ID="string_10" HPOS="797" VPOS="243" WIDTH="24" HEIGHT="22" WC="0.96" CONTENT="af"/><SP WIDTH="14" VPOS="243" HPOS="821"/>
							<String ID="string_11" HPOS="835" VPOS="244" WIDTH="54" HEIGHT="26" WC="0.96" CONTENT="dem,"/>
						</TextLine>
						<TextLine ID="line_2" HPOS="130" VPOS="279" WIDTH="759" HEIGHT="29">
							<String ID="string_12" HPOS="130" VPOS="283" WIDTH="34" HEIGHT="20" WC="0.96" CONTENT="att"/><SP WIDTH="19" VPOS="283" HPOS="164"/>
							<String ID="string_13" HPOS="183" VPOS="282" WIDTH="49" HEIGHT="26" WC="0.95" CONTENT="han,"/><SP WIDTH="24" VPOS="282" HPOS="232"/>
							<String ID="string_14" HPOS="256" VPOS="282" WIDTH="53" HEIGHT="20" WC="0.95" CONTENT="utan"/><SP WIDTH="20" VPOS="282" HPOS="309"/>
							<String ID="string_15" HPOS="329" VPOS="280" WIDTH="39" HEIGHT="22" WC="0.96" CONTENT="sitt"/><SP WIDTH="14" VPOS="280" HPOS="368"/>
							<String ID="string_16" HPOS="382" VPOS="280" WIDTH="106" HEIGHT="26" WC="0.96" CONTENT="vållande,"/><SP WIDTH="17" VPOS="280" HPOS="488"/>
							<String ID="string_17" HPOS="505" VPOS="286" WIDTH="34" HEIGHT="15" WC="0.96" CONTENT="om"/><SP WIDTH="15" VPOS="286" HPOS="539"/>
							<String ID="string_18" HPOS="554" VPOS="279" WIDTH="51" HEIGHT="22" WC="0.96" CONTENT="felet"/><SP WIDTH="15" VPOS="279" HPOS="605"/>
							<String ID="string_19" HPOS="620" VPOS="280" WIDTH="79" HEIGHT="20" WC="0.95" CONTENT="saknat"/><SP WIDTH="15" VPOS="280" HPOS="699"/>
							<String ID="string_20" HPOS="714" VPOS="280" WIDTH="108" HEIGHT="26" WC="0.96" CONTENT="kunskap,"/><SP WIDTH="15" VPOS="280" HPOS="822"/>
							<String ID="string_21" HPOS="837" VPOS="284" WIDTH="52" HEIGHT="16" WC="0.96" CONTENT="vare"/>
						</TextLine>
						<TextLine ID="line_3" HPOS="130" VPOS="314" WIDTH="305" HEIGHT="28">
							<String ID="string_22" HPOS="130" VPOS="316" WIDTH="48" HEIGHT="22" WC="0.96" CONTENT="från"/><SP WIDTH="16" VPOS="316" HPOS="178"/>
							<String ID="string_23" HPOS="194" VPOS="316" WIDTH="41" HEIGHT="22" WC="0.93" CONTENT="slik"/><SP WIDTH="15" VPOS="316" HPOS="235"/>
							<String ID="string_24" HPOS="250" VPOS="315" WIDTH="137" HEIGHT="27" WC="0.92" CONTENT="ansvarighet"/><SP WIDTH="15" VPOS="315" HPOS="387"/>
							<String ID="string_25" HPOS="402" VPOS="314" WIDTH="33" HEIGHT="22" WC="0.96" CONTENT="fri."/>
						</TextLine>
					</TextBlock>
					<TextBlock ID="block_2" HPOS="131" VPOS="348" WIDTH="758" HEIGHT="64">
						<TextLine ID="line_4" HPOS="202" VPOS="348" WIDTH="687" HEIGHT="29">
							<String ID="string_26" HPOS="202" VPOS="350" WIDTH="40" HEIGHT="21" WC="0.93" CONTENT="Om"/><SP WIDTH="20" VPOS="350" HPOS="242"/>
							<String ID="string_27" HPOS="262" VPOS="350" WIDTH="267" HEIGHT="27" WC="0.92" CONTENT="styrelsemedlemmarnes"/><SP WIDTH="19" VPOS="350" HPOS="529"/>
							<String ID="string_28" HPOS="548" VPOS="348" WIDTH="137" HEIGHT="27" WC="0.92" CONTENT="ansvarighet"/><SP WIDTH="20" VPOS="348" HPOS="685"/>
							<String ID="string_29" HPOS="705" VPOS="348" WIDTH="7" HEIGHT="21" WC="0.96" CONTENT="i"/><SP WIDTH="19" VPOS="348" HPOS="712"/>
							<String ID="string_30" HPOS="731" VPOS="348" WIDTH="43" HEIGHT="27" WC="0.96" CONTENT="fall,"/><SP WIDTH="23" VPOS="348" HPOS="774"/>
							<String ID="string_31" HPOS="797" VPOS="355" WIDTH="47" HEIGHT="15" WC="0.96" CONTENT="som"/><SP WIDTH="15" VPOS="355" HPOS="844"/>
							<String ID="string_32" HPOS="859" VPOS="355" WIDTH="30" HEIGHT="14" WC="0.96" CONTENT="nu"/>
						</TextLine>
						<TextLine ID="line_5" HPOS="131" VPOS="383" WIDTH="305" HEIGHT="29">
							<String ID="string_33" HPOS="131" VPOS="387" WIDTH="25" HEIGHT="20" WC="0.93" CONTENT="är"/><SP WIDTH="15" VPOS="387" HPOS="156"/>
							<String ID="string_34" HPOS="171" VPOS="385" WIDTH="97" HEIGHT="26" WC="0.90" CONTENT="nämndt,"/><SP WIDTH="16" VPOS="385" HPOS="268"/>
							<String ID="string_35" HPOS="284" VPOS="384" WIDTH="52" HEIGHT="22" WC="0.93" CONTENT="skils"/><SP WIDTH="15" VPOS="384" HPOS="336"/>
							<String ID="string_36" HPOS="351" VPOS="384" WIDTH="8" HEIGHT="21" WC="0.96" CONTENT="i"/><SP WIDTH="15" VPOS="384" HPOS="359"/>
							<String ID="string_37" HPOS="374" VPOS="385" WIDTH="25" HEIGHT="20" WC="0.96" CONTENT="41"/><SP WIDTH="17" VPOS="385" HPOS="399"/>
							<String ID="string_38" HPOS="416" VPOS="383" WIDTH="20" HEIGHT="29" WC="0.59" CONTENT="8."/>
						</TextLine>
					</TextBlock>
				</ComposedBlock>
				<ComposedBlock ID="cblock_2" HPOS="132" VPOS="453" WIDTH="758" HEIGHT="208">
					<TextBlock ID="block_3" HPOS="482" VPOS="453" WIDTH="61" HEIGHT="29">
						<TextLine ID="line_6" HPOS="482" VPOS="453" WIDTH="61" HEIGHT="29">
							<String ID="string_39" HPOS="482" VPOS="455" WIDTH="24" HEIGHT="20" WC="0.95" CONTENT="17"/><SP WIDTH="18" VPOS="455" HPOS="506"/>
							<String ID="string_40" HPOS="524" VPOS="453" WIDTH="19" HEIGHT="29" WC="0.84" CONTENT="&amp;."/>
						</TextLine>
					</TextBlock>
					<TextBlock ID="block_4" HPOS="132" VPOS="491" WIDTH="758" HEIGHT="170">
						<TextLine ID="line_7" HPOS="203" VPOS="491" WIDTH="686" HEIGHT="30">
							<String ID="string_41" HPOS="203" VPOS="491" WIDTH="64" HEIGHT="26" WC="0.96" CONTENT="Öfver"/><SP WIDTH="25" VPOS="491" HPOS="267"/>
							<String ID="string_42" HPOS="292" VPOS="494" WIDTH="100" HEIGHT="27" WC="0.93" CONTENT="samtliga"/><SP WIDTH="24" VPOS="494" HPOS="392"/>
							<String ID="string_43" HPOS="416" VPOS="493" WIDTH="142" HEIGHT="28" WC="0.92" CONTENT="bolagslotter"/><SP WIDTH="21" VPOS="493" HPOS="558"/>
							<String ID="string_44" HPOS="579" VPOS="494" WIDTH="7" HEIGHT="21" WC="0.96" CONTENT="i"/><SP WIDTH="24" VPOS="494" HPOS="586"/>
							<String ID="string_45" HPOS="610" VPOS="493" WIDTH="122" HEIGHT="28" WC="0.96" CONTENT="aktiebolag"/><SP WIDTH="23" VPOS="493" HPOS="732"/>
							<String ID="string_46" HPOS="755" VPOS="494" WIDTH="54" HEIGHT="21" WC="0.96" CONTENT="skall"/><SP WIDTH="22" VPOS="494" HPOS="809"/>
							<String ID="string_47" HPOS="831" VPOS="493" WIDTH="58" HEIGHT="22" WC="0.96" CONTENT="föras"/>
						</TextLine>
						<TextLine ID="line_8" HPOS="132" VPOS="528" WIDTH="758" HEIGHT="29">
							<String ID="string_48" HPOS="132" VPOS="530" WIDTH="108" HEIGHT="27" WC="0.92" CONTENT="aktiebok,"/><SP WIDTH="23" VPOS="530" HPOS="240"/>
							<String ID="string_49" HPOS="263" VPOS="529" WIDTH="141" HEIGHT="27" WC="0.93" CONTENT="upptagande"/><SP WIDTH="19" VPOS="529" HPOS="404"/>
							<String ID="string_50" HPOS="423" VPOS="529" WIDTH="85" HEIGHT="21" WC="0.92" CONTENT="aktiens"/><SP WIDTH="19" VPOS="529" HPOS="508"/>
							<String ID="string_51" HPOS="527" VPOS="535" WIDTH="97" HEIGHT="14" WC="0.96" CONTENT="nummer"/><SP WIDTH="16" VPOS="535" HPOS="624"/>
							<String ID="string_52" HPOS="640" VPOS="529" WIDTH="39" HEIGHT="20" WC="0.96" CONTENT="och"/><SP WIDTH="14" VPOS="529" HPOS="679"/>
							<String ID="string_53" HPOS="693" VPOS="528" WIDTH="154" HEIGHT="27" WC="0.95" CONTENT="beskaffenhet,"/><SP WIDTH="18" VPOS="528" HPOS="847"/>
							<String ID="string_54" HPOS="865" VPOS="529" WIDTH="25" HEIGHT="20" WC="0.95" CONTENT="de"/>
						</TextLine>
						<TextLine ID="line_9" HPOS="132" VPOS="563" WIDTH="757" HEIGHT="27">
							<String ID="string_55" HPOS="132" VPOS="565" WIDTH="51" HEIGHT="21" WC="0.91" CONTENT="derå"/><SP WIDTH="21" VPOS="565" HPOS="183"/>
							<String ID="string_56" HPOS="204" VPOS="565" WIDTH="125" HEIGHT="21" WC="0.92" CONTENT="verkstälda"/><SP WIDTH="22" VPOS="565" HPOS="329"/>
							<String ID="string_57" HPOS="351" VPOS="564" WIDTH="195" HEIGHT="26" WC="0.90" CONTENT="inbetalningarna,"/><SP WIDTH="23" VPOS="564" HPOS="546"/>
							<String ID="string_58" HPOS="569" VPOS="570" WIDTH="35" HEIGHT="14" WC="0.93" CONTENT="om"/><SP WIDTH="20" VPOS="570" HPOS="604"/>
							<String ID="string_59" HPOS="624" VPOS="564" WIDTH="39" HEIGHT="20" WC="0.93" CONTENT="och"/><SP WIDTH="15" VPOS="564" HPOS="663"/>
							<String ID="string_60" HPOS="678" VPOS="565" WIDTH="40" HEIGHT="19" WC="0.93" CONTENT="när"/><SP WIDTH="17" VPOS="565" HPOS="718"/>
							<String ID="string_61" HPOS="735" VPOS="563" WIDTH="106" HEIGHT="21" WC="0.91" CONTENT="aktiebref"/><SP WIDTH="14" VPOS="563" HPOS="841"/>
							<String ID="string_62" HPOS="855" VPOS="565" WIDTH="34" HEIGHT="19" WC="0.91" CONTENT="ut-"/>
						</TextLine>
						<TextLine ID="line_10" HPOS="132" VPOS="598" WIDTH="757" HEIGHT="29">
							<String ID="string_63" HPOS="132" VPOS="599" WIDTH="70" HEIGHT="28" WC="0.91" CONTENT="gifvits"/><SP WIDTH="17" VPOS="599" HPOS="202"/>
							<String ID="string_64" HPOS="219" VPOS="600" WIDTH="62" HEIGHT="25" WC="0.96" CONTENT="samt,"/><SP WIDTH="17" VPOS="600" HPOS="281"/>
							<String ID="string_65" HPOS="298" VPOS="599" WIDTH="37" HEIGHT="21" WC="0.92" CONTENT="der"/><SP WIDTH="17" VPOS="599" HPOS="335"/>
							<String ID="string_66" HPOS="352" VPOS="598" WIDTH="140" HEIGHT="21" WC="0.91" CONTENT="aktiebrefvet"/><SP WIDTH="14" VPOS="598" HPOS="492"/>
							<String ID="string_67" HPOS="506" VPOS="598" WIDTH="17" HEIGHT="28" WC="0.95" CONTENT="ej"/><SP WIDTH="11" VPOS="598" HPOS="523"/>
							<String ID="string_68" HPOS="534" VPOS="598" WIDTH="60" HEIGHT="27" WC="0.93" CONTENT="lyder"/><SP WIDTH="11" VPOS="598" HPOS="594"/>
							<String ID="string_69" HPOS="605" VPOS="598" WIDTH="13" HEIGHT="21" WC="0.92" CONTENT="å"/><SP WIDTH="9" VPOS="598" HPOS="618"/>
							<String ID="string_70" HPOS="627" VPOS="598" WIDTH="160" HEIGHT="26" WC="0.91" CONTENT="innehafvaren,"/><SP WIDTH="12" VPOS="598" HPOS="787"/>
							<String ID="string_71" HPOS="799" VPOS="604" WIDTH="90" HEIGHT="22" WC="0.91" CONTENT="egarens"/>
						</TextLine>
						<TextLine ID="line_11" HPOS="132" VPOS="633" WIDTH="356" HEIGHT="28">
							<String ID="string_72" HPOS="132" VPOS="640" WIDTH="72" HEIGHT="21" WC="0.96" CONTENT="namn,"/><SP WIDTH="18" VPOS="640" HPOS="204"/>
							<String ID="string_73" HPOS="222" VPOS="634" WIDTH="64" HEIGHT="21" WC="0.96" CONTENT="stånd"/><SP WIDTH="15" VPOS="634" HPOS="286"/>
							<String ID="string_74" HPOS="301" VPOS="633" WIDTH="39" HEIGHT="21" WC="0.93" CONTENT="och"/><SP WIDTH="14" VPOS="633" HPOS="340"/>
							<String ID="string_75" HPOS="354" VPOS="633" WIDTH="134" HEIGHT="27" WC="0.91" CONTENT="boningsort."/>
						</TextLine>
					</TextBlock>
				</ComposedBlock>
				<ComposedBlock ID="cblock_3" HPOS="156" VPOS="741" WIDTH="711" HEIGHT="75">
					<TextBlock ID="block_5" HPOS="156" VPOS="741" WIDTH="711" HEIGHT="75">
						<TextLine ID="line_12" HPOS="452" VPOS="741" WIDTH="117" HEIGHT="22">
							<String ID="string_76" HPOS="452" VPOS="741" WIDTH="16" HEIGHT="18" WC="0.94" CONTENT="2"/><SP WIDTH="19" VPOS="741" HPOS="468"/>
							<String ID="string_77" HPOS="487" VPOS="741" WIDTH="82" HEIGHT="22" WC="0.93" CONTENT="Kap."/>
						</TextLine>
						<TextLine ID="line_13" HPOS="156" VPOS="788" WIDTH="711" HEIGHT="28">
							<String ID="string_78" HPOS="156" VPOS="790" WIDTH="33" HEIGHT="21" WC="0.93" CONTENT="Om"/><SP WIDTH="17" VPOS="790" HPOS="189"/>
							<String ID="string_79" HPOS="206" VPOS="789" WIDTH="156" HEIGHT="27" WC="0.91" CONTENT="aktieegarenes"/><SP WIDTH="16" VPOS="789" HPOS="362"/>
							<String ID="string_80" HPOS="378" VPOS="788" WIDTH="126" HEIGHT="22" WC="0.96" CONTENT="förhållande"/><SP WIDTH="16" VPOS="788" HPOS="504"/>
							<String ID="string_81" HPOS="520" VPOS="789" WIDTH="28" HEIGHT="20" WC="0.96" CONTENT="till"/><SP WIDTH="17" VPOS="789" HPOS="548"/>
							<String ID="string_82" HPOS="565" VPOS="788" WIDTH="66" HEIGHT="27" WC="0.96" CONTENT="tredje"/><SP WIDTH="16" VPOS="788" HPOS="631"/>
							<String ID="string_83" HPOS="647" VPOS="794" WIDTH="45" HEIGHT="15" WC="0.97" CONTENT="man"/><SP WIDTH="17" VPOS="794" HPOS="692"/>
							<String ID="string_84" HPOS="709" VPOS="789" WIDTH="38" HEIGHT="21" WC="0.96" CONTENT="och"/><SP WIDTH="17" VPOS="789" HPOS="747"/>
							<String ID="string_85" HPOS="764" VPOS="789" WIDTH="103" HEIGHT="21" WC="0.96" CONTENT="inbördes."/>
						</TextLine>
					</TextBlock>
				</ComposedBlock>
				<ComposedBlock ID="cblock_4" HPOS="132" VPOS="851" WIDTH="759" HEIGHT="213">
					<TextBlock ID="block_6" HPOS="483" VPOS="851" WIDTH="61" HEIGHT="30">
						<TextLine ID="line_14" HPOS="483" VPOS="851" WIDTH="61" HEIGHT="30">
							<String ID="string_86" HPOS="483" VPOS="853" WIDTH="25" HEIGHT="20" WC="0.96" CONTENT="18"/><SP WIDTH="16" VPOS="853" HPOS="508"/>
							<String ID="string_87" HPOS="524" VPOS="851" WIDTH="20" HEIGHT="30" WC="0.83" CONTENT="8."/>
						</TextLine>
					</TextBlock>
					<TextBlock ID="block_7" HPOS="132" VPOS="898" WIDTH="759" HEIGHT="97">
						<TextLine ID="line_15" HPOS="204" VPOS="898" WIDTH="687" HEIGHT="27">
							<String ID="string_88" HPOS="204" VPOS="899" WIDTH="11" HEIGHT="20" WC="0.94" CONTENT="I"/><SP WIDTH="20" VPOS="899" HPOS="215"/>
							<String ID="string_89" HPOS="235" VPOS="899" WIDTH="121" HEIGHT="26" WC="0.92" CONTENT="aktiebolag"/><SP WIDTH="20" VPOS="899" HPOS="356"/>
							<String ID="string_90" HPOS="376" VPOS="905" WIDTH="61" HEIGHT="14" WC="0.90" CONTENT="svare"/><SP WIDTH="15" VPOS="905" HPOS="437"/>
							<String ID="string_91" HPOS="452" VPOS="898" WIDTH="169" HEIGHT="27" WC="0.96" CONTENT="bolagsmännen"/><SP WIDTH="15" VPOS="898" HPOS="621"/>
							<String ID="string_92" HPOS="636" VPOS="898" WIDTH="33" HEIGHT="21" WC="0.96" CONTENT="för"/><SP WIDTH="16" VPOS="898" HPOS="669"/>
							<String ID="string_93" HPOS="685" VPOS="899" WIDTH="48" HEIGHT="20" WC="0.96" CONTENT="dess"/><SP WIDTH="16" VPOS="899" HPOS="733"/>
							<String ID="string_94" HPOS="749" VPOS="898" WIDTH="142" HEIGHT="21" WC="0.96" CONTENT="förbindelser"/>
						</TextLine>
						<TextLine ID="line_16" HPOS="132" VPOS="933" WIDTH="759" HEIGHT="27">
							<String ID="string_95" HPOS="132" VPOS="933" WIDTH="49" HEIGHT="22" WC="0.96" CONTENT="med"/><SP WIDTH="15" VPOS="933" HPOS="181"/>
							<String ID="string_96" HPOS="196" VPOS="933" WIDTH="42" HEIGHT="21" WC="0.96" CONTENT="den"/><SP WIDTH="16" VPOS="933" HPOS="238"/>
							<String ID="string_97" HPOS="254" VPOS="933" WIDTH="108" HEIGHT="27" WC="0.96" CONTENT="egendom,"/><SP WIDTH="17" VPOS="933" HPOS="362"/>
							<String ID="string_98" HPOS="379" VPOS="939" WIDTH="45" HEIGHT="15" WC="0.95" CONTENT="som"/><SP WIDTH="16" VPOS="939" HPOS="424"/>
							<String ID="string_99" HPOS="440" VPOS="933" WIDTH="73" HEIGHT="21" WC="0.95" CONTENT="tillhör"/><SP WIDTH="14" VPOS="933" HPOS="513"/>
							<String ID="string_100" HPOS="527" VPOS="933" WIDTH="93" HEIGHT="27" WC="0.96" CONTENT="bolaget,"/><SP WIDTH="17" VPOS="933" HPOS="620"/>
							<String ID="string_101" HPOS="637" VPOS="933" WIDTH="39" HEIGHT="21" WC="0.97" CONTENT="och"/><SP WIDTH="15" VPOS="933" HPOS="676"/>
							<String ID="string_102" HPOS="691" VPOS="933" WIDTH="56" HEIGHT="21" WC="0.93" CONTENT="hvad"/><SP WIDTH="17" VPOS="933" HPOS="747"/>
							<String ID="string_103" HPOS="764" VPOS="934" WIDTH="12" HEIGHT="20" WC="0.91" CONTENT="å"/><SP WIDTH="16" VPOS="934" HPOS="776"/>
							<String ID="string_104" HPOS="792" VPOS="933" WIDTH="99" HEIGHT="21" WC="0.96" CONTENT="aktierna"/>
						</TextLine>
						<TextLine ID="line_17" HPOS="132" VPOS="967" WIDTH="758" HEIGHT="28">
							<String ID="string_105" HPOS="132" VPOS="969" WIDTH="95" HEIGHT="25" WC="0.91" CONTENT="utestår;"/><SP WIDTH="21" VPOS="969" HPOS="227"/>
							<String ID="string_106" HPOS="248" VPOS="968" WIDTH="38" HEIGHT="21" WC="0.96" CONTENT="och"/><SP WIDTH="15" VPOS="968" HPOS="286"/>
							<String ID="string_107" HPOS="301" VPOS="968" WIDTH="33" HEIGHT="21" WC="0.96" CONTENT="får"/><SP WIDTH="15" VPOS="968" HPOS="334"/>
							<String ID="string_108" HPOS="349" VPOS="967" WIDTH="17" HEIGHT="28" WC="0.96" CONTENT="ej"/><SP WIDTH="18" VPOS="967" HPOS="366"/>
							<String ID="string_109" HPOS="384" VPOS="968" WIDTH="82" HEIGHT="21" WC="0.96" CONTENT="enskild"/><SP WIDTH="15" VPOS="968" HPOS="466"/>
							<String ID="string_110" HPOS="481" VPOS="968" WIDTH="125" HEIGHT="27" WC="0.96" CONTENT="bolagsman"/><SP WIDTH="16" VPOS="968" HPOS="606"/>
							<String ID="string_111" HPOS="622" VPOS="967" WIDTH="33" HEIGHT="22" WC="0.96" CONTENT="för"/><SP WIDTH="15" VPOS="967" HPOS="655"/>
							<String ID="string_112" HPOS="670" VPOS="968" WIDTH="68" HEIGHT="21" WC="0.93" CONTENT="sådan"/><SP WIDTH="16" VPOS="968" HPOS="738"/>
							<String ID="string_113" HPOS="754" VPOS="968" WIDTH="49" HEIGHT="27" WC="0.93" CONTENT="gäld"/><SP WIDTH="16" VPOS="968" HPOS="803"/>
							<String ID="string_114" HPOS="819" VPOS="969" WIDTH="71" HEIGHT="20" WC="0.96" CONTENT="sökas."/>
						</TextLine>
					</TextBlock>
					<TextBlock ID="block_8" HPOS="133" VPOS="1002" WIDTH="758" HEIGHT="62">
						<TextLine ID="line_18" HPOS="201" VPOS="1002" WIDTH="690" HEIGHT="28">
							<String ID="string_115" HPOS="201" VPOS="1003" WIDTH="24" HEIGHT="26" WC="0.96" CONTENT="Ej"/><SP WIDTH="19" VPOS="1003" HPOS="225"/>
							<String ID="string_116" HPOS="244" VPOS="1002" WIDTH="66" HEIGHT="21" WC="0.96" CONTENT="heller"/><SP WIDTH="16" VPOS="1002" HPOS="310"/>
							<String ID="string_117" HPOS="326" VPOS="1003" WIDTH="34" HEIGHT="20" WC="0.96" CONTENT="må"/><SP WIDTH="15" VPOS="1003" HPOS="360"/>
							<String ID="string_118" HPOS="375" VPOS="1002" WIDTH="97" HEIGHT="27" WC="0.96" CONTENT="bolagets"/><SP WIDTH="17" VPOS="1002" HPOS="472"/>
							<String ID="string_119" HPOS="489" VPOS="1003" WIDTH="103" HEIGHT="26" WC="0.96" CONTENT="egendom"/><SP WIDTH="15" VPOS="1003" HPOS="592"/>
							<String ID="string_120" HPOS="607" VPOS="1002" WIDTH="34" HEIGHT="22" WC="0.96" CONTENT="för"/><SP WIDTH="15" VPOS="1002" HPOS="641"/>
							<String ID="string_121" HPOS="656" VPOS="1003" WIDTH="83" HEIGHT="21" WC="0.92" CONTENT="enskild"/><SP WIDTH="14" VPOS="1003" HPOS="739"/>
							<String ID="string_122" HPOS="753" VPOS="1003" WIDTH="138" HEIGHT="27" WC="0.92" CONTENT="bolagsmans"/>
						</TextLine>
						<TextLine ID="line_19" HPOS="133" VPOS="1037" WIDTH="177" HEIGHT="27">
							<String ID="string_123" HPOS="133" VPOS="1037" WIDTH="50" HEIGHT="27" WC="0.92" CONTENT="gäld"/><SP WIDTH="15" VPOS="1037" HPOS="183"/>
							<String ID="string_124" HPOS="198" VPOS="1037" WIDTH="112" HEIGHT="27" WC="0.91" CONTENT="tillgripas."/>
						</TextLine>
					</TextBlock>
				</ComposedBlock>
				<ComposedBlock ID="cblock_5" HPOS="131" VPOS="1099" WIDTH="761" HEIGHT="419">
					<TextBlock ID="block_9" HPOS="483" VPOS="1099" WIDTH="61" HEIGHT="29">
						<TextLine ID="line_20" HPOS="483" VPOS="1099" WIDTH="61" HEIGHT="29">
							<String ID="string_125" HPOS="483" VPOS="1101" WIDTH="25" HEIGHT="20" WC="0.91" CONTENT="19"/><SP WIDTH="17" VPOS="1101" HPOS="508"/>
							<String ID="string_126" HPOS="525" VPOS="1099" WIDTH="19" HEIGHT="29" WC="0.91" CONTENT="&amp;."/>
						</TextLine>
					</TextBlock>
					<TextBlock ID="block_10" HPOS="132" VPOS="1145" WIDTH="760" HEIGHT="132">
						<TextLine ID="line_21" HPOS="204" VPOS="1145" WIDTH="688" HEIGHT="28">
							<String ID="string_127" HPOS="204" VPOS="1146" WIDTH="130" HEIGHT="27" WC="0.90" CONTENT="Bolagsman"/><SP WIDTH="23" VPOS="1146" HPOS="334"/>
							<String ID="string_128" HPOS="357" VPOS="1152" WIDTH="51" HEIGHT="15" WC="0.91" CONTENT="vare"/><SP WIDTH="22" VPOS="1152" HPOS="408"/>
							<String ID="string_129" HPOS="430" VPOS="1145" WIDTH="76" HEIGHT="27" WC="0.91" CONTENT="pligtig"/><SP WIDTH="17" VPOS="1145" HPOS="506"/>
							<String ID="string_130" HPOS="523" VPOS="1147" WIDTH="33" HEIGHT="20" WC="0.96" CONTENT="att"/><SP WIDTH="14" VPOS="1147" HPOS="556"/>
							<String ID="string_131" HPOS="570" VPOS="1145" WIDTH="7" HEIGHT="21" WC="0.93" CONTENT="i"/><SP WIDTH="15" VPOS="1145" HPOS="577"/>
							<String ID="string_132" HPOS="592" VPOS="1145" WIDTH="87" HEIGHT="28" WC="0.90" CONTENT="bolaget"/><SP WIDTH="14" VPOS="1145" HPOS="679"/>
							<String ID="string_133" HPOS="693" VPOS="1145" WIDTH="50" HEIGHT="22" WC="0.92" CONTENT="fullt"/><SP WIDTH="14" VPOS="1145" HPOS="743"/>
							<String ID="string_134" HPOS="757" VPOS="1146" WIDTH="83" HEIGHT="21" WC="0.93" CONTENT="insätta"/><SP WIDTH="15" VPOS="1146" HPOS="840"/>
							<String ID="string_135" HPOS="855" VPOS="1146" WIDTH="37" HEIGHT="21" WC="0.95" CONTENT="det"/>
						</TextLine>
						<TextLine ID="line_22" HPOS="132" VPOS="1179" WIDTH="759" HEIGHT="28">
							<String ID="string_136" HPOS="132" VPOS="1180" WIDTH="85" HEIGHT="27" WC="0.92" CONTENT="belopp,"/><SP WIDTH="17" VPOS="1180" HPOS="217"/>
							<String ID="string_137" HPOS="234" VPOS="1180" WIDTH="67" HEIGHT="21" WC="0.92" CONTENT="hvarä"/><SP WIDTH="14" VPOS="1180" HPOS="301"/>
							<String ID="string_138" HPOS="315" VPOS="1180" WIDTH="54" HEIGHT="21" WC="0.93" CONTENT="hans"/><SP WIDTH="17" VPOS="1180" HPOS="369"/>
							<String ID="string_139" HPOS="386" VPOS="1180" WIDTH="57" HEIGHT="21" WC="0.92" CONTENT="aktie"/><SP WIDTH="15" VPOS="1180" HPOS="443"/>
							<String ID="string_140" HPOS="458" VPOS="1180" WIDTH="66" HEIGHT="27" WC="0.92" CONTENT="lyder."/><SP WIDTH="27" VPOS="1180" HPOS="524"/>
							<String ID="string_141" HPOS="551" VPOS="1179" WIDTH="57" HEIGHT="22" WC="0.91" CONTENT="Skall"/><SP WIDTH="12" VPOS="1179" HPOS="608"/>
							<String ID="string_142" HPOS="620" VPOS="1180" WIDTH="66" HEIGHT="26" WC="0.93" CONTENT="enligt"/><SP WIDTH="10" VPOS="1180" HPOS="686"/>
							<String ID="string_143" HPOS="696" VPOS="1180" WIDTH="195" HEIGHT="27" WC="0.90" CONTENT="bolagsordningen"/>
						</TextLine>
						<TextLine ID="line_23" HPOS="132" VPOS="1215" WIDTH="758" HEIGHT="27">
							<String ID="string_144" HPOS="132" VPOS="1215" WIDTH="94" HEIGHT="21" WC="0.92" CONTENT="insättas"/><SP WIDTH="19" VPOS="1215" HPOS="226"/>
							<String ID="string_145" HPOS="245" VPOS="1221" WIDTH="71" HEIGHT="14" WC="0.96" CONTENT="annan"/><SP WIDTH="21" VPOS="1221" HPOS="316"/>
							<String ID="string_146" HPOS="337" VPOS="1215" WIDTH="103" HEIGHT="26" WC="0.96" CONTENT="egendom"/><SP WIDTH="18" VPOS="1215" HPOS="440"/>
							<String ID="string_147" HPOS="458" VPOS="1217" WIDTH="27" HEIGHT="18" WC="0.93" CONTENT="än"/><SP WIDTH="16" VPOS="1217" HPOS="485"/>
							<String ID="string_148" HPOS="501" VPOS="1215" WIDTH="126" HEIGHT="26" WC="0.92" CONTENT="penningar,"/><SP WIDTH="16" VPOS="1215" HPOS="627"/>
							<String ID="string_149" HPOS="643" VPOS="1215" WIDTH="66" HEIGHT="21" WC="0.91" CONTENT="varde"/><SP WIDTH="16" VPOS="1215" HPOS="709"/>
							<String ID="string_150" HPOS="725" VPOS="1215" WIDTH="36" HEIGHT="21" WC="0.93" CONTENT="det"/><SP WIDTH="15" VPOS="1215" HPOS="761"/>
							<String ID="string_151" HPOS="776" VPOS="1215" WIDTH="114" HEIGHT="27" WC="0.91" CONTENT="iakttaget."/>
						</TextLine>
						<TextLine ID="line_24" HPOS="132" VPOS="1248" WIDTH="758" HEIGHT="29">
							<String ID="string_152" HPOS="132" VPOS="1249" WIDTH="24" HEIGHT="27" WC="0.96" CONTENT="Ej"/><SP WIDTH="17" VPOS="1249" HPOS="156"/>
							<String ID="string_153" HPOS="173" VPOS="1249" WIDTH="35" HEIGHT="20" WC="0.93" CONTENT="mä"/><SP WIDTH="15" VPOS="1249" HPOS="208"/>
							<String ID="string_154" HPOS="223" VPOS="1249" WIDTH="124" HEIGHT="26" WC="0.92" CONTENT="bolagsman"/><SP WIDTH="17" VPOS="1249" HPOS="347"/>
							<String ID="string_155" HPOS="364" VPOS="1249" WIDTH="32" HEIGHT="20" WC="0.93" CONTENT="sin"/><SP WIDTH="15" VPOS="1249" HPOS="396"/>
							<String ID="string_156" HPOS="411" VPOS="1249" WIDTH="69" HEIGHT="21" WC="0.93" CONTENT="insats"/><SP WIDTH="16" VPOS="1249" HPOS="480"/>
							<String ID="string_157" HPOS="496" VPOS="1250" WIDTH="46" HEIGHT="20" WC="0.93" CONTENT="mot"/><SP WIDTH="14" VPOS="1250" HPOS="542"/>
							<String ID="string_158" HPOS="556" VPOS="1248" WIDTH="88" HEIGHT="22" WC="0.92" CONTENT="fordran"/><SP WIDTH="16" VPOS="1248" HPOS="644"/>
							<String ID="string_159" HPOS="660" VPOS="1249" WIDTH="39" HEIGHT="21" WC="0.93" CONTENT="hos"/><SP WIDTH="14" VPOS="1249" HPOS="699"/>
							<String ID="string_160" HPOS="713" VPOS="1249" WIDTH="88" HEIGHT="28" WC="0.92" CONTENT="bolaget"/><SP WIDTH="13" VPOS="1249" HPOS="801"/>
							<String ID="string_161" HPOS="814" VPOS="1250" WIDTH="76" HEIGHT="26" WC="0.91" CONTENT="gvitta."/>
						</TextLine>
					</TextBlock>
					<TextBlock ID="block_11" HPOS="131" VPOS="1278" WIDTH="760" HEIGHT="137">
						<TextLine ID="line_25" HPOS="204" VPOS="1278" WIDTH="687" HEIGHT="32">
							<String ID="string_162" HPOS="204" VPOS="1278" WIDTH="119" HEIGHT="26" WC="0.86" CONTENT="Öfverläter"/><SP WIDTH="22" VPOS="1278" HPOS="323"/>
							<String ID="string_163" HPOS="345" VPOS="1283" WIDTH="125" HEIGHT="26" WC="0.96" CONTENT="bolagsman"/><SP WIDTH="24" VPOS="1283" HPOS="470"/>
							<String ID="string_164" HPOS="494" VPOS="1283" WIDTH="33" HEIGHT="21" WC="0.91" CONTENT="sin"/><SP WIDTH="23" VPOS="1283" HPOS="527"/>
							<String ID="string_165" HPOS="550" VPOS="1283" WIDTH="57" HEIGHT="21" WC="0.96" CONTENT="aktie"/><SP WIDTH="19" VPOS="1283" HPOS="607"/>
							<String ID="string_166" HPOS="626" VPOS="1283" WIDTH="32" HEIGHT="21" WC="0.94" CONTENT="till"/><SP WIDTH="19" VPOS="1283" HPOS="658"/>
							<String ID="string_167" HPOS="677" VPOS="1290" WIDTH="79" HEIGHT="20" WC="0.93" CONTENT="annan,"/><SP WIDTH="16" VPOS="1290" HPOS="756"/>
							<String ID="string_168" HPOS="772" VPOS="1290" WIDTH="61" HEIGHT="15" WC="0.93" CONTENT="svare"/><SP WIDTH="15" VPOS="1290" HPOS="833"/>
							<String ID="string_169" HPOS="848" VPOS="1284" WIDTH="43" HEIGHT="21" WC="0.96" CONTENT="han"/>
						</TextLine>
						<TextLine ID="line_26" HPOS="131" VPOS="1317" WIDTH="760" HEIGHT="28">
							<String ID="string_170" HPOS="131" VPOS="1317" WIDTH="94" HEIGHT="21" WC="0.94" CONTENT="likafullt"/><SP WIDTH="22" VPOS="1317" HPOS="225"/>
							<String ID="string_171" HPOS="247" VPOS="1317" WIDTH="33" HEIGHT="21" WC="0.93" CONTENT="för"/><SP WIDTH="23" VPOS="1317" HPOS="280"/>
							<String ID="string_172" HPOS="303" VPOS="1317" WIDTH="144" HEIGHT="27" WC="0.96" CONTENT="betalningen,"/><SP WIDTH="24" VPOS="1317" HPOS="447"/>
							<String ID="string_173" HPOS="471" VPOS="1317" WIDTH="71" HEIGHT="21" WC="0.96" CONTENT="såsom"/><SP WIDTH="22" VPOS="1317" HPOS="542"/>
							<String ID="string_174" HPOS="564" VPOS="1317" WIDTH="33" HEIGHT="21" WC="0.95" CONTENT="för"/><SP WIDTH="18" VPOS="1317" HPOS="597"/>
							<String ID="string_175" HPOS="615" VPOS="1324" WIDTH="53" HEIGHT="21" WC="0.96" CONTENT="egen"/><SP WIDTH="19" VPOS="1324" HPOS="668"/>
							<String ID="string_176" HPOS="687" VPOS="1318" WIDTH="69" HEIGHT="26" WC="0.96" CONTENT="skuld,"/><SP WIDTH="20" VPOS="1318" HPOS="756"/>
							<String ID="string_177" HPOS="776" VPOS="1318" WIDTH="54" HEIGHT="21" WC="0.93" CONTENT="dock"/><SP WIDTH="15" VPOS="1318" HPOS="830"/>
							<String ID="string_178" HPOS="845" VPOS="1319" WIDTH="46" HEIGHT="20" WC="0.96" CONTENT="icke"/>
						</TextLine>
						<TextLine ID="line_27" HPOS="131" VPOS="1351" WIDTH="760" HEIGHT="28">
							<String ID="string_179" HPOS="131" VPOS="1352" WIDTH="75" HEIGHT="27" WC="0.96" CONTENT="längre"/><SP WIDTH="16" VPOS="1352" HPOS="206"/>
							<String ID="string_180" HPOS="222" VPOS="1353" WIDTH="27" HEIGHT="20" WC="0.93" CONTENT="än"/><SP WIDTH="16" VPOS="1353" HPOS="249"/>
							<String ID="string_181" HPOS="265" VPOS="1352" WIDTH="37" HEIGHT="21" WC="0.92" CONTENT="tvä"/><SP WIDTH="16" VPOS="1352" HPOS="302"/>
							<String ID="string_182" HPOS="318" VPOS="1352" WIDTH="24" HEIGHT="21" WC="0.96" CONTENT="är"/><SP WIDTH="15" VPOS="1352" HPOS="342"/>
							<String ID="string_183" HPOS="357" VPOS="1351" WIDTH="54" HEIGHT="22" WC="0.97" CONTENT="efter"/><SP WIDTH="16" VPOS="1351" HPOS="411"/>
							<String ID="string_184" HPOS="427" VPOS="1352" WIDTH="35" HEIGHT="21" WC="0.93" CONTENT="det"/><SP WIDTH="19" VPOS="1352" HPOS="462"/>
							<String ID="string_185" HPOS="481" VPOS="1352" WIDTH="160" HEIGHT="27" WC="0.88" CONTENT="egareombytet"/><SP WIDTH="19" VPOS="1352" HPOS="641"/>
							<String ID="string_186" HPOS="660" VPOS="1353" WIDTH="92" HEIGHT="21" WC="0.91" CONTENT="anmälts"/><SP WIDTH="11" VPOS="1353" HPOS="752"/>
							<String ID="string_187" HPOS="763" VPOS="1353" WIDTH="32" HEIGHT="21" WC="0.93" CONTENT="till"/><SP WIDTH="10" VPOS="1353" HPOS="795"/>
							<String ID="string_188" HPOS="805" VPOS="1353" WIDTH="86" HEIGHT="21" WC="0.92" CONTENT="inskrif-"/>
						</TextLine>
						<TextLine ID="line_28" HPOS="132" VPOS="1386" WIDTH="479" HEIGHT="29">
							<String ID="string_189" HPOS="132" VPOS="1387" WIDTH="52" HEIGHT="26" WC="0.96" CONTENT="ning"/><SP WIDTH="15" VPOS="1387" HPOS="184"/>
							<String ID="string_190" HPOS="199" VPOS="1386" WIDTH="6" HEIGHT="21" WC="0.93" CONTENT="i"/><SP WIDTH="17" VPOS="1386" HPOS="205"/>
							<String ID="string_191" HPOS="222" VPOS="1386" WIDTH="135" HEIGHT="27" WC="0.92" CONTENT="aktieboken,"/><SP WIDTH="17" VPOS="1386" HPOS="357"/>
							<String ID="string_192" HPOS="374" VPOS="1387" WIDTH="70" HEIGHT="20" WC="0.92" CONTENT="säsom"/><SP WIDTH="16" VPOS="1387" HPOS="444"/>
							<String ID="string_193" HPOS="460" VPOS="1387" WIDTH="6" HEIGHT="20" WC="0.96" CONTENT="i"/><SP WIDTH="17" VPOS="1387" HPOS="466"/>
							<String ID="string_194" HPOS="483" VPOS="1387" WIDTH="27" HEIGHT="20" WC="0.93" CONTENT="32"/><SP WIDTH="16" VPOS="1387" HPOS="510"/>
							<String ID="string_195" HPOS="526" VPOS="1386" WIDTH="13" HEIGHT="29" WC="0.93" CONTENT="&amp;"/><SP WIDTH="16" VPOS="1386" HPOS="539"/>
							<String ID="string_196" HPOS="555" VPOS="1389" WIDTH="56" HEIGHT="24" WC="0.92" CONTENT="sägs."/>
						</TextLine>
					</TextBlock>
					<TextBlock ID="block_12" HPOS="131" VPOS="1420" WIDTH="760" HEIGHT="98">
						<TextLine ID="line_29" HPOS="204" VPOS="1420" WIDTH="687" HEIGHT="29">
							<String ID="string_197" HPOS="204" VPOS="1420" WIDTH="150" HEIGHT="27" WC="0.90" CONTENT="Ansvarighet,"/><SP WIDTH="17" VPOS="1420" HPOS="354"/>
							<String ID="string_198" HPOS="371" VPOS="1427" WIDTH="45" HEIGHT="15" WC="0.96" CONTENT="som"/><SP WIDTH="16" VPOS="1427" HPOS="416"/>
							<String ID="string_199" HPOS="432" VPOS="1427" WIDTH="29" HEIGHT="15" WC="0.96" CONTENT="nu"/><SP WIDTH="16" VPOS="1427" HPOS="461"/>
							<String ID="string_200" HPOS="477" VPOS="1422" WIDTH="25" HEIGHT="19" WC="0.93" CONTENT="är"/><SP WIDTH="15" VPOS="1422" HPOS="502"/>
							<String ID="string_201" HPOS="517" VPOS="1421" WIDTH="86" HEIGHT="26" WC="0.88" CONTENT="nämnd,"/><SP WIDTH="16" VPOS="1421" HPOS="603"/>
							<String ID="string_202" HPOS="619" VPOS="1421" WIDTH="33" HEIGHT="21" WC="0.91" CONTENT="fär"/><SP WIDTH="16" VPOS="1421" HPOS="652"/>
							<String ID="string_203" HPOS="668" VPOS="1422" WIDTH="17" HEIGHT="26" WC="0.92" CONTENT="ej"/><SP WIDTH="14" VPOS="1422" HPOS="685"/>
							<String ID="string_204" HPOS="699" VPOS="1421" WIDTH="23" HEIGHT="21" WC="0.92" CONTENT="af"/><SP WIDTH="7" VPOS="1421" HPOS="722"/>
							<String ID="string_205" HPOS="729" VPOS="1421" WIDTH="88" HEIGHT="28" WC="0.93" CONTENT="bolaget"/><SP WIDTH="10" VPOS="1421" HPOS="817"/>
							<String ID="string_206" HPOS="827" VPOS="1422" WIDTH="64" HEIGHT="21" WC="0.92" CONTENT="efter-"/>
						</TextLine>
						<TextLine ID="line_30" HPOS="131" VPOS="1454" WIDTH="760" HEIGHT="28">
							<String ID="string_207" HPOS="131" VPOS="1454" WIDTH="77" HEIGHT="28" WC="0.89" CONTENT="gifvas;"/><SP WIDTH="25" VPOS="1454" HPOS="208"/>
							<String ID="string_208" HPOS="233" VPOS="1455" WIDTH="39" HEIGHT="21" WC="0.93" CONTENT="och"/><SP WIDTH="22" VPOS="1455" HPOS="272"/>
							<String ID="string_209" HPOS="294" VPOS="1461" WIDTH="51" HEIGHT="15" WC="0.93" CONTENT="vare"/><SP WIDTH="23" VPOS="1461" HPOS="345"/>
							<String ID="string_210" HPOS="368" VPOS="1455" WIDTH="115" HEIGHT="21" WC="0.89" CONTENT="aktiebrefs"/><SP WIDTH="21" VPOS="1455" HPOS="483"/>
							<String ID="string_211" HPOS="504" VPOS="1455" WIDTH="130" HEIGHT="22" WC="0.95" CONTENT="utfärdande"/><SP WIDTH="15" VPOS="1455" HPOS="634"/>
							<String ID="string_212" HPOS="649" VPOS="1456" WIDTH="66" HEIGHT="21" WC="0.96" CONTENT="innan"/><SP WIDTH="16" VPOS="1456" HPOS="715"/>
							<String ID="string_213" HPOS="731" VPOS="1456" WIDTH="97" HEIGHT="22" WC="0.93" CONTENT="insatsen"/><SP WIDTH="16" VPOS="1456" HPOS="828"/>
							<String ID="string_214" HPOS="844" VPOS="1457" WIDTH="47" HEIGHT="21" WC="0.86" CONTENT="full-"/>
						</TextLine>
						<TextLine ID="line_31" HPOS="132" VPOS="1490" WIDTH="200" HEIGHT="28">
							<String ID="string_215" HPOS="132" VPOS="1490" WIDTH="70" HEIGHT="27" WC="0.93" CONTENT="gjorts"/><SP WIDTH="15" VPOS="1490" HPOS="202"/>
							<String ID="string_216" HPOS="217" VPOS="1490" WIDTH="115" HEIGHT="28" WC="0.90" CONTENT="förbjudet."/>
						</TextLine>
					</TextBlock>
				</ComposedBlock>
				<GraphicalElement ID="cblock_6" HPOS="1138" VPOS="27" WIDTH="4" HEIGHT="1069"></GraphicalElement >
			</PrintSpace>
		</Page>
	</Layout>
</alto>
