1142 1803
264 228 13 20 8
457 228 29 22 U.
502 228 28 22 B.
547 241 28 3 —
591 228 77 29 Prop.
683 228 46 24 N:o
745 229 21 22 1.

234 290 29 20 all
277 290 82 21 förlust.
388 291 66 21 Hvad
469 291 100 22 särskildt
585 292 67 27 angär
667 292 28 21 de
710 292 106 21 allmänna
831 292 106 21 besvären
951 292 44 21 kan

234 324 51 20 med
307 324 47 21 skäl
376 325 138 27 ifrägasättas
537 326 104 21 huruvida
663 334 27 13 en
709 326 203 28 gränsbestämning
927 326 25 21 af
963 328 31 20 tio

233 358 101 21 hektarer
349 358 97 22 skattbar
462 360 60 21 mark
537 360 33 21 för
585 367 27 14 en
625 360 171 27 stomlägenhets
808 362 79 19 minsta
899 361 95 26 egovidd

234 399 54 14 vore
302 392 88 26 hällbar,
406 394 52 21 enär
472 395 94 20 nämnda
579 394 108 26 jordareal
701 396 59 19 inom
775 395 58 20 olika
845 395 59 20 delar
917 395 25 20 af
947 395 48 21 värt

234 426 51 21 land
299 431 161 23 representerar
475 436 26 13 en
516 429 88 27 mycket
620 429 57 21 olika
693 429 248 28 produktionsförmäga.

304 461 105 22 Häremot
432 462 54 21 skall
508 463 107 21 mähända
639 463 104 21 invändas
766 467 38 21 att,
827 465 7 19 i
851 463 144 21 betraktande

234 495 26 21 af
272 496 27 21 de
315 496 33 21 för
358 497 109 26 parcellen
478 497 107 28 stadgade
597 498 312 27 undantagsbestämningarna
919 497 76 21 derom

234 533 34 18 att
288 531 81 26 parcell
388 531 96 21 hvarken
499 532 23 20 är
537 531 146 22 underkastad
698 532 55 21 börd
773 532 51 21 eller
840 531 156 28 skiftesregler-

234 565 44 26 ing,
301 565 138 21 bördsrätten
459 565 71 21 kunde
552 566 102 27 kringgäs
675 567 41 20 och
731 566 60 27 dylik
806 566 107 27 reglering
929 566 66 26 omöj-

235 598 95 28 liggöras
356 606 79 20 genom
463 600 163 27 medgifvandet
648 600 25 21 af
693 608 27 13 en
742 601 25 20 sä
789 600 106 21 utsträckt
923 600 72 21 afsön-

236 633 116 27 dringsrätt
380 637 32 18 att
434 635 72 27 någon
528 634 64 28 gräns
616 634 47 22 icke
685 635 74 21 vidare
781 634 119 22 fasthölles.
938 634 58 21 Enär

236 667 119 21 emellertid
384 668 46 21 från
460 676 27 14 en
518 669 135 27 sjelfständig
674 669 109 27 lägenhet,
807 668 66 22 också
896 669 28 21 dä
945 669 50 21 dess

235 702 134 21 minimividd
396 703 124 21 faststäldes
543 704 31 20 till
591 705 32 19 tio
645 703 107 25 hektarer,
774 710 27 13 en
824 704 80 26 mängd
927 703 68 20 skilda

236 736 106 27 parceller
363 736 72 22 kunde
456 737 105 27 utbrytas,
583 737 72 21 hvilka
678 737 158 27 sammanlagdt
852 741 100 24 upptogo
968 737 27 20 lä-

236 770 120 27 genhetens
383 771 49 21 hela
458 772 70 27 öfriga
555 772 139 27 egoomräde,
720 771 94 21 förfaller
840 771 26 21 af
884 773 32 26 sig
939 771 56 27 sjelft

236 804 70 21 skälet
326 808 32 18 att
380 805 33 21 för
434 806 169 27 möjliggörande
625 806 24 21 af
666 806 185 27 skiftesreglering
866 806 42 20 och
923 805 73 21 säker-

236 839 106 21 ställande
365 840 25 20 af
408 840 148 22 bördsrättens
571 841 119 21 utöfvande
705 840 100 21 fasthälla
821 847 26 14 en
862 839 60 28 dylik
937 841 59 20 mini-

236 873 89 21 mividd.

307 907 85 22 Genom
407 909 111 21 införande
532 909 26 21 af
569 913 32 17 ett
613 909 142 28 jordregister
766 909 39 21 har
815 909 77 21 afsetts
903 912 32 18 att
945 909 51 20 med

238 941 84 28 strängt
344 943 146 21 vidblifvande
513 943 37 21 vid
567 944 42 20 den
624 944 109 21 kamerala
748 943 137 28 indelningen
901 943 25 21 af
937 943 59 21 hem-

237 982 78 15 manen
338 976 64 21 äfven
425 977 46 21 frän
492 977 76 22 formel
588 979 111 26 synpunkt
714 978 128 27 möjliggöra
858 985 27 13 en
900 977 25 21 fri
937 977 59 27 jord-

238 1010 93 27 delning.
362 1011 35 27 Ty
418 1012 28 21 dä
468 1011 70 22 karte-
560 1012 42 21 och
617 1012 82 21 skatte-
711 1012 68 27 jemte
794 1012 99 27 lagfarts-
909 1012 42 20 och
967 1013 29 19 in-

237 1044 222 28 teckningsväsendet
482 1047 38 19 äro
542 1047 112 26 grundade
675 1047 12 20 ä
707 1047 94 20 nämnda
817 1046 180 20 hemmansindel-

238 1080 57 25 ning,
318 1079 134 22 innefattade
475 1083 31 18 ett
525 1080 132 27 frängäende
679 1080 25 21 af
723 1081 126 20 densamma
865 1080 81 21 sädana
961 1080 36 21 vä-

239 1112 40 21 dor
302 1113 41 21 och
366 1113 157 28 förvecklingar
544 1117 31 18 att
597 1121 26 14 en
644 1115 25 20 fri
688 1114 139 27 jorddelning
842 1114 47 21 icke
904 1114 41 20 hos
961 1121 36 13 oss

237 1153 54 14 vore
306 1147 92 21 tänkbar
413 1148 51 21 med
481 1148 81 21 mindre
577 1152 33 17 att
626 1155 26 14 en
668 1149 129 26 fullkomligt
812 1154 29 21 ny
857 1148 120 27 anordning
991 1149 6 20 i

238 1180 103 21 afseende
352 1182 12 20 å
373 1181 135 27 jordskatten
524 1186 55 17 samt
595 1183 98 27 lagfarts-
703 1183 42 20 och
755 1182 243 27 inteckningsväsendet

238 1215 72 20 blefve
331 1216 111 27 vidtagen.
472 1217 78 21 Hvilka
570 1217 123 21 förarbeten
715 1217 42 20 och
779 1217 120 20 kostnader
920 1216 77 21 sädant

238 1249 68 21 skulle
321 1250 62 25 välla,
399 1251 105 21 behöfver
519 1251 17 26 ej
553 1251 72 27 sägas.
650 1251 85 21 Genom
750 1251 38 21 det
804 1250 122 27 föreslagna
939 1250 58 27 jord-

237 1285 101 25 registret
354 1285 64 21 torde
432 1285 42 21 alla
489 1285 156 27 förvecklingar
658 1286 29 27 pä
699 1289 31 17 ett
743 1285 91 26 lyckligt
847 1285 41 20 och
899 1284 98 21 tillfreds-

238 1318 106 21 ställande
365 1319 44 22 sätt
430 1319 70 21 kunna
521 1320 111 25 undvikas,
653 1320 24 20 sä
692 1323 32 17 att
739 1319 90 21 sälunda
841 1319 81 26 jemväl
937 1319 61 20 detta

239 1351 91 22 formela
346 1353 47 20 skäl
408 1353 33 21 för
458 1354 150 21 bibehällande
619 1354 24 21 af
651 1361 26 14 en
688 1353 203 28 gränsbestämning
901 1354 30 19 uti
939 1352 59 27 jord-

238 1386 115 27 delningen
369 1387 117 22 bortfaller.

307 1421 29 21 Pä
352 1422 69 26 grund
436 1422 25 21 af
472 1422 58 21 hvad
545 1422 90 21 sälunda
649 1422 82 21 anförts
747 1422 43 20 och
806 1421 28 21 dä
849 1420 149 22 fastställande

238 1454 26 21 af
282 1462 27 14 en
331 1456 143 21 maximividd
496 1456 32 21 för
548 1456 81 28 parcell
648 1456 81 26 jemväl
750 1455 174 28 uppenbarligen
946 1461 53 14 vore

238 1489 191 29 oändamälsenlig,
446 1490 51 21 enär
512 1498 26 13 en
553 1490 68 21 sädan
636 1490 137 27 bestämning
788 1490 41 20 lätt
843 1489 72 21 kunde
927 1488 72 27 kring-

237 1523 40 27 gäs
293 1530 81 20 genom
388 1525 131 27 utbrytande
534 1525 25 20 af
570 1524 51 21 flere
636 1524 58 21 invid
709 1524 122 20 hvarandra
846 1523 93 27 belägna
950 1530 49 20 par-

308 1562 48 23 Lag-
369 1563 33 18 och
414 1563 181 18 Ekonomtutskottets
608 1563 109 18 betänkande
729 1563 38 17 N:o
779 1563 16 17 1.
