1142 1803
272 188 26 20 38
460 186 28 22 U.
505 186 28 22 B.
550 199 27 2 —
593 186 76 28 Prop.
685 186 46 22 N:o
746 186 39 22 10.

244 250 121 26 sysslomän
380 249 56 27 gjort
452 251 33 25 sig
500 249 101 27 skyldige
616 249 32 21 till
663 249 137 25 skadestånd,
817 256 62 14 svara
900 250 28 20 de
948 249 53 27 jem-

243 284 35 20 väl
294 290 27 13 en
336 283 32 21 för
384 283 40 21 alla
440 283 42 21 och
496 283 42 21 alla
553 283 32 21 för
601 291 26 13 en
643 283 32 21 för
690 283 94 21 skadans
801 284 129 20 ersättande.

314 317 43 21 Om
382 318 37 20 det
446 318 66 20 redan
536 318 67 20 under
619 317 154 27 förutsättning
788 321 32 17 att
835 318 166 26 registreringen

244 352 72 19 blefve
332 352 172 20 omhänderhafd
521 352 25 19 af
557 352 155 20 rådstufvurätt
728 353 5 18 i
749 352 49 20 stad
818 352 41 19 och
874 351 127 20 häradshöf-

245 385 52 27 ding
313 386 11 19 å
340 385 73 21 landet
428 386 72 19 kunde
520 385 144 27 ifrågasättas,
691 385 103 20 huruvida
809 385 130 27 anteckning
965 392 36 13 om

243 419 77 27 bolags
336 419 106 26 brytande
458 421 6 19 i
479 421 100 25 registret
595 419 53 20 skall
664 419 80 20 lemnas
760 419 109 20 beroende
885 420 28 26 på
928 419 72 20 anmä-

243 453 34 20 lan
293 453 25 20 af
327 453 97 21 enskilde
439 461 110 19 personer,
566 461 51 13 vare
632 455 34 25 sig
681 453 127 27 bolagsmän
833 453 51 21 eller
909 454 91 25 styrelse

242 487 33 20 för
290 487 96 27 bolaget,
402 495 66 19 synes
483 488 61 20 detta
560 488 27 19 än
602 488 83 20 mindre
700 487 43 21 låta
759 487 73 21 förena
847 489 33 25 sig
906 487 50 20 med
970 489 31 18 in-

243 521 109 21 rättandet
368 522 25 20 af
405 529 26 13 en
447 522 55 20 enda
518 522 284 27 registreringsmyndighet.
833 522 114 20 Utskottet
961 521 39 20 har

243 555 79 25 derför,
336 556 66 25 jemte
418 556 37 20 det
471 556 164 26 bestämningen
651 557 6 19 i
672 555 12 28 8
699 562 27 20 43
743 555 22 28 (8
779 557 36 25 42)
842 563 34 13 om
902 555 97 21 anmälan

243 589 31 21 till
290 589 178 27 bolagsregistret
484 590 40 20 fått
540 590 105 24 bortfalla,
662 590 31 20 till
708 590 68 26 fjerde
796 590 91 27 kapitlet
912 596 36 14 om
963 589 37 21 ak-

242 623 108 27 tiebolags
373 624 131 27 upplösning
527 624 60 27 fogat
611 632 26 12 en
656 631 29 19 ny
700 624 12 28 $
729 624 21 28 (&
765 627 35 23 45)
816 624 27 21 af
854 624 92 21 innehåll
961 627 37 22 att,

242 658 38 20 när
296 658 142 27 årsstämning
454 659 12 19 å
482 658 135 27 aktiebolags
633 659 130 26 borgenärer
773 658 106 21 utfärdats
888 658 50 21 eller
949 659 50 20 dess

242 692 108 26 egendom
366 692 31 21 till
412 692 93 21 konkurs
521 693 98 24 afträdts,
636 692 98 21 anmälan
750 693 74 20 derom
840 692 53 21 skall
907 693 25 20 af
939 693 60 20 dom-

241 725 71 21 stolen
327 726 31 20 till
373 727 306 26 registreringsmyndigheten
694 727 107 20 insändas.

311 760 34 20 Då
361 761 63 20 ordet
442 761 177 27 ,grundkapital"
636 763 6 18 i
658 760 12 28 $
685 767 29 19 44
729 760 20 29 ($
764 761 36 27 43)
811 761 106 20 måhända
927 760 71 21 kunde

243 793 109 21 förvexlas
368 795 50 20 med
444 795 123 26 begreppet
591 795 128 26 grundfond,
736 795 39 20 har
794 796 33 25 S:n
843 795 113 26 undergått
972 802 26 13 en

241 828 83 20 mindre
340 829 180 26 omformulering.

310 862 78 21 Likaså
404 863 38 20 har
458 865 6 18 i
480 870 75 13 senare
570 867 119 17 momentet
705 863 48 28 af
745 858 12 37 8
768 863 28 26 46
812 871 26 12 en
854 863 81 20 mindre
953 870 45 13 om-

241 897 123 26 redigering
380 900 37 23 egt
432 904 52 17 rum,
505 897 140 27 hvarigenom
664 901 119 17 momentet
804 898 63 20 torde
890 897 107 27 tydligare

240 930 107 27 ätergifva
370 931 42 20 den
434 931 65 20 tanke
520 938 49 13 man
591 931 58 21 velat
672 933 29 19 uti
727 933 120 19 detsamma
866 931 92 27 inlägga.
989 932 9 19 I

240 965 155 26 sammanhang
411 965 83 20 härmed
518 966 38 20 har
575 965 115 21 Utskottet
713 967 100 26 upptagit
832 966 80 26 frägan,
936 966 61 20 huru-

239 999 51 19 vida
313 999 47 20 icke
383 1001 29 18 uti
436 999 42 20 den
503 999 102 21 tillärnade
620 1000 63 26 lagen
697 1000 79 25 jemväl
791 1000 69 20 borde
876 1001 49 26 ingä
940 1001 58 20 stad-

239 1033 73 26 gande
328 1039 35 14 om
378 1033 68 20 forum
463 1035 29 19 uti
508 1034 48 25 mäl,
572 1033 71 21 hvilka
656 1034 174 27 anhängiggöras
841 1037 59 17 emot
912 1034 85 27 bolags-

240 1066 52 20 eller
307 1066 128 26 syssloman.
466 1068 74 25 Nägot
556 1068 76 20 sädant
647 1068 122 26 stadgande
792 1075 64 18 synes
879 1068 118 20 emellertid

240 1099 48 20 icke
311 1107 51 13 vara
384 1101 142 27 erforderligt,
550 1102 57 24 enär,
631 1101 66 27 enligt
723 1101 3 20 6
749 1101 12 28 &
793 1107 24 14 10
847 1101 50 27 kap.
920 1102 26 19 R.
966 1101 30 25 B,

239 1133 128 27 bolagsman
397 1135 39 20 bör
466 1135 64 21 sökas
560 1136 38 20 der
628 1135 89 27 bolaget
747 1136 22 19 är
799 1135 41 20 och
870 1136 127 25 syssloman,

237 1167 84 26 jemlikt
351 1167 12 28 8
392 1174 14 19 4
436 1169 25 20 af
487 1176 81 13 samma
598 1169 82 27 kapitel
695 1170 42 19 och
752 1169 56 25 balk,
825 1170 39 19 bör
879 1176 62 13 svara
959 1170 38 20 der

239 1201 43 21 han
297 1202 80 27 godset
399 1203 101 20 förvaltat
524 1203 41 20 och
587 1203 106 21 förestätt.
724 1203 157 21 Förstnämnda
904 1203 93 21 bestäm-

239 1237 52 25 ning
306 1236 56 20 afser
377 1237 35 20 väl
427 1237 95 21 närmast
538 1238 37 20 det
595 1238 74 26 öppna
692 1237 95 28 bolaget,
811 1245 48 13 men
880 1238 37 19 har
940 1238 57 20 dock

239 1270 75 20 städse
329 1270 119 27 tillämpats
464 1278 27 13 och
522 1279 64 18 synes
600 1272 79 25 jemväl
689 1272 131 20 fortfarande
833 1272 55 21 efter
901 1272 42 20 den
953 1279 43 19 nya

237 1303 76 28 lagens
329 1305 128 20 utfärdande
473 1313 41 19 ega
529 1307 32 19 sin
575 1306 135 27 tillämpning
729 1307 13 20 å
761 1306 124 27 aktiebolag
906 1306 90 21 likasom

238 1338 12 19 å
267 1338 66 27 bolag
352 1339 149 20 öfverhufvud.
532 1340 43 20 För
594 1340 65 27 öfrigt
679 1340 63 21 torde
763 1340 36 21 det
815 1340 107 20 måhända
945 1347 51 14 vara

238 1371 138 28 öfverflödigt
392 1376 32 17 att
454 1373 89 27 tillägga
573 1374 37 21 det
640 1375 131 26 stadgandet
799 1374 17 26 ej
847 1375 39 20 bör
918 1374 77 21 förstås

237 1406 132 21 annorlunda
385 1407 27 20 än
428 1411 32 17 att
476 1408 57 20 talan
549 1412 58 17 emot
623 1408 133 27 bolagsman,
777 1415 48 14 som
847 1409 93 26 grundar
962 1410 34 25 sig

236 1440 14 19 å
264 1440 68 26 något
348 1444 59 17 emot
422 1441 36 27 lag
474 1442 50 20 eller
540 1442 169 27 bolagsordning
724 1442 111 21 stridande
852 1442 70 20 beslut
945 1442 50 20 eller

236 1480 27 14 en
279 1474 6 20 i
300 1474 116 27 anledning
432 1475 64 21 deraf
507 1476 103 27 vidtagen
625 1476 84 27 åtgärd,
725 1476 54 20 skall
795 1476 80 21 utföras
888 1476 36 20 vid
935 1476 60 20 dom-

306 1512 47 22 Lag-
366 1513 32 17 och
411 1513 182 19 Ekonomiutskottets
606 1515 109 17 betänkande
727 1515 38 17 N:o
777 1516 18 16 2.
