1142 1803
474 180 45 24 N:o
540 181 21 22 9.
841 180 24 19 21

139 248 165 20 vidmakthållas
320 248 40 20 och
375 248 81 25 skötas,
473 249 56 19 samt
545 240 60 28 skola
621 248 6 20 i
638 247 79 21 sådant
728 247 101 21 afseende
839 247 56 21 iakt-

139 284 50 25 taga
211 282 56 21 hvad
282 282 32 21 uti
329 282 132 26 kyrkolagen
478 284 23 18 är
516 282 109 26 stadgadt.

486 351 12 27 8
514 352 34 20 44.

210 391 44 20 För
275 392 32 19 att
331 391 13 20 &
366 391 164 26 församlingens
554 393 82 25 vägnar
655 390 74 22 utöfva
749 391 73 26 tillsyn
837 390 60 21 öfver

140 425 62 21 dessa
224 425 105 21 boställen
352 426 38 21 och
406 425 120 27 ombesörja
542 426 56 20 hvad
614 426 39 20 här
669 425 70 21 nedan
756 427 69 25 säges,
841 424 55 21 skall

140 460 6 20 i
162 459 73 27 hvarje
251 459 124 28 församling
391 460 102 21 tillsättas
510 467 26 14 en
550 459 179 22 boställsnämnd.
882 487 10 9 N

486 529 11 27 8
513 530 34 20 45.

210 569 199 21 Boställsnämnden
432 569 38 21 bör
493 569 62 21 bestä
578 569 23 21 af
622 570 65 20 minst
709 571 41 22 tre,
774 569 63 26 högst
853 567 42 21 fem

139 604 126 26 ledamöter,
281 604 73 20 hvilka
369 604 33 20 för
418 610 25 14 en
456 604 31 21 tid
502 604 24 20 af
534 604 47 27 fyra
593 604 23 20 år
627 604 66 26 väljas
705 604 12 20 ä
728 603 167 27 kyrkostämma.

140 638 142 26 Suppleanter
297 638 7 20 i
320 638 105 21 nämnden
441 638 67 27 skola,
524 639 34 21 till
573 639 75 26 nödigt
663 638 65 26 antal,
745 638 69 20 tillika
830 639 65 19 utses.

212 673 10 20 I
246 672 99 22 afseende
369 672 12 21 &
400 672 70 27 dylikt
484 673 41 26 val,
542 673 102 27 rättighet
660 674 33 20 att
708 672 140 26 undandraga
864 672 31 26 sig

140 706 120 27 uppdraget
276 709 55 18 samt
346 706 104 21 ledamots
466 707 78 26 afgäng
560 707 38 21 och
615 706 146 27 äterväljande
773 706 56 26 gälle
840 705 55 21 hvad

139 741 111 27 angäende
266 741 106 27 kyrkoräd
389 743 24 19 är
429 741 107 26 stadgadt.

486 810 12 27 $
514 811 34 20 46.

210 850 201 21 Boställsnämnden
428 851 58 20 utser
501 850 58 21 inom
575 850 32 27 sig
623 849 135 22 ordförande.

211 884 40 21 Om
273 884 68 21 valets
366 884 80 27 utgäng
469 885 39 20 bör
524 884 107 21 nämnden
647 883 154 27 ofördröjligen
817 882 76 21 under-

139 920 58 19 rätta
212 918 214 21 boställshafvarene.

484 989 12 27 8
512 989 34 20 47.

210 1029 111 20 Nämnden
339 1029 171 20 sammanträder
525 1029 28 26 pä
568 1028 89 21 kallelse
673 1028 23 21 af
710 1027 151 22 ordföranden.

210 1063 25 26 Ej
252 1063 34 20 mä
302 1063 77 21 ärende
395 1064 33 19 till
444 1063 127 26 behandling
586 1063 116 26 företagas,
719 1062 37 20 der
771 1061 48 21 icke
830 1061 65 21 minst

138 1099 32 18 tre
186 1097 23 20 af
224 1097 116 21 nämndens
357 1097 117 21 ledamöter
490 1097 52 21 eller
558 1097 136 26 suppleanter
706 1098 37 19 äro
754 1095 140 21 närvarande.

209 1126 31 25 Är
256 1131 142 22 ordföranden
414 1132 17 26 ej
448 1132 115 27 tillstädes,
578 1134 59 18 utses
659 1130 130 21 ordförande
804 1129 33 22 för
852 1129 43 21 till-

137 1165 68 22 fället.

488 1206 12 27 8
516 1207 35 20 48.

209 1246 73 27 Yppas
306 1246 35 21 vid
364 1247 160 20 sammanträde
545 1246 23 21 af
581 1246 108 21 nämnden
705 1245 58 22 olika
778 1245 116 26 meningar,

136 1282 71 19 röstas
223 1280 54 21 efter
293 1280 119 22 hufvudtal.
442 1281 42 20 Vid
499 1281 45 20 lika
563 1280 90 21 röstetal
667 1280 57 27 gälle
740 1279 155 22 ordförandens

138 1315 93 26 mening.
261 1315 34 20 Dä
318 1315 33 21 val
376 1315 54 26 sker,
454 1315 62 27 skilje
539 1315 68 21 lotten
623 1315 91 21 emellan
729 1315 56 26 dem,
801 1320 46 15 som
863 1320 32 15 er-

137 1349 63 20 hällit
215 1349 45 21 lika
276 1350 60 21 antal
352 1351 77 20 röster.

481 1413 12 28 8
509 1414 35 21 49.

209 1452 149 22 Ordföranden
375 1454 58 20 leder
452 1454 118 21 nämndens
589 1453 168 27 förhandlingar,
773 1454 58 21 förer
846 1459 49 21 pro-

136 1487 98 27 tokollet,
252 1488 131 26 ombesörjer
399 1488 181 26 skriftvexlingen,
593 1490 119 25 emottager
723 1488 43 21 alla
777 1488 33 21 till
821 1490 74 20 nämn-
