1142 1803
247 193 27 21 30

407 192 84 23 Ständ.
508 193 39 22 Sv.
562 206 28 3 —
605 193 74 28 Prop.
696 193 44 22 N:o
755 194 39 22 10.

665 257 29 19 37
709 256 20 28 $.

493 323 167 27 Sysslomännen
691 324 84 27 åligger
797 326 37 24 att,
857 324 9 20 i
881 324 92 28 enlighet

422 358 49 20 med
486 358 37 27 lag
541 357 38 20 och
590 357 167 28 bolagsordning
770 360 56 18 samt
837 357 135 28 bolagsmän-

422 398 52 13 nens
498 391 149 27 anvisningar,
669 391 47 20 med
732 391 31 20 all
773 391 39 27 flit
827 391 39 20 och
888 398 83 21 omsorg

422 425 129 27 handhafva
567 425 92 27 bolagets
675 425 182 28 angelägenheter.

491 459 75 20 Finna
589 459 162 27 sysslomännen
773 459 68 21 beslut
855 459 30 28 af
903 458 68 22 aktie-

422 500 89 21 egarene
538 493 71 20 strida
633 495 43 18 mot
701 494 36 27 lag
762 493 51 21 eller
845 494 51 27 eljes
926 493 44 20 icke

421 527 69 27 hafva
506 527 112 28 behörigen
635 527 128 27 tillkommit,
778 527 60 28 gifve
849 527 34 21 det
895 529 76 26 genast

421 562 13 19 å
460 561 166 27 bolagsstämma
651 561 117 21 tillkänna.
797 555 127 27 Återkallar
950 562 21 26 ej

420 597 109 18 stämman
544 595 70 27 dylikt
629 595 74 25 beslut,
720 595 38 21 och
774 597 27 19 är
815 596 22 27 ej
851 595 66 21 heller
937 595 33 20 be-

420 629 64 21 slutet
506 629 85 26 sådant,
608 632 32 18 att
662 632 109 18 stämman
789 631 26 19 är
831 629 84 27 behörig
938 631 32 18 att

420 664 119 20 detsamma
561 663 95 27 vidtaga,
684 670 35 21 ege
741 664 162 26 sysslomännen
925 665 45 19 rätt

420 700 32 18 att
467 698 13 20 å
496 699 106 19 stämman
618 698 83 27 afsäga
717 698 33 26 sig
765 698 38 20 sitt
818 697 107 27 uppdrag.

489 731 125 27 Syssloman
637 732 42 24 må,
695 731 59 20 ändå
771 733 30 18 att
817 731 40 20 den
873 731 38 25 tid,
924 731 45 26 för

418 765 86 21 hvilken
514 765 44 20 han
571 765 74 27 blifvit
655 765 84 26 utsedd,
756 765 21 26 ej
790 765 48 28 gått
853 765 34 20 till
901 765 66 26 ända,

418 799 76 20 kunna
515 806 76 20 genom
607 799 67 21 beslut
690 800 13 19 å
725 799 165 27 bolagsstämma
909 799 59 27 från

418 833 123 28 uppdraget
556 833 90 27 skiljas;
661 833 59 27 njute
737 833 54 21 dock
805 834 71 27 utfäst
891 833 77 21 arvode

416 867 80 26 jemväl
515 868 44 27 för
575 868 40 20 den
631 867 135 20 återstående
782 867 65 25 tiden,
864 867 68 20 derest
947 867 22 27 ej

418 901 90 21 domstol
524 901 141 22 annorlunda
677 901 130 28 förordnar.

487 936 75 27 Afgär
585 936 120 27 syssloman
732 935 53 21 eller
809 935 77 20 varder
909 935 58 27 frän

417 970 123 27 uppdraget
549 969 64 26 skild,
629 969 85 28 vidtage
729 969 26 21 de
772 969 37 20 vid
826 968 141 28 bolagsstäm-

417 1010 52 15 man
486 1003 139 21 närvarande
648 1003 167 28 bolagsmännen
831 1002 80 28 åtgärd
933 1009 33 14 om

416 1038 180 27 handhafvandet
619 1037 30 27 af
668 1037 93 27 bolagets
783 1037 183 27 angelägenheter,

417 1072 35 20 till
475 1072 47 20 dess
543 1078 28 20 ny
587 1071 165 28 bolagsstämma
768 1070 51 25 kan,
834 1070 56 27 efter
905 1069 62 21 behö-

416 1106 35 27 rig
473 1105 94 24 kallelse,
590 1105 165 21 sammanträda
774 1105 44 26 för
833 1107 32 18 att
887 1104 79 27 sysslo-

416 1146 51 14 man
483 1139 8 20 i
506 1139 40 21 den
562 1140 122 27 afgängnes
699 1139 64 20 ställe
777 1141 51 18 utse.

659 1247 29 20 38
702 1247 21 26 S.

484 1308 90 27 Nödgas
589 1308 121 27 aktiebolag
726 1308 91 21 inställa
833 1308 50 20 sina
898 1307 67 20 betal-

415 1343 86 26 ningar,
524 1343 51 20 eller
586 1343 107 26 framgär
715 1342 30 27 af
756 1342 111 27 uppgjord
881 1341 84 28 jemfö-

414 1377 54 20 relse
490 1377 80 20 mellan
591 1376 94 27 bolagets
709 1377 120 26 tillgängar
851 1375 38 21 och
910 1375 54 27 gäld

414 1411 52 20 eller
487 1410 133 24 annorledes,
642 1412 31 19 att
688 1411 147 26 tillgängarne
856 1410 21 26 ej
898 1415 65 14 svara

414 1446 43 18 mot
477 1444 87 27 gälden,
587 1444 70 27 äligge
679 1444 152 27 syslomännen
854 1445 32 18 att
905 1442 59 21 bola-

412 1480 46 25 gets
480 1478 101 27 egendom
602 1480 76 25 genast
693 1478 34 20 till
742 1477 97 21 konkurs
861 1476 101 28 afträda.
