1142 1803
390 188 27 22 U.
433 188 24 22 B.
474 201 26 3 -—
516 188 63 28 Prop.
595 188 40 22 N:o
652 188 19 21 9.
859 190 25 20 13

159 252 54 25 lägst
228 254 28 17 är.
285 252 93 20 Källaren
399 251 30 20 får
446 252 107 25 anbringas
571 252 66 19 under
651 258 68 13 annan
734 252 100 25 byggnad.
864 252 50 20 Stall

156 280 37 20 och
208 280 58 20 fähus
282 280 46 20 böra
342 280 63 20 förses
421 280 45 20 med
481 280 106 20 foderrum.

512 348 47 24 88.

226 393 38 20 Till
279 393 129 25 taktäckning
423 393 57 19 skola
493 393 54 20 helst
562 393 84 20 eldfasta
661 395 72 18 ämnen
749 393 108 20 användas.

226 422 36 19 För
277 421 125 26 boningshus
418 421 104 20 äfvensom
537 421 30 20 för
581 421 62 26 öfriga
657 421 45 26 laga
716 421 39 20 hus
766 421 12 20 å
787 421 128 26 embetsgärd

157 450 38 25 må,
210 451 50 20 efter
274 450 93 20 behofvet
382 450 37 19 och
434 452 68 17 ortens
518 450 41 25 sed,
574 450 70 25 tjenlig
658 450 110 20 beklädnad
779 450 37 19 och
826 449 89 26 målning

158 475 133 35 föreskrifvas.
644 494 3 1 E

514 525 10 23 S
537 521 23 33 9.

226 571 10 19 I
258 570 59 24 öfrigt
338 570 40 24 bör,
401 570 33 18 vid
454 569 129 20 meddelande
597 569 20 19 af
632 569 99 19 föreskrift
747 575 32 13 om
793 570 95 24 byggnad
903 569 11 19 &

158 599 90 23 boställe,
270 600 114 23 noggrannt
405 598 93 19 afseende
520 598 63 19 fästas
604 597 12 19 &
630 597 59 25 hvad,
704 598 45 19 med
764 598 81 24 hänsigt
859 598 56 19 såväl

159 628 30 19 till
203 627 69 25 hvarje
286 626 94 20 boställes
396 626 44 25 läge
456 626 37 20 och
507 628 68 18 ortens
591 626 41 24 sed,
647 626 92 25 lämpligt
753 628 26 22 är,
787 626 22 19 så
817 628 30 18 att
856 626 58 19 hvar-

159 656 39 19 ken
220 655 189 20 boställshafvarens
432 655 76 25 skäliga
527 655 58 19 behof
600 654 83 20 förbises
698 654 49 20 eller
761 654 24 20 de
799 655 115 25 byggnads-

160 684 92 25 skyldige
266 684 128 19 öfverhöfvan
408 684 105 24 betungas.

229 712 41 19 Allt
284 718 43 13 som
342 712 39 19 kan
396 712 100 19 förorsaka
510 712 74 19 eldfara
599 713 53 18 samt
667 711 78 20 således
759 711 99 20 förhindra
868 712 47 19 eller

160 741 79 24 fördyra
254 740 174 25 brandförsäkring
443 740 39 24 bör,
498 739 66 20 såvidt
579 739 76 26 möjligt
669 741 27 23 är,
713 739 103 20 undvikas.

471 887 44 19 III
538 887 69 19 KAP.

265 970 44 23 Om
324 970 303 28 byggnadsskyldigheten
643 970 46 23 och
699 970 114 23 boställs-

426 1004 225 28 byggnadskassan.

511 1074 10 23 $
540 1074 31 19 10.

231 1113 43 19 Den
288 1113 255 24 boställsbyggnadskassa,
558 1113 75 19 hvarur
647 1113 112 19 kostnaden
774 1113 29 19 för
812 1113 105 24 byggande

162 1141 38 20 och
214 1141 104 20 underhåll
330 1141 20 19 af
364 1141 126 25 embetsgård
504 1141 30 20 för
547 1143 55 24 prest
617 1141 6 19 i
634 1141 173 25 landsförsamling
817 1143 52 17 samt
879 1141 38 20 för-

163 1170 51 19 enad
235 1169 67 20 lands-
325 1170 37 19 och
387 1169 161 26 stadförsamling
565 1169 50 20 skall
630 1169 104 24 bestridas,
750 1169 122 26 uppbringas
887 1169 30 20 till

164 1198 72 20 sådant
256 1198 152 25 kapitalbelopp,
430 1199 30 18 att
474 1200 94 17 räntorna
583 1197 47 20 derå
645 1198 96 19 beräknas
755 1198 67 19 kunna
837 1198 81 19 betäcka

163 1227 25 19 de
202 1226 62 25 årliga
278 1227 113 24 utgifterna.

512 1273 10 22 8
540 1272 32 19 11.

232 1317 36 19 För
283 1317 199 25 sammanbringande
496 1317 20 19 af
527 1316 275 25 boställsbyggnadskassans
811 1317 106 25 kapitalbe-

164 1345 47 26 lopp
226 1345 102 20 användas
343 1345 25 20 de
383 1345 266 25 boställsbyggnadskassor,
668 1351 43 13 som
724 1345 135 25 tilläfventyrs
874 1345 44 19 här-

164 1373 91 20 förinnan
270 1373 114 20 tillkommit
398 1379 72 20 genom
481 1373 116 25 försäljning
609 1373 19 19 af
639 1373 50 25 skog
699 1373 45 20 frän
754 1373 165 26 prestboställena

164 1402 6 19 i
185 1401 146 26 församlingen.

234 1430 42 19 Den
291 1430 32 19 del
338 1430 19 19 af
372 1429 172 26 kapitalbeloppet,
560 1435 43 14 som
617 1430 44 19 icke
671 1429 86 20 sälunda
764 1430 94 24 erhällits,
867 1435 51 14 sam-

166 1458 126 25 manbringas
307 1464 72 19 genom
394 1458 69 24 bidrag
478 1458 20 19 af
512 1458 141 24 församlingen
668 1457 37 20 och
722 1458 148 25 presterskapet
885 1464 34 14 en-

166 1486 37 25 ligt
218 1486 24 20 de
257 1486 88 25 grunder
359 1486 36 20 här
409 1486 65 20 nedan
490 1486 86 25 stadgas.

235 1520 46 21 Lag-
294 1518 32 18 och
338 1518 182 18 Ekonomiutskottets
532 1518 110 18 betänkande
654 1520 36 16 N:o
703 1519 16 17 4.
