1142 1803
292 188 11 19 2
458 187 82 23 Ständ.
556 187 39 23 Sv.
610 200 29 2 —
654 188 73 26 Prop.
742 187 41 22 N:o
799 187 22 22 9.

261 252 133 28 proposition
416 253 109 27 angående
545 253 112 27 byggande
677 253 40 21 och
738 253 109 21 underhåll
863 253 22 21 af
898 254 67 27 kyrka
979 253 41 21 och

261 287 110 27 prestgård
385 287 7 20 i
408 287 48 22 stad
469 287 41 21 och
524 289 28 25 på
566 287 78 27 landet,
660 288 38 20 har
712 288 66 20 Eders
793 287 115 28 Kejserliga
921 288 98 28 Majestät

260 321 48 21 låtit
330 322 96 20 utarbeta
448 322 41 20 och
509 322 6 21 i
535 322 65 28 nådig
619 322 132 28 proposition
769 322 31 21 till
817 322 128 22 Ständernas
961 325 58 19 anta-

261 356 69 26 gande
345 356 35 20 vid
394 356 140 21 innevarande
550 356 101 27 landtdag
666 356 138 21 öfverlemnat
819 358 32 19 tre
867 357 100 21 särskilda
977 357 42 21 för-

261 389 45 28 slag
327 389 33 22 till
378 390 154 28 förordningar,
552 391 118 27 nemligen:
694 393 33 19 1:0
747 391 108 27 angående
872 391 147 28 skyldigheten

262 425 31 20 att
308 424 83 28 deltaga
405 425 7 20 i
427 425 113 27 byggande
554 425 42 21 och
610 425 109 21 underhåll
735 425 22 21 af
770 425 67 28 kyrka
847 425 7 21 i
865 425 82 22 landets
958 433 60 14 evan-

261 459 184 27 gelisk-lutherska
467 459 157 28 församlingar;
648 461 33 20 2:0
701 460 108 27 angående
825 460 147 27 skyldigheten
987 461 32 20 att

260 493 84 28 deltaga
359 493 7 21 i
380 493 112 28 byggande
508 494 40 21 och
563 494 109 21 underhåll
687 494 23 21 af
722 495 110 27 prestgärd
847 495 7 20 i
864 495 82 22 landets
957 503 60 13 evan-

261 528 185 27 gelisk-lutherska
456 529 157 28 församlingar;
629 530 55 20 samt
692 531 34 20 3:o
735 529 109 28 angående
852 531 165 26 presterskapets

260 563 7 19 i
283 563 25 20 de
324 563 238 27 evangelisk-lutherska
576 563 174 28 församlingarna
765 564 33 20 uti
807 563 90 22 Finland
907 564 109 21 boställen.

329 597 61 21 Efter
405 598 104 21 verkstäld
524 598 132 28 granskning
671 598 22 21 af
706 598 157 28 ifrågavarande
879 599 76 27 nådiga
969 606 48 20 pro-

260 631 94 27 position
368 632 62 20 hafva
446 632 118 21 Ständerna
579 634 70 20 ansett
665 633 32 27 sig
712 634 72 20 kunna
794 633 7 20 i
811 633 119 21 hufvudsak
942 635 76 25 antaga

259 666 255 28 författningsförslagen;
530 667 55 21 dock
599 667 63 21 hafva
677 668 54 20 vissa
746 668 43 20 deri
804 668 104 27 ingående
926 668 91 21 bestäm-

260 700 76 28 ningar
349 701 107 21 befunnits
472 702 82 27 påkalla
566 702 113 27 ändringar
689 702 40 21 och
740 702 79 27 tillägg,
831 702 34 21 för
875 702 70 21 hvilka
955 702 61 21 Stän-

260 735 63 20 derna
339 735 151 28 underdånigst
505 735 86 28 utbedja
605 736 33 27 sig
653 737 32 20 att
694 736 39 21 här
741 736 77 27 nedan,
830 736 63 21 skildt
904 736 33 21 för
946 737 70 27 hvarje

259 769 223 28 författningsförslag,
497 769 23 22 få
534 770 109 27 redogöra.

328 839 42 20 Vid
385 839 156 28 behandlingen
557 839 22 21 af
595 839 102 28 förslaget
711 839 32 21 till
756 840 133 28 förordning
905 840 112 28 angående

259 873 147 28 skyldigheten
424 875 33 20 att
478 874 84 28 deltaga
577 874 8 21 i
601 874 111 28 byggande
727 875 37 20 och
779 875 116 20 underhåll
910 875 27 27 af
948 875 68 27 kyrka

258 908 10 21 i
283 908 84 21 landets
382 908 239 28 evangelisk-lutherska
643 909 156 28 församlingar
819 908 62 22 hafva
899 908 116 22 Ständerna

258 942 72 22 funnit
353 950 26 13 en
398 943 118 28 otydlighet
535 943 103 28 föreligga
657 943 49 27 deri;
723 945 36 25 att,
777 951 35 13 om
828 945 26 19 än
870 943 31 21 uti
916 943 100 28 förslaget

258 977 78 20 uttalas
356 978 32 19 att
407 977 31 21 uti
453 977 59 21 detta
527 977 72 21 besvär
614 977 59 22 skola
688 977 83 28 deltaga
787 977 40 21 alla
842 977 32 27 de,
890 985 47 14 som
952 978 7 21 i
973 977 42 22 för-

259 1011 91 28 samling
364 1011 83 28 erlägga
463 1011 93 28 aflöning
570 1012 32 21 till
618 1012 46 21 dess
677 1013 140 26 presterskap,
830 1012 66 27 enligt
907 1012 109 21 enahanda

258 1046 97 26 grunder,
380 1053 45 13 som
447 1046 55 27 gälla
523 1046 33 20 för
579 1046 130 28 aflöningens
729 1046 124 28 utgörande,
875 1046 22 21 af
915 1046 100 28 förslaget

258 1080 55 21 dock
328 1080 47 20 icke
389 1080 98 27 framgår,
496 1080 102 21 huruvida
613 1080 69 21 denna
693 1080 233 27 byggnadsskyldighet
937 1080 78 27 åligger

255 1114 78 27 jemväl
348 1115 162 27 presterskapet.
534 1114 30 21 Af
578 1116 12 19 3
607 1115 12 28 &
634 1115 7 20 i
655 1115 153 27 förordningen
824 1114 40 21 den
881 1116 26 19 16
923 1114 91 21 Novem-

258 1149 37 20 ber
311 1150 54 20 1727
381 1149 93 27 framgår
488 1149 38 26 väl,
543 1150 31 19 att
588 1149 127 28 prestbolen,
732 1149 26 21 då
773 1149 26 20 de
816 1149 17 27 ej
851 1149 22 20 af
886 1149 129 21 landbönder

257 1183 81 27 häfdas,
362 1185 36 19 äro
419 1183 39 21 fria
480 1183 48 21 från
554 1183 125 28 erläggande
709 1183 22 21 af
758 1183 255 28 kapellans-,rättighet*,

257 1225 51 13 men
322 1217 62 21 häraf
397 1218 59 21 torde
473 1218 54 21 dock
542 1218 46 21 icke
603 1218 72 21 kunna
690 1218 49 21 med
753 1217 136 22 bestämdhet
901 1218 70 26 slutas,
984 1219 31 19 att

256 1253 109 26 presterne
385 1252 7 21 i
412 1252 115 21 allmänhet
545 1259 49 14 vore
612 1252 93 21 befriade
723 1252 46 21 från
785 1252 126 27 deltagande
926 1252 7 21 i
948 1254 66 25 prest-

258 1286 98 28 aflöning,
380 1286 55 21 helst
454 1287 147 27 kapellanerne
620 1287 161 27 ursprungligen
800 1286 62 21 äfven
878 1287 59 20 torde
952 1286 63 21 hafva

257 1320 89 21 aflönats
361 1321 133 20 uteslutande
510 1320 22 21 af
545 1321 176 27 kyrkoherdarne.
744 1320 191 27 Bestämningarna
950 1321 6 20 i
971 1321 42 26 gäl-

256 1355 62 20 lande
330 1355 108 27 Kyrkolag
456 1363 36 13 om
506 1355 137 28 uppgörande
659 1355 22 21 af
693 1355 110 27 röstlängd
818 1354 35 21 vid
868 1355 91 27 prestval
974 1355 40 20 och

256 1389 34 21 för
305 1389 159 27 kyrkostämma
479 1389 51 28 tyda
544 1389 88 21 fastmer
647 1390 69 27 derpä,
733 1391 31 19 att
781 1389 158 28 presterskapet
953 1389 62 20 äfven

256 1425 24 19 är
293 1423 87 27 pligtigt
395 1425 31 19 att
441 1424 87 27 bidraga
542 1424 31 20 till
589 1424 69 20 denna
673 1424 104 27 aflönings
792 1423 125 27 utgörande.
947 1423 10 21 TI
973 1425 40 19 stä-

256 1458 65 20 derna
343 1458 60 20 torde
425 1457 141 22 förhållandet
585 1458 62 21 äfven
665 1458 63 21 hafva
748 1458 101 27 gestaltat
869 1458 33 27 sig
921 1457 92 21 sålunda.

255 1491 31 21 På
308 1492 144 27 landsbygden
475 1492 38 21 har
533 1492 95 22 deremot
648 1500 26 14 en
689 1492 58 28 dylik
761 1492 70 28 praxis
847 1492 47 21 icke
910 1493 36 26 egt
960 1499 53 19 rum,
