1142 1803
338 184 84 23 Ständ.
438 184 40 23 Sv.
493 198 27 3 —
536 185 75 28 Prop.
626 185 46 23 N:o
687 185 39 23 10.
854 186 26 20 13

150 247 240 29 registreringsafgifter
402 247 23 21 af
439 248 138 28 Regeringen
589 247 124 27 fastställas,
724 248 41 21 och
778 248 57 28 våga
847 247 63 22 Stän-

152 282 66 21 derna
240 282 90 28 hoppas,
346 284 31 18 att
399 281 66 29 nödig
487 281 76 29 åtgärd
577 281 73 21 härför
665 282 48 21 icke
727 282 55 21 skall
798 281 112 23 uteblifva.

221 315 33 22 På
267 315 71 29 grund
352 315 24 21 af
390 315 37 21 det
442 315 91 21 anförda
547 315 24 21 få
585 315 120 22 Ständerna
719 316 40 21 hos
774 316 70 21 Eders
857 316 54 28 Kej-

152 350 78 28 serliga
245 350 104 28 Majestät
363 350 8 20 i
386 349 172 28 underdånighet
573 350 88 26 anmäla,

430 415 32 18 att
478 412 123 21 Ständerna
616 412 46 21 icke
677 413 85 20 kunnat
777 415 82 25 antaga
869 413 42 20 den

358 447 134 27 föreslagna
505 447 63 28 lagen
584 447 145 27 oförändrad,
745 449 55 19 utan
814 447 98 28 godkänt

362 481 39 20 och
416 481 85 28 antagit
516 488 27 14 en
557 481 131 28 sålydande:

496 580 50 38 Lay
568 586 37 26 om
625 580 152 38 aktiebolag.

433 646 51 22 Med
506 647 156 27 upphäfvande
684 647 31 27 af
727 647 82 27 nådiga
821 647 95 28 förord-

365 682 81 27 ningen
461 680 29 29 af
502 681 41 21 den
557 682 29 21 24
601 681 118 21 November
733 682 58 20 1864
814 688 33 14 om
863 688 53 14 ano-

365 722 66 21 nyma
446 716 52 20 eller
514 715 120 28 aktiebolag
659 716 78 20 varder
752 715 90 22 härmed
856 716 61 21 stad-

364 749 54 28 gadt
432 756 46 14 som
490 749 81 28 följer:

598 823 11 20 1
625 823 64 21 KAP.

468 880 44 23 Om
526 880 151 27 aktiebolags
692 879 127 23 bildande.

618 937 49 28 18.

442 989 60 27 Vilja
515 991 31 18 tre
557 988 50 21 eller
617 989 56 26 flere
682 995 105 21 personer
797 988 48 21 med
857 987 63 22 hvar-

370 1023 72 20 andra
465 1023 67 27 lägga
556 1022 60 28 bolag
641 1023 48 20 med
703 1022 72 21 sådan
798 1022 123 28 begränsad

370 1057 138 26 ansvarighet
515 1057 45 27 för
570 1057 93 27 bolagets
673 1057 96 25 skulder,
780 1063 45 15 som
833 1057 9 21 i
849 1057 73 20 denna

371 1091 37 27 lag
430 1091 128 28 medgifves,
578 1091 51 20 eller
651 1091 26 20 sä
691 1090 87 21 kalladt
793 1090 129 27 aktiebolag,

372 1127 103 25 upprätte
490 1125 74 20 derom
578 1125 100 27 skriftlig
691 1124 136 28 afhandling
841 1124 39 21 och
890 1125 33 20 in-

373 1159 67 21 betale
464 1159 80 21 enhvar
560 1159 65 20 minst
640 1166 26 13 en
677 1159 105 27 femtedel
797 1160 14 20 &
827 1159 97 27 beloppet

372 1193 32 28 af
415 1193 75 27 hvarje
505 1193 114 28 bolagslott
639 1193 51 21 eller
705 1193 64 26 aktie,
785 1200 45 14 som
845 1193 32 28 af
888 1192 37 21 ho-

373 1234 50 14 nom
439 1227 141 28 öfvertagits;
596 1227 89 21 tillsätte
700 1227 39 21 ock
755 1227 170 28 bolagsmännen

372 1262 89 27 styrelse
478 1261 44 28 för
538 1261 81 28 bolaget
634 1261 39 21 och
695 1262 43 21 läte
753 1261 113 28 inskrifva
881 1261 45 21 det-

373 1303 84 14 samma
480 1296 8 20 i
510 1295 173 29 bolagsregistret
697 1296 57 27 efter
776 1298 22 25 ty
813 1296 8 20 i
836 1297 28 19 11
887 1295 39 21 och

374 1332 29 19 12
418 1330 30 27 $$
463 1332 57 26 sägs.

625 1393 52 27 28.

444 1443 150 28 Afhandling,
618 1450 45 14 som
685 1444 8 20 i
716 1445 13 19 1
751 1443 16 27 $
789 1445 26 19 är
837 1442 91 26 nämnd,

375 1478 60 21 skall
457 1478 114 22 innehålla
593 1478 168 28 bolagsordning
783 1477 42 28 för
846 1477 84 27 bolaget
