1142 1803
372 199 29 22 U.
417 199 27 22 B.
462 212 27 3 —
506 199 75 28 Prop.
597 199 46 23 N:o
659 199 38 22 10.
862 200 25 21 11

159 265 32 18 att
213 262 97 20 närmare
334 262 68 20 ordna
419 262 181 27 bolagsmännens
615 262 102 20 inbördes
732 262 129 27 rättigheter
876 263 42 21 och

159 296 149 27 skyldigheter
330 296 90 20 likasom
442 296 64 20 äfven
523 299 32 18 att
571 296 126 21 säkerställa
712 296 57 21 både
785 297 75 20 desses
876 296 42 21 och

159 330 69 26 tredje
249 337 61 14 mans
332 330 49 21 rätt.
411 330 85 21 Bristen
510 331 7 19 i
531 330 143 21 nästnämnda
697 330 118 21 afseenden
829 331 39 20 har
883 330 36 22 väl

160 365 6 19 i
181 365 72 26 någon
268 364 54 27 grad
336 363 80 22 kunnat
431 364 63 26 fyllas
510 371 79 20 genom
604 364 100 27 utförliga
717 364 200 27 bolagsordningar,

160 398 42 20 och
224 398 28 21 då
272 398 116 27 styrelsens
406 398 140 21 stadfästelse
561 399 12 20 å
589 398 110 20 desamma
714 399 55 20 varit
785 398 132 27 erforderlig,

160 432 39 20 har
221 432 133 21 aktionärers
377 432 42 21 och
441 432 155 21 allmänhetens
612 432 43 21 rätt
669 433 30 20 uti
714 433 45 20 viss
774 433 49 20 mån
838 433 81 20 kunnat

160 466 135 27 tillgodoses.
325 467 51 20 Men
398 466 64 21 äfven
482 466 127 21 härutinnan
623 467 92 20 återstår
730 466 88 27 mycket
833 470 33 18 att
881 467 38 20 ön-

161 500 45 26 ska,
230 504 25 23 ty
277 501 77 26 många
375 501 26 20 af
418 501 28 20 de
462 500 119 21 olikartade
596 501 37 20 vid
648 500 149 27 aktiebolaget
811 501 109 21 förekom-

161 535 78 20 mande
261 535 215 20 rättsförhållandena
499 535 37 20 äro
552 535 25 20 af
589 535 42 20 den
647 538 32 17 art
694 538 32 17 att
743 535 28 20 de
786 535 47 20 icke
848 535 71 20 kunna

161 576 81 19 genom
263 569 117 26 stadgarna
402 569 101 26 regleras.
532 569 34 19 En
584 568 107 27 väsentlig
706 569 53 20 brist
774 570 30 19 uti
819 569 101 27 gällande

162 602 140 28 lagstiftning,
325 609 47 14 som
392 602 100 21 särskildt
507 602 63 21 berör
585 602 69 27 tredje
669 610 60 13 mans
745 603 49 24 rätt,
811 603 38 20 har
864 603 56 21 före-

162 636 58 27 legat
236 638 29 20 uti
280 636 110 21 saknaden
401 638 21 19 at
432 637 166 27 bestämningar,
612 644 48 13 som
672 636 67 21 skulle
750 636 130 28 möjliggjort
893 644 27 13 en

161 670 101 21 verksam
277 671 41 20 och
334 671 62 21 säker
408 671 113 27 publicitet
531 671 26 21 af
564 670 221 28 bolagsordningarna
796 671 43 21 och
850 671 71 21 förän-

162 705 114 26 dringarna
298 706 30 19 uti
344 705 116 20 desamma.
482 706 71 19 Dessa
569 705 42 20 och
626 704 105 21 särskilda
746 705 66 20 andra
825 705 96 20 omstän-

162 739 100 27 digheter
283 739 64 20 hafva
368 739 56 27 gjort
439 746 27 14 en
481 739 123 27 utveckling
619 739 25 20 af
656 739 41 20 den
713 739 100 26 gällande
828 739 92 27 lagstift-

162 774 79 25 ningen
257 780 35 13 om
308 773 124 27 aktiebolag
446 773 137 27 synnerligen
599 773 114 20 önskvärd.

231 807 49 20 Den
296 807 119 21 erfarenhet
430 814 50 14 man
494 807 61 21 såväl
570 807 80 21 utrikes
666 814 48 13 som
729 809 6 18 i
748 811 50 23 eget
809 807 50 20 land
869 814 52 13 vun-

162 842 32 19 nit
216 841 29 27 på
265 841 159 27 aktiebolagets
439 841 89 21 område
543 841 38 20 har
596 842 30 19 uti
641 841 42 20 den
699 841 122 26 föreslagna
836 841 64 26 lagen
915 842 6 19 i

164 875 116 21 allmänhet
294 875 90 21 kommit
399 875 31 21 till
445 875 37 21 full
496 875 143 27 användning,
656 875 42 20 och
713 875 28 20 de
754 875 57 20 olika
822 875 100 27 frågorna

162 909 66 20 hafva
244 910 29 20 uti
289 909 124 21 densamma
428 909 141 21 öfverhufvud
584 909 71 21 blifvit
670 909 56 21 lösta
741 909 30 27 på
786 913 31 17 ett
832 909 91 27 lyckligt

164 943 44 21 sätt
230 947 52 17 utan
304 947 32 17 att
351 943 103 28 förslaget
470 944 71 20 derför
557 943 88 21 förlorat
661 945 34 25 sig
709 945 30 19 uti
755 944 115 20 minutiösa
885 943 38 20 de-

163 977 68 26 taljer.
261 977 35 21 Då
310 978 120 21 detsamma
446 978 119 21 emellertid
579 978 90 27 stadgar
685 981 32 17 att
731 978 38 20 vid
785 977 102 21 bildande
902 977 24 21 af

164 1011 125 28 aktiebolag
310 1012 13 20 å
345 1012 42 20 den
408 1015 94 23 antagna
524 1011 199 28 bolagsordningen
745 1011 54 21 skall
821 1012 102 20 utverkas

164 1045 138 21 stadfästelse
317 1046 39 20 hos
376 1045 106 21 Senatens
497 1046 280 26 Ekonomiedepartement,
794 1045 129 21 framkastas

163 1079 66 20 häraf
247 1083 32 17 ett
301 1080 111 26 spörsmål,
436 1086 48 14 som
506 1080 75 20 främst
595 1080 64 20 torde
674 1080 53 19 böra
743 1080 31 20 till
788 1079 135 21 besvarande

164 1116 116 24 upptagas,
294 1113 102 21 huruvida
406 1113 108 28 nemligen
530 1121 27 13 en
571 1113 61 27 dylik
647 1113 101 21 sanktion
763 1113 74 21 vidare
853 1113 23 20 är
891 1116 32 17 att

164 1154 63 13 anses
243 1147 25 20 af
279 1147 104 22 behofvet
398 1147 107 28 påkallad.

232 1182 81 21 Kastar
335 1189 49 13 man
406 1189 27 13 en
454 1181 105 22 återblick
573 1182 29 27 på
617 1181 43 21 den
675 1181 116 21 historiska
806 1180 118 21 utvecklin-

164 1222 48 20 gen,
228 1223 35 13 ser
278 1223 49 13 man
342 1219 32 18 att
389 1216 251 27 aktiebolagsprincipen
655 1215 164 27 ursprungligen
831 1215 52 21 kom
893 1214 32 21 till

164 1249 138 28 användning
324 1250 32 21 för
377 1250 161 25 statsändamål,
560 1253 25 23 ty
607 1250 28 20 då
655 1251 152 26 regeringarna
830 1249 48 20 icke
900 1249 24 20 så

164 1283 68 21 sällan
254 1284 96 21 saknade
368 1284 72 21 medel
454 1284 32 21 till
501 1284 173 27 förverkligande
689 1283 26 21 af
725 1285 47 19 sina
787 1283 58 21 olika
860 1286 64 17 stats-

164 1317 140 21 ekonomiska
321 1318 116 27 uppgifter,
453 1318 48 21 blef
513 1321 32 18 ett
559 1318 108 26 vädjande
682 1317 31 22 till
729 1317 96 21 enskilda
840 1317 84 26 kapita-

164 1351 60 22 lister
245 1352 141 27 erforderligt.
416 1353 80 26 Någon
511 1352 100 21 bestämd
629 1352 41 27 lag,
686 1351 55 22 efter
756 1351 86 21 hvilken
857 1351 68 20 aktie-

165 1386 89 27 bolaget
269 1386 67 21 skulle
351 1387 64 20 hafva
430 1386 112 27 reglerats,
560 1386 72 21 kunde
647 1386 37 21 vid
699 1385 77 21 sådant
791 1385 134 21 förhållande

163 1420 49 21 icke
227 1420 140 25 förekomma,
383 1424 51 17 utan
450 1420 68 21 erhöll
530 1420 62 21 hvart
607 1420 67 26 bolag
688 1421 33 19 sin
731 1419 104 21 särskilda
846 1418 77 26 oktroj,

164 1454 141 26 hvarigenom
320 1454 50 21 dess
386 1454 84 21 tillvaro
486 1454 46 21 från
542 1457 83 18 statens
636 1454 47 20 sida
694 1453 106 21 erkändes
808 1453 68 27 jemte
887 1452 38 20 det

163 1488 91 27 bolaget
268 1495 79 20 genom
363 1488 125 20 densamma
503 1487 170 21 tillförsäkrades
688 1487 105 27 monopol
808 1486 42 21 och
861 1487 64 26 privi-

232 1526 48 23 Lag-
293 1527 32 17 och
338 1526 182 18 Ekonomiutskottets
533 1526 110 18 betänkande
655 1526 38 17 N:o
705 1526 18 17 2.
