1142 1803
483 186 44 22 N:o
548 186 21 22 9.
851 186 21 19 11

219 253 47 20 Den
282 252 34 21 del
332 252 22 21 af
368 252 189 27 kapitalbeloppet,
574 258 45 15 som
635 252 48 21 icke
697 252 91 21 sålunda
799 253 105 26 erhållits,

150 287 184 26 sammanbringas
357 294 75 20 genom
456 287 74 26 bidrag
551 286 22 21 af
587 287 154 26 församlingen
758 287 39 21 och
812 289 92 24 prester-

150 322 76 26 skapet
242 322 66 26 enligt
323 322 25 20 de
364 322 94 26 grunder
473 322 39 20 här
527 322 70 20 nedan
612 321 95 27 stadgas.

494 385 11 26 8
524 385 32 20 15.

220 425 154 20 Förhällandet
397 425 78 20 mellan
500 425 162 26 församlingens
678 424 39 21 och
734 425 169 26 presterskapets

149 459 77 26 bidrag
248 459 33 20 till
298 459 98 20 bildande
412 459 24 20 af
453 459 281 26 boställsbyggnadskassan
753 459 128 20 bestämmes
897 459 7 20 i

150 493 46 28 denj
212 493 90 27 ordning
325 493 11 27 $
361 495 25 19 16
406 493 94 27 stadgar,
517 493 102 21 särskildt
635 493 34 21 för
685 493 73 26 hvarje
773 488 130 32 församling,

149 528 48 21 med
219 528 141 26 iakttagande
382 527 66 28 deraf,
466 530 32 19 att
513 528 171 27 presterskapets
699 521 76 33 bidrag
790 528 18 26 ej
825 527 32 22 får
873 527 30 22 öf-

147 563 93 26 verstiga
256 562 80 20 hälften
352 562 22 20 af
388 562 172 26 församlingens.
591 562 63 20 Såväl
670 562 171 26 presterskapets
858 567 45 15 som

150 596 165 27 församlingens
338 596 76 27 bidrag
437 597 183 26 sammanbringas
635 602 76 21 genom
729 596 67 27 årliga
811 596 92 22 inbetal-

151 630 83 26 ningar,
244 631 142 21 tillsammans
402 631 46 21 icke
464 631 164 27 understigande
645 632 11 20 5
669 632 12 25 %
701 631 24 21 af
739 631 35 21 det
784 631 119 27 kapitalbe-

151 664 55 28 lopp,
230 665 86 21 hvartill
339 666 78 20 kassan
432 666 55 20 skall
503 666 142 26 uppbringas;
662 666 39 20 och
717 666 61 20 skola
793 666 26 20 de
835 666 68 26 ärliga

148 699 192 27 inbetalningarna,
364 700 57 21 säväl
441 700 33 20 för
489 700 165 26 församlingens
669 700 62 21 andel
748 706 45 14 som
808 700 33 21 för
856 706 47 20 pre-

148 733 138 27 sterskapets,
310 734 70 27 fortgä
403 734 56 21 intill
483 735 48 20 dess
551 735 84 25 kassan,
652 740 44 15 som
713 734 67 21 under
795 734 59 21 tiden
870 733 33 21 fär

147 767 33 21 för
196 768 37 21 sitt
248 768 99 21 ändamål
363 769 85 26 anlitas,
465 769 91 26 uppnått
571 769 37 21 sitt
624 768 53 22 fulla
693 768 172 27 kapitalbelopp.|

217 803 46 20 Har
279 803 125 26 församling
420 809 75 20 genom
512 803 130 21 konvention
659 803 70 26 ätagit
743 803 33 26 sig
787 806 32 18 att
831 809 71 14 ensam

149 836 52 21 eller
224 837 39 20 ock
286 837 61 27 eljest
370 838 6 20 i
396 838 157 21 vidsträcktare
568 839 55 25 män,
641 840 27 19 än
684 838 35 26 lag
735 837 82 27 bjuder,
833 837 69 27 bygga

148 871 40 20 och
211 872 126 21 underhålla
360 872 67 21 husen
444 873 12 20 &
479 873 170 26 presterskapets
665 873 112 25 boställen,
793 878 50 15 vare
859 872 42 21 för-

149 906 96 27 samling,
262 906 23 21 sä
301 907 62 26 länge
379 909 85 25 presten
479 907 52 21 eller
546 907 54 21 hans
616 907 194 21 rättsinnehafvare
821 907 80 21 bostäl-

146 940 28 21 let
199 941 95 27 besitter,
314 941 84 27 skyldig
414 944 32 19 att
462 942 6 20 i
484 942 152 21 motsvarande
652 943 49 19 män
716 942 63 26 gälda
795 941 52 21 hans
863 947 37 15 an-

146 974 33 21 del
194 975 24 20 af
231 975 99 27 bidraget
345 976 33 21 till
394 977 197 26 byggnadskassan.

491 1040 11 26 8
521 1041 32 20 16.

215 1078 42 21 Det
280 1078 166 27 kapitalbelopp,
470 1079 87 20 hvartill
579 1079 189 26 byggnadskassan
791 1079 38 20 bör
848 1085 52 20 upp-

146 1111 93 28 bringas,
256 1115 55 18 samt
326 1112 145 22 förhällandet
482 1113 91 21 emellan
584 1113 164 27 församlingens
759 1113 38 21 och
808 1115 91 24 prester-

148 1146 87 27 skapets
250 1147 93 21 tillskott
358 1147 33 21 till
407 1147 124 22 densamma
542 1148 108 21 äfvensom
661 1148 109 27 bidragets
781 1148 119 26 fördelning

148 1181 160 26 presterskapet
323 1182 97 25 emellan,
437 1182 120 21 fastställas
573 1183 27 26 pä
615 1182 94 27 följande
725 1185 52 19 sätt:

215 1215 43 21 För
281 1216 116 27 beredning
420 1217 24 20 af
465 1217 77 21 sädant
565 1217 77 21 ärende
665 1217 40 21 och
725 1217 138 27 uppgörande
879 1216 22 21 af

146 1249 80 27 förslag
249 1250 44 21 deri
316 1251 101 21 tillsättes
441 1251 12 20 &
468 1251 161 27 kyrkostämma
645 1254 31 19 ett
691 1252 89 27 utskott,
797 1252 6 20 i
819 1251 80 21 hvilket

144 1283 162 28 församlingens
322 1287 83 24 prester
420 1285 54 21 böra
490 1285 21 21 fä
526 1285 57 27 ingä.
608 1286 123 21 Utskottets
747 1286 79 26 förslag
835 1292 64 21 gran-

145 1317 50 21 skas
217 1318 35 21 vid
275 1319 166 27 kyrkostämma,
463 1320 33 21 till
513 1320 63 21 hvars
593 1321 100 21 hällande
708 1321 143 21 förordnande
867 1320 33 21 för

146 1351 78 28 ojäfvig
247 1355 109 24 prestman
379 1353 23 21 af
423 1354 149 27 kyrkoherden
597 1355 121 26 utverkats;
743 1355 39 21 och
801 1355 26 20 de
843 1357 56 18 emot

146 1386 118 21 detsamma
286 1387 75 27 gjorda
380 1388 175 27 päminnelserna
570 1391 56 19 samt
642 1389 69 27 öfriga
726 1390 7 20 i
749 1391 71 19 ämnet
835 1389 64 21 fram-

144 1421 71 21 stälda
230 1421 80 27 förslag
326 1423 84 26 intagas
426 1423 7 20 i
449 1424 230 26 stämmoprotokollet,
695 1424 107 21 hvarefter
817 1423 39 21 och
867 1429 32 16 se-

144 1456 42 20 dan
209 1458 106 20 stämman
337 1457 65 21 fattat
424 1458 71 20 beslut
518 1458 5 20 i
548 1458 95 27 ärendet,
664 1458 130 26 protokollet
807 1458 92 26 justeras

144 1490 38 20 och
207 1492 185 21 stämmobeslutet
408 1492 108 26 kungöres
532 1492 28 27 pä
575 1495 44 19 sätt
635 1493 6 20 i
657 1493 132 26 kyrkolagen
805 1495 24 19 är
844 1493 55 21 före-
