1142 1803
261 210 27 19 22

424 208 84 22 Ständ.
525 208 39 22 Sv.
579 221 27 2 —
621 207 75 29 Prop.
712 208 45 22 N:o
773 208 34 23 10.

438 272 62 20 talets
516 270 178 28 säkerställande,
709 271 57 21 hvad
780 272 9 20 i
797 271 66 27 följd
875 272 70 27 deraf
951 271 38 21 bör

438 305 86 27 utöfver
540 306 58 20 detta
608 305 77 27 finnas
700 306 9 19 i
725 305 75 21 behåll.

507 339 31 27 Ej
560 339 66 21 heller
641 340 35 20 må
692 339 121 28 aktiebolag
832 339 83 27 inköpa
937 340 52 20 eller

440 373 76 20 belåna
532 380 53 20 egna
601 373 76 20 aktier.

508 407 65 20 Hvad
588 414 30 13 nu
633 409 26 18 är
674 407 64 27 sagdt
752 408 63 27 utgör
835 407 54 21 dock
905 407 21 27 ej
939 407 49 21 hin-

439 441 39 20 der
494 441 42 27 för
552 443 37 24 att,
605 441 56 27 efter
672 441 114 27 förbehåll
801 441 9 20 i
825 440 162 29 bolagsordnin-

438 481 46 21 gen,
508 475 52 20 eller
579 475 9 20 i
603 474 48 28 fall
672 475 68 20 som
732 470 15 37 i
762 477 14 19 3
791 482 61 14 mom.
868 477 30 20 26
913 475 14 27 $
950 474 38 21 och

439 511 13 19 5
476 517 61 13 mom.
552 511 29 20 29
596 509 15 27 $
626 511 100 24 nämnas,
744 511 54 19 utan
813 509 125 28 minskning
961 509 31 27 af

439 543 169 28 aktiekapitalet,
627 544 47 21 med
691 544 125 27 derutöfver
831 543 96 22 behållen
943 543 45 21 till-

438 578 59 27 gång
513 578 34 20 till
562 578 83 27 bolaget
660 578 72 20 inlösa
747 577 64 21 aktie.

509 612 37 20 Då
562 612 56 20 aktie
633 612 35 20 till
683 611 82 28 bolaget
781 612 83 26 inlösts,
878 610 57 22 skall
947 610 39 21 den

435 646 59 27 från
510 646 123 20 aktieboken
651 646 84 26 afföras
751 645 38 21 och
799 645 140 28 aktiebrefvet
949 646 38 26 gö-

440 687 37 13 vas
494 680 121 20 obrukbart.

680 771 29 20 21
725 770 20 27 $.

507 827 132 27 Bolagsman
665 833 50 13 vare
738 825 21 27 ej
787 826 79 20 tillätet
888 827 37 24 att,
949 825 38 20 der

439 861 46 20 icke
500 861 42 20 viss
557 861 124 20 stämmotid
697 863 26 18 är
745 862 67 18 utsatt
827 859 38 21 och
881 859 106 21 tillända-

437 896 91 27 gången,
552 895 61 27 bryta
635 895 82 26 bolaget
737 895 51 20 eller
799 893 84 28 fordra
905 893 82 27 utskif-

440 929 64 21 tande
519 929 29 27 af
559 929 34 20 sin
609 929 64 20 andel
689 928 52 21 deri.

508 963 50 20 Har
584 963 69 20 under
680 962 111 28 afslutadt
817 961 170 21 verksamhetsår

439 997 31 27 af
486 997 92 28 bolagets
593 997 78 20 rörelse
693 997 98 27 uppstått
805 996 64 27 vinst,
891 1002 45 14 som
951 1001 37 14 en-

439 1031 40 28 ligt
494 1033 28 19 20
538 1031 15 27 $
564 1031 43 27 får
622 1031 92 26 utdelas,
738 1037 49 14 vare
801 1030 132 27 bolagsman,
955 1029 33 27 ef-

437 1068 33 17 ter
492 1064 113 27 godkändt
628 1064 91 25 bokslut,
742 1063 121 28 berättigad
884 1065 32 18 att
936 1063 51 26 utfå

438 1098 57 21 hvad
510 1099 30 26 af
552 1099 88 26 vinsten,
657 1098 56 27 efter
728 1098 25 20 de
769 1098 8 20 i
792 1097 196 28 bolagsordningen

438 1132 112 21 bestämda
572 1133 52 20 eller
636 1133 32 26 på
682 1132 74 27 grund
771 1131 30 28 af
815 1131 125 20 densamma
955 1129 32 21 be-

438 1166 74 21 slutna
536 1166 87 27 afdrag,
641 1167 32 26 på
689 1165 54 21 hans
761 1165 66 21 andel
841 1165 34 26 sig
898 1164 89 27 belöper.

508 1200 47 20 För
579 1199 126 28 bolagsman
732 1198 162 22 tillkommande
918 1197 71 22 utdel-

438 1233 141 28 ningsbelopp
599 1234 61 27 njute
682 1233 44 21 han
748 1235 43 19 mot
813 1232 84 28 bolaget
917 1231 71 28 borge-

437 1270 56 19 närs
507 1270 51 18 rätt.

682 1365 31 20 22
727 1363 20 28 8.

508 1427 186 27 Bolagsmännens
719 1424 169 22 beslutanderätt
907 1424 8 20 i
931 1423 58 20 bola-

436 1463 47 25 gets
506 1460 175 28 angelägenheter
699 1459 88 27 utöfvas
803 1458 8 20 i
827 1457 92 29 enlighet
941 1456 48 21 med
