1142 1803
275 178 13 20 2
582 178 45 23 N:o
647 179 21 21 3.

244 246 44 21 och
311 252 61 20 synes
396 246 67 21 denna
483 246 38 26 tid,
538 246 48 21 med
602 246 85 26 hänsigt
702 246 33 21 till
751 246 56 21 hvad
823 246 62 21 ofvan
901 248 24 19 är
939 246 64 21 fram-

247 280 68 21 hållet
330 281 110 25 angående
456 280 131 27 postgången
603 280 91 21 emellan
710 274 70 27 Åland
797 280 37 21 och
851 280 58 21 fasta
924 280 79 27 landet,

248 314 115 27 lämpligen
379 314 71 22 kunna
466 316 96 20 utsättas
577 315 33 21 till
621 314 122 27 fyratiofem
755 314 71 28 dagar.
850 314 59 22 Dock
919 314 84 22 komme

247 348 251 27 lagstiftningsåtgärden
521 349 17 26 ej
564 351 32 18 att
615 349 78 20 beröra
711 349 26 21 de
752 350 50 23 mål,
818 350 5 19 i
841 349 72 20 hvilka
928 350 75 20 under-

247 384 54 19 rätts
324 383 71 26 utslag
414 383 54 21 skall
489 383 124 21 hemställas
629 383 93 21 hofrätts
738 383 106 26 pröfning,
860 385 53 18 enär
928 383 75 21 under-

249 419 55 19 rätts
319 417 71 28 utslag
406 417 7 21 i
430 418 62 21 dessa
510 418 42 20 mål
568 417 120 22 oberoende
705 417 23 21 af
741 418 34 21 till
791 417 107 27 äfventyrs
914 418 90 21 skeende

248 451 76 22 besvär
340 451 96 22 kommer
453 452 68 21 under
536 451 93 22 hofrätts
644 452 137 27 granskning.

316 487 50 20 Med
385 486 165 27 ifrågavarande
566 487 223 27 lagstiftningsåtgärd
805 486 56 21 afses
876 487 45 21 icke
937 487 68 26 någon

249 521 125 27 förändring
397 521 23 21 af
438 522 41 21 den
501 521 33 22 för
548 521 159 22 vederbörande
723 522 86 21 domare
825 521 102 27 stadgade
943 527 61 21 expe-

248 555 210 28 ditionsskyldighet.

316 590 11 20 I
342 590 94 27 enlighet
452 591 48 20 med
517 590 61 21 dessa
594 591 132 26 synpunkter
737 591 39 21 har
786 590 219 27 författningsförslag

248 626 7 19 i
271 626 71 20 ämnet
357 625 71 22 blifvit
443 626 121 26 uppgjordt.
595 626 59 20 Hans
670 626 120 26 Kejserliga
805 625 100 27 Majestät
920 625 37 21 vill
972 625 33 21 till

248 658 122 22 Ständerna
391 660 6 20 i
418 659 66 21 nåder
504 659 128 21 öfverlemna
653 660 66 26 sagda
739 660 86 26 förslag,
845 659 82 21 hvilket
945 661 24 19 är
984 659 23 21 af

248 694 96 27 följande
360 694 91 27 lydelse:

456 792 129 31 Förslag
609 792 34 24 till
662 792 142 31 förordning,
823 791 115 32 angående
956 791 48 24 för-

389 838 106 31 längning
522 838 26 24 af
572 838 59 25 tiden
656 845 7 17 i
686 838 63 25 vissa
771 837 42 25 fall
832 837 38 24 för
887 837 117 31 ändrings-

388 883 100 26 sökande
509 883 52 25 från
579 884 186 24 häradsrätterne
777 883 7 24 i
796 875 80 32 Ålands
893 883 111 31 domsaga.

318 952 49 21 Med
388 952 91 26 ändring
495 952 23 21 af
531 952 67 21 första
613 951 94 26 punkten
725 951 6 20 i
748 953 12 20 5
776 951 11 28 $
804 951 39 21 och
859 952 12 20 9
887 951 11 28 $
915 952 26 19 25
957 951 75 28 kap.

248 986 26 21 R.
295 987 31 25 B.,
342 987 83 20 sädana
441 987 61 20 dessa
519 987 82 26 lagrum
617 986 49 26 lyda
682 986 7 20 i
704 985 77 27 nädiga
797 985 151 26 förordningen
965 985 39 20 den

250 1021 26 20 27
299 1021 61 26 April
386 1022 60 25 1868,
466 1021 77 20 varder
558 1021 124 26 härigenom
699 1020 136 21 förordnadt:
852 1022 32 19 att
899 1019 58 22 tiden
973 1019 32 21 för

249 1055 95 21 sökande
368 1055 23 21 af
412 1055 91 27 ändring
525 1055 7 20 i
556 1055 49 21 dom
628 1055 52 20 eller
699 1055 77 26 utslag,
797 1061 46 13 som
859 1054 146 20 häradsrätt
991 1050 16 37 i

249 1083 82 26 Ålands
356 1089 101 27 domsaga
480 1089 53 25 fällt,
553 1089 61 25 skall,
635 1089 38 20 der
689 1089 39 20 den
745 1087 140 22 härförinnan
900 1087 56 21 varit
971 1087 35 21 be-

250 1123 70 21 stämd
343 1124 33 21 till
398 1124 76 21 trettio
497 1123 71 27 dagar,
588 1123 127 21 hädanefter
733 1123 110 20 beräknas
859 1122 38 21 och
913 1124 93 19 utsättas

250 1158 33 20 till
298 1157 122 27 fyratiofem
437 1158 71 26 dagar.

525 1221 73 26 Enligt
620 1221 60 20 Hans
703 1220 122 27 Kejserliga
846 1219 109 27 Majestäts
970 1219 37 20 nå-

460 1256 48 26 diga
538 1255 121 27 befallning,
689 1255 70 26 gifven
790 1255 7 20 i
822 1253 116 22 Gatschina
968 1254 39 20 den

462 1290 16 12 22
488 1285 66 29 Oktober

527 1308 31 1 per
577 1297 60 19 1890.

456 1313 8 12 3
475 1313 85 12 November

472 1365 28 24 C.
528 1363 281 26 EHRNROOTH.

721 1420 68 21 Alexis
811 1419 130 27 Gripenberg.

379 1490 122 21 Helsingfors,
515 1488 103 22 Kejserliga
631 1488 88 18 Senatens
732 1487 89 23 tryckeri,
835 1487 49 17 1890.
