1142 1803
333 186 83 23 Ständ.
432 186 39 22 Sv.
488 198 24 2 —
530 185 73 27 Prop.
620 185 40 22 N:o
675 184 22 22 9.
839 186 27 20 23

584 250 30 22 10
627 250 20 28 $.

416 292 42 21 Till
480 291 140 28 taktäckning
642 290 59 22 skola
725 290 54 22 helst
803 290 90 27 eldfasta

343 328 80 20 ämnen
437 326 120 22 användas.

412 360 44 21 För
479 360 132 28 boningshus
633 360 110 27 äfvensom
765 360 34 27 för
824 359 69 28 öfriga

343 394 50 29 laga
407 394 41 22 hus
463 395 14 21 å
492 394 130 28 embetsgård
631 395 44 26 må,
689 394 54 27 efter
755 393 94 28 behofvet
858 393 37 22 och

343 431 71 20 ortens
436 429 43 26 sed,
503 429 76 28 tjenlig
601 429 120 21 beklädnad
743 428 37 22 och
795 428 100 28 målning

343 464 145 27 föreskrifvas.

589 527 24 21 11
627 527 21 28 $.

413 567 17 21 I
448 568 67 27 öfrigt
536 567 42 27 bör,
598 567 36 21 vid
649 567 138 22 meddelande
801 567 28 27 af
840 567 54 27 före-

343 602 65 27 skrift
429 609 33 14 om
484 602 100 28 byggnad
605 602 13 21 ä
633 601 91 27 boställe,
740 603 110 27 noggrant
864 601 30 27 af-

342 637 76 21 seende
433 637 69 27 fästas
518 637 12 21 a
546 636 62 27 hvad,
624 636 47 22 med
686 636 89 28 hänsigt
788 636 60 22 såväl
862 636 33 22 till

343 671 74 27 hvarje
439 670 95 23 boställes
554 671 52 28 läge,
629 671 84 26 storlek,
732 670 164 28 brukningssätt

344 706 37 21 och
397 706 91 27 tillgång
500 706 32 27 på
548 706 190 28 byggnadsämnen
753 712 44 14 som
812 705 37 21 ock
862 705 33 21 till

344 741 70 20 ortens
433 740 43 26 sed,
496 739 99 28 lämpligt
614 742 32 24 är,
661 740 25 21 så
705 741 32 20 att
751 739 95 22 hvarken
861 739 33 22 bo-

343 774 177 28 ställshafvarens
534 775 83 28 skäliga
633 774 63 28 behof
707 774 88 28 förbises
810 774 49 21 eller
870 774 25 21 de

344 809 206 28 byggnadsskyldige
566 809 138 28 öfverhöfvan
720 810 108 27 betungas.

412 843 51 27 Allt,
485 851 45 14 som
552 844 44 21 kan
614 843 111 28 förorsaka
741 843 84 28 eldfara
839 845 57 20 samt

342 878 81 21 således
438 878 116 28 förhindra
574 878 49 21 eller
637 878 91 28 fördyra
743 877 151 28 brandförsäk-

342 913 59 28 ring,
417 913 42 26 bör,
475 913 72 21 sävidt
561 913 83 28 möjligt
659 915 32 24 är,
707 913 112 21 undvikas.

587 982 28 21 12
627 982 22 28 $.

413 1021 199 28 Löningslägenhet
627 1021 99 29 bebygges
739 1022 29 27 pä
779 1023 44 20 sätt
833 1021 61 22 inne-

342 1055 106 28 hafvaren
470 1056 77 27 nödigt
567 1056 78 27 finner,
667 1057 36 20 och
719 1056 50 21 derä
785 1056 108 27 uppförda

342 1089 41 22 hus
405 1090 105 21 likställas
524 1090 48 21 med
587 1090 25 21 de
627 1090 8 21 i
651 1090 31 21 32
694 1090 15 28 $
724 1090 99 22 nämnda
839 1091 54 26 torp-

342 1123 130 29 byggnader.

561 1230 32 18 11
610 1230 61 23 Kap.

343 1285 37 21 Om
397 1284 274 29 byggnadsskyldigheten
682 1284 39 22 och
731 1284 162 29 boställsbygg-

544 1319 145 22 nadskassan.

586 1387 29 22 13
627 1387 21 28 $.

411 1427 51 21 Den
473 1427 264 28 boställsbyggnadskassa,
748 1427 82 22 hvarur
839 1427 55 21 kost-

342 1462 74 21 naden
437 1462 35 27 för
494 1462 111 28 byggande
628 1462 37 21 och
684 1462 115 21 underhåll
814 1462 27 27 af
853 1469 41 14 em-

342 1496 98 28 betsgård
460 1496 35 27 för
510 1498 61 25 prest
584 1496 9 21 i
608 1496 193 28 landsförsamling
815 1498 57 20 samt
885 1496 9 21 i
