1142 1803
247 170 13 19 6
457 168 29 22 U.
504 169 28 21 B.
548 181 29 3 —
591 168 73 28 Prop.
681 168 42 23 N:o
738 169 21 22 2.

217 231 47 22 Och
281 232 69 21 denna
366 232 115 21 osäkerhet
497 232 38 21 har
550 232 137 27 naturligtvis
701 232 62 27 gifvit
771 232 83 27 upphof
861 232 30 22 till
901 233 78 27 många

218 266 136 27 svårigheter
370 266 39 22 och
425 266 162 27 förvecklingar.

286 301 73 27 Enligt
382 301 131 27 stadgandet
528 302 6 20 i
550 300 12 30 &
581 303 29 25 12j
625 301 22 22 af
668 301 153 28 förordningen
845 301 22 22 af
889 302 41 21 den
951 303 27 19 20

218 335 104 21 Februari
348 337 52 20 1865
424 338 30 24 är,
471 336 71 21 säsom
558 336 57 21 förut
630 338 91 24 nämnts,
743 336 18 27 ej
778 336 92 22 allenast
885 342 26 15 en
927 336 52 21 hvar

218 375 92 21 persons
333 369 95 22 faktiska
450 370 92 21 hemvist
564 372 52 19 utan
640 369 61 22 äfven
725 370 93 22 idkande
834 370 23 21 af
870 370 109 27 borgerlig

220 403 76 27 näring
318 404 53 21 eller
394 407 65 18 annat
481 405 51 26 yrke
556 405 109 21 äfvensom
689 404 179 28 tjensteutöfning
883 405 94 21 bestäm-

218 438 79 21 mande
312 438 49 21 med
377 438 102 22 afseende
495 439 13 21 å
524 439 40 22 den
580 441 40 23 ort,
637 439 38 21 där
684 439 42 21 han
739 439 54 21 skall
809 445 49 15 vara
876 439 101 21 mantals-

220 472 41 21 och
278 472 158 27 kyrkskrifven;
453 479 48 16 men
516 473 8 21 i
538 473 153 27 förordningen
711 473 95 27 angifves
822 473 54 24 icke,
893 473 84 22 hvilken

221 507 23 20 af
258 507 68 26 sagda
350 507 188 28 omständigheter,
563 508 26 21 dä
610 508 27 21 de
652 507 167 28 sammanträffa,
837 510 24 19 är
876 508 39 21 den
932 514 46 21 pre-

220 541 160 22 dominerande.
411 542 42 21 Det
469 542 66 27 gifves
551 541 53 22 flera
619 549 46 14 mer
681 543 50 21 eller
747 542 82 21 mindre
845 542 132 21 omfattande

220 582 94 20 grupper
330 575 22 22 af
366 576 146 27 medborgare,
529 576 48 22 med
593 576 102 22 afseende
711 576 12 21 å
739 576 71 21 hvilka
819 576 26 21 de
857 576 121 21 fastställda

218 610 125 26 grunderna
359 611 52 21 råka
426 611 6 21 i
448 611 105 26 kollision,
566 610 108 22 äfvensom
687 610 166 28 undantagsfall,
863 616 34 16 om
906 610 72 21 hvilka

220 644 50 27 inga
293 645 133 27 stadganden
450 645 74 21 finnas.
541 657 27 3 —
584 645 84 27 Nådiga
690 645 153 27 förordningen
866 644 111 27 angående

219 679 200 27 mantalsskrifning
434 679 22 22 af
472 680 39 21 den
528 681 12 20 9
551 680 120 21 December
683 681 52 20 1878
744 679 128 22 förutsätter
881 679 5 21 i
895 680 13 25 $
917 680 19 24 9,
946 682 32 18 att

217 720 28 14 en
254 720 90 20 persons
352 714 244 27 mantalsskrifningsort
606 714 40 21 kan
656 720 51 15 vara
715 720 26 15 en
752 720 69 15 annan
830 716 27 18 än
867 714 40 21 den
919 714 58 20 kom-

218 754 58 20 mun,
293 749 39 20 där
347 748 41 21 han
404 755 58 20 eger,
478 749 80 21 brukar
573 749 52 21 eller
640 748 91 21 besitter
746 748 43 21 fast
805 747 105 27 egendom
926 747 52 22 eller

218 782 64 21 idkar
301 783 88 22 rörelse.
405 794 27 5 —
448 783 10 21 I
474 783 119 22 socknarna
608 783 58 21 invid
682 785 77 19 nästan
775 783 42 20 alla
833 782 80 25 städer,
930 788 47 20 syn-

218 817 106 26 nerligast
339 817 27 22 de
382 819 76 25 större,
474 817 66 22 finnes
557 824 26 15 en
596 817 48 22 icke
660 817 109 27 obetydlig
785 816 130 27 befolkning,
932 821 46 16 som

218 851 6 21 i
241 851 78 22 staden
342 852 40 21 har
404 852 38 21 sitt
464 852 74 21 arbete
562 851 39 22 och
625 851 39 22 där
687 851 68 22 finner
778 851 27 21 all
825 851 33 20 sin
874 851 103 20 utkomst.

218 896 17 4 —
250 886 50 21 Det
315 885 67 27 gifves
398 892 109 21 personer,
524 892 45 15 som
579 886 28 21 bo
619 892 25 15 en
657 885 34 22 del
703 885 22 22 af
733 885 125 25 året
787 881 10 36 i
802 885 56 25 stad,
871 891 24 14 en
908 891 69 14 annan

222 919 34 22 del
271 921 29 26 pä
322 920 80 25 landet,
426 920 52 21 eller
500 927 45 15 som
566 927 39 20 ega
620 920 105 26 fastighet
741 920 52 21 eller
808 919 51 21 idka
874 919 103 20 industri-

220 955 83 21 rörelse
326 955 28 26 pä
376 955 52 21 fiere
448 957 64 24 orter,
528 955 39 21 och
584 955 91 21 sälunda
691 954 61 21 äfven
768 954 29 27 pä
813 960 81 15 samma
909 953 69 27 grund

219 989 73 21 kunde
307 989 185 22 mantalsskrifvas
504 989 12 21 ä
527 995 45 16 mer
585 992 26 18 än
621 996 24 14 en
657 992 39 18 ort.
708 1001 25 2 —
742 987 138 23 Beträffande
889 988 90 27 tjenste-

220 1025 93 20 männen
336 1026 24 19 är
382 1023 144 22 förhållandet
546 1023 78 28 jämväl
641 1023 6 21 i
663 1023 78 27 många
762 1023 38 21 fall
816 1022 71 21 tvifvel
904 1022 77 21 under-

220 1058 96 20 kastadt.
347 1058 91 26 Mängen
462 1058 127 27 tjensteman
614 1059 24 19 är
660 1057 75 21 bosatt
757 1060 59 18 utom
833 1057 38 20 sitt
887 1057 93 20 embets-

220 1091 102 26 område;
338 1097 124 16 assessorer
477 1092 6 21 i
499 1091 152 27 domkapitlen,
672 1091 120 22 ledamöter
807 1091 7 20 i
829 1090 150 27 lagberednin-

221 1131 41 21 gen
279 1128 57 20 samt
352 1126 193 27 bankfullmäktige
560 1126 73 21 kunna
649 1126 33 21 till
698 1125 52 28 följd
766 1125 23 22 af
803 1125 65 21 dessa
883 1124 98 27 uppdrag

226 1159 86 23 komma
328 1163 32 18 att
375 1161 7 20 i
398 1161 68 21 äratal
482 1161 26 21 bo
524 1161 13 21 &
552 1167 69 15 annan
638 1163 39 23 ort,
695 1162 26 19 än
738 1160 41 21 den
788 1160 88 21 hvarest
884 1159 27 21 de
919 1158 62 21 hafva

221 1194 34 21 sin
279 1194 108 22 ordinarie
410 1195 68 27 tjenst
499 1195 40 22 och
562 1195 39 21 sitt
623 1195 109 26 egentliga
754 1193 99 22 hemvist.
883 1193 42 21 Vid
943 1193 38 21 mi-

224 1229 286 26 nisterstatssekretariatet,
520 1229 208 28 passexpeditionen,
739 1228 100 22 Finlands
848 1228 68 21 banks
926 1227 53 22 kon-

221 1265 36 19 tor
268 1265 56 19 samt
337 1263 118 27 järnvägen
468 1264 6 21 i
486 1263 32 22 S:t
529 1263 130 27 Petersburg
675 1263 106 21 anställde
797 1263 130 26 tjenstemän
943 1263 37 19 äro

223 1297 89 22 bosatte
335 1299 59 20 utom
417 1298 84 21 landets
524 1300 94 25 gränser.
648 1297 78 22 Härtill
747 1297 72 21 kunde
835 1298 58 19 ännu
908 1296 73 26 läggas

225 1332 67 21 andra
316 1338 95 21 grupper
433 1331 22 22 af
474 1332 147 27 medborgare,
638 1332 71 21 säsom
725 1332 40 21 den
781 1331 35 21 vid
832 1330 151 21 universitetet

222 1366 42 21 och
272 1366 69 21 andra
356 1366 153 22 läroanstalter
524 1367 130 21 studerande
671 1366 127 27 ungdomen,
815 1365 27 26 pä
857 1365 75 26 längre
947 1370 34 15 re-

222 1406 37 15 sor
275 1400 142 22 fränvarande
428 1401 88 27 sjömän,
532 1401 7 21 i
554 1401 125 26 sjukvärds-
695 1400 53 21 eller
766 1398 216 27 fängelseinrättning

222 1435 89 25 intagna
327 1441 103 20 personer
445 1441 27 15 m.
488 1435 21 21 fl.

290 1508 196 20 Ekonomiutskottets
498 1509 115 18 betänkande
627 1510 36 16 N:o
676 1510 16 16 1.
