1142 1803
328 207 86 23 Ständ.
431 207 39 23 Sv.
484 221 28 3 —
528 208 75 28 Prop.
618 208 46 23 N:o
680 208 22 22 1.
838 208 27 21 21

340 270 57 28 gälle
416 270 58 28 bytet
487 271 45 21 icke
546 270 74 22 såsom
634 270 112 28 slutfördt,
761 270 76 22 innan
851 278 42 14 an-

343 304 128 28 teckningen
493 305 73 21 derom
581 305 67 27 äfven
663 305 10 21 i
687 305 36 21 det
737 305 73 21 andra
826 306 70 20 länets

336 338 144 27 Jjordregister
502 339 60 27 skett,
582 339 11 21 i
614 339 82 21 hvilket
716 339 101 28 afseende
833 340 61 21 läne-

343 373 165 21 landtmätaren
530 373 83 28 åligger
636 375 32 19 att
688 375 79 26 genast
789 373 106 21 tillsända

344 407 214 21 länelandtmätaren
578 407 11 21 i
605 407 143 22 sistnämnda
763 407 38 22 län
815 407 81 28 utdrag

343 448 29 14 ur
386 441 39 21 sitt
434 441 149 28 jordregister.

567 549 34 22 II
615 549 65 22 KAP.

504 605 44 23 Om
560 606 174 28 jordregister.

587 669 32 21 30
631 668 24 28 $.

415 730 16 21 I
440 731 74 27 hvarje
527 731 39 20 län
575 731 56 20 skall
646 730 14 21 ä
676 730 219 22 landtmäterikonto-

346 766 34 19 ret
392 765 62 27 föras
468 766 30 19 ett
506 765 149 28 jordregister,
676 765 140 28 upptagande
836 765 61 20 kom-

347 805 67 14 mun-
432 799 38 21 och
486 799 76 28 byavis
576 801 59 19 samt
649 799 55 27 efter
713 799 183 28 jordeboksnum-

347 840 47 14 mer
408 833 105 28 samtliga
522 833 178 28 jordlägenheter
713 833 10 20 i
739 833 64 21 länet.

593 907 26 20 81
633 907 22 27 8.

418 963 153 28 Jordregistret
592 963 57 22 skall
671 963 116 21 innehälla
810 963 91 28 uppgift

348 1004 36 14 om
399 997 75 28 hvarje
490 997 109 28 lägenhets
609 1004 78 21 namn,
699 997 200 28 registernummer,

343 1031 122 28 jordnatur
486 1031 38 21 och
547 1031 95 28 egovidd,
661 1031 47 22 dess
725 1031 150 21 storhetsmätt
891 1031 10 20 i

348 1065 139 27 förhällande
503 1065 35 21 till
548 1066 49 20 hela
608 1066 125 20 hemmanet
743 1065 39 21 och
791 1065 35 20 det
835 1072 66 13 man-

349 1099 37 26 tal,
402 1106 47 14 som
464 1099 44 20 kan
522 1099 77 27 finnas
615 1099 126 28 lägenheten
753 1099 64 26 äsatt,
833 1099 67 26 tiden,

348 1133 29 20 dä
392 1133 47 21 dess
452 1135 93 25 gränser
556 1133 75 28 blifvit
639 1140 78 21 genom
729 1132 110 28 storskifte
849 1133 52 20 eller

348 1167 90 28 delning
454 1167 116 27 bestämda,
591 1169 58 19 samt
670 1166 231 28 servitutsrättigheter

350 1201 38 21 och
403 1201 151 28 skyldigheter,
569 1209 48 14 som
632 1201 76 22 dervid
719 1201 123 28 lagenligen
853 1201 46 20 till-

349 1235 97 27 kommit,
462 1235 26 21 sä
502 1236 38 21 ock
555 1236 136 27 hänvisning
715 1235 35 22 till
771 1235 132 21 karteverket

350 1269 39 21 och
402 1269 275 28 delningshandlingarna.

593 1344 31 20 32
638 1343 21 28 $.

420 1400 33 21 Pä
463 1400 96 21 Senaten
568 1400 128 21 ankommer
703 1401 34 20 att
743 1399 97 21 meddela
847 1400 55 20 när-

350 1441 61 14 mare
426 1435 138 27 föreskrifter
573 1434 113 27 angäende
695 1433 162 28 jordregistrets
869 1433 36 20 in-

350 1469 102 20 rättande
475 1468 39 21 och
535 1468 92 28 förande
653 1469 59 19 samt
735 1469 34 19 att
792 1466 113 28 fastställa

350 1502 112 27 formulär
477 1502 35 21 till
526 1502 106 28 registret.
