1142 1803
292 190 25 20 18

458 188 83 23 Ständ.
558 188 39 23 Sv.
613 201 29 3 —
657 188 72 28 Prop.
745 188 42 22 N:o
802 188 23 22 9.

717 254 16 21 2
746 254 21 28 $.

537 295 85 28 Bidrag
643 295 32 21 till
691 294 258 29 boställsbyggnadskassa
964 294 55 22 skall

468 332 87 26 utgöras
575 330 20 26 ej
617 330 86 21 mindre
717 330 27 27 af
752 331 118 25 presterne,
883 330 30 26 på
929 331 43 20 sätt
984 337 34 21 ge-

468 371 49 14 nom
538 364 93 22 särskild
653 364 129 27 förordning
805 363 26 28 af
851 364 69 21 denne
935 364 42 27 dag
993 366 25 19 är

466 399 107 28 stadgadt,
597 401 30 19 än
650 399 27 27 af
689 398 43 22 alla
751 399 52 24 dem,
818 398 71 21 hvilka
905 398 8 21 i
928 398 89 27 försam-

467 433 74 28 lingen
556 433 87 28 erlägga
659 433 99 28 aflöning
773 433 32 21 till
820 433 46 21 dess
875 433 140 27 presterskap,

466 470 56 19 samt
544 467 36 22 bör
600 468 27 27 af
646 467 134 22 sistnämnde
800 467 217 28 betalningsskyldige

467 504 86 26 utgöras
568 503 53 27 efter
636 509 82 15 samma
732 503 102 27 grunder,
850 509 45 14 som
909 501 58 28 gälla
981 502 35 27 för

466 537 62 22 deras
544 537 127 28 deltagande
685 537 9 22 i
709 537 207 28 aflöningsbesväret.

716 600 14 21 3
743 600 20 28 8.

534 641 17 21 I
560 640 188 29 stadsförsamling
766 641 54 21 skall
835 640 130 28 embetsgärä
979 640 36 28 för

460 677 66 25 prest,
549 676 85 21 hvilken
657 675 20 28 ej
697 676 8 20 i
719 675 70 22 stället
805 676 35 27 för
854 676 71 21 sådan
941 674 72 29 ätnju-

465 712 30 19 ter
516 710 136 27 lyresmedel,
676 710 78 28 byggas
774 710 37 21 och
829 710 141 21 underhållas
981 710 32 26 på

464 744 62 21 deras
544 744 120 26 bekostnad,
683 751 43 14 som
742 744 107 22 derstädes
865 746 38 19 äro
917 743 96 28 skyldige

463 780 32 20 att
509 779 72 26 aflöna
594 779 162 28 presterskapet.
791 779 42 20 Och
848 779 81 28 åligger
943 779 35 20 det
987 778 26 21 de

462 813 217 28 betalningsskyldige
693 815 33 20 att
740 813 91 22 bestrida
847 813 60 28 dylik
921 813 91 21 kostnad

461 847 50 22 eller
534 849 77 26 utgöra
637 848 140 27 omförmälda
805 848 128 27 hyresmedel
959 848 53 27 efter

460 882 116 22 enahanda
597 882 80 28 grund,
698 889 44 14 som
756 882 35 28 för
807 883 62 21 deras
883 882 128 28 deltagande

462 917 6 20 i
481 917 166 27 presterskapets
663 917 116 26 aflönande
794 919 25 19 är
833 917 107 28 gällande.

709 980 16 21 4
739 979 21 28 $.

533 1020 34 21 Uti
582 1020 92 28 förenad
687 1020 68 21 stads-
771 1020 35 21 och
817 1020 192 28 landsförsamling

458 1055 54 21 skall
534 1055 105 21 hvardera
660 1055 157 27 församlingen
837 1055 84 27 deltaga
936 1055 9 20 i
960 1055 49 27 byg-

456 1089 72 28 gande
551 1089 36 20 och
607 1088 116 22 underhåll
738 1088 28 28 af
774 1089 115 28 prestgård
904 1089 9 20 i
926 1095 82 15 samma

456 1123 142 26 förhållande,
609 1123 63 21 hvari
681 1123 46 21 dess
735 1123 140 27 kyrkskrifna
882 1123 126 28 follkmängd

456 1158 46 21 står
518 1157 32 21 till
565 1157 47 21 hela
627 1157 128 22 samhällets.

706 1221 15 20 5
733 1220 22 27 9.

525 1260 81 21 Denna
627 1260 131 28 förordning
781 1260 54 21 skall
855 1260 58 21 inom
933 1261 74 27 hvarje

454 1295 128 27 församling
603 1294 64 21 träda
683 1294 8 21 i
705 1294 101 28 gällande
821 1294 60 28 kraft
894 1295 113 28 samtidigt

454 1329 48 21 med
524 1329 42 21 den
589 1329 70 22 under
681 1329 69 22 denne
770 1329 42 28 dag
831 1329 117 28 utfärdade
962 1329 44 28 för-

455 1363 122 28 ordningen
607 1364 113 27 angående
747 1364 166 27 presterskapets
943 1364 8 21 i
981 1364 24 21 de

454 1397 239 28 cvangelisk-lutherska
708 1398 186 28 församlingarna
907 1398 32 21 uti
951 1398 54 21 Fin-

452 1431 54 22 land
521 1432 106 21 boställen.
