1142 1803
269 224 13 20 4
492 223 29 22 U.
537 223 27 22 B.
581 236 27 2 —
625 222 76 28 Prop.
716 222 45 23 N:o
777 223 24 21 9.

240 320 140 34 Förordning
408 320 118 35 angående
555 321 191 33 presterskapets
775 321 5 26 i
800 320 27 28 de
846 320 147 34 evangelisk-

296 360 121 28 lutherska
435 361 198 34 församlingarna
652 361 31 27 uti
703 360 93 28 Finland
816 361 123 27 boställen.

593 452 11 27 8
620 453 19 23 6,

310 514 161 28 Ridderskapet
493 514 43 21 och
559 515 72 21 Adeln
654 517 59 18 samt
729 515 108 28 Borgare-
853 514 42 21 och
911 515 86 20 Bonde-

241 548 92 21 ständen
349 547 71 22 hafva
434 549 90 27 antagit
539 548 163 22 betänkandet.

312 582 162 22 Presteständet
489 582 42 22 har
546 582 95 22 beslutit
657 584 34 20 att
706 582 56 22 sista
779 582 65 22 ordet
859 582 8 21 i
882 584 35 25 S:n
933 600 4 9 ,
940 582 56 27 vid-

241 616 154 21 makthällas*
410 616 75 22 skulle
500 616 94 29 utbytas
609 619 49 19 mot
671 634 4 9 ,
679 616 110 27 värdas.'*

312 650 105 22 Emedan
433 650 176 22 Ständerbeslut
623 650 132 29 föreligger,
766 650 131 22 föranleder
906 650 90 22 Preste-

241 684 105 22 ständets
362 684 75 22 beslut
451 685 51 21 icke
518 685 35 21 till
568 685 88 29 ätgärd.

595 771 47 28 87.

310 827 159 28 Ridderskapet
492 827 43 22 och
553 829 70 20 Adeln
647 830 60 19 samt
728 829 109 26 Borgare-
853 827 42 21 och
911 827 86 20 Bonde-

240 861 93 20 ständen
348 860 71 22 hafva
434 862 92 28 antagit
542 862 161 21 betänkandet.

309 895 163 22 Presteständet
493 896 43 21 bar
559 897 95 20 hbeslutit
676 899 35 18 att
729 896 36 21 till
781 897 35 27 8:n
831 895 75 22 skulle
921 895 74 22 såsom

241 929 109 21 särskildt
372 932 103 19 moment
496 930 66 29 fogas
584 933 33 19 ett
635 931 85 28 tillägg
742 930 26 22 af
780 930 99 29 ungefär
894 929 102 29 följande

240 962 100 29 lydelse:
356 963 68 28 ,Kan
440 964 190 29 byggnadskassa
645 967 56 19 utan
723 965 177 28 församlingens
915 964 82 21 betun-

240 997 77 28 gande
332 998 137 28 uppdrifvas
484 999 36 21 till
536 999 26 21 sä
575 999 58 28 högt
648 999 83 29 belopp
748 1001 35 19 att
794 999 69 21 äfven
874 998 123 29 ängslador

240 1031 94 21 dermed
350 1031 78 22 kunna
445 1033 89 28 byggas
550 1033 42 22 och
607 1033 155 28 underhällas,
779 1037 39 17 äro
831 1033 69 21 äfven
911 1032 86 21 sädana

241 1065 13 20 8
270 1064 38 22 bol
324 1067 34 19 att
374 1066 75 21 säsom
464 1067 54 28 laga
536 1067 42 21 hus
601 1075 66 13 anses
683 1067 43 21 och
741 1066 134 22 behandlas.
905 1066 91 27 Likasä,

240 1098 40 22 der
292 1099 173 22 vederbörande
480 1103 77 26 parter
572 1101 36 28 sig
624 1101 79 22 derom
727 1101 39 22 vid
778 1101 138 28 beredning,
929 1100 69 21 hvar-

240 1139 37 15 om
293 1133 8 20 i
317 1134 11 26 $
346 1135 26 20 16
388 1134 66 27 talas,
470 1135 109 28 frivilligt
593 1135 101 22 förena".

308 1167 37 21 Dä
368 1169 35 20 tre
424 1169 69 21 ständ
516 1169 108 22 omfattat
645 1169 134 22 Utskottets
794 1168 146 22 betänkande
956 1168 42 22 och

240 1200 178 23 Ständerbeslut
433 1203 97 21 sälunda
546 1203 131 29 föreligger,
690 1203 65 22 torde
767 1203 186 22 Presteständets
961 1203 36 21 be-

240 1235 48 21 slut
303 1235 51 22 icke
369 1236 121 22 föranleda
505 1237 37 21 till
558 1237 87 29 ätgärd.

562 1292 8 7 N

582 1323 11 28 s
609 1324 34 21 20.

309 1379 161 28 Pidderskapet
492 1379 44 22 och
557 1381 71 20 Adeln
644 1382 61 19 samt
726 1380 109 28 Borgare-
852 1380 43 22 och
910 1381 88 21 Bonde-

238 1413 93 21 ständen
346 1412 72 22 hafva
434 1413 91 29 antagit
540 1414 161 22 betänkandet.

306 1446 176 22 Presteständet
494 1448 42 21 har
551 1448 96 21 beslutit
662 1450 35 20 att
712 1449 35 27 S:n
763 1448 75 22 skulle
854 1448 88 22 erhålla
955 1448 42 22 föl-

235 1480 73 28 jande
322 1480 141 22 förändrade
478 1482 100 28 lydelse:
594 1499 13 9 ,,
609 1482 94 26 Räntan
721 1482 26 22 af
760 1482 41 22 det
815 1482 35 21 uti
865 1482 133 29 byggnads-

236 1514 84 22 kassan
336 1514 122 30 befintliga
480 1516 153 22 öfverskottet
654 1516 93 22 utöfver
769 1516 40 22 det
824 1516 91 29 belopp,
931 1517 66 21 hvar-

306 1555 47 22 Lag-
366 1555 33 17 och
411 1555 182 18 Ekonomiutskottets
603 1556 113 18 betänkande
729 1557 36 16 N:o
777 1557 18 16 4.
