1142 1803
252 191 26 20 46
446 191 30 22 U.
492 190 28 22 B.
538 204 24 2 —
578 190 76 28 Prop.
670 190 46 23 N:o
732 191 21 21 1.

222 254 43 20 den
280 254 42 20 han
336 254 50 20 ville
401 254 118 20 förbehälla
534 255 39 26 sig.
591 266 24 2 —
632 254 67 20 Detta
715 254 43 20 kan
773 254 58 20 dock
853 254 48 20 icke
917 260 62 14 anses

222 288 146 20 sammanfalla
389 288 50 20 med
462 288 83 27 verklig
567 288 49 27 lega
637 288 25 20 af
677 288 56 26 jord,
756 288 37 20 der
815 289 54 19 visst
891 288 89 20 omräde

221 322 102 27 upplätes
345 322 32 20 för
400 323 73 26 stadig
501 322 79 27 odling,
601 326 50 17 utan
671 322 89 20 fastmer
775 329 51 13 vara
841 325 33 18 att
889 322 90 20 hänföra

221 356 31 20 till
268 356 52 21 aftal
336 356 25 20 af
372 363 70 14 annan
458 356 155 25 beskaffenhet,
630 356 102 21 likartadt
747 356 50 21 med
820 356 113 20 utförande
959 356 24 20 af

220 390 101 27 tillfälligt
336 390 80 21 arbete.
448 391 68 20 Utom
531 394 32 17 att
578 390 114 21 frånvaron
707 390 26 21 af
749 390 101 21 bestämd
873 390 54 27 årlig
947 397 32 13 er-

220 424 97 27 sättning
331 425 33 20 för
378 425 158 20 innehafvande
550 425 23 20 af
586 426 53 19 visst
656 425 89 20 område
761 425 12 20 ä
793 424 183 27 jordlägenheter,

220 458 66 27 enligt
302 458 100 27 gällande
417 459 46 26 lags
479 458 139 28 ständpunkt,
635 458 71 21 kunde
722 465 63 14 anses
801 458 101 21 innebära
911 458 67 21 skatt-

219 492 88 27 skyldig
322 492 60 27 jords
404 493 128 26 minskning,
548 493 83 20 medför
647 493 112 20 saknaden
774 493 25 20 af
811 499 27 14 en
859 492 60 27 dylik
941 492 37 21 be-

219 527 109 26 stämning
349 527 77 20 mellan
448 527 183 21 kontrahenterne
654 527 45 20 ofta
716 527 27 20 de
759 527 128 26 menligaste
903 527 74 26 päfölj-

219 560 38 20 der
273 561 32 19 för
320 561 147 26 legotagaren,
484 561 28 20 dä
524 561 23 26 ju
562 561 147 27 legogifvaren
725 561 38 20 när
779 561 56 20 helst
851 561 41 19 han
908 561 23 20 sä
944 561 33 19 för

218 594 56 27 godt
289 594 65 21 finner
369 595 42 20 kan
426 595 43 20 öka
484 596 42 20 den
542 595 162 27 ursprungligen
719 595 95 21 aitalade
830 594 69 27 legan.

287 629 9 20 I
319 629 95 27 enlighet
436 630 50 20 med
509 630 70 20 denna
602 631 32 19 sin
649 629 140 27 uppfattning
805 629 38 20 har
860 629 115 21 Utskottet

217 663 94 27 vidtagit
334 663 90 27 ändring
446 665 30 19 uti
500 665 10 23 $
540 669 6 15 1
573 664 24 20 af
619 664 42 20 den
677 663 122 27 föreslagna
815 663 159 27 förordningen,

217 697 114 21 hvaremot
347 699 10 23 $
374 703 12 15 2
402 698 29 26 pä
446 698 69 26 grund
530 698 25 20 af
567 698 57 20 hvad
639 697 65 21 ofvan
729 697 125 21 framhållits
880 697 95 21 bibeiäl-

216 730 35 21 lits
274 731 137 20 oförändrad.
441 731 98 20 Emedan
561 731 66 27 enligt
649 733 10 23 8
684 737 11 20 3
711 731 104 27 legoaftal
831 731 39 20 bör
885 731 89 20 afslutas

216 765 30 26 pä
261 765 66 20 lifstid
343 765 50 21 eller
409 765 100 21 bestämd
530 766 37 24 tid,
592 765 18 27 ej
633 766 74 27 längre
730 766 27 20 än
779 766 76 21 femtio
880 766 29 24 är,
933 765 41 20 och

216 799 71 20 denna
311 799 107 22 föreskrift
440 807 65 19 synes
521 799 114 22 Utskottet
657 807 52 13 vara
733 800 26 21 af
777 800 81 21 största
881 801 46 25 vigt
942 799 32 20 för

215 833 195 21 astadkommande
432 834 25 21 af
476 834 77 27 stadga
576 834 41 20 och
640 834 91 27 ordning
746 836 6 19 i
768 833 205 28 legoförhällanden,

215 867 39 20 har
269 867 115 22 Utskottet
400 868 32 20 för
447 871 32 18 att
494 868 58 27 gifva
568 868 61 21 detta
644 869 122 26 stadgande
778 869 69 20 större
856 867 118 27 eftertryck

214 903 30 19 uti
262 903 33 23 &:n
316 901 65 22 infört
396 902 38 21 det
455 902 76 27 tillägg
553 905 38 22 att,
615 903 72 20 derest
703 903 100 20 bestämd
818 902 32 21 tid
865 902 18 27 ej
899 909 53 14 vore
967 903 7 20 i

214 935 126 22 kontraktet
354 936 76 25 införd,
447 937 61 20 detta
523 937 68 20 borde
606 937 57 26 gälla
679 938 5 19 i
699 938 32 20 tio
747 938 29 19 är.
806 937 53 20 Med
869 936 104 21 afseende

214 970 12 20 ä
242 970 204 27 omformuleringen
462 971 23 20 af
498 973 10 22 $
528 977 7 14 1
554 971 38 20 har
607 971 67 20 orden
691 975 73 23 ,emot
775 971 54 26 årlig
836 970 62 27 lega"
908 970 63 25 från
963 966 12 36 $

213 1010 15 19 4
236 1003 82 22 kunnat
327 1004 107 25 bortfalla,
444 1005 118 26 hvarjemte
571 1007 33 22 8:n
611 1005 116 26 undergätt
741 1012 26 13 en
776 1005 83 20 mindre
875 1005 96 26 ändring,

214 1038 78 21 afsedd
306 1042 32 17 att
354 1039 134 20 förekomma
504 1039 37 21 det
556 1039 103 27 legoaftal
674 1039 25 20 af
711 1039 37 21 det
764 1041 6 18 i
787 1041 33 23 $:n
842 1039 130 20 omnämnda

213 1072 47 26 slag
276 1072 133 27 uppgjordes
425 1074 29 25 pä
470 1073 113 20 obestämd
599 1073 37 20 tid.
646 1073 33 20 En
695 1073 124 26 otydlighet
834 1074 6 19 i
856 1072 116 27 redigerin-

213 1112 43 20 gen
272 1105 25 21 af
310 1107 10 23 $
337 1106 14 20 6
366 1107 30 20 uti
412 1106 42 21 den
476 1106 92 21 svenska
589 1106 113 27 lagtexten
725 1107 39 20 har
785 1106 32 21 för
840 1106 66 26 öfrigt
925 1105 47 22 blif-

211 1141 31 19 vit
257 1139 79 21 rättad.

282 1174 52 21 Med
357 1174 103 22 afseende
480 1175 13 20 ä
516 1175 36 20 det
575 1174 89 21 anförda
679 1174 32 21 får
729 1174 116 21 Utskottet
859 1173 112 21 vördsamt

211 1201 92 22 föreslä
294 1197 12 36 :

488 1268 33 17 att
536 1265 124 20 Ständerna
675 1265 50 20 ville
741 1265 33 20 uti
786 1265 38 20 sitt
838 1271 56 14 svar
905 1264 14 20 å
929 1264 40 21 den

418 1299 82 26 nådiga
508 1299 155 27 propositionen
674 1299 9 20 i
696 1299 172 26 underdänighet
873 1299 96 24 anmäla,

418 1336 34 17 att
462 1332 123 21 Ständerna
600 1333 51 20 med
662 1333 73 26 några
747 1332 84 21 mindre
847 1333 125 26 ändringar

418 1367 37 20 och
471 1367 79 27 tillägg
559 1367 98 26 godkänt
671 1367 126 20 densamma
812 1369 58 18 samt
882 1367 41 26 för
935 1366 34 21 sin

418 1401 38 20 del
468 1401 86 26 antagit
569 1408 24 13 en
608 1401 121 26 sälydande

279 1524 47 22 Lag-
339 1524 32 18 och
383 1524 181 18 Ekonomiutskottets
577 1524 110 18 betänkande
699 1524 38 18 N:o
750 1525 15 17 1.
