1142 1803
264 224 28 19 40
478 222 26 22 U.
521 223 24 21 B.
561 236 28 2 —
605 223 64 27 Prop.
684 223 41 21 N:o
741 225 18 19 9.

237 286 117 21 obesuttne
376 286 90 27 pålades
487 293 27 13 en
532 290 73 23 tunga,
622 293 48 14 som
685 286 81 20 honom
782 286 47 20 icke
845 286 72 26 ålegat
933 286 62 25 förut,

238 320 170 21 underkastades
429 320 64 21 äfven
508 320 43 21 han
566 328 26 12 en
608 320 122 27 minskning
745 322 30 19 uti
791 322 32 19 sin
839 320 156 27 förmögenhet,

236 355 30 20 uti
282 356 36 19 sitt
334 354 160 27 arbetskapital,
512 354 42 21 och
569 358 32 17 att
616 354 133 21 fortfarande
764 354 32 21 till
810 354 82 21 förmån
903 354 33 21 för
946 361 51 20 ega-

237 395 37 13 ren
290 387 24 21 af
326 388 42 21 den
383 389 165 26 privilegierade
561 388 77 27 jorden
654 388 107 21 bibehålla
777 392 32 17 ett
820 388 117 27 undantag,
949 395 48 14 som

236 422 124 27 upphäfdes
376 422 63 21 äfven
458 423 32 20 för
506 422 42 21 den
563 424 95 25 ringaste
673 423 107 24 arbetare,
797 426 74 23 syntes
887 429 52 14 vara
954 422 43 21 lika

237 456 88 27 oriktigt
344 463 47 14 som
406 457 51 26 föga
473 457 225 20 öfverenstämmande
709 457 50 20 med
770 456 136 21 sträfvandet
921 459 32 18 att
964 457 33 20 så-

237 491 47 20 vidt
299 491 83 26 möjligt
397 491 150 20 åstadkomma
563 498 26 13 en
597 491 97 26 jemnare
706 491 122 26 fördelning
839 491 25 20 af
871 491 42 20 den
920 491 77 26 ifråga-

237 525 95 20 varande
348 525 99 27 pålagan.

307 559 105 27 Slutligen
432 559 39 21 har
490 559 80 26 jemväl
591 563 55 17 satts
662 561 6 19 i
683 559 61 27 fråga
762 559 235 27 ändamålsenligheten

238 593 25 21 af
274 594 165 26 bestämningen
454 595 6 19 i
476 593 12 29 &
505 600 11 20 3
532 594 75 20 derom
618 597 31 17 att
661 594 188 26 stadsförsamling
859 593 54 21 skall
923 593 74 27 bygga

239 628 42 20 och
296 628 124 20 underhålla
435 628 138 27 embetsgård
589 628 32 20 för
637 632 60 23 prest
713 628 121 21 derstädes.
865 628 8 20 I
886 628 49 20 stad
948 634 49 20 syn-

238 665 34 18 tes
295 662 106 27 nemligen
424 662 48 20 icke
494 663 67 26 något
580 662 75 20 vidare
675 662 53 21 böra
748 662 157 27 ifrågakomma
924 662 29 20 än
966 665 31 17 att

239 696 152 27 församlingen
414 698 101 25 antingen
536 696 77 27 upplät
634 697 22 20 åt
671 700 60 23 prest
747 696 90 27 lämplig
852 696 80 21 bostad
947 696 51 20 eller

239 737 79 20 genom
340 730 128 27 tillräckliga
488 730 137 27 hyresmedel
645 730 97 21 beredde
764 730 82 20 honom
866 729 82 22 tillfälle
966 733 31 17 att

239 764 51 27 sjelf
304 764 102 21 förskaffa
426 766 34 25 sig
477 765 73 20 sådan.
580 764 73 21 Skulle
669 766 177 25 propositionens
861 764 137 27 bestämning

239 799 76 20 härom
336 799 92 20 likasom
450 799 153 21 motsvarande
622 799 123 26 stadgande
765 800 6 19 i
787 799 153 26 förordningen
962 805 36 13 om

239 833 176 27 presterskapets
434 833 107 21 boställen
561 833 124 25 bibehållas,
707 833 69 20 skulle
794 832 177 27 församlingarna
991 833 7 20 i

240 867 55 24 stad,
320 867 72 20 derest
414 867 27 20 de
462 867 96 20 önskade
579 867 75 26 sjelfva
675 867 78 21 inrätta
771 867 80 20 bostad
867 867 22 20 åt
905 870 93 23 prester-

240 901 84 27 skapet,
348 901 84 27 nödgas
454 901 62 21 ställa
535 903 33 24 sig
587 901 32 21 till
637 901 145 21 efterrättelse
797 901 58 20 hvad
870 901 128 20 nästnämda

241 935 126 27 förordning
382 937 6 18 i
403 935 77 21 sådant
495 935 104 21 afseende
614 935 100 25 innehöll,
730 935 53 20 huru
797 934 112 28 opraktisk
922 942 26 13 en
959 935 39 26 dy-

240 969 30 21 lik
287 970 120 26 anordning
422 971 6 19 i
444 970 49 21 stad
514 971 92 26 mången
624 970 58 27 gång
697 969 27 21 än
739 969 72 20 kunde
827 969 71 20 blifva.
916 981 27 2 —
958 969 41 20 Ut-

240 1003 95 21 skottets
350 1003 69 22 flertal
434 1003 38 21 har
487 1004 32 21 för
534 1005 32 20 sin
581 1004 36 20 del
632 1007 71 18 ansett
716 1005 177 26 propositionens
905 1003 94 20 bestäm-

241 1039 75 25 ningar
339 1037 45 22 fullt
407 1038 117 26 sakenliga,
547 1041 25 23 ty
590 1039 6 19 i
614 1039 78 25 många
713 1037 212 26 stadsförsamlingar
944 1037 55 20 före-

240 1071 88 20 komma
346 1072 68 19 sedan
434 1072 102 26 gammalt
552 1071 163 27 embetsgårdar
730 1071 33 20 för
777 1070 166 27 presterskapet
958 1071 42 20 och

242 1112 36 13 om
294 1105 50 20 dem
358 1105 88 27 utsäger
461 1107 165 26 propositionen
641 1105 56 21 blott
713 1108 32 17 att
761 1105 28 20 de
804 1104 122 27 föreslagna
941 1105 58 20 stad-

241 1139 100 27 gandena
364 1139 61 21 skola
447 1139 64 21 lända
533 1139 32 21 till
585 1139 151 21 efterrättelse.
766 1139 46 20 Der
833 1138 74 27 dylika
922 1138 77 27 gårdar

241 1173 48 20 icke
304 1173 73 25 finnas,
394 1174 23 20 är
433 1173 152 28 församlingen
599 1173 96 21 lemnadt
710 1173 70 27 öppet
793 1175 32 18 att
835 1179 80 20 genom
926 1173 73 26 hyres-

241 1207 72 21 medel
331 1207 80 21 bereda
427 1211 111 24 presterne
553 1207 81 22 tillfälle
650 1211 32 17 att
697 1207 103 20 förskafta
815 1208 34 25 sig
863 1206 86 25 bostad,
959 1207 41 20 och

242 1241 43 21 lika
301 1241 140 21 oförhindrad
455 1249 65 19 synes
536 1241 152 27 församlingen
703 1241 28 20 då
743 1241 82 26 jemväl
839 1247 52 14 vara
906 1243 33 18 att
953 1240 51 26 sjelf

242 1275 90 28 upplåta
348 1275 126 28 tillräckliga
490 1276 42 20 och
547 1275 114 27 tidsenliga
677 1275 140 27 boningsrum
832 1275 22 20 åt
869 1275 87 20 honom.

311 1309 44 22 Vid
380 1310 175 27 genomgåendet
576 1310 24 20 af
619 1309 142 21 förevarande
782 1309 220 26 författningsförslag

242 1343 39 21 har
303 1344 116 21 Utskottet
440 1347 54 18 trott
513 1347 31 18 att
560 1345 30 20 uti
605 1345 111 26 ingressen
731 1343 31 21 till
778 1343 43 20 den
836 1343 109 20 blifvande
960 1342 42 21 för-

242 1378 120 27 ordningen
384 1378 145 27 uttryckligen
551 1378 68 21 borde
641 1377 116 28 uppgifvas
775 1377 73 20 hvilka
864 1376 92 27 punkter
971 1377 31 20 uti

242 1419 58 20 resp.
316 1412 75 21 stånds
407 1412 123 27 privilegier
542 1419 80 20 genom
634 1412 125 21 densamma
770 1411 87 20 komme
866 1413 32 18 att
906 1411 96 26 undergå

242 1445 97 27 ändring.
369 1446 9 20 I
393 1446 77 21 sådant
489 1446 103 20 afseende
607 1446 38 20 har
660 1446 111 26 ingressen
787 1444 25 21 af
824 1444 116 21 Utskottet
955 1444 47 20 der-

242 1479 32 21 för
299 1479 64 21 äfven
381 1480 179 21 omformulerats.
590 1480 43 20 För
651 1480 66 26 öfrigt
740 1479 41 20 och
802 1478 67 27 jemte
892 1478 37 20 det
954 1476 12 29 &
989 1483 12 14 2

242 1514 8 20 i
265 1513 105 27 förslaget
393 1514 83 21 erhållit
492 1521 26 13 en
534 1513 144 27 ordalydelse,
695 1520 47 14 som
757 1516 122 17 motsvarar
894 1511 108 27 pluralite-

311 1553 48 22 Lag-
372 1553 33 17 och
417 1553 183 18 Ekonomiutskottets
613 1552 110 18 betänkande
734 1552 38 17 N:o
784 1553 18 16 4.
