1142 1803
271 192 25 19 18
482 190 26 22 U.
524 190 24 22 B.
565 204 26 2 —
607 191 62 27 Prop.
686 191 40 22 N:o
743 194 19 19 9.

554 295 34 19 VI
611 295 72 19 KAP.

241 367 44 23 Om
300 367 121 29 tillsynen
440 367 70 23 öfver
528 367 125 23 boställen
672 367 46 23 och
737 367 164 28 rättegången
916 368 10 22 i
941 368 55 22 dem

435 402 107 22 rörande
557 401 51 23 mål
624 401 47 23 och
686 402 119 22 ärenden.

587 467 10 23 s
615 467 33 18 28.

308 505 150 21 Vederbörande
480 506 125 25 Domkapitel
626 506 37 19 och
685 506 184 25 kontraktsprostar
884 506 47 19 böra
945 506 50 19 vaka

238 533 95 26 deröfver,
347 536 29 18 att
392 535 113 25 prestbolen
527 535 30 18 till
572 535 39 19 hus
627 535 37 18 och
679 540 48 19 egor
741 534 106 25 behörigen
863 534 130 19 vidmakthål-

237 562 30 20 las
290 563 37 19 och
350 563 72 24 skötas,
441 565 52 17 samt
508 563 56 19 skola
578 563 6 19 i
601 563 72 19 sådant
687 563 93 19 afseende
795 563 87 24 iakttaga
897 563 50 19 hvad
964 563 30 18 uti

236 590 123 26 kyrkolagen
374 594 22 17 är
410 592 98 24 stadgadt.

585 649 10 23 $
613 648 33 20 29.

305 688 37 19 För
363 690 29 17 att
412 688 12 19 å
438 688 153 25 församlingens
607 690 76 23 vägnar
694 688 69 20 utöfva
779 688 71 24 tillsyn
865 688 54 19 öfver
934 688 59 19 dessa

235 716 98 19 boställen
349 717 36 18 och
398 716 108 25 ombesörja
521 716 52 19 hvad
589 716 35 19 här
639 716 65 19 nedan
719 718 64 23 säges,
799 716 49 19 skall
863 716 7 19 i
878 716 67 25 hvarje
953 716 38 19 för-

236 745 86 24 samling
337 745 93 19 tillsättas
446 751 25 13 en
487 745 164 19 boställsnämnd.

582 803 9 22 8
609 802 34 19 30.

303 841 188 20 Boställsnämnden
512 842 34 19 bör
566 841 57 20 bestå
647 841 20 19 af
681 842 62 19 minst
759 843 36 22 tre,
809 841 59 25 högst
883 841 38 20 fem
936 841 52 19 leda-

233 871 67 23 möter,
315 869 67 20 hvilka
396 870 30 19 för
440 876 25 13 en
481 870 29 19 tid
524 870 20 19 af
558 870 43 24 fyra
616 870 23 19 år
654 870 61 25 väljas
730 870 12 19 å
756 870 155 25 kyrkostämma.
937 869 51 26 Sup-

232 898 90 25 pleanter
336 898 6 19 i
358 899 99 19 nämnden
474 899 60 22 skola,
549 899 29 18 till
594 899 69 24 nödigt
677 899 60 23 antal,
752 898 63 20 tillika
829 900 62 17 utses.

301 926 9 19 I
325 927 93 19 afseende
432 927 12 19 å
459 927 65 24 dylikt
540 927 37 24 val,
591 927 96 25 rättighet
701 929 30 17 att
745 927 130 24 undandraga
891 927 30 24 sig
937 933 50 18 upp-

232 955 68 24 draget
318 957 52 17 samt
394 955 97 20 ledamots
506 955 73 25 afgång
599 955 37 20 och
659 955 134 26 återväljande
815 955 50 25 gälle
886 955 52 19 hvad
953 961 34 13 an-

230 983 77 26 gående
322 983 99 25 kyrkoråd
436 985 22 18 är
474 984 97 25 stadgadt.

578 1041 10 23 &
606 1039 33 20 IL

298 1080 189 19 Boställsnämnden
502 1081 57 18 utser
573 1080 54 19 inom
643 1080 31 25 sig
689 1080 123 19 ordförande.

298 1107 37 20 Om
351 1107 66 20 valets
432 1107 78 26 utgång
525 1108 35 19 bör
575 1108 100 19 nämnden
686 1108 137 25 ofördröjligen
831 1107 118 20 underrätta
957 1108 26 19 bo

230 1137 169 19 ställshafvarene.

579 1183 10 23 8
606 1183 33 18 32.

300 1221 105 20 Nämnden
421 1222 155 19 sammanträder
591 1221 26 26 pä
631 1221 81 20 kallelse
727 1221 19 19 af
761 1221 138 19 ordföranden.

299 1249 21 26 Ej
337 1250 33 19 mä
384 1251 72 18 ärende
472 1250 29 19 till
516 1250 121 25 behandling
652 1250 103 25 företagas,
772 1249 35 20 der
821 1249 42 19 icke
879 1249 62 20 minst
957 1251 29 17 tre

226 1278 20 19 af
260 1278 112 27 nämndens
388 1279 107 19 ledamöter
509 1279 47 19 eller
571 1279 130 24 suppleanter
715 1280 34 17 äro
764 1277 129 20 närvarande.

296 1307 28 18 Är
338 1307 132 20 ordföranden
484 1307 17 25 ej
518 1307 98 20 tilistädes
632 1309 57 17 utses
705 1306 117 20 ordförande
837 1306 29 19 för
881 1305 90 20 tillfället.

576 1364 10 23 S
604 1364 33 19 33.

301 1402 69 25 Yppas
395 1403 34 18 vid
450 1403 146 19 sammanträde
615 1403 20 19 af
648 1403 101 19 nämnden
765 1402 52 20 olika
831 1402 108 25 meningar,
954 1404 31 17 rö-

228 1432 42 18 stas
291 1431 51 19 efter
359 1431 113 19 hufvudtal.
500 1431 40 19 Vid
560 1431 39 19 lika
618 1431 81 19 röstetal
720 1431 51 25 gälle
787 1431 142 19 ordförandens
943 1436 42 13 me-

226 1458 55 26 ning.
311 1458 31 20 Dä
356 1459 32 19 val
404 1459 51 26 sker,
471 1459 56 25 skilje
542 1459 63 19 lotten
620 1459 84 19 emellan
719 1460 52 23 dem,
794 1465 43 13 som
852 1458 79 20 erhällit
945 1458 40 20 lika

224 1487 55 19 antal
294 1489 69 17 röster.

293 1527 47 21 Lag-
353 1526 32 17 och
398 1526 181 18 Ekonomiutskottets
594 1526 111 18 betänkande
717 1528 35 16 N:o
765 1527 18 16 4.
