1142 1803
278 180 27 20 20
585 181 44 23 N:o
650 182 22 22 9.

248 247 74 21 stället
336 248 77 21 varder
429 248 116 27 behörigen
561 248 94 21 brukadt
672 248 39 22 och
727 248 92 22 vårdadt
835 249 55 21 intill
907 250 49 20 dess
973 250 36 20 det

248 282 42 20 kan
307 282 23 21 af
343 282 136 22 tillträdaren
496 284 127 26 emottagas.

597 345 14 28 8
627 346 33 20 40.

320 384 33 21 Då
368 384 180 22 boställshafvare
564 385 52 21 eller
631 385 54 21 hans
701 385 195 22 rättsinnehafvare
913 386 47 21 från
971 387 36 20 bo-

248 419 64 21 ställe
327 419 79 27 flyttar,
423 419 55 22 skall
493 419 127 27 lägenheten
636 419 95 22 afträdas
747 420 82 21 häfdad
845 421 39 20 och
896 421 111 21 bebrukad

248 455 28 25 på
292 455 43 20 sätt
350 454 7 21 i
369 454 70 21 denna
449 454 125 27 förordning
588 453 149 27 föreskrifves;
753 454 40 21 oeh
805 455 38 20 bör
855 455 73 21 dervid
939 455 68 21 åkern

248 495 52 14 vara
323 489 58 26 plöjd
404 489 39 20 och
462 489 80 21 besådd
561 489 6 20 i
583 489 223 21 öfverensstämmelse
822 490 47 20 med
887 490 40 21 den
942 490 66 21 bruk-

248 523 142 27 ningsmetod,
413 529 45 15 som
482 523 12 21 å
509 523 101 21 bostället
625 525 73 19 senast
713 523 70 21 blifvit
799 523 58 27 följd.
889 523 53 22 Utaf
955 524 51 27 göd-

249 558 39 26 sel,
304 557 76 21 hvaraf
394 558 67 26 enligt
476 557 55 21 hvad
547 558 5 20 i
569 557 13 28 &
598 559 27 19 26
641 559 59 25 sagts
717 557 66 27 något
798 558 47 20 icke
861 558 32 21 får
909 558 47 21 från
968 559 36 20 bo-

249 592 74 21 stället
338 591 115 27 bortföras,
470 592 38 20 bör
524 592 130 20 åtminstone
670 592 23 20 så
709 592 85 26 mycket
809 592 75 27 finnas,
896 598 45 15 som
953 592 54 21 efter

248 626 80 22 bruket
343 627 13 20 å
372 628 60 20 orten
448 626 101 22 behöfves
566 626 34 21 för
615 626 68 21 första
698 626 47 21 vår-
761 626 39 21 och
811 627 140 21 höstutsädet.
973 627 33 21 All

250 661 74 27 gödsel
347 661 55 21 skall
424 660 124 22 afträdaren
570 662 51 20 utan
645 661 119 26 ersättning
780 661 131 21 öfverlemna
927 662 22 20 åt
965 662 41 20 till-

250 696 109 21 trädaren.

597 723 11 27 8
625 724 34 20 41.

322 758 19 27 Ä
363 763 91 22 boställe
474 763 34 21 mä
523 763 68 21 under
606 763 95 26 ledighet
717 763 23 21 af
754 763 72 28 tjenst,
842 763 102 21 hvarmed
961 763 45 21 det-

250 805 82 14 samma
359 800 24 19 är
408 797 104 27 förenadt,
538 797 185 27 brukningssättet
748 798 56 21 blott
830 798 48 21 med
903 798 102 21 boställs-

250 833 120 21 nämndens
385 833 110 26 samtycke
510 833 83 20 ändras.

597 890 12 27 8
625 891 34 19 42.

323 926 30 25 Är
376 932 13 19 &
411 931 49 26 laga
476 930 39 21 hus
531 930 66 21 sådan
613 929 61 26 brist,
691 936 44 15 som
749 929 86 27 jemlikt
850 930 11 27 &
878 931 26 20 22
920 930 39 21 bör
975 929 30 21 af-

249 965 83 28 hjelpas
348 965 24 21 af
385 965 200 25 boställshafvaren,
602 965 51 20 eller
669 965 144 20 förekommer
829 965 12 20 ä
861 971 79 20 egorna
956 971 49 14 van-

249 1000 59 26 häfd,
332 1000 54 21 skall
402 1000 41 20 han
460 1000 46 20 före
521 999 32 21 sin
569 999 122 26 afflyttning
708 999 47 21 från
772 999 101 21 bostället
889 999 117 21 verkställa

250 1035 37 21 det
310 1035 114 20 eftersatta
442 1034 88 25 arbetet,
548 1034 37 21 der
600 1033 41 21 han
659 1034 17 26 ej
694 1033 134 21 annorlunda
843 1033 48 21 med
908 1033 98 21 efterträ-

251 1069 65 20 daren
333 1068 200 21 öfverenskommer.

323 1103 42 20 För
388 1103 89 20 husröta
497 1102 39 21 och
552 1101 98 26 vanhäfd,
667 1107 44 15 som
728 1101 135 26 uppkommit
879 1101 76 21 medan
971 1101 36 21 bo-

250 1137 63 21 ställe
336 1137 56 21 varit
414 1137 32 20 för
469 1137 63 20 enke-
549 1136 39 21 och
603 1135 159 28 pupillkassans
778 1135 89 27 räkning
881 1136 126 20 utarrende-

250 1172 56 25 radt,
330 1177 61 15 svare
414 1171 146 25 arrendatorn,
583 1170 39 21 och
645 1170 32 21 för
700 1170 56 21 hvad
777 1170 38 20 hos
830 1169 78 22 honom
923 1170 85 26 brister,

250 1205 86 21 kassan.

533 1279 58 17 VI
615 1280 111 19 Kap.

266 1326 34 21 Om
317 1326 94 27 tillsynen
427 1326 56 21 öfver
500 1325 101 22 boställen
617 1325 38 21 och
672 1323 135 28 rättegången
823 1325 5 20 i
845 1325 44 20 dem
907 1324 86 21 rörande

527 1359 38 22 mäl
581 1359 38 22 och
637 1359 95 21 ärenden.

599 1417 11 27 8
626 1417 34 21 43.

322 1458 167 22 Vederbörande
511 1457 137 27 Domkapitel
672 1457 39 21 och
734 1456 205 27 kontraktsprostar
957 1456 53 22 böra

250 1493 57 21 vaka
330 1493 106 26 deröfver,
460 1494 31 20 att
514 1492 122 27 prestbolen
659 1492 33 20 till
711 1492 40 20 hus
767 1491 40 21 och
823 1497 52 21 egor
891 1490 117 27 behörigen
