1142 1803
268 178 12 20 2
468 176 28 22 U.
513 176 27 22 B.
557 190 27 2 —
601 176 75 28 Prop.
691 176 44 22 N:o
751 177 24 21 9.

240 242 36 19 att
290 241 69 27 prest,
374 246 50 15 som
438 239 52 22 icke
505 239 60 22 hade
580 240 8 20 i
603 239 88 21 mantal
707 241 47 19 satt
764 239 130 29 prestgård,
905 240 93 28 deltoge

238 274 9 21 i
270 274 72 28 sagda
364 274 82 22 besvär
462 274 74 28 enligt
551 281 86 14 samma
653 273 108 29 grunder,
781 280 50 15 som
850 273 75 29 öfrige
940 274 58 28 tjän-

239 310 91 20 stemän
344 308 63 22 inom
423 308 172 28 församlingen.

308 343 185 27 Borgareståndet
515 342 42 21 har
575 342 182 21 äterremitterat
771 342 99 21 berörda
885 343 12 26 $
913 342 37 21 för
965 344 35 19 att

240 376 156 29 omredigeras
419 376 8 21 i
450 376 84 21 sädant
550 375 61 29 syfte
627 377 35 20 att
677 377 69 27 prest,
763 383 50 14 som
829 376 115 21 innehade
959 376 40 21 bo-

240 411 75 27 ställe,
330 410 71 22 borde
417 410 94 29 deltaga
525 410 9 21 i
550 410 27 21 de
592 409 35 22 uti
643 411 38 26 8:n
702 409 154 22 omförmälda
870 410 83 21 besvär
968 410 31 21 ef-

241 447 36 19 ter
292 445 120 22 boställets
428 445 94 27 mantal,
539 447 59 19 samt
613 446 70 27 prest,
699 451 47 14 som
763 444 51 21 icke
831 445 87 28 ätnjöte
935 445 65 28 dylik

240 479 99 26 förmän,
362 481 82 26 utgöra
467 479 76 21 denna
558 481 73 26 tunga
654 478 59 22 efter
729 486 88 14 samma
835 479 102 28 grunder
951 486 48 15 som

242 514 72 21 andra
330 513 139 30 tjenstemän
484 513 44 22 och
543 513 52 22 icke
607 513 144 28 jordegande
766 513 9 21 i
790 513 173 28 församlingen.

310 549 162 20 Bondeständet
486 547 42 22 har
544 547 104 29 godkänt
663 547 165 22 betänkandet.

311 582 148 22 Beträffande
475 583 11 27 $
502 583 12 20 3
530 581 42 22 har
587 582 160 27 Ridderskapet
766 582 43 21 och
825 582 72 21 Adelm
913 582 86 21 dessut-

242 624 38 14 om
296 616 179 22 äterremitterat
493 616 158 22 betänkandet
666 615 36 22 för
713 618 34 19 att
757 616 66 21 ordet
836 616 82 28 ,finsk*
930 616 70 22 fram-

242 651 37 21 för
294 650 330 30 ,brandförsäkringsanstalt''
639 650 74 22 måtte
727 650 120 22 uteslutas.

312 685 121 23 Utskottet
447 685 97 21 föreslär
558 684 119 22 vördsamt

519 750 31 19 att
565 749 15 25 $
595 749 13 20 1
623 748 33 21 uti
664 747 266 28 författningsförslaget,
944 748 8 20 i
965 755 34 13 en-

451 783 66 28 lighet
532 783 47 20 med
594 782 85 21 Preste-
695 782 38 20 och
749 782 202 28 Borgareständens
967 782 32 21 be-

451 818 50 24 slut,
516 824 45 13 som
576 819 99 18 närmast
690 816 202 27 öfverensstämmer
907 817 48 20 med
970 824 29 13 nu

450 851 104 28 gällande
569 851 42 28 lag,
627 850 39 21 och
681 851 48 20 med
744 851 101 27 afseende
861 851 13 20 ä
886 852 15 25 $
915 852 14 19 4
942 851 58 20 inä-

452 886 52 27 diga
519 885 160 28 förordningen
695 885 30 27 af
737 885 41 20 den
797 885 14 20 5
827 885 94 27 Augusti
936 886 64 24 1886,

452 920 112 27 angående
585 919 107 28 reglering
715 919 30 27 af
760 919 171 27 presterskapets
947 919 54 27 aflö-

451 955 54 27 ning
521 954 8 20 i
544 953 85 22 landets
647 953 242 28 evangelisk-lutherska
901 953 100 28 försam-

452 989 81 27 lingar,
555 989 64 20 mätte
642 988 84 21 erhälla
744 987 105 28 följande
862 987 139 28 förändrade

453 1023 89 27 lydelse:

701 1084 16 27 $
731 1085 20 20 1.

524 1129 75 29 Kyrka
622 1129 48 21 med
685 1129 56 20 hvad
757 1129 74 21 dertill
846 1129 69 26 hörer,
931 1129 70 21 säsom

454 1164 137 27 klockstapel,
622 1163 117 28 kyrkomur
767 1166 57 18 samt
849 1163 153 28 begrafnings-

450 1199 69 27 plats,
534 1198 57 21 skall
606 1198 25 20 sä
647 1197 93 22 ilands-
751 1204 46 14 som
809 1196 192 29 stadsförsamling

454 1233 80 28 byggas
550 1232 38 21 och
603 1232 142 21 underhällas
761 1232 30 27 af
802 1232 46 21 alla
864 1232 54 25 dem,
934 1239 45 14 som
994 1232 8 20 i

450 1267 163 28 församlingen
629 1267 89 26 erlägga
731 1266 98 27 aflöning
843 1266 34 21 till
892 1266 47 21 dess
952 1273 50 20 pre-

454 1301 104 28 sterskap,
579 1301 67 27 enligt
668 1307 83 14 samma
772 1300 99 28 grunder
888 1300 42 27 för
945 1301 57 20 detta

455 1336 85 21 besvärs
543 1334 129 28 fördelning
680 1335 13 20 ä
702 1335 25 20 de
736 1334 215 28 byggnadsskyldige,
957 1341 45 14 som

449 1370 42 27 för
503 1369 98 22 nämnda
616 1369 109 27 aflönings
735 1369 120 27 utgörande
865 1368 73 28 blifvit
950 1369 52 27 fast-

454 1404 74 21 stälda
538 1404 51 20 eller
597 1403 60 27 eljest
665 1405 38 18 äro
711 1403 114 28 gällande;
834 1403 94 20 börande
935 1405 67 25 prest,

454 1446 46 14 som
515 1438 93 20 innehar
622 1437 128 21 mantalsait
765 1437 96 25 boställe,
875 1437 86 27 deltaga
971 1437 32 20 uti

455 1480 31 14 nu
515 1472 173 28 ifrågavarande
719 1471 74 21 besvär
815 1471 56 26 efter
895 1471 108 21 boställets

317 1512 48 23 Lag-
378 1512 32 18 och
422 1511 182 19 Ekonomiutskottets
616 1511 110 17 betänkande
738 1512 35 16 N:o
785 1511 17 17 4.
