1142 1803
0 602 2 10 RES
0 522 3 57 BERNS
0 451 15 31 SSE
0 308 15 88 SAT
0 219 4 17 I
0 133 15 37 TT
0 67 15 38 ONES
0 49 15 17 inn
0 29 15 17 e

261 204 26 18 26
448 202 30 22 U.
493 202 28 22 B.
538 215 26 3 —
579 202 76 28 Prop.
671 202 46 22 N:o
733 202 38 22 10.

230 264 37 22 vid
283 268 32 18 ett
335 265 69 26 dylikt
419 265 77 27 bolags
511 266 132 26 grundande,
660 265 28 21 dä
703 265 148 27 upprättande
865 265 26 21 af
902 265 87 27 bolags-

230 299 92 26 ordning
338 299 42 20 och
395 299 156 27 öfvertagande
566 300 25 20 af
601 299 70 21 aktier
685 300 40 20 ske
739 300 117 26 samtidigt,
871 299 54 21 skall
935 300 54 20 iakt-

229 336 70 24 tagas.
329 334 10 20 I
361 334 77 21 sådant
453 334 103 20 afseende
570 334 64 21 torde
649 333 33 29 &:n
697 334 54 20 böra
765 334 157 27 kompletteras
937 334 51 21 med

230 367 57 20 förra
306 374 65 14 mom.
393 367 24 21 af
429 367 13 28 &
457 367 19 26 6,
493 368 78 20 medan
586 375 27 13 en
628 368 92 21 särskild
735 368 17 27 8,
769 367 147 22 innefattande
931 367 56 21 före-

229 401 62 20 skrift
300 401 57 21 hvad
373 402 41 20 den
430 401 90 21 emellan
536 402 135 27 grundarene
685 401 132 28 upprättade
833 401 154 28 afhandlingen

229 435 40 20 bör
291 435 111 26 innehålla,
418 436 72 20 kunde
504 437 32 20 uti
552 436 41 20 den
608 436 112 21 tillärnade
735 436 63 27 lagen
813 435 79 21 införas
908 443 79 20 genom

229 472 33 17 att
284 469 189 28 bestämningarne
488 470 76 20 härom
579 471 30 20 uti
624 469 13 29 $
655 475 7 15 1
681 470 42 21 och
738 476 76 14 senare
829 476 64 14 mom.
910 469 25 20 af
946 469 13 28 $
973 469 14 20 6

228 503 136 28 hopbragtes
387 504 31 21 till
441 507 32 18 ett
498 504 89 27 lagrum.
617 505 9 19 I
649 504 94 27 enlighet
766 504 90 21 härmed
879 504 23 20 är
924 503 63 21 först-

228 537 94 21 nämnde
344 537 12 28 &
376 538 24 21 af
412 538 116 21 Utskottet
543 538 167 21 omformulerad
722 538 67 27 jemte
805 538 37 21 det
857 538 130 21 bestämnin-

228 578 68 20 garna
320 579 36 13 om
380 572 206 27 bolagsafhandling
607 574 114 25 upptagits
743 574 30 19 uti
795 579 27 13 en
843 579 30 19 ny
895 571 9 29 8
914 571 29 29 ($
959 572 27 27 2),

228 606 87 20 hvilken
330 606 148 28 uppställning
493 606 64 21 äfven
569 608 6 19 i
588 606 122 21 hufvudsak
722 606 203 22 öfverensstämmer
936 606 51 20 med

228 640 214 27 Lagberedningens,
465 640 25 21 af
506 640 106 22 Senatens
628 640 109 28 pluralitet
751 640 118 28 godkända
885 640 81 27 förslag
980 641 7 19 i

228 674 153 21 motsvarande
402 674 66 21 delar.
491 687 27 2 —
537 674 78 21 Såsom
630 674 26 21 af
667 676 166 26 propositionen
847 674 100 27 framgår,
963 674 24 20 är

228 711 32 18 ett
276 708 24 20 af
316 708 97 21 vilkoren
428 709 34 20 för
477 712 32 17 att
524 712 32 17 ett
571 708 125 27 aktiebolag
711 709 53 20 skall
779 708 70 21 kunna
864 709 73 20 såsom
952 709 33 19 så-

228 742 52 21 dant
302 743 89 26 fungera
413 746 32 17 att
461 750 26 13 en
502 743 103 20 femtedel
620 743 25 20 af
655 742 164 28 aktiekapitalet
834 742 39 21 bör
887 749 52 14 vara
954 743 30 20 in-

226 776 81 21 betald.
338 776 82 27 Vigten
434 777 26 20 af
472 784 25 13 en
513 777 60 26 dylik
595 777 136 26 bestämning
745 776 42 21 kan
803 776 47 21 icke
865 783 44 20 nog
924 776 61 21 beto-

226 817 45 18 nas,
295 814 25 22 ty
343 811 125 20 densamma
490 811 23 20 är
533 818 46 13 mer
601 811 27 20 än
647 811 27 20 de
689 811 62 20 flesta
767 811 66 20 andra
849 810 136 27 stadganden

226 844 73 27 egnad
314 847 32 18 att
362 845 126 20 säkerställa
495 845 59 21 såväl
563 845 41 20 den
615 845 96 20 enskilde
722 845 126 20 aktionären
858 851 48 14 som
916 844 69 27 tredje

225 884 56 14 man.
312 878 147 22 Föreskriften
474 879 96 27 skyddar
585 879 50 20 dem
651 879 32 20 för
699 878 156 27 skenteckning
869 881 56 18 samt
936 879 49 20 bor-

226 918 39 21 gar
288 913 6 19 i
309 913 72 26 någon
396 913 50 20 mån
461 913 32 20 för
508 913 127 21 tecknarens
651 913 181 27 vederhäftighet,
848 912 42 21 och
905 919 79 20 genom

225 949 33 18 att
280 953 27 13 en
329 946 36 21 del
388 947 25 20 af
428 947 164 27 aktiekapitalet
613 951 78 23 genast
706 947 54 20 skall
775 946 104 21 inbetalas
895 946 90 21 erhåller

225 979 149 28 aktiebolaget
394 980 44 27 just
460 981 37 21 det
519 981 110 21 materiela
652 981 109 27 underlag,
784 980 139 21 hvarförutan
938 981 47 20 det-

225 1020 83 14 samma
330 1015 74 20 såsom
427 1022 27 13 en
476 1015 181 27 kapitalförening
678 1015 47 21 icke
747 1015 38 21 bör
807 1015 21 20 få
843 1014 62 21 träda
921 1015 6 20 i
943 1015 41 20 för-

224 1048 108 20 bindelser
347 1049 51 20 med
412 1049 69 26 tredje
496 1056 56 13 man.

294 1082 110 21 Måhända
420 1083 72 20 kunde
507 1083 37 20 det
560 1089 64 20 synas
639 1082 95 27 önskligt
749 1086 32 17 att
792 1083 30 20 uti
839 1088 3 14 I
856 1082 96 27 punkten
963 1082 25 21 af

223 1115 13 28 $
245 1121 11 14 2
267 1115 21 28 ($
298 1117 21 25 3)
330 1116 68 21 skulle
408 1117 70 20 blifvit
488 1117 144 26 uttryckligen
643 1117 104 27 stadgadt
758 1117 37 20 det
808 1116 99 27 bolagets
920 1123 64 14 namn

223 1149 55 21 skall
300 1150 106 21 innehålla
428 1151 63 20 ordet
515 1150 158 28 aktiebolag".
707 1151 52 20 Men
774 1151 51 20 enär
840 1150 143 25 föreskriften,

223 1183 68 21 sådan
318 1184 126 21 densamma
468 1185 68 20 blifvit
559 1187 30 19 uti
611 1186 165 26 propositionen
799 1184 97 25 affattad,
919 1183 65 22 likväl

222 1217 70 26 gifver
306 1218 38 20 vid
359 1218 86 21 handen
460 1222 32 17 att
507 1219 61 21 detta
583 1226 64 13 namn
662 1219 107 26 svårligen
778 1218 43 21 kan
831 1218 67 27 väljas
909 1219 30 24 så,
951 1222 32 17 att

222 1251 146 21 allmänheten
386 1252 127 27 derigenom
527 1253 76 20 blifver
617 1253 106 21 vilseledd
739 1253 112 26 angående
862 1255 31 18 ett
905 1252 78 27 bolags

222 1285 58 21 rätta
295 1285 107 26 karaktär,
422 1286 39 21 har
476 1287 96 26 punkten
587 1289 30 18 uti
633 1287 70 20 denna
719 1287 35 20 del
769 1289 82 18 ansetts
866 1286 71 21 kunna
952 1287 31 20 bi-

221 1319 97 20 behållas
334 1319 138 22 oförändrad.
494 1321 82 20 Härvid
591 1321 39 20 har
644 1320 116 21 Utskottet
775 1320 120 21 emellertid
911 1323 72 18 ansett

222 1354 34 25 sig
278 1353 54 21 böra
354 1354 127 27 ytterligare
502 1355 81 20 betona
605 1354 192 27 nödvändigheten
823 1354 26 21 af
871 1354 111 21 införande

221 1387 50 20 utaf
290 1394 26 13 en
335 1387 97 28 firmalag
446 1389 7 20 i
468 1388 78 26 landet,
570 1392 25 23 ty
617 1389 37 20 det
670 1389 23 20 är
708 1388 125 27 isynnerhet
848 1388 134 21 beträffande

220 1420 95 27 bolagen
330 1421 26 20 af
367 1421 93 22 särskild
474 1424 47 25 vigt
531 1426 32 17 att
578 1429 69 14 annan
662 1422 60 21 firma
737 1423 47 20 icke
800 1422 76 21 blifver
888 1425 95 23 antagen

220 1454 28 20 än
268 1461 27 13 en
318 1455 74 25 sådan,
416 1462 48 14 som
479 1459 51 17 utan
546 1459 31 18 att
592 1456 82 20 kränka
689 1463 81 14 annans
785 1456 93 27 tidigare
893 1456 44 20 rätt
951 1456 32 20 till

221 1494 83 14 samma
327 1488 169 28 firmateckning,
518 1490 69 27 gifver
610 1497 27 14 en
659 1490 160 26 sanningsenlig
834 1489 149 27 föreställning

289 1527 48 23 Lag-
353 1528 33 17 och
398 1528 183 18 Ekonomiutskottets
594 1528 110 18 betänkande
716 1528 37 18 N:o
765 1528 16 18 2.
