1142 1803
366 175 29 23 U.
411 176 28 21 B.
455 188 29 2 —
498 175 73 27 Prop.
587 175 42 22 N:o
644 175 22 21 6.
856 177 12 19 7

138 242 139 22 alldenstund
292 241 151 22 förstnämnda
458 241 83 27 lagrum
552 241 47 22 icke
611 243 23 19 är
644 240 53 22 härå
708 240 123 28 tillämpligt
842 242 55 20 samt

137 276 138 27 Landslagen
290 276 48 22 icke
354 276 69 21 heller
437 276 75 26 lägger
527 276 75 21 hinder
617 276 7 20 i
639 277 68 25 vägen
723 274 33 22 för
766 275 131 27 upplåtande

138 310 23 22 åt
177 310 99 22 enskilda
291 310 23 21 af
327 310 67 21 sådan
408 310 57 27 jord,
482 316 46 15 som
544 310 6 21 i
562 310 161 26 propositionen
735 309 99 26 omtalas,
845 311 52 19 utan

138 346 78 20 endast
231 344 23 22 af
268 345 92 21 kronans
377 344 73 27 gamla
465 344 60 27 gods,
536 356 28 3 —
575 346 32 19 att
621 344 161 27 propositionen
799 344 48 21 icke
861 344 36 21 be-

137 381 37 19 rör
196 379 107 26 grundlag
326 379 39 21 och
388 379 7 21 i
418 378 53 28 följd
492 378 63 22 däraf
571 379 47 21 icke
634 378 67 22 heller
717 378 97 27 påkallar
830 378 66 21 sådan

138 413 138 27 behandling,
292 419 46 16 som
354 413 32 22 för
402 413 90 27 ändring
507 413 23 21 af
544 413 105 26 grundlag
664 415 23 19 är
703 413 100 26 stadgad.

207 447 31 22 På
252 448 70 27 grund
338 447 22 22 af
374 447 37 22 det
426 447 88 22 anförda
525 447 32 22 får
567 447 108 22 utskottet
685 447 112 22 vördsamt
806 446 89 23 föreslå:

415 530 31 19 att
461 527 83 23 landets
560 527 93 22 Ständer
662 528 47 21 ville
717 527 115 28 godkänna
842 527 54 27 före-

346 562 92 22 varande
448 563 82 26 nådiga
537 563 134 26 proposition
682 563 48 20 med
739 562 158 21 nedanstående

345 596 117 28 ändringar
486 596 36 22 och
545 597 72 27 tillägg
636 599 56 19 samt
710 596 34 27 för
761 596 34 21 sin
811 596 32 21 del
859 602 36 15 an-

346 633 49 25 taga
410 638 26 14 en
451 632 27 20 så
493 630 89 28 lydande

419 715 173 28 Förordning
626 714 146 29 angående
800 714 95 29 upplå-

346 749 84 22 tande
448 749 31 22 åt
493 749 124 22 enskilda
627 755 133 22 personer
775 750 38 28 af
824 750 71 21 vissa

345 783 63 28 slag
425 784 37 28 af
473 783 107 22 kronan
596 783 121 28 tillhörig
727 783 76 28 jord.

344 852 84 22 Finnas
444 853 14 20 &
475 853 118 27 kronojord,
610 860 45 14 som
671 853 63 27 enligt
749 853 14 27 $
776 854 16 20 2
805 853 8 20 i
823 853 72 26 skogs-

276 887 60 26 lagen
359 887 27 26 af
404 887 39 21 den
464 888 14 20 3
497 887 118 26 September
630 889 61 19 1886
707 887 36 21 bör
757 887 51 27 från
823 887 72 26 skogs-

276 921 84 21 marken
374 921 35 26 för
425 921 71 27 odling
510 921 103 28 utbrytas,
625 921 141 28 jordstycken,
774 921 69 22 hvilka
854 921 42 21 icke

276 961 53 20 egna
348 955 33 27 sig
397 955 31 21 till
444 955 129 28 anläggning
589 956 26 26 af
625 956 109 27 nybyggen
750 955 36 22 och
801 956 18 26 ej
834 955 62 21 heller

276 991 38 20 äro
337 989 31 22 till
390 989 102 22 särskildt
515 990 101 21 ändamål
637 991 34 25 för
692 990 81 21 kronan
788 989 106 28 behöfliga,

276 1025 36 19 må
334 1024 90 27 sådana,
445 1025 32 26 på
492 1026 46 19 sätt
553 1024 26 27 af
589 1024 105 27 Kejsaren
710 1024 36 21 och
763 1023 132 28 Storfursten

275 1064 73 20 genom
364 1058 79 21 allmän
458 1058 127 27 författning
601 1059 130 24 bestämmes,
743 1059 67 20 under
821 1058 74 21 skatte-

275 1093 123 20 mannarätt
414 1092 31 21 till
460 1091 83 22 enskild
557 1099 36 20 ego
607 1092 68 27 säljas
687 1092 48 21 eller
745 1092 9 21 i
763 1092 131 26 undantags-

275 1126 39 26 fall
337 1126 123 27 afgiftsfritt
483 1127 106 26 upplåtas.
621 1126 48 27 Lag
691 1133 81 15 samma
793 1133 49 14 vare
863 1133 32 14 om

276 1160 80 21 kronan
373 1160 104 27 tillhöriga
492 1167 83 15 mossar
591 1161 36 21 och
641 1161 57 24 kärr,
710 1161 67 21 hvilka
789 1161 67 26 blifvit
863 1161 32 25 på

275 1194 93 22 kronans
396 1195 114 21 bekostnad
532 1195 112 27 torrlagda,
667 1197 56 20 samt
746 1195 147 27 utbysskatter,

276 1230 68 25 ängar
362 1229 36 21 och
412 1229 87 21 holmar.

344 1269 163 27 Jordområden,
526 1269 68 22 hvilka
612 1269 93 21 sålunda
719 1269 80 22 kronan
816 1269 79 26 afhän-

275 1303 45 24 das,
344 1303 58 21 skola
417 1303 92 27 påföras
531 1303 86 26 mantal,
639 1303 34 27 för
694 1303 75 22 hvilket
787 1303 108 22 allmänna

275 1337 107 27 utskylder
405 1337 36 21 och
461 1337 74 21 besvär
549 1338 42 26 må,
608 1337 40 21 där
664 1337 34 21 det
709 1337 90 27 pröfvas
815 1337 79 26 nödigt,

276 1372 23 26 af
320 1372 92 21 kronans
436 1371 125 28 öfvertagas.
591 1371 48 22 Har
654 1372 79 21 sådant
748 1371 147 28 öfvertagande

275 1405 59 25 skett,
356 1405 81 27 åtnjute
456 1405 82 22 kronan
552 1406 34 26 för
601 1406 118 27 lägenheter
735 1406 88 27 belägna
838 1406 57 21 inom

275 1446 81 14 samma
370 1439 98 21 kommun
484 1439 110 22 enahanda
608 1440 92 26 förmån,
716 1446 45 15 som
776 1440 9 20 i
841 1439 16 27 $
873 1439 27 26 af

206 1478 194 18 Ekonomiutskottets
412 1478 118 18 betänkande
542 1479 36 17 N:o
590 1479 16 17 2.
