1142 1803
262 206 26 19 28
474 205 26 21 U.
515 205 25 21 B.
556 217 27 3 —
599 204 62 27 Prop.
678 204 40 22 N:o
735 206 19 20 9.

233 268 91 20 serande
345 271 55 17 samt
423 271 32 17 att
475 268 111 26 principen
609 267 32 21 för
659 266 66 28 öfrigt
745 267 48 20 icke
811 266 69 21 blifvit
896 266 95 22 fullstän-

233 302 47 26 digt
295 302 128 26 genomförd
436 302 135 20 beträffande
586 301 119 27 byggande
721 301 42 20 och
774 300 110 22 underhåll
891 301 26 20 af
922 304 69 24 prest-

232 336 60 26 gård,
318 336 38 20 äro
377 336 104 20 särskilda
504 335 192 27 omständigheter,
720 342 36 14 om
778 335 73 21 hvilka
876 335 115 21 Utskottet

232 370 40 20 blir
287 371 6 19 i
308 370 81 21 tillfälle
404 373 32 18 att
451 369 39 21 här
505 369 70 21 nedan
590 372 58 23 yttra
664 371 39 24 sig.

302 541 43 21 Vid
360 541 158 27 behandlingen
533 541 24 20 af
570 541 103 27 förslaget
688 541 31 21 till
735 541 131 27 förordning,
878 541 113 27 angående

232 574 151 28 skyldigheten
398 579 32 17 att
446 575 87 27 deltaga
548 576 6 19 i
570 575 117 27 byggande
703 575 42 20 och
761 575 110 20 underhåll
886 574 25 21 af
922 574 68 26 kyrka

232 610 5 20 i
253 609 84 21 landets
353 609 242 27 evangelisk-lutherska
611 609 155 27 församlingar,
776 610 38 20 har
823 609 115 21 Utskottet
946 609 44 20 fun-

231 645 31 19 nit
284 651 27 13 en
326 644 122 26 otydlighet
464 644 104 26 föreligga
585 644 45 20 deri
645 647 38 21 att,
700 650 36 14 om
752 644 27 20 än
794 644 31 20 uti
840 643 103 27 förslaget
959 647 31 17 ut-

230 677 56 21 talas
309 681 31 18 att
361 680 31 18 uti
410 678 60 21 detta
485 678 77 20 besvär
577 678 61 20 skola
655 678 87 26 deltaga
757 677 42 21 alla
815 678 33 24 de,
865 684 47 14 som
928 678 5 20 i
949 677 40 21 för-

231 712 91 26 samling
337 712 88 27 erlägga
440 712 93 26 aflöning
544 712 31 20 till
587 712 50 19 dess
646 712 147 26 presterskap,
803 712 66 26 enligt
877 712 112 19 enahanda

232 746 99 26 grunder,
354 753 48 13 som
424 746 56 27 gälla
498 746 32 21 för
546 745 133 28 aflöningens
694 746 127 27 utgörande,
845 746 23 20 af
888 745 103 28 förslaget

232 779 57 20 dock
305 780 47 20 icke
360 780 93 27 framgår
468 780 105 20 huruvida
581 780 70 20 denna
658 779 243 28 byggnadsskyldighet
909 780 82 27 åligger

229 809 72 36 jemväl
315 814 168 27 presterskapet.
508 813 89 28 Af38i
613 814 153 27 förordningen
775 814 42 20 den
827 814 25 19 16
867 814 124 21 November

234 853 53 20 1727
311 848 91 27 framgår
424 848 36 20 väl
474 852 32 17 att
522 848 131 27 prestbolen,
670 848 27 21 dä
721 848 28 20 de
771 848 18 26 ej
813 848 26 20 af
857 848 134 21 landbönder

232 882 84 25 häfdas,
333 882 37 20 äro
386 882 39 21 fria
440 882 45 21 från
501 882 131 27 erläggande
641 882 24 21 af
675 877 127 36 kapellans-,
809 881 124 28 rättighet",
941 889 50 14 men

231 916 65 21 häraf
311 916 41 21 kan
368 917 71 26 någon
455 917 99 20 bestämd
569 916 88 21 slutsats
673 917 47 20 icke
737 917 78 26 dragas
831 920 32 17 att
879 920 110 23 presterne

230 951 6 19 i
259 950 117 21 allmänhet
398 958 52 13 vore
472 951 96 20 befriade
590 951 46 20 från
657 951 131 26 deltagande
807 952 6 19 i
828 950 160 27 prestaflöning,

230 984 57 21 helst
309 985 152 26 kapellanerne
482 985 163 27 ursprungligen
661 985 63 20 äfven
740 985 63 20 torde
819 985 64 20 hafva
899 985 90 20 aflönats

230 1019 136 20 uteslutande
388 1019 26 20 af
432 1019 181 26 kyrkoherdarne.
647 1019 192 27 Bestämningarna
862 1020 6 19 i
891 1019 100 26 gällande

229 1052 108 27 kyrkolag
359 1060 36 13 om
415 1053 143 27 uppgörande
573 1053 24 20 af
609 1053 113 27 röstlängd
737 1053 37 21 vid
789 1053 97 27 prestval
901 1053 42 20 och
958 1053 33 20 för

229 1086 165 26 kyrkostämma
409 1087 53 26 tyda
478 1087 88 20 fastmer
581 1087 68 26 derpå
665 1091 32 16 att
713 1087 164 27 presterskapet
893 1087 64 20 äfven
967 1087 24 20 är

229 1120 88 27 pligtigt
333 1124 32 17 att
380 1121 90 26 bidraga
484 1121 31 20 till
531 1121 69 20 denna
616 1121 105 27 aflönings
736 1121 127 27 utgörande,
877 1121 41 20 och
930 1122 6 19 i
947 1121 43 21 stä-

231 1154 66 21 derna
320 1155 64 20 torde
406 1155 142 20 förhållandet
564 1155 63 20 äfven
645 1155 64 20 hafva
727 1155 105 27 gestaltat
847 1157 33 25 sig
895 1155 94 20 sålunda.

229 1189 29 20 På
281 1189 151 27 landsbygden
448 1189 36 20 har
500 1189 99 21 deremot
615 1196 26 14 en
657 1189 59 27 dylik
732 1191 75 25 praxis
823 1189 47 20 icke
887 1192 37 24 egt
937 1196 51 18 rum,

228 1222 44 20 och
295 1223 134 21 beträffande
451 1223 101 21 särskildt
575 1223 163 27 tillämpningen
761 1223 25 20 af
798 1223 140 20 förenämnda
953 1223 34 20 be-

228 1257 132 27 stämningar
381 1259 6 19 i
409 1257 132 27 kyrkolagen
565 1257 62 20 torde
647 1264 49 13 man
712 1258 12 19 å
739 1257 74 21 landet
828 1257 64 21 hafva
908 1257 81 22 förfarit

228 1291 64 20 olika.
323 1291 9 20 I
354 1292 74 26 regeln
450 1292 38 20 har
512 1291 36 21 väl
570 1292 164 27 presterskapet
758 1291 113 21 derstädes
887 1291 102 22 tilldelats

227 1325 71 20 röster
313 1325 55 21 efter
382 1327 46 19 sina
444 1325 156 21 innehafvande
610 1325 48 21 bols
671 1326 86 24 mantal,
767 1332 49 14 men
825 1325 102 27 exempel
935 1325 54 21 före-

228 1358 88 21 komma
332 1359 57 20 dock
404 1359 64 21 äfven
483 1359 74 27 derpå,
566 1363 32 17 att
609 1363 61 24 prest
680 1359 109 21 uteslutits
800 1359 45 20 från
858 1359 131 27 rättigheten

227 1396 33 17 att
280 1393 87 26 deltaga
383 1395 6 18 i
404 1394 95 26 prestval
515 1395 29 26 på
558 1394 69 27 grund
643 1394 64 20 deraf
719 1397 32 17 att
767 1394 67 26 något
849 1393 77 27 bidrag
941 1394 48 20 icke

228 1427 72 26 utgått
322 1427 46 20 från
390 1427 164 27 presterskapet
575 1427 32 21 till
629 1427 190 27 prestaflöningen.
849 1427 50 21 Den
917 1427 72 27 gamla

226 1460 125 21 häfdvunna
366 1465 82 17 satsen:
472 1461 80 27 ,clerus
567 1461 80 21 clerum
662 1468 43 13 non
721 1460 106 22 decimat*
844 1468 65 19 synes
925 1461 64 21 äfven

226 1494 60 26 gifva
302 1498 32 17 ett
349 1496 53 20 visst
417 1495 50 21 stöd
482 1495 32 21 för
530 1495 41 20 den
587 1496 56 26 åsigt
658 1499 33 17 att
706 1499 61 23 prest
783 1502 52 14 vore
851 1495 83 21 befriad
943 1495 45 21 från

303 1533 48 22 Lag-
364 1534 32 17 och
408 1534 179 20 Ekonomiutskottets
600 1534 110 18 betänkande
723 1535 37 16 N:o
773 1535 16 16 4.
