<?xml version="1.0" encoding="UTF-8"?>
<alto xmlns="http://www.loc.gov/standards/alto/ns-v3#" xmlns:xlink="http://www.w3.org/1999/xlink" xmlns:xsi="http://www.w3.org/2001/XMLSchema-instance" xsi:schemaLocation="http://www.loc.gov/standards/alto/ns-v3# http://www.loc.gov/alto/v3/alto-3-0.xsd">
	<Description>
		<MeasurementUnit>pixel</MeasurementUnit>
		<sourceImageInformation>
			<fileName>/tmp/tess_lthp0jjf_input.PNG</fileName>
		</sourceImageInformation>
		<OCRProcessing ID="OCR_0">
			<ocrProcessingStep>
				<processingSoftware>
					<softwareName>tesseract 5.3.4</softwareName>
				</processingSoftware>
			</ocrProcessingStep>
		</OCRProcessing>
	</Description>
	<Layout>
		<Page WIDTH="1142" HEIGHT="1803" PHYSICAL_IMG_NR="0" ID="page_0">
			<PrintSpace HPOS="0" VPOS="0" WIDTH="1142" HEIGHT="1803">
				<ComposedBlock ID="cblock_0" HPOS="322" VPOS="175" WIDTH="518" HEIGHT="27">
					<TextBlock ID="block_0" HPOS="322" VPOS="175" WIDTH="518" HEIGHT="27">
						<TextLine ID="line_0" HPOS="322" VPOS="175" WIDTH="518" HEIGHT="27">
							<String ID="string_0" HPOS="322" VPOS="175" WIDTH="30" HEIGHT="23" WC="0.90" CONTENT="U."/><SP WIDTH="16" VPOS="175" HPOS="352"/>
							<String ID="string_1" HPOS="368" VPOS="176" WIDTH="28" HEIGHT="22" WC="0.91" CONTENT="B."/><SP WIDTH="16" VPOS="176" HPOS="396"/>
							<String ID="string_2" HPOS="412" VPOS="188" WIDTH="28" HEIGHT="2" WC="0.91" CONTENT="—"/><SP WIDTH="15" VPOS="188" HPOS="440"/>
							<String ID="string_3" HPOS="455" VPOS="175" WIDTH="73" HEIGHT="27" WC="0.96" CONTENT="Prop."/><SP WIDTH="17" VPOS="175" HPOS="528"/>
							<String ID="string_4" HPOS="545" VPOS="175" WIDTH="42" HEIGHT="22" WC="0.91" CONTENT="N:o"/><SP WIDTH="15" VPOS="175" HPOS="587"/>
							<String ID="string_5" HPOS="602" VPOS="176" WIDTH="21" HEIGHT="20" WC="0.96" CONTENT="2."/><SP WIDTH="194" VPOS="176" HPOS="623"/>
							<String ID="string_6" HPOS="817" VPOS="178" WIDTH="23" HEIGHT="19" WC="0.96" CONTENT="11"/>
						</TextLine>
					</TextBlock>
				</ComposedBlock>
				<ComposedBlock ID="cblock_1" HPOS="111" VPOS="238" WIDTH="771" HEIGHT="1292">
					<TextBlock ID="block_1" HPOS="111" VPOS="238" WIDTH="767" HEIGHT="982">
						<TextLine ID="line_1" HPOS="112" VPOS="238" WIDTH="759" HEIGHT="28">
							<String ID="string_7" HPOS="112" VPOS="238" WIDTH="138" HEIGHT="22" WC="0.92" CONTENT="koböckerna"/><SP WIDTH="15" VPOS="238" HPOS="250"/>
							<String ID="string_8" HPOS="265" VPOS="238" WIDTH="47" HEIGHT="22" WC="0.96" CONTENT="icke"/><SP WIDTH="16" VPOS="238" HPOS="312"/>
							<String ID="string_9" HPOS="328" VPOS="239" WIDTH="28" HEIGHT="27" WC="0.96" CONTENT="på"/><SP WIDTH="15" VPOS="239" HPOS="356"/>
							<String ID="string_10" HPOS="371" VPOS="238" WIDTH="43" HEIGHT="22" WC="0.95" CONTENT="alla"/><SP WIDTH="16" VPOS="238" HPOS="414"/>
							<String ID="string_11" HPOS="430" VPOS="240" WIDTH="58" HEIGHT="20" WC="0.96" CONTENT="orter"/><SP WIDTH="14" VPOS="240" HPOS="488"/>
							<String ID="string_12" HPOS="502" VPOS="238" WIDTH="35" HEIGHT="21" WC="0.93" CONTENT="vid"/><SP WIDTH="16" VPOS="238" HPOS="537"/>
							<String ID="string_13" HPOS="553" VPOS="238" WIDTH="252" HEIGHT="28" WC="0.91" CONTENT="mantalsskrifningarna"/><SP WIDTH="12" VPOS="238" HPOS="805"/>
							<String ID="string_14" HPOS="817" VPOS="239" WIDTH="54" HEIGHT="27" WC="0.92" CONTENT="jäm-"/>
						</TextLine>
						<TextLine ID="line_2" HPOS="111" VPOS="272" WIDTH="762" HEIGHT="28">
							<String ID="string_15" HPOS="111" VPOS="272" WIDTH="58" HEIGHT="22" WC="0.96" CONTENT="föras"/><SP WIDTH="23" VPOS="272" HPOS="169"/>
							<String ID="string_16" HPOS="192" VPOS="273" WIDTH="49" HEIGHT="21" WC="0.96" CONTENT="med"/><SP WIDTH="23" VPOS="273" HPOS="241"/>
							<String ID="string_17" HPOS="264" VPOS="273" WIDTH="126" HEIGHT="21" WC="0.93" CONTENT="hvarandra."/><SP WIDTH="32" VPOS="273" HPOS="390"/>
							<String ID="string_18" HPOS="422" VPOS="272" WIDTH="108" HEIGHT="27" WC="0.92" CONTENT="Stadgadt"/><SP WIDTH="22" VPOS="272" HPOS="530"/>
							<String ID="string_19" HPOS="552" VPOS="272" WIDTH="67" HEIGHT="22" WC="0.96" CONTENT="finnes"/><SP WIDTH="18" VPOS="272" HPOS="619"/>
							<String ID="string_20" HPOS="637" VPOS="272" WIDTH="69" HEIGHT="28" WC="0.96" CONTENT="äfven,"/><SP WIDTH="17" VPOS="272" HPOS="706"/>
							<String ID="string_21" HPOS="723" VPOS="274" WIDTH="32" HEIGHT="20" WC="0.93" CONTENT="att"/><SP WIDTH="14" VPOS="274" HPOS="755"/>
							<String ID="string_22" HPOS="769" VPOS="273" WIDTH="104" HEIGHT="21" WC="0.93" CONTENT="mantals-"/>
						</TextLine>
						<TextLine ID="line_3" HPOS="112" VPOS="306" WIDTH="760" HEIGHT="28">
							<String ID="string_23" HPOS="112" VPOS="306" WIDTH="118" HEIGHT="27" WC="0.96" CONTENT="längderna"/><SP WIDTH="14" VPOS="306" HPOS="230"/>
							<String ID="string_24" HPOS="244" VPOS="307" WIDTH="54" HEIGHT="21" WC="0.96" CONTENT="böra"/><SP WIDTH="14" VPOS="307" HPOS="298"/>
							<String ID="string_25" HPOS="312" VPOS="308" WIDTH="70" HEIGHT="20" WC="0.96" CONTENT="rättas"/><SP WIDTH="17" VPOS="308" HPOS="382"/>
							<String ID="string_26" HPOS="399" VPOS="306" WIDTH="54" HEIGHT="22" WC="0.96" CONTENT="efter"/><SP WIDTH="8" VPOS="306" HPOS="453"/>
							<String ID="string_27" HPOS="461" VPOS="307" WIDTH="185" HEIGHT="26" WC="0.96" CONTENT="kyrkoböckerna,"/><SP WIDTH="9" VPOS="307" HPOS="646"/>
							<String ID="string_28" HPOS="655" VPOS="314" WIDTH="49" HEIGHT="14" WC="0.96" CONTENT="men"/><SP WIDTH="9" VPOS="314" HPOS="704"/>
							<String ID="string_29" HPOS="713" VPOS="307" WIDTH="48" HEIGHT="22" WC="0.96" CONTENT="icke"/><SP WIDTH="9" VPOS="307" HPOS="761"/>
							<String ID="string_30" HPOS="770" VPOS="309" WIDTH="102" HEIGHT="25" WC="0.96" CONTENT="tvärtom;"/>
						</TextLine>
						<TextLine ID="line_4" HPOS="114" VPOS="341" WIDTH="759" HEIGHT="27">
							<String ID="string_31" HPOS="114" VPOS="341" WIDTH="39" HEIGHT="21" WC="0.96" CONTENT="och"/><SP WIDTH="17" VPOS="341" HPOS="153"/>
							<String ID="string_32" HPOS="170" VPOS="341" WIDTH="92" HEIGHT="21" WC="0.96" CONTENT="sålunda"/><SP WIDTH="23" VPOS="341" HPOS="262"/>
							<String ID="string_33" HPOS="285" VPOS="341" WIDTH="41" HEIGHT="21" WC="0.96" CONTENT="kan"/><SP WIDTH="24" VPOS="341" HPOS="326"/>
							<String ID="string_34" HPOS="350" VPOS="341" WIDTH="31" HEIGHT="21" WC="0.96" CONTENT="uti"/><SP WIDTH="16" VPOS="341" HPOS="381"/>
							<String ID="string_35" HPOS="397" VPOS="341" WIDTH="178" HEIGHT="26" WC="0.96" CONTENT="kyrkoböckerna"/><SP WIDTH="15" VPOS="341" HPOS="575"/>
							<String ID="string_36" HPOS="590" VPOS="341" WIDTH="6" HEIGHT="21" WC="0.96" CONTENT="i"/><SP WIDTH="16" VPOS="341" HPOS="596"/>
							<String ID="string_37" HPOS="612" VPOS="342" WIDTH="69" HEIGHT="20" WC="0.93" CONTENT="åratal"/><SP WIDTH="16" VPOS="342" HPOS="681"/>
							<String ID="string_38" HPOS="697" VPOS="342" WIDTH="87" HEIGHT="26" WC="0.91" CONTENT="qvarstå"/><SP WIDTH="15" VPOS="342" HPOS="784"/>
							<String ID="string_39" HPOS="799" VPOS="348" WIDTH="74" HEIGHT="20" WC="0.92" CONTENT="perso-"/>
						</TextLine>
						<TextLine ID="line_5" HPOS="112" VPOS="375" WIDTH="761" HEIGHT="26">
							<String ID="string_40" HPOS="112" VPOS="381" WIDTH="45" HEIGHT="20" WC="0.96" CONTENT="ner,"/><SP WIDTH="23" VPOS="381" HPOS="157"/>
							<String ID="string_41" HPOS="180" VPOS="375" WIDTH="72" HEIGHT="21" WC="0.96" CONTENT="hvilka"/><SP WIDTH="22" VPOS="375" HPOS="252"/>
							<String ID="string_42" HPOS="274" VPOS="375" WIDTH="48" HEIGHT="21" WC="0.96" CONTENT="icke"/><SP WIDTH="20" VPOS="375" HPOS="322"/>
							<String ID="string_43" HPOS="342" VPOS="375" WIDTH="74" HEIGHT="26" WC="0.96" CONTENT="längre"/><SP WIDTH="22" VPOS="375" HPOS="416"/>
							<String ID="string_44" HPOS="438" VPOS="377" WIDTH="36" HEIGHT="19" WC="0.96" CONTENT="äro"/><SP WIDTH="16" VPOS="377" HPOS="474"/>
							<String ID="string_45" HPOS="490" VPOS="375" WIDTH="7" HEIGHT="21" WC="0.96" CONTENT="i"/><SP WIDTH="15" VPOS="375" HPOS="497"/>
							<String ID="string_46" HPOS="512" VPOS="375" WIDTH="130" HEIGHT="21" WC="0.93" CONTENT="kommunen"/><SP WIDTH="17" VPOS="375" HPOS="642"/>
							<String ID="string_47" HPOS="659" VPOS="375" WIDTH="182" HEIGHT="26" WC="0.91" CONTENT="mantalsskrifna,"/><SP WIDTH="16" VPOS="375" HPOS="841"/>
							<String ID="string_48" HPOS="857" VPOS="378" WIDTH="16" HEIGHT="19" WC="0.91" CONTENT="t."/>
						</TextLine>
						<TextLine ID="line_6" HPOS="114" VPOS="409" WIDTH="759" HEIGHT="27">
							<String ID="string_49" HPOS="114" VPOS="416" WIDTH="32" HEIGHT="15" WC="0.96" CONTENT="ex."/><SP WIDTH="16" VPOS="416" HPOS="146"/>
							<String ID="string_50" HPOS="162" VPOS="410" WIDTH="87" HEIGHT="25" WC="0.96" CONTENT="sådana,"/><SP WIDTH="24" VPOS="410" HPOS="249"/>
							<String ID="string_51" HPOS="273" VPOS="416" WIDTH="46" HEIGHT="15" WC="0.93" CONTENT="som"/><SP WIDTH="23" VPOS="416" HPOS="319"/>
							<String ID="string_52" HPOS="342" VPOS="409" WIDTH="120" HEIGHT="27" WC="0.90" CONTENT="öfvergifvit"/><SP WIDTH="15" VPOS="409" HPOS="462"/>
							<String ID="string_53" HPOS="477" VPOS="410" WIDTH="74" HEIGHT="21" WC="0.96" CONTENT="landet"/><SP WIDTH="16" VPOS="410" HPOS="551"/>
							<String ID="string_54" HPOS="567" VPOS="410" WIDTH="39" HEIGHT="21" WC="0.96" CONTENT="och"/><SP WIDTH="17" VPOS="410" HPOS="606"/>
							<String ID="string_55" HPOS="623" VPOS="410" WIDTH="75" HEIGHT="21" WC="0.96" CONTENT="bosatt"/><SP WIDTH="15" VPOS="410" HPOS="698"/>
							<String ID="string_56" HPOS="713" VPOS="410" WIDTH="34" HEIGHT="26" WC="0.93" CONTENT="sig"/><SP WIDTH="16" VPOS="410" HPOS="747"/>
							<String ID="string_57" HPOS="763" VPOS="410" WIDTH="12" HEIGHT="21" WC="0.93" CONTENT="å"/><SP WIDTH="16" VPOS="410" HPOS="775"/>
							<String ID="string_58" HPOS="791" VPOS="410" WIDTH="82" HEIGHT="21" WC="0.96" CONTENT="utrikes"/>
						</TextLine>
						<TextLine ID="line_7" HPOS="114" VPOS="443" WIDTH="759" HEIGHT="27">
							<String ID="string_59" HPOS="114" VPOS="446" WIDTH="34" HEIGHT="19" WC="0.95" CONTENT="ort"/><SP WIDTH="16" VPOS="446" HPOS="148"/>
							<String ID="string_60" HPOS="164" VPOS="443" WIDTH="51" HEIGHT="22" WC="0.96" CONTENT="eller"/><SP WIDTH="16" VPOS="443" HPOS="215"/>
							<String ID="string_61" HPOS="231" VPOS="450" WIDTH="46" HEIGHT="15" WC="0.95" CONTENT="som"/><SP WIDTH="20" VPOS="450" HPOS="277"/>
							<String ID="string_62" HPOS="297" VPOS="443" WIDTH="33" HEIGHT="22" WC="0.96" CONTENT="för"/><SP WIDTH="15" VPOS="443" HPOS="330"/>
							<String ID="string_63" HPOS="345" VPOS="450" WIDTH="59" HEIGHT="15" WC="0.96" CONTENT="mera"/><SP WIDTH="15" VPOS="450" HPOS="404"/>
							<String ID="string_64" HPOS="419" VPOS="446" WIDTH="26" HEIGHT="19" WC="0.96" CONTENT="än"/><SP WIDTH="16" VPOS="446" HPOS="445"/>
							<String ID="string_65" HPOS="461" VPOS="444" WIDTH="41" HEIGHT="21" WC="0.96" CONTENT="fem"/><SP WIDTH="18" VPOS="444" HPOS="502"/>
							<String ID="string_66" HPOS="520" VPOS="444" WIDTH="24" HEIGHT="21" WC="0.96" CONTENT="år"/><SP WIDTH="15" VPOS="444" HPOS="544"/>
							<String ID="string_67" HPOS="559" VPOS="444" WIDTH="88" HEIGHT="21" WC="0.93" CONTENT="tillbaka"/><SP WIDTH="16" VPOS="444" HPOS="647"/>
							<String ID="string_68" HPOS="663" VPOS="444" WIDTH="76" HEIGHT="21" WC="0.92" CONTENT="afvikit"/><SP WIDTH="15" VPOS="444" HPOS="739"/>
							<String ID="string_69" HPOS="754" VPOS="445" WIDTH="119" HEIGHT="25" WC="0.96" CONTENT="hemorten,"/>
						</TextLine>
						<TextLine ID="line_8" HPOS="115" VPOS="479" WIDTH="760" HEIGHT="26">
							<String ID="string_70" HPOS="115" VPOS="480" WIDTH="52" HEIGHT="19" WC="0.96" CONTENT="utan"/><SP WIDTH="16" VPOS="480" HPOS="167"/>
							<String ID="string_71" HPOS="183" VPOS="480" WIDTH="33" HEIGHT="19" WC="0.96" CONTENT="att"/><SP WIDTH="15" VPOS="480" HPOS="216"/>
							<String ID="string_72" HPOS="231" VPOS="479" WIDTH="158" HEIGHT="21" WC="0.96" CONTENT="underrättelse"/><SP WIDTH="17" VPOS="479" HPOS="389"/>
							<String ID="string_73" HPOS="406" VPOS="485" WIDTH="33" HEIGHT="14" WC="0.95" CONTENT="om"/><SP WIDTH="17" VPOS="485" HPOS="439"/>
							<String ID="string_74" HPOS="456" VPOS="479" WIDTH="48" HEIGHT="21" WC="0.96" CONTENT="dem"/><SP WIDTH="16" VPOS="479" HPOS="504"/>
							<String ID="string_75" HPOS="520" VPOS="479" WIDTH="125" HEIGHT="21" WC="0.96" CONTENT="sedermera"/><SP WIDTH="14" VPOS="479" HPOS="645"/>
							<String ID="string_76" HPOS="659" VPOS="479" WIDTH="78" HEIGHT="26" WC="0.96" CONTENT="ingått,"/><SP WIDTH="16" VPOS="479" HPOS="737"/>
							<String ID="string_77" HPOS="753" VPOS="479" WIDTH="40" HEIGHT="21" WC="0.96" CONTENT="och"/><SP WIDTH="10" VPOS="479" HPOS="793"/>
							<String ID="string_78" HPOS="803" VPOS="479" WIDTH="72" HEIGHT="21" WC="0.96" CONTENT="hvilka"/>
						</TextLine>
						<TextLine ID="line_9" HPOS="116" VPOS="513" WIDTH="758" HEIGHT="27">
							<String ID="string_79" HPOS="116" VPOS="513" WIDTH="70" HEIGHT="21" WC="0.96" CONTENT="därför"/><SP WIDTH="16" VPOS="513" HPOS="186"/>
							<String ID="string_80" HPOS="202" VPOS="513" WIDTH="67" HEIGHT="27" WC="0.93" CONTENT="enligt"/><SP WIDTH="19" VPOS="513" HPOS="269"/>
							<String ID="string_81" HPOS="288" VPOS="513" WIDTH="10" HEIGHT="27" WC="0.85" CONTENT="$"/><SP WIDTH="16" VPOS="513" HPOS="298"/>
							<String ID="string_82" HPOS="314" VPOS="515" WIDTH="25" HEIGHT="19" WC="0.96" CONTENT="21"/><SP WIDTH="18" VPOS="515" HPOS="339"/>
							<String ID="string_83" HPOS="357" VPOS="514" WIDTH="6" HEIGHT="20" WC="0.93" CONTENT="i"/><SP WIDTH="17" VPOS="514" HPOS="363"/>
							<String ID="string_84" HPOS="380" VPOS="513" WIDTH="364" HEIGHT="27" WC="0.92" CONTENT="mantalsskrifningsförordningen"/><SP WIDTH="23" VPOS="513" HPOS="744"/>
							<String ID="string_85" HPOS="767" VPOS="520" WIDTH="26" HEIGHT="15" WC="0.93" CONTENT="ur"/><SP WIDTH="22" VPOS="520" HPOS="793"/>
							<String ID="string_86" HPOS="815" VPOS="519" WIDTH="59" HEIGHT="16" WC="0.93" CONTENT="man-"/>
						</TextLine>
						<TextLine ID="line_10" HPOS="117" VPOS="547" WIDTH="758" HEIGHT="27">
							<String ID="string_87" HPOS="117" VPOS="547" WIDTH="159" HEIGHT="27" WC="0.92" CONTENT="talslängderna"/><SP WIDTH="17" VPOS="547" HPOS="276"/>
							<String ID="string_88" HPOS="293" VPOS="547" WIDTH="117" HEIGHT="22" WC="0.90" CONTENT="uteslutits."/><SP WIDTH="31" VPOS="547" HPOS="410"/>
							<String ID="string_89" HPOS="441" VPOS="548" WIDTH="115" HEIGHT="21" WC="0.91" CONTENT="Likaledes"/><SP WIDTH="16" VPOS="548" HPOS="556"/>
							<String ID="string_90" HPOS="572" VPOS="547" WIDTH="28" HEIGHT="22" WC="0.96" CONTENT="ha"/><SP WIDTH="16" VPOS="547" HPOS="600"/>
							<String ID="string_91" HPOS="616" VPOS="548" WIDTH="26" HEIGHT="21" WC="0.93" CONTENT="de"/><SP WIDTH="16" VPOS="548" HPOS="642"/>
							<String ID="string_92" HPOS="658" VPOS="548" WIDTH="76" HEIGHT="21" WC="0.92" CONTENT="hinder"/><SP WIDTH="15" VPOS="548" HPOS="734"/>
							<String ID="string_93" HPOS="749" VPOS="547" WIDTH="69" HEIGHT="22" WC="0.89" CONTENT="blifvit"/><SP WIDTH="13" VPOS="547" HPOS="818"/>
							<String ID="string_94" HPOS="831" VPOS="554" WIDTH="44" HEIGHT="15" WC="0.91" CONTENT="om-"/>
						</TextLine>
						<TextLine ID="line_11" HPOS="115" VPOS="581" WIDTH="758" HEIGHT="27">
							<String ID="string_95" HPOS="115" VPOS="581" WIDTH="98" HEIGHT="26" WC="0.92" CONTENT="nämnda,"/><SP WIDTH="25" VPOS="581" HPOS="213"/>
							<String ID="string_96" HPOS="238" VPOS="581" WIDTH="100" HEIGHT="22" WC="0.92" CONTENT="hvarmed"/><SP WIDTH="22" VPOS="581" HPOS="338"/>
							<String ID="string_97" HPOS="360" VPOS="581" WIDTH="154" HEIGHT="22" WC="0.91" CONTENT="ofvanberörda"/><SP WIDTH="23" VPOS="581" HPOS="514"/>
							<String ID="string_98" HPOS="537" VPOS="582" WIDTH="27" HEIGHT="21" WC="0.92" CONTENT="K."/><SP WIDTH="23" VPOS="582" HPOS="564"/>
							<String ID="string_99" HPOS="587" VPOS="582" WIDTH="130" HEIGHT="26" WC="0.92" CONTENT="kungörelse"/><SP WIDTH="24" VPOS="582" HPOS="717"/>
							<String ID="string_100" HPOS="741" VPOS="582" WIDTH="22" HEIGHT="21" WC="0.96" CONTENT="af"/><SP WIDTH="22" VPOS="582" HPOS="763"/>
							<String ID="string_101" HPOS="785" VPOS="582" WIDTH="40" HEIGHT="21" WC="0.96" CONTENT="den"/><SP WIDTH="23" VPOS="582" HPOS="825"/>
							<String ID="string_102" HPOS="848" VPOS="583" WIDTH="25" HEIGHT="20" WC="0.96" CONTENT="17"/>
						</TextLine>
						<TextLine ID="line_12" HPOS="116" VPOS="615" WIDTH="758" HEIGHT="27">
							<String ID="string_103" HPOS="116" VPOS="616" WIDTH="58" HEIGHT="20" WC="0.95" CONTENT="Mars"/><SP WIDTH="25" VPOS="616" HPOS="174"/>
							<String ID="string_104" HPOS="199" VPOS="617" WIDTH="54" HEIGHT="20" WC="0.93" CONTENT="1879"/><SP WIDTH="23" VPOS="617" HPOS="253"/>
							<String ID="string_105" HPOS="276" VPOS="615" WIDTH="111" HEIGHT="27" WC="0.92" CONTENT="försvärar"/><SP WIDTH="16" VPOS="615" HPOS="387"/>
							<String ID="string_106" HPOS="403" VPOS="622" WIDTH="114" HEIGHT="20" WC="0.92" CONTENT="personers"/><SP WIDTH="17" VPOS="622" HPOS="517"/>
							<String ID="string_107" HPOS="534" VPOS="615" WIDTH="149" HEIGHT="23" WC="0.92" CONTENT="öfverförande"/><SP WIDTH="17" VPOS="615" HPOS="683"/>
							<String ID="string_108" HPOS="700" VPOS="616" WIDTH="31" HEIGHT="21" WC="0.96" CONTENT="till"/><SP WIDTH="16" VPOS="616" HPOS="731"/>
							<String ID="string_109" HPOS="747" VPOS="622" WIDTH="69" HEIGHT="15" WC="0.93" CONTENT="annan"/><SP WIDTH="16" VPOS="622" HPOS="816"/>
							<String ID="string_110" HPOS="832" VPOS="616" WIDTH="42" HEIGHT="21" WC="0.92" CONTENT="för-"/>
						</TextLine>
						<TextLine ID="line_13" HPOS="116" VPOS="650" WIDTH="758" HEIGHT="27">
							<String ID="string_111" HPOS="116" VPOS="650" WIDTH="96" HEIGHT="27" WC="0.95" CONTENT="samling."/><SP WIDTH="31" VPOS="650" HPOS="212"/>
							<String ID="string_112" HPOS="243" VPOS="650" WIDTH="40" HEIGHT="21" WC="0.37" CONTENT="Till"/><SP WIDTH="24" VPOS="650" HPOS="283"/>
							<String ID="string_113" HPOS="307" VPOS="650" WIDTH="39" HEIGHT="22" WC="0.96" CONTENT="och"/><SP WIDTH="22" VPOS="650" HPOS="346"/>
							<String ID="string_114" HPOS="368" VPOS="650" WIDTH="49" HEIGHT="22" WC="0.96" CONTENT="med"/><SP WIDTH="23" VPOS="650" HPOS="417"/>
							<String ID="string_115" HPOS="440" VPOS="650" WIDTH="133" HEIGHT="22" WC="0.96" CONTENT="beträffande"/><SP WIDTH="24" VPOS="650" HPOS="573"/>
							<String ID="string_116" HPOS="597" VPOS="657" WIDTH="25" HEIGHT="15" WC="0.93" CONTENT="en"/><SP WIDTH="22" VPOS="657" HPOS="622"/>
							<String ID="string_117" HPOS="644" VPOS="650" WIDTH="66" HEIGHT="22" WC="0.96" CONTENT="sådan"/><SP WIDTH="16" VPOS="650" HPOS="710"/>
							<String ID="string_118" HPOS="726" VPOS="656" WIDTH="85" HEIGHT="21" WC="0.96" CONTENT="person,"/><SP WIDTH="18" VPOS="656" HPOS="811"/>
							<String ID="string_119" HPOS="829" VPOS="656" WIDTH="45" HEIGHT="16" WC="0.96" CONTENT="som"/>
						</TextLine>
						<TextLine ID="line_14" HPOS="115" VPOS="684" WIDTH="760" HEIGHT="28">
							<String ID="string_120" HPOS="115" VPOS="684" WIDTH="65" HEIGHT="21" WC="0.93" CONTENT="redan"/><SP WIDTH="23" VPOS="684" HPOS="180"/>
							<String ID="string_121" HPOS="203" VPOS="684" WIDTH="91" HEIGHT="22" WC="0.91" CONTENT="faktiskt"/><SP WIDTH="23" VPOS="684" HPOS="294"/>
							<String ID="string_122" HPOS="317" VPOS="684" WIDTH="129" HEIGHT="28" WC="0.90" CONTENT="öfverflyttat"/><SP WIDTH="19" VPOS="684" HPOS="446"/>
							<String ID="string_123" HPOS="465" VPOS="684" WIDTH="32" HEIGHT="22" WC="0.96" CONTENT="till"/><SP WIDTH="20" VPOS="684" HPOS="497"/>
							<String ID="string_124" HPOS="517" VPOS="691" WIDTH="26" HEIGHT="15" WC="0.94" CONTENT="en"/><SP WIDTH="20" VPOS="691" HPOS="543"/>
							<String ID="string_125" HPOS="563" VPOS="690" WIDTH="68" HEIGHT="16" WC="0.96" CONTENT="annan"/><SP WIDTH="17" VPOS="690" HPOS="631"/>
							<String ID="string_126" HPOS="648" VPOS="684" WIDTH="125" HEIGHT="27" WC="0.96" CONTENT="församling"/><SP WIDTH="22" VPOS="684" HPOS="773"/>
							<String ID="string_127" HPOS="795" VPOS="684" WIDTH="41" HEIGHT="22" WC="0.96" CONTENT="och"/><SP WIDTH="16" VPOS="684" HPOS="836"/>
							<String ID="string_128" HPOS="852" VPOS="687" WIDTH="23" HEIGHT="19" WC="0.96" CONTENT="är"/>
						</TextLine>
						<TextLine ID="line_15" HPOS="116" VPOS="718" WIDTH="759" HEIGHT="27">
							<String ID="string_129" HPOS="116" VPOS="718" WIDTH="39" HEIGHT="21" WC="0.90" CONTENT="där"/><SP WIDTH="22" VPOS="718" HPOS="155"/>
							<String ID="string_130" HPOS="177" VPOS="718" WIDTH="193" HEIGHT="25" WC="0.92" CONTENT="mantalsskrifven,"/><SP WIDTH="23" VPOS="718" HPOS="370"/>
							<String ID="string_131" HPOS="393" VPOS="719" WIDTH="75" HEIGHT="21" WC="0.93" CONTENT="ställer"/><SP WIDTH="16" VPOS="719" HPOS="468"/>
							<String ID="string_132" HPOS="484" VPOS="719" WIDTH="68" HEIGHT="26" WC="0.92" CONTENT="sagda"/><SP WIDTH="19" VPOS="719" HPOS="552"/>
							<String ID="string_133" HPOS="571" VPOS="719" WIDTH="130" HEIGHT="26" WC="0.93" CONTENT="kungörelse"/><SP WIDTH="16" VPOS="719" HPOS="701"/>
							<String ID="string_134" HPOS="717" VPOS="718" WIDTH="45" HEIGHT="21" WC="0.93" CONTENT="ofta"/><SP WIDTH="16" VPOS="718" HPOS="762"/>
							<String ID="string_135" HPOS="778" VPOS="718" WIDTH="76" HEIGHT="22" WC="0.92" CONTENT="hinder"/><SP WIDTH="15" VPOS="718" HPOS="854"/>
							<String ID="string_136" HPOS="869" VPOS="719" WIDTH="6" HEIGHT="20" WC="0.96" CONTENT="i"/>
						</TextLine>
						<TextLine ID="line_16" HPOS="118" VPOS="752" WIDTH="757" HEIGHT="28">
							<String ID="string_137" HPOS="118" VPOS="754" WIDTH="68" HEIGHT="25" WC="0.96" CONTENT="vägen"/><SP WIDTH="15" VPOS="754" HPOS="186"/>
							<String ID="string_138" HPOS="201" VPOS="752" WIDTH="33" HEIGHT="22" WC="0.93" CONTENT="för"/><SP WIDTH="15" VPOS="752" HPOS="234"/>
							<String ID="string_139" HPOS="249" VPOS="752" WIDTH="100" HEIGHT="22" WC="0.88" CONTENT="utfäende"/><SP WIDTH="16" VPOS="752" HPOS="349"/>
							<String ID="string_140" HPOS="365" VPOS="752" WIDTH="23" HEIGHT="22" WC="0.93" CONTENT="af"/><SP WIDTH="13" VPOS="752" HPOS="388"/>
							<String ID="string_141" HPOS="401" VPOS="753" WIDTH="182" HEIGHT="27" WC="0.92" CONTENT="flyttningsbetyg."/><SP WIDTH="25" VPOS="753" HPOS="583"/>
							<String ID="string_142" HPOS="608" VPOS="753" WIDTH="32" HEIGHT="21" WC="0.96" CONTENT="De"/><SP WIDTH="17" VPOS="753" HPOS="640"/>
							<String ID="string_143" HPOS="657" VPOS="753" WIDTH="22" HEIGHT="21" WC="0.92" CONTENT="af"/><SP WIDTH="8" VPOS="753" HPOS="679"/>
							<String ID="string_144" HPOS="687" VPOS="753" WIDTH="124" HEIGHT="21" WC="0.92" CONTENT="densamma"/><SP WIDTH="13" VPOS="753" HPOS="811"/>
							<String ID="string_145" HPOS="824" VPOS="759" WIDTH="51" HEIGHT="21" WC="0.91" CONTENT="upp-"/>
						</TextLine>
						<TextLine ID="line_17" HPOS="119" VPOS="786" WIDTH="756" HEIGHT="28">
							<String ID="string_146" HPOS="119" VPOS="787" WIDTH="78" HEIGHT="20" WC="0.93" CONTENT="ställda"/><SP WIDTH="23" VPOS="787" HPOS="197"/>
							<String ID="string_147" HPOS="220" VPOS="787" WIDTH="94" HEIGHT="21" WC="0.89" CONTENT="vilkoren"/><SP WIDTH="23" VPOS="787" HPOS="314"/>
							<String ID="string_148" HPOS="337" VPOS="786" WIDTH="33" HEIGHT="22" WC="0.93" CONTENT="för"/><SP WIDTH="22" VPOS="786" HPOS="370"/>
							<String ID="string_149" HPOS="392" VPOS="787" WIDTH="188" HEIGHT="27" WC="0.91" CONTENT="flyttningsbetygs"/><SP WIDTH="24" VPOS="787" HPOS="580"/>
							<String ID="string_150" HPOS="604" VPOS="787" WIDTH="125" HEIGHT="22" WC="0.92" CONTENT="erhållande"/><SP WIDTH="16" VPOS="787" HPOS="729"/>
							<String ID="string_151" HPOS="745" VPOS="787" WIDTH="54" HEIGHT="26" WC="0.92" CONTENT="egde"/><SP WIDTH="16" VPOS="787" HPOS="799"/>
							<String ID="string_152" HPOS="815" VPOS="787" WIDTH="60" HEIGHT="27" WC="0.90" CONTENT="bety-"/>
						</TextLine>
						<TextLine ID="line_18" HPOS="118" VPOS="821" WIDTH="758" HEIGHT="27">
							<String ID="string_153" HPOS="118" VPOS="821" WIDTH="66" HEIGHT="26" WC="0.96" CONTENT="delse,"/><SP WIDTH="25" VPOS="821" HPOS="184"/>
							<String ID="string_154" HPOS="209" VPOS="821" WIDTH="88" HEIGHT="27" WC="0.93" CONTENT="sålänge"/><SP WIDTH="23" VPOS="821" HPOS="297"/>
							<String ID="string_155" HPOS="320" VPOS="821" WIDTH="85" HEIGHT="26" WC="0.83" CONTENT="enhvar,"/><SP WIDTH="25" VPOS="821" HPOS="405"/>
							<String ID="string_156" HPOS="430" VPOS="828" WIDTH="45" HEIGHT="15" WC="0.96" CONTENT="som"/><SP WIDTH="24" VPOS="828" HPOS="475"/>
							<String ID="string_157" HPOS="499" VPOS="824" WIDTH="52" HEIGHT="19" WC="0.93" CONTENT="utan"/><SP WIDTH="20" VPOS="824" HPOS="551"/>
							<String ID="string_158" HPOS="571" VPOS="821" WIDTH="140" HEIGHT="27" WC="0.92" CONTENT="arbetsbetyg"/><SP WIDTH="16" VPOS="821" HPOS="711"/>
							<String ID="string_159" HPOS="727" VPOS="821" WIDTH="101" HEIGHT="27" WC="0.96" CONTENT="uppehöll"/><SP WIDTH="16" VPOS="821" HPOS="828"/>
							<String ID="string_160" HPOS="844" VPOS="821" WIDTH="32" HEIGHT="27" WC="0.96" CONTENT="sig"/>
						</TextLine>
						<TextLine ID="line_19" HPOS="118" VPOS="855" WIDTH="757" HEIGHT="24">
							<String ID="string_161" HPOS="118" VPOS="857" WIDTH="59" HEIGHT="19" WC="0.92" CONTENT="utom"/><SP WIDTH="23" VPOS="857" HPOS="177"/>
							<String ID="string_162" HPOS="200" VPOS="855" WIDTH="32" HEIGHT="21" WC="0.96" CONTENT="sin"/><SP WIDTH="24" VPOS="855" HPOS="232"/>
							<String ID="string_163" HPOS="256" VPOS="855" WIDTH="156" HEIGHT="24" WC="0.96" CONTENT="hemkommun,"/><SP WIDTH="24" VPOS="855" HPOS="412"/>
							<String ID="string_164" HPOS="436" VPOS="856" WIDTH="72" HEIGHT="21" WC="0.93" CONTENT="kunde"/><SP WIDTH="19" VPOS="856" HPOS="508"/>
							<String ID="string_165" HPOS="527" VPOS="855" WIDTH="118" HEIGHT="22" WC="0.92" CONTENT="behandlas"/><SP WIDTH="16" VPOS="855" HPOS="645"/>
							<String ID="string_166" HPOS="661" VPOS="855" WIDTH="73" HEIGHT="22" WC="0.92" CONTENT="säsom"/><SP WIDTH="16" VPOS="855" HPOS="734"/>
							<String ID="string_167" HPOS="750" VPOS="855" WIDTH="125" HEIGHT="22" WC="0.92" CONTENT="lösdrifvare"/>
						</TextLine>
						<TextLine ID="line_20" HPOS="120" VPOS="889" WIDTH="756" HEIGHT="28">
							<String ID="string_168" HPOS="120" VPOS="889" WIDTH="39" HEIGHT="21" WC="0.93" CONTENT="och"/><SP WIDTH="16" VPOS="889" HPOS="159"/>
							<String ID="string_169" HPOS="175" VPOS="889" WIDTH="129" HEIGHT="22" WC="0.91" CONTENT="hemsändas"/><SP WIDTH="16" VPOS="889" HPOS="304"/>
							<String ID="string_170" HPOS="320" VPOS="890" WIDTH="31" HEIGHT="21" WC="0.89" CONTENT="till"/><SP WIDTH="16" VPOS="890" HPOS="351"/>
							<String ID="string_171" HPOS="367" VPOS="891" WIDTH="41" HEIGHT="20" WC="0.96" CONTENT="den"/><SP WIDTH="16" VPOS="891" HPOS="408"/>
							<String ID="string_172" HPOS="424" VPOS="893" WIDTH="40" HEIGHT="23" WC="0.94" CONTENT="ort,"/><SP WIDTH="17" VPOS="893" HPOS="464"/>
							<String ID="string_173" HPOS="481" VPOS="890" WIDTH="39" HEIGHT="21" WC="0.96" CONTENT="där"/><SP WIDTH="16" VPOS="890" HPOS="520"/>
							<String ID="string_174" HPOS="536" VPOS="890" WIDTH="41" HEIGHT="21" WC="0.96" CONTENT="han"/><SP WIDTH="16" VPOS="890" HPOS="577"/>
							<String ID="string_175" HPOS="593" VPOS="897" WIDTH="38" HEIGHT="14" WC="0.93" CONTENT="var"/><SP WIDTH="16" VPOS="897" HPOS="631"/>
							<String ID="string_176" HPOS="647" VPOS="889" WIDTH="155" HEIGHT="28" WC="0.92" CONTENT="kyrkskrifven."/><SP WIDTH="25" VPOS="889" HPOS="802"/>
							<String ID="string_177" HPOS="827" VPOS="890" WIDTH="49" HEIGHT="21" WC="0.96" CONTENT="Men"/>
						</TextLine>
						<TextLine ID="line_21" HPOS="118" VPOS="924" WIDTH="758" HEIGHT="27">
							<String ID="string_178" HPOS="118" VPOS="924" WIDTH="70" HEIGHT="21" WC="0.93" CONTENT="denna"/><SP WIDTH="16" VPOS="924" HPOS="188"/>
							<String ID="string_179" HPOS="204" VPOS="924" WIDTH="133" HEIGHT="27" WC="0.92" CONTENT="ständpunkt"/><SP WIDTH="15" VPOS="924" HPOS="337"/>
							<String ID="string_180" HPOS="352" VPOS="927" WIDTH="24" HEIGHT="19" WC="0.93" CONTENT="är"/><SP WIDTH="15" VPOS="927" HPOS="376"/>
							<String ID="string_181" HPOS="391" VPOS="931" WIDTH="89" HEIGHT="15" WC="0.93" CONTENT="numera"/><SP WIDTH="15" VPOS="931" HPOS="480"/>
							<String ID="string_182" HPOS="495" VPOS="924" WIDTH="138" HEIGHT="27" WC="0.92" CONTENT="öfvergifven."/><SP WIDTH="24" VPOS="924" HPOS="633"/>
							<String ID="string_183" HPOS="657" VPOS="925" WIDTH="85" HEIGHT="26" WC="0.92" CONTENT="Nädiga"/><SP WIDTH="15" VPOS="925" HPOS="742"/>
							<String ID="string_184" HPOS="757" VPOS="924" WIDTH="119" HEIGHT="22" WC="0.92" CONTENT="förordnin-"/>
						</TextLine>
						<TextLine ID="line_22" HPOS="118" VPOS="958" WIDTH="759" HEIGHT="27">
							<String ID="string_185" HPOS="118" VPOS="965" WIDTH="40" HEIGHT="20" WC="0.93" CONTENT="gen"/><SP WIDTH="18" VPOS="965" HPOS="158"/>
							<String ID="string_186" HPOS="176" VPOS="959" WIDTH="112" HEIGHT="26" WC="0.91" CONTENT="angående"/><SP WIDTH="23" VPOS="959" HPOS="288"/>
							<String ID="string_187" HPOS="311" VPOS="959" WIDTH="126" HEIGHT="21" WC="0.90" CONTENT="lösdrifvare"/><SP WIDTH="23" VPOS="959" HPOS="437"/>
							<String ID="string_188" HPOS="460" VPOS="959" WIDTH="22" HEIGHT="21" WC="0.96" CONTENT="af"/><SP WIDTH="15" VPOS="959" HPOS="482"/>
							<String ID="string_189" HPOS="497" VPOS="959" WIDTH="24" HEIGHT="21" WC="0.96" CONTENT="är"/><SP WIDTH="17" VPOS="959" HPOS="521"/>
							<String ID="string_190" HPOS="538" VPOS="961" WIDTH="53" HEIGHT="19" WC="0.93" CONTENT="1883"/><SP WIDTH="18" VPOS="961" HPOS="591"/>
							<String ID="string_191" HPOS="609" VPOS="959" WIDTH="87" HEIGHT="21" WC="0.96" CONTENT="hindrar"/><SP WIDTH="15" VPOS="959" HPOS="696"/>
							<String ID="string_192" HPOS="711" VPOS="959" WIDTH="64" HEIGHT="26" WC="0.96" CONTENT="ingen"/><SP WIDTH="16" VPOS="959" HPOS="775"/>
							<String ID="string_193" HPOS="791" VPOS="960" WIDTH="38" HEIGHT="25" WC="0.93" CONTENT="att,"/><SP WIDTH="18" VPOS="960" HPOS="829"/>
							<String ID="string_194" HPOS="847" VPOS="958" WIDTH="30" HEIGHT="22" WC="0.87" CONTENT="äf-"/>
						</TextLine>
						<TextLine ID="line_23" HPOS="120" VPOS="993" WIDTH="757" HEIGHT="28">
							<String ID="string_195" HPOS="120" VPOS="999" WIDTH="39" HEIGHT="15" WC="0.96" CONTENT="ven"/><SP WIDTH="17" VPOS="999" HPOS="159"/>
							<String ID="string_196" HPOS="176" VPOS="995" WIDTH="51" HEIGHT="19" WC="0.93" CONTENT="utan"/><SP WIDTH="16" VPOS="995" HPOS="227"/>
							<String ID="string_197" HPOS="243" VPOS="993" WIDTH="145" HEIGHT="28" WC="0.93" CONTENT="arbetsbetyg,"/><SP WIDTH="17" VPOS="993" HPOS="388"/>
							<String ID="string_198" HPOS="405" VPOS="993" WIDTH="32" HEIGHT="22" WC="0.92" CONTENT="slä"/><SP WIDTH="16" VPOS="993" HPOS="437"/>
							<String ID="string_199" HPOS="453" VPOS="993" WIDTH="32" HEIGHT="27" WC="0.96" CONTENT="sig"/><SP WIDTH="15" VPOS="993" HPOS="485"/>
							<String ID="string_200" HPOS="500" VPOS="994" WIDTH="42" HEIGHT="21" WC="0.96" CONTENT="ned"/><SP WIDTH="16" VPOS="994" HPOS="542"/>
							<String ID="string_201" HPOS="558" VPOS="993" WIDTH="28" HEIGHT="27" WC="0.93" CONTENT="pä"/><SP WIDTH="17" VPOS="993" HPOS="586"/>
							<String ID="string_202" HPOS="603" VPOS="993" WIDTH="84" HEIGHT="21" WC="0.92" CONTENT="hvilken"/><SP WIDTH="17" VPOS="993" HPOS="687"/>
							<String ID="string_203" HPOS="704" VPOS="995" WIDTH="33" HEIGHT="19" WC="0.96" CONTENT="ort"/><SP WIDTH="16" VPOS="995" HPOS="737"/>
							<String ID="string_204" HPOS="753" VPOS="993" WIDTH="42" HEIGHT="21" WC="0.93" CONTENT="han"/><SP WIDTH="16" VPOS="993" HPOS="795"/>
							<String ID="string_205" HPOS="811" VPOS="993" WIDTH="66" HEIGHT="21" WC="0.89" CONTENT="beha-"/>
						</TextLine>
						<TextLine ID="line_24" HPOS="118" VPOS="1027" WIDTH="759" HEIGHT="27">
							<String ID="string_206" HPOS="118" VPOS="1033" WIDTH="45" HEIGHT="20" WC="0.96" CONTENT="gar,"/><SP WIDTH="17" VPOS="1033" HPOS="163"/>
							<String ID="string_207" HPOS="180" VPOS="1033" WIDTH="34" HEIGHT="15" WC="0.96" CONTENT="om"/><SP WIDTH="16" VPOS="1033" HPOS="214"/>
							<String ID="string_208" HPOS="230" VPOS="1027" WIDTH="42" HEIGHT="22" WC="0.92" CONTENT="han"/><SP WIDTH="23" VPOS="1027" HPOS="272"/>
							<String ID="string_209" HPOS="295" VPOS="1028" WIDTH="56" HEIGHT="21" WC="0.95" CONTENT="blott"/><SP WIDTH="15" VPOS="1028" HPOS="351"/>
							<String ID="string_210" HPOS="366" VPOS="1027" WIDTH="80" HEIGHT="22" WC="0.96" CONTENT="skaffar"/><SP WIDTH="16" VPOS="1027" HPOS="446"/>
							<String ID="string_211" HPOS="462" VPOS="1028" WIDTH="32" HEIGHT="26" WC="0.97" CONTENT="sig"/><SP WIDTH="16" VPOS="1028" HPOS="494"/>
							<String ID="string_212" HPOS="510" VPOS="1028" WIDTH="38" HEIGHT="21" WC="0.93" CONTENT="sitt"/><SP WIDTH="16" VPOS="1028" HPOS="548"/>
							<String ID="string_213" HPOS="564" VPOS="1027" WIDTH="114" HEIGHT="27" WC="0.96" CONTENT="uppehälle"/><SP WIDTH="17" VPOS="1027" HPOS="678"/>
							<String ID="string_214" HPOS="695" VPOS="1027" WIDTH="64" HEIGHT="27" WC="0.96" CONTENT="ärligt"/><SP WIDTH="15" VPOS="1027" HPOS="759"/>
							<String ID="string_215" HPOS="774" VPOS="1027" WIDTH="41" HEIGHT="22" WC="0.93" CONTENT="och"/><SP WIDTH="15" VPOS="1027" HPOS="815"/>
							<String ID="string_216" HPOS="830" VPOS="1027" WIDTH="47" HEIGHT="21" WC="0.96" CONTENT="icke"/>
						</TextLine>
						<TextLine ID="line_25" HPOS="122" VPOS="1061" WIDTH="755" HEIGHT="27">
							<String ID="string_217" HPOS="122" VPOS="1062" WIDTH="100" HEIGHT="20" WC="0.92" CONTENT="beträdes"/><SP WIDTH="24" VPOS="1062" HPOS="222"/>
							<String ID="string_218" HPOS="246" VPOS="1062" WIDTH="48" HEIGHT="21" WC="0.93" CONTENT="med"/><SP WIDTH="24" VPOS="1062" HPOS="294"/>
							<String ID="string_219" HPOS="318" VPOS="1062" WIDTH="92" HEIGHT="26" WC="0.91" CONTENT="osedligt"/><SP WIDTH="23" VPOS="1062" HPOS="410"/>
							<String ID="string_220" HPOS="433" VPOS="1062" WIDTH="52" HEIGHT="21" WC="0.92" CONTENT="eller"/><SP WIDTH="19" VPOS="1062" HPOS="485"/>
							<String ID="string_221" HPOS="504" VPOS="1062" WIDTH="108" HEIGHT="25" WC="0.92" CONTENT="vanartigt"/><SP WIDTH="15" VPOS="1062" HPOS="612"/>
							<String ID="string_222" HPOS="627" VPOS="1061" WIDTH="102" HEIGHT="21" WC="0.92" CONTENT="lefverne."/><SP WIDTH="30" VPOS="1061" HPOS="729"/>
							<String ID="string_223" HPOS="759" VPOS="1061" WIDTH="65" HEIGHT="26" WC="0.93" CONTENT="Ingen"/><SP WIDTH="17" VPOS="1061" HPOS="824"/>
							<String ID="string_224" HPOS="841" VPOS="1061" WIDTH="36" HEIGHT="21" WC="0.93" CONTENT="he-"/>
						</TextLine>
						<TextLine ID="line_26" HPOS="120" VPOS="1095" WIDTH="758" HEIGHT="28">
							<String ID="string_225" HPOS="120" VPOS="1095" WIDTH="67" HEIGHT="27" WC="0.92" CONTENT="derlig"/><SP WIDTH="22" VPOS="1095" HPOS="187"/>
							<String ID="string_226" HPOS="209" VPOS="1102" WIDTH="79" HEIGHT="21" WC="0.96" CONTENT="person"/><SP WIDTH="25" VPOS="1102" HPOS="288"/>
							<String ID="string_227" HPOS="313" VPOS="1096" WIDTH="42" HEIGHT="21" WC="0.93" CONTENT="kan"/><SP WIDTH="17" VPOS="1096" HPOS="355"/>
							<String ID="string_228" HPOS="372" VPOS="1096" WIDTH="84" HEIGHT="21" WC="0.92" CONTENT="säledes"/><SP WIDTH="16" VPOS="1096" HPOS="456"/>
							<String ID="string_229" HPOS="472" VPOS="1096" WIDTH="84" HEIGHT="26" WC="0.92" CONTENT="tvingas"/><SP WIDTH="17" VPOS="1096" HPOS="556"/>
							<String ID="string_230" HPOS="573" VPOS="1098" WIDTH="32" HEIGHT="19" WC="0.93" CONTENT="att"/><SP WIDTH="16" VPOS="1098" HPOS="605"/>
							<String ID="string_231" HPOS="621" VPOS="1096" WIDTH="26" HEIGHT="20" WC="0.93" CONTENT="bo"/><SP WIDTH="18" VPOS="1096" HPOS="647"/>
							<String ID="string_232" HPOS="665" VPOS="1095" WIDTH="38" HEIGHT="21" WC="0.96" CONTENT="där"/><SP WIDTH="15" VPOS="1095" HPOS="703"/>
							<String ID="string_233" HPOS="718" VPOS="1095" WIDTH="41" HEIGHT="21" WC="0.96" CONTENT="han"/><SP WIDTH="17" VPOS="1095" HPOS="759"/>
							<String ID="string_234" HPOS="776" VPOS="1097" WIDTH="24" HEIGHT="20" WC="0.93" CONTENT="är"/><SP WIDTH="14" VPOS="1097" HPOS="800"/>
							<String ID="string_235" HPOS="814" VPOS="1095" WIDTH="64" HEIGHT="27" WC="0.92" CONTENT="kyrk-"/>
						</TextLine>
						<TextLine ID="line_27" HPOS="118" VPOS="1129" WIDTH="759" HEIGHT="28">
							<String ID="string_236" HPOS="118" VPOS="1129" WIDTH="101" HEIGHT="22" WC="0.83" CONTENT="skrifven."/><SP WIDTH="30" VPOS="1129" HPOS="219"/>
							<String ID="string_237" HPOS="249" VPOS="1131" WIDTH="50" HEIGHT="20" WC="0.96" CONTENT="Men"/><SP WIDTH="23" VPOS="1131" HPOS="299"/>
							<String ID="string_238" HPOS="322" VPOS="1130" WIDTH="34" HEIGHT="21" WC="0.96" CONTENT="väl"/><SP WIDTH="23" VPOS="1130" HPOS="356"/>
							<String ID="string_239" HPOS="379" VPOS="1130" WIDTH="71" HEIGHT="21" WC="0.96" CONTENT="kunde"/><SP WIDTH="24" VPOS="1130" HPOS="450"/>
							<String ID="string_240" HPOS="474" VPOS="1137" WIDTH="25" HEIGHT="15" WC="0.96" CONTENT="en"/><SP WIDTH="20" VPOS="1137" HPOS="499"/>
							<String ID="string_241" HPOS="519" VPOS="1136" WIDTH="78" HEIGHT="21" WC="0.93" CONTENT="person"/><SP WIDTH="15" VPOS="1136" HPOS="597"/>
							<String ID="string_242" HPOS="612" VPOS="1129" WIDTH="79" HEIGHT="22" WC="0.96" CONTENT="förmås"/><SP WIDTH="17" VPOS="1129" HPOS="691"/>
							<String ID="string_243" HPOS="708" VPOS="1131" WIDTH="32" HEIGHT="19" WC="0.93" CONTENT="att"/><SP WIDTH="15" VPOS="1131" HPOS="740"/>
							<String ID="string_244" HPOS="755" VPOS="1129" WIDTH="44" HEIGHT="22" WC="0.93" CONTENT="låta"/><SP WIDTH="15" VPOS="1129" HPOS="799"/>
							<String ID="string_245" HPOS="814" VPOS="1129" WIDTH="63" HEIGHT="26" WC="0.91" CONTENT="kyrk-"/>
						</TextLine>
						<TextLine ID="line_28" HPOS="118" VPOS="1163" WIDTH="760" HEIGHT="28">
							<String ID="string_246" HPOS="118" VPOS="1164" WIDTH="81" HEIGHT="21" WC="0.92" CONTENT="skrifva"/><SP WIDTH="15" VPOS="1164" HPOS="199"/>
							<String ID="string_247" HPOS="214" VPOS="1165" WIDTH="33" HEIGHT="26" WC="0.96" CONTENT="sig"/><SP WIDTH="16" VPOS="1165" HPOS="247"/>
							<String ID="string_248" HPOS="263" VPOS="1165" WIDTH="38" HEIGHT="21" WC="0.96" CONTENT="där"/><SP WIDTH="15" VPOS="1165" HPOS="301"/>
							<String ID="string_249" HPOS="316" VPOS="1165" WIDTH="42" HEIGHT="21" WC="0.96" CONTENT="han"/><SP WIDTH="16" VPOS="1165" HPOS="358"/>
							<String ID="string_250" HPOS="374" VPOS="1165" WIDTH="45" HEIGHT="25" WC="0.96" CONTENT="bor,"/><SP WIDTH="17" VPOS="1165" HPOS="419"/>
							<String ID="string_251" HPOS="436" VPOS="1171" WIDTH="33" HEIGHT="15" WC="0.93" CONTENT="om"/><SP WIDTH="16" VPOS="1171" HPOS="469"/>
							<String ID="string_252" HPOS="485" VPOS="1165" WIDTH="57" HEIGHT="21" WC="0.95" CONTENT="blott"/><SP WIDTH="7" VPOS="1165" HPOS="542"/>
							<String ID="string_253" HPOS="549" VPOS="1164" WIDTH="101" HEIGHT="27" WC="0.95" CONTENT="lämpliga"/><SP WIDTH="10" VPOS="1164" HPOS="650"/>
							<String ID="string_254" HPOS="660" VPOS="1164" WIDTH="135" HEIGHT="27" WC="0.96" CONTENT="stadganden"/><SP WIDTH="10" VPOS="1164" HPOS="795"/>
							<String ID="string_255" HPOS="805" VPOS="1163" WIDTH="73" HEIGHT="22" WC="0.96" CONTENT="därom"/>
						</TextLine>
						<TextLine ID="line_29" HPOS="122" VPOS="1199" WIDTH="131" HEIGHT="21">
							<String ID="string_256" HPOS="122" VPOS="1199" WIDTH="131" HEIGHT="21" WC="0.93" CONTENT="utfärdades."/>
						</TextLine>
					</TextBlock>
					<TextBlock ID="block_2" HPOS="119" VPOS="1232" WIDTH="763" HEIGHT="268">
						<TextLine ID="line_30" HPOS="188" VPOS="1232" WIDTH="692" HEIGHT="28">
							<String ID="string_257" HPOS="188" VPOS="1233" WIDTH="36" HEIGHT="22" WC="0.92" CONTENT="Uti"/><SP WIDTH="16" VPOS="1233" HPOS="224"/>
							<String ID="string_258" HPOS="240" VPOS="1233" WIDTH="161" HEIGHT="27" WC="0.92" CONTENT="ifrägavarande"/><SP WIDTH="17" VPOS="1233" HPOS="401"/>
							<String ID="string_259" HPOS="418" VPOS="1233" WIDTH="101" HEIGHT="22" WC="0.92" CONTENT="afseende"/><SP WIDTH="21" VPOS="1233" HPOS="519"/>
							<String ID="string_260" HPOS="540" VPOS="1233" WIDTH="115" HEIGHT="22" WC="0.92" CONTENT="förefinnes"/><SP WIDTH="18" VPOS="1233" HPOS="655"/>
							<String ID="string_261" HPOS="673" VPOS="1239" WIDTH="25" HEIGHT="15" WC="0.93" CONTENT="en"/><SP WIDTH="15" VPOS="1239" HPOS="698"/>
							<String ID="string_262" HPOS="713" VPOS="1232" WIDTH="97" HEIGHT="21" WC="0.93" CONTENT="kännbar"/><SP WIDTH="15" VPOS="1232" HPOS="810"/>
							<String ID="string_263" HPOS="825" VPOS="1232" WIDTH="55" HEIGHT="21" WC="0.92" CONTENT="brist"/>
						</TextLine>
						<TextLine ID="line_31" HPOS="120" VPOS="1266" WIDTH="760" HEIGHT="29">
							<String ID="string_264" HPOS="120" VPOS="1268" WIDTH="6" HEIGHT="20" WC="0.96" CONTENT="i"/><SP WIDTH="17" VPOS="1268" HPOS="126"/>
							<String ID="string_265" HPOS="143" VPOS="1267" WIDTH="152" HEIGHT="28" WC="0.96" CONTENT="förordningen"/><SP WIDTH="17" VPOS="1267" HPOS="295"/>
							<String ID="string_266" HPOS="312" VPOS="1267" WIDTH="23" HEIGHT="22" WC="0.96" CONTENT="af"/><SP WIDTH="14" VPOS="1267" HPOS="335"/>
							<String ID="string_267" HPOS="349" VPOS="1268" WIDTH="41" HEIGHT="21" WC="0.96" CONTENT="den"/><SP WIDTH="18" VPOS="1268" HPOS="390"/>
							<String ID="string_268" HPOS="408" VPOS="1270" WIDTH="24" HEIGHT="19" WC="0.96" CONTENT="17"/><SP WIDTH="17" VPOS="1270" HPOS="432"/>
							<String ID="string_269" HPOS="449" VPOS="1268" WIDTH="57" HEIGHT="21" WC="0.96" CONTENT="Mars"/><SP WIDTH="18" VPOS="1268" HPOS="506"/>
							<String ID="string_270" HPOS="524" VPOS="1269" WIDTH="61" HEIGHT="20" WC="0.93" CONTENT="1879."/><SP WIDTH="31" VPOS="1269" HPOS="585"/>
							<String ID="string_271" HPOS="616" VPOS="1267" WIDTH="131" HEIGHT="22" WC="0.92" CONTENT="Densamma"/><SP WIDTH="15" VPOS="1267" HPOS="747"/>
							<String ID="string_272" HPOS="762" VPOS="1266" WIDTH="118" HEIGHT="21" WC="0.91" CONTENT="fastställer"/>
						</TextLine>
						<TextLine ID="line_32" HPOS="120" VPOS="1300" WIDTH="760" HEIGHT="28">
							<String ID="string_273" HPOS="120" VPOS="1302" WIDTH="33" HEIGHT="21" WC="0.96" CONTENT="väl"/><SP WIDTH="17" VPOS="1302" HPOS="153"/>
							<String ID="string_274" HPOS="170" VPOS="1309" WIDTH="26" HEIGHT="14" WC="0.96" CONTENT="en"/><SP WIDTH="17" VPOS="1309" HPOS="196"/>
							<String ID="string_275" HPOS="213" VPOS="1303" WIDTH="44" HEIGHT="20" WC="0.96" CONTENT="viss"/><SP WIDTH="17" VPOS="1303" HPOS="257"/>
							<String ID="string_276" HPOS="274" VPOS="1303" WIDTH="38" HEIGHT="25" WC="0.96" CONTENT="tid,"/><SP WIDTH="16" VPOS="1303" HPOS="312"/>
							<String ID="string_277" HPOS="328" VPOS="1303" WIDTH="57" HEIGHT="20" WC="0.93" CONTENT="inom"/><SP WIDTH="16" VPOS="1303" HPOS="385"/>
							<String ID="string_278" HPOS="401" VPOS="1302" WIDTH="85" HEIGHT="21" WC="0.92" CONTENT="hvilken"/><SP WIDTH="17" VPOS="1302" HPOS="486"/>
							<String ID="string_279" HPOS="503" VPOS="1303" WIDTH="32" HEIGHT="20" WC="0.93" CONTENT="ett"/><SP WIDTH="8" VPOS="1303" HPOS="535"/>
							<String ID="string_280" HPOS="543" VPOS="1303" WIDTH="86" HEIGHT="25" WC="0.92" CONTENT="uttaget"/><SP WIDTH="10" VPOS="1303" HPOS="629"/>
							<String ID="string_281" HPOS="639" VPOS="1301" WIDTH="178" HEIGHT="27" WC="0.92" CONTENT="flyttningsbetyg"/><SP WIDTH="8" VPOS="1301" HPOS="817"/>
							<String ID="string_282" HPOS="825" VPOS="1300" WIDTH="55" HEIGHT="21" WC="0.96" CONTENT="skall"/>
						</TextLine>
						<TextLine ID="line_33" HPOS="120" VPOS="1335" WIDTH="761" HEIGHT="28">
							<String ID="string_283" HPOS="120" VPOS="1337" WIDTH="32" HEIGHT="20" WC="0.92" CONTENT="till"/><SP WIDTH="24" VPOS="1337" HPOS="152"/>
							<String ID="string_284" HPOS="176" VPOS="1337" WIDTH="208" HEIGHT="26" WC="0.91" CONTENT="pastorsembetet"/><SP WIDTH="-9" VPOS="1337" HPOS="384"/>
							<String ID="string_285" HPOS="375" VPOS="1331" WIDTH="13" HEIGHT="37" WC="0.93" CONTENT="i"/><SP WIDTH="16" VPOS="1331" HPOS="388"/>
							<String ID="string_286" HPOS="404" VPOS="1336" WIDTH="195" HEIGHT="27" WC="0.91" CONTENT="inflyttningsorten"/><SP WIDTH="24" VPOS="1336" HPOS="599"/>
							<String ID="string_287" HPOS="623" VPOS="1335" WIDTH="108" HEIGHT="24" WC="0.92" CONTENT="aflemnas,"/><SP WIDTH="23" VPOS="1335" HPOS="731"/>
							<String ID="string_288" HPOS="754" VPOS="1341" WIDTH="48" HEIGHT="15" WC="0.93" CONTENT="men"/><SP WIDTH="23" VPOS="1341" HPOS="802"/>
							<String ID="string_289" HPOS="825" VPOS="1335" WIDTH="56" HEIGHT="20" WC="0.90" CONTENT="intet"/>
						</TextLine>
						<TextLine ID="line_34" HPOS="120" VPOS="1369" WIDTH="760" HEIGHT="28">
							<String ID="string_290" HPOS="120" VPOS="1377" WIDTH="79" HEIGHT="15" WC="0.92" CONTENT="ansvar"/><SP WIDTH="15" VPOS="1377" HPOS="199"/>
							<String ID="string_291" HPOS="214" VPOS="1371" WIDTH="32" HEIGHT="21" WC="0.93" CONTENT="för"/><SP WIDTH="16" VPOS="1371" HPOS="246"/>
							<String ID="string_292" HPOS="262" VPOS="1371" WIDTH="162" HEIGHT="24" WC="0.93" CONTENT="uraktlätenhet"/><SP WIDTH="15" VPOS="1371" HPOS="424"/>
							<String ID="string_293" HPOS="439" VPOS="1373" WIDTH="33" HEIGHT="19" WC="0.93" CONTENT="att"/><SP WIDTH="15" VPOS="1373" HPOS="472"/>
							<String ID="string_294" HPOS="487" VPOS="1371" WIDTH="96" HEIGHT="26" WC="0.90" CONTENT="iakttaga"/><SP WIDTH="16" VPOS="1371" HPOS="583"/>
							<String ID="string_295" HPOS="599" VPOS="1370" WIDTH="67" HEIGHT="27" WC="0.91" CONTENT="sagda"/><SP WIDTH="16" VPOS="1370" HPOS="666"/>
							<String ID="string_296" HPOS="682" VPOS="1369" WIDTH="143" HEIGHT="26" WC="0.91" CONTENT="bestämning."/><SP WIDTH="16" VPOS="1369" HPOS="825"/>
							<String ID="string_297" HPOS="841" VPOS="1369" WIDTH="39" HEIGHT="21" WC="0.96" CONTENT="Till"/>
						</TextLine>
						<TextLine ID="line_35" HPOS="119" VPOS="1403" WIDTH="762" HEIGHT="30">
							<String ID="string_298" HPOS="119" VPOS="1405" WIDTH="53" HEIGHT="28" WC="0.88" CONTENT="följd"/><SP WIDTH="18" VPOS="1405" HPOS="172"/>
							<String ID="string_299" HPOS="190" VPOS="1405" WIDTH="64" HEIGHT="22" WC="0.93" CONTENT="häraf"/><SP WIDTH="13" VPOS="1405" HPOS="254"/>
							<String ID="string_300" HPOS="267" VPOS="1405" WIDTH="40" HEIGHT="22" WC="0.97" CONTENT="har"/><SP WIDTH="15" VPOS="1405" HPOS="307"/>
							<String ID="string_301" HPOS="322" VPOS="1406" WIDTH="36" HEIGHT="21" WC="0.97" CONTENT="det"/><SP WIDTH="16" VPOS="1406" HPOS="358"/>
							<String ID="string_302" HPOS="374" VPOS="1405" WIDTH="44" HEIGHT="22" WC="0.93" CONTENT="ofta"/><SP WIDTH="16" VPOS="1405" HPOS="418"/>
							<String ID="string_303" HPOS="434" VPOS="1405" WIDTH="101" HEIGHT="26" WC="0.92" CONTENT="inträffat,"/><SP WIDTH="17" VPOS="1405" HPOS="535"/>
							<String ID="string_304" HPOS="552" VPOS="1407" WIDTH="32" HEIGHT="19" WC="0.96" CONTENT="att"/><SP WIDTH="11" VPOS="1407" HPOS="584"/>
							<String ID="string_305" HPOS="595" VPOS="1411" WIDTH="25" HEIGHT="15" WC="0.96" CONTENT="en"/><SP WIDTH="17" VPOS="1411" HPOS="620"/>
							<String ID="string_306" HPOS="637" VPOS="1410" WIDTH="86" HEIGHT="21" WC="0.96" CONTENT="person,"/><SP WIDTH="17" VPOS="1410" HPOS="723"/>
							<String ID="string_307" HPOS="740" VPOS="1409" WIDTH="46" HEIGHT="16" WC="0.93" CONTENT="som"/><SP WIDTH="15" VPOS="1409" HPOS="786"/>
							<String ID="string_308" HPOS="801" VPOS="1403" WIDTH="80" HEIGHT="26" WC="0.92" CONTENT="uttagit"/>
						</TextLine>
						<TextLine ID="line_36" HPOS="120" VPOS="1437" WIDTH="761" HEIGHT="29">
							<String ID="string_309" HPOS="120" VPOS="1439" WIDTH="180" HEIGHT="27" WC="0.86" CONTENT="flyttningsbetyg"/><SP WIDTH="16" VPOS="1439" HPOS="300"/>
							<String ID="string_310" HPOS="316" VPOS="1440" WIDTH="32" HEIGHT="20" WC="0.96" CONTENT="till"/><SP WIDTH="16" VPOS="1440" HPOS="348"/>
							<String ID="string_311" HPOS="364" VPOS="1446" WIDTH="70" HEIGHT="14" WC="0.96" CONTENT="annan"/><SP WIDTH="16" VPOS="1446" HPOS="434"/>
							<String ID="string_312" HPOS="450" VPOS="1439" WIDTH="130" HEIGHT="26" WC="0.96" CONTENT="församling,"/><SP WIDTH="18" VPOS="1439" HPOS="580"/>
							<String ID="string_313" HPOS="598" VPOS="1439" WIDTH="101" HEIGHT="26" WC="0.93" CONTENT="antingen"/><SP WIDTH="16" VPOS="1439" HPOS="699"/>
							<String ID="string_314" HPOS="715" VPOS="1437" WIDTH="40" HEIGHT="21" WC="0.96" CONTENT="alls"/><SP WIDTH="16" VPOS="1437" HPOS="755"/>
							<String ID="string_315" HPOS="771" VPOS="1437" WIDTH="48" HEIGHT="21" WC="0.91" CONTENT="icke"/><SP WIDTH="15" VPOS="1437" HPOS="819"/>
							<String ID="string_316" HPOS="834" VPOS="1437" WIDTH="47" HEIGHT="27" WC="0.87" CONTENT="flyt-"/>
						</TextLine>
						<TextLine ID="line_37" HPOS="121" VPOS="1470" WIDTH="761" HEIGHT="30">
							<String ID="string_317" HPOS="121" VPOS="1475" WIDTH="33" HEIGHT="19" WC="0.95" CONTENT="tat"/><SP WIDTH="23" VPOS="1475" HPOS="154"/>
							<String ID="string_318" HPOS="177" VPOS="1473" WIDTH="39" HEIGHT="27" WC="0.96" CONTENT="dit,"/><SP WIDTH="24" VPOS="1473" HPOS="216"/>
							<String ID="string_319" HPOS="240" VPOS="1474" WIDTH="52" HEIGHT="21" WC="0.96" CONTENT="eller"/><SP WIDTH="16" VPOS="1474" HPOS="292"/>
							<String ID="string_320" HPOS="308" VPOS="1474" WIDTH="5" HEIGHT="21" WC="0.93" CONTENT="i"/><SP WIDTH="17" VPOS="1474" HPOS="313"/>
							<String ID="string_321" HPOS="330" VPOS="1474" WIDTH="104" HEIGHT="21" WC="0.92" CONTENT="händelse"/><SP WIDTH="22" VPOS="1474" HPOS="434"/>
							<String ID="string_322" HPOS="456" VPOS="1474" WIDTH="42" HEIGHT="20" WC="0.96" CONTENT="han"/><SP WIDTH="24" VPOS="1474" HPOS="498"/>
							<String ID="string_323" HPOS="522" VPOS="1474" WIDTH="57" HEIGHT="26" WC="0.96" CONTENT="gjort"/><SP WIDTH="24" VPOS="1474" HPOS="579"/>
							<String ID="string_324" HPOS="603" VPOS="1472" WIDTH="42" HEIGHT="26" WC="0.93" CONTENT="det,"/><SP WIDTH="17" VPOS="1472" HPOS="645"/>
							<String ID="string_325" HPOS="662" VPOS="1472" WIDTH="48" HEIGHT="21" WC="0.93" CONTENT="icke"/><SP WIDTH="15" VPOS="1472" HPOS="710"/>
							<String ID="string_326" HPOS="725" VPOS="1471" WIDTH="102" HEIGHT="21" WC="0.92" CONTENT="inlemnat"/><SP WIDTH="16" VPOS="1471" HPOS="827"/>
							<String ID="string_327" HPOS="843" VPOS="1470" WIDTH="39" HEIGHT="22" WC="0.96" CONTENT="sitt"/>
						</TextLine>
					</TextBlock>
					<TextBlock ID="block_3" HPOS="188" VPOS="1512" WIDTH="400" HEIGHT="18">
						<TextLine ID="line_38" HPOS="188" VPOS="1512" WIDTH="400" HEIGHT="18">
							<String ID="string_328" HPOS="188" VPOS="1512" WIDTH="192" HEIGHT="18" WC="0.73" CONTENT="Ekonomiutskottets"/><SP WIDTH="13" VPOS="1512" HPOS="380"/>
							<String ID="string_329" HPOS="393" VPOS="1512" WIDTH="118" HEIGHT="18" WC="0.95" CONTENT="betänkande"/><SP WIDTH="13" VPOS="1512" HPOS="511"/>
							<String ID="string_330" HPOS="524" VPOS="1513" WIDTH="36" HEIGHT="17" WC="0.95" CONTENT="N:o"/><SP WIDTH="14" VPOS="1513" HPOS="560"/>
							<String ID="string_331" HPOS="574" VPOS="1514" WIDTH="14" HEIGHT="15" WC="0.96" CONTENT="1."/>
						</TextLine>
					</TextBlock>
				</ComposedBlock>
				<GraphicalElement ID="cblock_2" HPOS="1135" VPOS="467" WIDTH="7" HEIGHT="551"></GraphicalElement >
			</PrintSpace>
		</Page>
	</Layout>
</alto>
