1142 1803
272 177 26 19 22
578 177 45 23 N:o
643 178 22 22 9.

244 244 40 20 den
300 244 70 21 stälda
385 244 124 22 skirfvelser
525 244 40 22 och
583 244 190 28 framställningar,
789 244 78 22 vårdar
882 245 115 21 nämndens

243 278 127 26 handlingar
385 278 39 22 och
439 278 68 22 håller
522 278 59 22 öfver
598 278 47 22 dem
660 278 140 28 förteckning.

315 312 146 22 Ordföranden
481 312 108 22 äfvensom
608 313 117 21 nämndens
741 314 118 21 ledamöter
875 314 82 26 åtnjuta
973 320 25 14 ur

242 346 283 28 boställsbyggnadskassan
536 348 41 21 den
587 348 143 27 godtgörelse,
739 348 153 27 församlingen
900 350 12 19 å
920 348 78 27 kyrko-

242 382 93 20 stämma
350 381 32 22 för
398 381 48 22 dem
461 382 101 21 bestämt.

587 445 12 27 $
614 445 34 20 50.

248 486 10 9 .
315 484 201 22 Boställsnämnden
532 484 81 27 åligger
635 486 33 20 att
683 485 122 27 ombesörja
820 485 40 22 den
871 485 127 27 nybyggnad

244 519 40 20 och
308 519 35 21 det
364 519 114 21 underhåll
502 519 24 21 af
547 519 26 21 de
595 519 48 27 laga
659 519 67 22 husen
743 519 12 22 å
770 520 99 26 boställe,
885 526 46 15 som
946 520 53 21 böra

244 553 129 21 verkställas
396 553 13 21 å
430 554 92 20 kassans
544 553 125 27 bekostnad,
685 554 92 21 likasom
793 555 40 20 ock
848 554 149 21 brandförsäk-

243 588 47 26 ring
306 587 22 21 af
343 588 61 21 dessa
427 588 39 21 hus
482 588 108 21 äfvensom
606 590 32 20 att
653 594 25 15 ur
694 588 79 21 kassan
789 588 121 22 utanordna
925 588 72 22 härtill

244 622 139 27 erforderliga
406 623 76 21 medel.
512 622 80 22 Finnes
607 623 36 21 vid
659 623 58 27 dylik
733 623 128 27 nybyggnad
875 623 123 27 förändring

243 656 65 27 nödig
322 657 32 21 uti
370 657 73 21 härom
459 658 58 21 förut
532 658 124 21 meddelade
672 657 141 27 föreskrifter,
828 658 124 21 ankommer
963 657 34 21 det

244 690 13 22 å
272 691 105 21 nämnden
393 692 57 26 eller,
467 692 37 21 der
520 692 42 21 slik
576 692 126 27 förändring
716 692 93 27 påyrkas
825 692 23 21 af
861 692 136 21 boställshaf-

244 731 72 20 varen,
333 725 13 21 å
362 725 67 22 denne
444 727 33 20 att
491 725 98 22 tillstånd
604 726 34 21 till
653 725 152 28 förändringen
821 726 7 21 i
843 726 50 27 laga
909 726 88 26 ordning

243 759 97 21 utverka.
370 760 84 21 Mindre
469 760 124 27 förändring
608 760 35 21 må
658 760 53 21 dock
721 762 54 19 utan
785 760 104 21 särskildt
899 760 98 21 tillstånd

243 793 107 28 vidtagas,
366 800 34 15 om
415 794 108 21 nämnden
540 795 39 20 och
595 794 194 22 boställshafvaren
806 797 37 19 äro
855 795 73 21 derom
939 801 57 14 ense.

316 828 113 21 Nämnden
444 829 40 21 bör
500 828 62 21 äfven
579 829 58 21 såväl
653 829 64 27 tillse,
733 831 33 20 att
781 829 79 21 vården
875 829 24 20 af
913 829 24 21 de
949 829 47 26 laga

243 863 67 20 husen
333 863 47 21 icke
404 863 134 26 försummas,
562 869 46 15 som
631 863 40 21 ock
687 863 115 22 öfvervaka
817 863 113 21 boställets
947 863 50 20 häfd

244 899 56 19 samt
315 897 92 27 skogens
424 897 81 22 skötsel
521 898 41 21 oeh
576 897 62 22 bruk.

587 961 12 28 $
615 962 33 21 51.

314 1001 103 22 Föröfvas
440 1001 13 22 å
475 1001 92 22 boställe
590 1001 100 27 åverkan,
713 1001 84 22 bortför
819 1001 178 21 boställshafvare

244 1035 98 28 olofligen
358 1035 60 22 foder
434 1035 94 22 derifrån
544 1036 52 21 eller
606 1035 67 28 begår
683 1036 42 21 han
737 1042 69 15 annan
817 1035 103 22 straffbar
931 1035 66 21 hand-

243 1070 43 26 ling
302 1070 7 20 i
325 1069 99 22 afseende
441 1070 13 21 &
470 1070 125 27 detsamma,
611 1070 84 21 anmäle
710 1070 197 21 boställsnämnden
923 1070 74 20 härom

243 1103 39 22 hos
304 1103 160 22 vederbörande
487 1104 110 21 allmänna
619 1103 101 28 åklagare
735 1103 34 22 för
785 1104 55 21 åtals
855 1103 142 22 anställande.

593 1167 12 27 8
621 1167 34 21 52.

314 1201 94 32 Årligen,
432 1207 77 21 medan
532 1206 88 22 marken
638 1209 25 19 är
678 1207 46 26 bar,
741 1207 56 21 skall
812 1207 13 20 &
839 1207 92 21 boställe
947 1207 50 20 eko-

243 1241 86 21 nomisk
352 1241 119 27 besigtning
494 1241 24 21 af
534 1241 197 21 bostälisnämnden
746 1241 76 21 hållas.
853 1241 97 22 Särskild
965 1241 32 20 sä-

243 1276 42 21 dan
307 1275 121 27 besigtning
451 1275 103 22 anställes
573 1275 54 22 dock
646 1275 19 27 ej
680 1276 69 21 under
764 1277 31 24 &r,
812 1275 27 21 dä
855 1275 30 21 af-
901 1275 38 21 och
954 1275 43 21 till-

242 1310 113 27 trädessyn
370 1309 13 22 å
398 1310 108 27 bostället,
522 1309 67 28 enligt
604 1310 56 21 hvad
675 1310 7 21 i
697 1310 11 27 $
724 1311 27 20 56
767 1312 68 25 säges,
851 1316 49 21 eger
915 1316 54 15 rum.

315 1344 40 21 Om
378 1344 58 21 tiden
452 1344 34 21 för
501 1343 126 22 ekonomisk
642 1344 124 27 besigtning
781 1344 40 21 bör
836 1344 162 21 boställshafva-

242 1385 38 14 ren
295 1379 65 20 minst
376 1378 46 22 ätta
437 1379 66 26 dagar
518 1378 59 21 förut
592 1378 143 21 underrättas.

314 1413 73 22 Under
410 1414 26 21 de
460 1415 31 26 är,
512 1413 28 22 dä
554 1413 97 27 biskops-
667 1413 52 22 eller
735 1413 184 27 prostevisitation
933 1413 7 21 i
956 1413 42 21 för-

242 1448 119 26 samlingen
376 1448 104 26 inträffar,
495 1448 40 20 bör
550 1448 42 21 den
607 1448 139 21 ekonomiska
761 1447 153 27 besigtningen,
928 1446 71 22 sävidt

242 1482 82 26 möjligt
340 1484 29 24 är,
386 1482 45 21 före
447 1482 138 21 visitationen
601 1482 115 26 företagas.
