1142 1803
372 189 30 22 U.
418 190 28 22 B.
464 202 24 3 —
506 189 76 29 Prop.
598 190 46 22 N:o
660 190 39 22 10.
859 191 27 21 55

365 252 64 28 nöjas
450 253 50 21 med
522 255 34 19 att
579 255 50 25 taga
651 254 59 20 lösen
733 253 36 28 för
789 254 38 21 sin
849 254 40 21 lott
909 253 10 21 i

366 287 88 27 bolaget.

608 347 14 24 $
639 346 37 20 30.

436 397 133 28 Aktieegare,
589 397 75 21 hvilka
680 397 151 21 tillsammans
845 396 73 28 före-

369 431 81 21 träda
464 439 28 13 en
515 432 106 21 tiondedel
643 431 29 29 af
689 431 164 28 aktiekapitalet
869 431 52 20 eller

368 465 36 21 det
418 466 9 20 i
442 465 198 28 bolagsordningen
655 466 151 28 tilläfventyrs
820 465 10 21 i
841 465 81 21 sädant

369 500 101 28 afseende
486 500 111 21 bestämda
613 501 58 27 lägre
688 500 81 28 belopp,
782 507 51 14 vare
849 499 71 22 berät-

370 535 72 27 tigade
464 537 33 19 att
516 535 78 27 begära
615 535 206 21 sammankallande
836 533 29 28 af
884 533 36 22 bo-

371 569 143 27 lagsstämma
529 569 36 27 för
579 569 55 21 visst
648 569 115 27 uppgifvet
777 569 86 21 ärende.

440 603 154 21 Enahanda
603 605 57 19 rätt
669 603 80 27 hafve
765 603 43 21 ock
821 602 103 22 enskild

372 638 161 27 bolagsman
547 638 10 21 i
571 638 63 28 fall,
649 645 54 14 som
717 638 10 20 i
751 638 8 20 2
769 644 72 15 mom.
859 638 36 20 29
910 636 15 28 $

372 674 83 19 nämne
480 680 18 14 s.

447 706 85 28 Vägrar
547 707 179 27 bolagsstyrelsen
743 708 57 19 utan
816 706 49 27 laga
881 712 42 14 an-

374 741 89 27 ledning
486 743 34 19 att
542 741 141 28 efterkomma
702 741 100 27 begäran,
825 747 48 14 som
893 746 33 14 nu

374 777 27 19 är
422 776 92 26 nämnd,
531 783 35 20 ege
579 777 137 26 guvernören
733 775 10 20 i
758 775 60 21 länet
834 775 91 27 bemyn-

374 810 53 27 diga
449 810 111 21 sökanden
575 811 33 20 att
621 811 113 19 stämman
748 809 55 28 sjelf
813 815 114 15 samman-

376 844 64 21 kalla.

619 920 15 25 $
650 919 33 21 31.

447 971 137 28 Bolagsman
599 977 50 14 vare
663 970 96 28 obetaget
773 971 33 20 att
821 969 37 22 sin
873 969 57 21 aktie

378 1005 36 21 till
434 1012 79 14 annan
536 1005 113 28 öfverläta,
670 1005 25 20 sä
717 1004 48 21 vidt
779 1004 20 28 ej
812 1004 10 21 i
844 1003 85 28 bolags-

378 1040 124 27 ordningen
524 1039 143 22 annorlunda
690 1039 102 27 stadgas;
819 1038 52 21 dock
897 1045 35 20 ege

378 1074 153 27 0fverlätelsen
551 1074 20 27 ej
588 1073 82 21 verkan
685 1075 46 19 mot
746 1073 89 27 bolaget,
857 1072 75 21 innan

379 1115 43 21 nye
443 1115 79 20 egaren
538 1107 74 28 blifvit
625 1107 10 21 i
650 1107 126 21 aktieboken
795 1106 136 28 inskrifven;

380 1143 39 20 och
434 1143 77 20 stånde
530 1142 82 28 bolaget
626 1142 57 27 fritt,
706 1142 29 21 då
750 1141 71 22 sådan
835 1141 96 28 inskrif-

380 1177 56 27 ning
450 1177 92 27 begäres,
558 1178 33 19 att
601 1176 129 28 giltigheten
745 1176 28 28 af
782 1175 153 29 öfverlätelsen

378 1211 88 28 pröfva.

451 1241 33 26 Är
498 1245 145 28 förbehåll
657 1245 10 21 i
682 1245 253 28 bolagsordningen

380 1280 92 27 gjordt
494 1280 97 27 derom,
615 1281 43 20 att
675 1279 73 21 aktie
769 1279 45 21 vid
839 1279 94 27 öfver-

383 1314 97 21 låtelse
503 1314 47 21 bör
571 1314 215 27 bolagsmännen
808 1313 128 28 hembju-

382 1349 62 26 das,
467 1349 77 20 skall
558 1349 103 20 sådant
680 1348 139 28 förbehåll
833 1347 44 28 för
897 1349 40 19 att

382 1384 76 27 gälla
473 1383 10 21 i
498 1383 185 27 aktiebrefvet
697 1383 118 27 intagas.

456 1413 140 31 Öfverlåtelse
619 1417 29 27 af
668 1417 57 21 aktie
743 1417 38 27 får
802 1417 35 20 ske
858 1422 79 22 genom

384 1452 160 27 öfverlåtarens
565 1452 66 20 blotta
646 1451 172 27 namnteckning
837 1450 14 21 å
866 1449 69 22 aktie-

385 1486 87 28 brefvet.

249 1526 47 22 Lag-
309 1526 33 18 och
353 1526 183 17 Ekonomiutskottets
548 1525 110 17 betänkande
670 1524 37 18 N:o
720 1525 17 17 2.
