1142 1803
278 181 26 19 42

445 179 83 23 Ständ.
545 179 38 23 Sv.
600 192 26 3 —
642 179 73 27 Prop.
731 179 43 22 N:o
790 179 21 22 9.

456 245 80 28 odling,
561 252 44 14 som
628 245 109 28 upptagits
760 246 14 20 &
796 245 99 27 bostället,
911 245 73 21 hållits
998 246 9 20 i

456 280 95 28 behörigt
565 280 67 22 stånd
647 280 37 21 och
699 279 58 22 bruk.
789 275 71 26 Äskar
875 279 132 28 boställshaf-

455 321 66 15 varen
537 314 75 28 någon
626 314 131 28 förbättring
765 314 30 27 på
804 313 203 29 boställsbyggnads-

455 348 90 21 kassans
562 348 122 26 bekostnad,
700 348 37 21 bör
750 348 164 27 synenämnden
929 348 37 21 ock
973 356 34 14 om

455 382 151 29 befoyenheten
621 383 69 27 häraf
701 383 127 21 undersöka.
859 378 32 25 Är
906 383 13 21 å
934 383 72 22 bostäl-

455 417 28 21 let
496 417 57 29 plats
569 417 105 27 upplåten
694 417 35 28 för
743 417 117 22 industriel
874 417 131 29 inrättning,

454 451 54 22 skall
524 451 63 28 äfven
609 451 91 28 efterses,
717 459 32 14 om
764 451 25 22 de
804 451 133 28 föreskrifter
952 452 54 21 iakt-

456 486 70 28 tagits,
542 493 44 14 som
601 486 8 21 i
627 486 99 27 afseende
741 487 13 20 å
765 486 164 28 anläggningen
937 486 70 28 blifvit

456 520 94 22 bostället
566 520 32 22 till
613 521 99 21 säkerhet
725 521 128 21 meddelade.

696 606 30 22 54
741 606 20 28 $.

528 653 41 21 Vid
593 652 122 22 ekonomisk
737 652 122 28 besigtning
876 652 54 22 skall
943 659 62 21 syne-

454 688 123 21 nämndens
593 687 131 28 ordförande
738 687 49 27 föra
804 686 139 28 fullständigt
954 694 50 20 pro-

456 722 67 26 tokoll,
539 722 140 28 upptagande
691 721 79 28 jemväl
789 721 108 22 huruvida
912 721 92 22 boställs-

454 756 106 27 hafvaren
584 756 61 21 äskat
671 755 132 28 förbättring
826 756 12 21 &
863 755 93 22 bostället
976 756 29 27 pä

454 790 289 29 voställsbyyynadskassuns
761 790 116 22 bekostnad
896 790 108 27 äfvensom

454 825 123 22 nämndens
599 825 67 21 beslut
681 825 8 21 i
706 825 121 27 anledning
849 825 27 27 af
888 824 68 28 dylikt
969 831 35 20 yr-

454 859 70 22 kande
546 861 57 20 samt
625 859 202 28 boställshafvarens
853 859 36 21 och
912 859 91 21 boställs-

454 894 122 21 nämndens
592 893 72 28 öfriga
678 893 196 28 framställningar.

524 928 30 21 Så
576 928 45 27 fort
642 927 35 22 ske
699 927 45 22 kan
761 927 54 22 skall
829 927 174 28 synenämndens

454 963 131 27 ordförande
604 964 44 20 mot
662 962 55 21 bevis
733 962 96 22 tillställa
846 962 157 27 boställshafva-

454 1004 39 14 ren
516 997 37 21 och
576 997 195 22 boställsnämnden
793 997 85 27 styrkta
893 996 110 28 afskrifter

454 1031 27 28 af
493 1031 35 22 det
543 1032 51 27 utaf
605 1031 176 28 synenämndens
795 1031 104 28 samtliga
913 1031 90 21 ledamö-

454 1067 31 19 ter
504 1065 112 28 behörigen
636 1065 157 27 underskrifna
811 1064 125 28 protokollet
948 1067 56 19 samt

450 1099 80 28 jemväl
551 1099 32 22 till
601 1099 148 28 Domkapitlet
762 1099 97 22 insända
874 1099 82 27 styrkta
971 1099 32 27 af-

454 1134 88 28 skrifter
556 1134 27 27 af
595 1141 81 14 samma
689 1133 104 28 protokoll
808 1133 37 22 och
860 1133 143 28 förenämnda

454 1168 60 22 bevis.

697 1237 30 20 55
739 1237 20 28 $.

522 1283 182 27 Boställshafvare
719 1283 49 21 eller
776 1282 174 27 boställsnämnd,
958 1290 43 14 som

454 1317 44 21 icke
513 1317 59 28 nöjes
587 1317 48 21 med
646 1317 176 27 synenämndens
830 1317 71 26 beslut,
918 1313 21 36 mä
951 1317 51 22 sina

452 1351 110 28 skriftliga
581 1351 72 22 besvär
673 1351 96 28 deröfver
788 1351 69 22 tillika
872 1351 48 21 med
930 1354 71 25 proto-

452 1385 63 22 kollet
537 1386 58 27 öfver
616 1386 216 28 syneförrättningen
855 1386 58 21 inom
933 1387 69 21 trettio

453 1421 69 27 dagar
544 1421 53 27 efter
615 1421 66 27 deraf
699 1421 94 21 erhällen
809 1421 39 26 del,
863 1427 82 15 samma
960 1421 42 27 dag

453 1454 51 22 dock
527 1454 104 27 oräknad,
647 1454 34 22 till
696 1454 148 28 Domkapitlet
857 1454 92 28 ingifva,
964 1455 39 21 allt

452 1489 37 21 vid
503 1489 100 27 äfventyr
618 1490 33 20 att
665 1489 25 21 de
705 1489 27 27 af
743 1489 166 27 synenämnden
920 1489 81 21 medde-
