<?xml version="1.0" encoding="UTF-8"?>
<alto xmlns="http://www.loc.gov/standards/alto/ns-v3#" xmlns:xlink="http://www.w3.org/1999/xlink" xmlns:xsi="http://www.w3.org/2001/XMLSchema-instance" xsi:schemaLocation="http://www.loc.gov/standards/alto/ns-v3# http://www.loc.gov/alto/v3/alto-3-0.xsd">
	<Description>
		<MeasurementUnit>pixel</MeasurementUnit>
		<sourceImageInformation>
			<fileName>/tmp/tess_a3g17het_input.PNG</fileName>
		</sourceImageInformation>
		<OCRProcessing ID="OCR_0">
			<ocrProcessingStep>
				<processingSoftware>
					<softwareName>tesseract 5.3.4</softwareName>
				</processingSoftware>
			</ocrProcessingStep>
		</OCRProcessing>
	</Description>
	<Layout>
		<Page WIDTH="1142" HEIGHT="1803" PHYSICAL_IMG_NR="0" ID="page_0">
			<PrintSpace HPOS="0" VPOS="0" WIDTH="1142" HEIGHT="1803">
				<GraphicalElement ID="cblock_0" HPOS="73" VPOS="248" WIDTH="941" HEIGHT="11"></GraphicalElement >
				<ComposedBlock ID="cblock_1" HPOS="130" VPOS="294" WIDTH="130" HEIGHT="19">
					<TextBlock ID="block_0" HPOS="130" VPOS="294" WIDTH="130" HEIGHT="19">
						<TextLine ID="line_0" HPOS="130" VPOS="294" WIDTH="130" HEIGHT="19">
							<String ID="string_0" HPOS="130" VPOS="294" WIDTH="130" HEIGHT="19" WC="0.92" CONTENT="Bondeståndet"/>
						</TextLine>
					</TextBlock>
				</ComposedBlock>
				<GraphicalElement ID="cblock_2" HPOS="474" VPOS="202" WIDTH="28" HEIGHT="2"></GraphicalElement >
				<ComposedBlock ID="cblock_3" HPOS="385" VPOS="187" WIDTH="600" HEIGHT="31">
					<TextBlock ID="block_1" HPOS="385" VPOS="187" WIDTH="600" HEIGHT="31">
						<TextLine ID="line_1" HPOS="385" VPOS="187" WIDTH="600" HEIGHT="31">
							<String ID="string_1" HPOS="385" VPOS="187" WIDTH="29" HEIGHT="23" WC="0.89" CONTENT="U."/><SP WIDTH="15" VPOS="187" HPOS="414"/>
							<String ID="string_2" HPOS="429" VPOS="188" WIDTH="27" HEIGHT="22" WC="0.92" CONTENT="B."/><SP WIDTH="61" VPOS="188" HPOS="456"/>
							<String ID="string_3" HPOS="517" VPOS="189" WIDTH="74" HEIGHT="29" WC="0.96" CONTENT="Prop."/><SP WIDTH="16" VPOS="189" HPOS="591"/>
							<String ID="string_4" HPOS="607" VPOS="190" WIDTH="45" HEIGHT="22" WC="0.94" CONTENT="N:o"/><SP WIDTH="16" VPOS="190" HPOS="652"/>
							<String ID="string_5" HPOS="668" VPOS="190" WIDTH="21" HEIGHT="22" WC="0.96" CONTENT="1."/><SP WIDTH="270" VPOS="190" HPOS="689"/>
							<String ID="string_6" HPOS="959" VPOS="191" WIDTH="26" HEIGHT="19" WC="0.96" CONTENT="13"/>
						</TextLine>
					</TextBlock>
				</ComposedBlock>
				<ComposedBlock ID="cblock_4" HPOS="574" VPOS="298" WIDTH="182" HEIGHT="23">
					<TextBlock ID="block_2" HPOS="574" VPOS="298" WIDTH="182" HEIGHT="23">
						<TextLine ID="line_2" HPOS="574" VPOS="298" WIDTH="182" HEIGHT="23">
							<String ID="string_7" HPOS="574" VPOS="299" WIDTH="99" HEIGHT="17" WC="0.90" CONTENT="Utskottots"/><SP WIDTH="12" VPOS="299" HPOS="673"/>
							<String ID="string_8" HPOS="685" VPOS="298" WIDTH="71" HEIGHT="23" WC="0.96" CONTENT="förslag."/>
						</TextLine>
					</TextBlock>
				</ComposedBlock>
				<GraphicalElement ID="cblock_5" HPOS="72" VPOS="351" WIDTH="936" HEIGHT="17"></GraphicalElement >
				<GraphicalElement ID="cblock_6" HPOS="72" VPOS="353" WIDTH="936" HEIGHT="14"></GraphicalElement >
				<GraphicalElement ID="cblock_7" HPOS="72" VPOS="351" WIDTH="937" HEIGHT="17"></GraphicalElement >
				<GraphicalElement ID="cblock_8" HPOS="72" VPOS="350" WIDTH="936" HEIGHT="21"></GraphicalElement >
				<GraphicalElement ID="cblock_9" HPOS="72" VPOS="354" WIDTH="936" HEIGHT="17"></GraphicalElement >
				<ComposedBlock ID="cblock_10" HPOS="77" VPOS="396" WIDTH="252" HEIGHT="32">
					<TextBlock ID="block_3" HPOS="77" VPOS="396" WIDTH="252" HEIGHT="32">
						<TextLine ID="line_3" HPOS="77" VPOS="396" WIDTH="252" HEIGHT="32">
							<String ID="string_9" HPOS="77" VPOS="396" WIDTH="83" HEIGHT="30" WC="0.91" CONTENT="ganden"/><SP WIDTH="15" VPOS="396" HPOS="160"/>
							<String ID="string_10" HPOS="175" VPOS="397" WIDTH="91" HEIGHT="24" WC="0.91" CONTENT="rörande"/><SP WIDTH="15" VPOS="397" HPOS="266"/>
							<String ID="string_11" HPOS="281" VPOS="397" WIDTH="48" HEIGHT="31" WC="0.90" CONTENT="lega"/>
						</TextLine>
					</TextBlock>
				</ComposedBlock>
				<ComposedBlock ID="cblock_11" HPOS="174" VPOS="754" WIDTH="29" HEIGHT="465">
					<TextBlock ID="block_4" HPOS="174" VPOS="754" WIDTH="29" HEIGHT="465">
						<TextLine ID="line_4" HPOS="174" VPOS="754" WIDTH="29" HEIGHT="465">
							<String ID="string_12" HPOS="182" VPOS="1142" WIDTH="21" HEIGHT="77" WC="0.0" CONTENT="&#39;294[94"/><SP WIDTH="-22" VPOS="1142" HPOS="203"/>
							<String ID="string_13" HPOS="181" VPOS="1080" WIDTH="21" HEIGHT="47" WC="0.85" CONTENT="SSOP"/><SP WIDTH="-22" VPOS="1080" HPOS="202"/>
							<String ID="string_14" HPOS="180" VPOS="1057" WIDTH="22" HEIGHT="7" WC="0.87" CONTENT="1"/><SP WIDTH="-28" VPOS="1057" HPOS="202"/>
							<String ID="string_15" HPOS="174" VPOS="942" WIDTH="28" HEIGHT="101" WC="0.0" CONTENT="J93W]S10]"/><SP WIDTH="-22" VPOS="942" HPOS="202"/>
							<String ID="string_16" HPOS="180" VPOS="807" WIDTH="22" HEIGHT="120" WC="0.38" CONTENT="JURNIDPun"/><SP WIDTH="-23" VPOS="807" HPOS="202"/>
							<String ID="string_17" HPOS="179" VPOS="754" WIDTH="22" HEIGHT="39" WC="0.0" CONTENT="IEY"/>
						</TextLine>
					</TextBlock>
				</ComposedBlock>
				<ComposedBlock ID="cblock_12" HPOS="344" VPOS="398" WIDTH="218" HEIGHT="31">
					<TextBlock ID="block_5" HPOS="344" VPOS="398" WIDTH="218" HEIGHT="31">
						<TextLine ID="line_5" HPOS="344" VPOS="398" WIDTH="218" HEIGHT="31">
							<String ID="string_18" HPOS="344" VPOS="398" WIDTH="24" HEIGHT="23" WC="0.95" CONTENT="af"/><SP WIDTH="10" VPOS="398" HPOS="368"/>
							<String ID="string_19" HPOS="378" VPOS="399" WIDTH="48" HEIGHT="28" WC="0.95" CONTENT="jord"/><SP WIDTH="14" VPOS="399" HPOS="426"/>
							<String ID="string_20" HPOS="440" VPOS="399" WIDTH="29" HEIGHT="30" WC="0.96" CONTENT="pä"/><SP WIDTH="14" VPOS="399" HPOS="469"/>
							<String ID="string_21" HPOS="483" VPOS="399" WIDTH="79" HEIGHT="25" WC="0.95" CONTENT="landet."/>
						</TextLine>
					</TextBlock>
				</ComposedBlock>
				<ComposedBlock ID="cblock_13" HPOS="352" VPOS="457" WIDTH="655" HEIGHT="302">
					<TextBlock ID="block_6" HPOS="352" VPOS="457" WIDTH="655" HEIGHT="302">
						<TextLine ID="line_6" HPOS="353" VPOS="457" WIDTH="652" HEIGHT="28">
							<String ID="string_22" HPOS="353" VPOS="457" WIDTH="112" HEIGHT="22" WC="0.92" CONTENT="Utskottet"/><SP WIDTH="22" VPOS="457" HPOS="465"/>
							<String ID="string_23" HPOS="487" VPOS="458" WIDTH="90" HEIGHT="22" WC="0.91" CONTENT="föreslär"/><SP WIDTH="21" VPOS="458" HPOS="577"/>
							<String ID="string_24" HPOS="598" VPOS="461" WIDTH="33" HEIGHT="19" WC="0.93" CONTENT="att"/><SP WIDTH="22" VPOS="461" HPOS="631"/>
							<String ID="string_25" HPOS="653" VPOS="459" WIDTH="109" HEIGHT="26" WC="0.92" CONTENT="ingressen"/><SP WIDTH="19" VPOS="459" HPOS="762"/>
							<String ID="string_26" HPOS="781" VPOS="459" WIDTH="67" HEIGHT="21" WC="0.92" CONTENT="mätte"/><SP WIDTH="22" VPOS="459" HPOS="848"/>
							<String ID="string_27" HPOS="870" VPOS="458" WIDTH="82" HEIGHT="22" WC="0.92" CONTENT="erhälla"/><SP WIDTH="14" VPOS="458" HPOS="952"/>
							<String ID="string_28" HPOS="966" VPOS="458" WIDTH="39" HEIGHT="21" WC="0.89" CONTENT="föl-"/>
						</TextLine>
						<TextLine ID="line_7" HPOS="352" VPOS="491" WIDTH="654" HEIGHT="28">
							<String ID="string_29" HPOS="352" VPOS="491" WIDTH="64" HEIGHT="27" WC="0.92" CONTENT="jande"/><SP WIDTH="21" VPOS="491" HPOS="416"/>
							<String ID="string_30" HPOS="437" VPOS="492" WIDTH="91" HEIGHT="27" WC="0.91" CONTENT="lydelse:"/><SP WIDTH="24" VPOS="492" HPOS="528"/>
							<String ID="string_31" HPOS="552" VPOS="493" WIDTH="59" HEIGHT="26" WC="0.89" CONTENT=",Med"/><SP WIDTH="22" VPOS="493" HPOS="611"/>
							<String ID="string_32" HPOS="633" VPOS="493" WIDTH="150" HEIGHT="26" WC="0.91" CONTENT="upphäfvande"/><SP WIDTH="18" VPOS="493" HPOS="783"/>
							<String ID="string_33" HPOS="801" VPOS="493" WIDTH="23" HEIGHT="22" WC="0.93" CONTENT="af"/><SP WIDTH="13" VPOS="493" HPOS="824"/>
							<String ID="string_34" HPOS="837" VPOS="493" WIDTH="71" HEIGHT="26" WC="0.90" CONTENT="kongl."/><SP WIDTH="16" VPOS="493" HPOS="908"/>
							<String ID="string_35" HPOS="924" VPOS="492" WIDTH="82" HEIGHT="21" WC="0.93" CONTENT="förord-"/>
						</TextLine>
						<TextLine ID="line_8" HPOS="354" VPOS="526" WIDTH="652" HEIGHT="28">
							<String ID="string_36" HPOS="354" VPOS="526" WIDTH="77" HEIGHT="26" WC="0.92" CONTENT="ningen"/><SP WIDTH="24" VPOS="526" HPOS="431"/>
							<String ID="string_37" HPOS="455" VPOS="526" WIDTH="40" HEIGHT="21" WC="0.96" CONTENT="den"/><SP WIDTH="25" VPOS="526" HPOS="495"/>
							<String ID="string_38" HPOS="520" VPOS="527" WIDTH="26" HEIGHT="21" WC="0.96" CONTENT="13"/><SP WIDTH="20" VPOS="527" HPOS="546"/>
							<String ID="string_39" HPOS="566" VPOS="527" WIDTH="46" HEIGHT="27" WC="0.96" CONTENT="juni"/><SP WIDTH="19" VPOS="527" HPOS="612"/>
							<String ID="string_40" HPOS="631" VPOS="528" WIDTH="56" HEIGHT="21" WC="0.93" CONTENT="1800"/><SP WIDTH="16" VPOS="528" HPOS="687"/>
							<String ID="string_41" HPOS="703" VPOS="528" WIDTH="91" HEIGHT="21" WC="0.92" CONTENT="rörande"/><SP WIDTH="15" VPOS="528" HPOS="794"/>
							<String ID="string_42" HPOS="809" VPOS="527" WIDTH="81" HEIGHT="22" WC="0.92" CONTENT="städsel"/><SP WIDTH="15" VPOS="527" HPOS="890"/>
							<String ID="string_43" HPOS="905" VPOS="527" WIDTH="39" HEIGHT="21" WC="0.93" CONTENT="och"/><SP WIDTH="15" VPOS="527" HPOS="944"/>
							<String ID="string_44" HPOS="959" VPOS="527" WIDTH="47" HEIGHT="26" WC="0.92" CONTENT="lega"/>
						</TextLine>
						<TextLine ID="line_9" HPOS="355" VPOS="560" WIDTH="652" HEIGHT="27">
							<String ID="string_45" HPOS="355" VPOS="560" WIDTH="22" HEIGHT="20" WC="0.96" CONTENT="af"/><SP WIDTH="19" VPOS="560" HPOS="377"/>
							<String ID="string_46" HPOS="396" VPOS="560" WIDTH="49" HEIGHT="26" WC="0.95" CONTENT="jord"/><SP WIDTH="23" VPOS="560" HPOS="445"/>
							<String ID="string_47" HPOS="468" VPOS="561" WIDTH="28" HEIGHT="26" WC="0.96" CONTENT="pä"/><SP WIDTH="23" VPOS="561" HPOS="496"/>
							<String ID="string_48" HPOS="519" VPOS="561" WIDTH="72" HEIGHT="21" WC="0.96" CONTENT="landet"/><SP WIDTH="21" VPOS="561" HPOS="591"/>
							<String ID="string_49" HPOS="612" VPOS="561" WIDTH="39" HEIGHT="21" WC="0.96" CONTENT="och"/><SP WIDTH="21" VPOS="561" HPOS="651"/>
							<String ID="string_50" HPOS="672" VPOS="562" WIDTH="26" HEIGHT="20" WC="0.87" CONTENT="16"/><SP WIDTH="16" VPOS="562" HPOS="698"/>
							<String ID="string_51" HPOS="714" VPOS="562" WIDTH="34" HEIGHT="25" WC="0.82" CONTENT="Si"/><SP WIDTH="15" VPOS="562" HPOS="748"/>
							<String ID="string_52" HPOS="763" VPOS="561" WIDTH="151" HEIGHT="26" WC="0.96" CONTENT="förordningen"/><SP WIDTH="15" VPOS="561" HPOS="914"/>
							<String ID="string_53" HPOS="929" VPOS="561" WIDTH="22" HEIGHT="21" WC="0.97" CONTENT="af"/><SP WIDTH="14" VPOS="561" HPOS="951"/>
							<String ID="string_54" HPOS="965" VPOS="561" WIDTH="42" HEIGHT="20" WC="0.96" CONTENT="den"/>
						</TextLine>
						<TextLine ID="line_10" HPOS="356" VPOS="594" WIDTH="650" HEIGHT="28">
							<String ID="string_55" HPOS="356" VPOS="594" WIDTH="26" HEIGHT="21" WC="0.91" CONTENT="19"/><SP WIDTH="22" VPOS="594" HPOS="382"/>
							<String ID="string_56" HPOS="404" VPOS="594" WIDTH="97" HEIGHT="22" WC="0.91" CONTENT="februari"/><SP WIDTH="27" VPOS="594" HPOS="501"/>
							<String ID="string_57" HPOS="528" VPOS="596" WIDTH="59" HEIGHT="26" WC="0.93" CONTENT="1883,"/><SP WIDTH="17" VPOS="596" HPOS="587"/>
							<String ID="string_58" HPOS="604" VPOS="596" WIDTH="109" HEIGHT="26" WC="0.92" CONTENT="angäende"/><SP WIDTH="16" VPOS="596" HPOS="713"/>
							<String ID="string_59" HPOS="729" VPOS="596" WIDTH="151" HEIGHT="26" WC="0.91" CONTENT="egostyckning"/><SP WIDTH="15" VPOS="596" HPOS="880"/>
							<String ID="string_60" HPOS="895" VPOS="594" WIDTH="40" HEIGHT="22" WC="0.93" CONTENT="och"/><SP WIDTH="13" VPOS="594" HPOS="935"/>
							<String ID="string_61" HPOS="948" VPOS="594" WIDTH="58" HEIGHT="27" WC="0.92" CONTENT="jord-"/>
						</TextLine>
						<TextLine ID="line_11" HPOS="355" VPOS="628" WIDTH="652" HEIGHT="28">
							<String ID="string_62" HPOS="355" VPOS="628" WIDTH="124" HEIGHT="28" WC="0.89" CONTENT="afsöndring"/><SP WIDTH="23" VPOS="628" HPOS="479"/>
							<String ID="string_63" HPOS="502" VPOS="629" WIDTH="13" HEIGHT="21" WC="0.86" CONTENT="&amp;"/><SP WIDTH="16" VPOS="629" HPOS="515"/>
							<String ID="string_64" HPOS="531" VPOS="630" WIDTH="74" HEIGHT="21" WC="0.93" CONTENT="frälse-"/><SP WIDTH="13" VPOS="630" HPOS="605"/>
							<String ID="string_65" HPOS="618" VPOS="630" WIDTH="40" HEIGHT="21" WC="0.93" CONTENT="och"/><SP WIDTH="15" VPOS="630" HPOS="658"/>
							<String ID="string_66" HPOS="673" VPOS="630" WIDTH="170" HEIGHT="21" WC="0.96" CONTENT="skattehemman"/><SP WIDTH="16" VPOS="630" HPOS="843"/>
							<String ID="string_67" HPOS="859" VPOS="631" WIDTH="54" HEIGHT="19" WC="0.93" CONTENT="samt"/><SP WIDTH="15" VPOS="631" HPOS="913"/>
							<String ID="string_68" HPOS="928" VPOS="629" WIDTH="79" HEIGHT="27" WC="0.91" CONTENT="legoaf-"/>
						</TextLine>
						<TextLine ID="line_12" HPOS="355" VPOS="662" WIDTH="652" HEIGHT="29">
							<String ID="string_69" HPOS="355" VPOS="662" WIDTH="31" HEIGHT="20" WC="0.94" CONTENT="tal"/><SP WIDTH="23" VPOS="662" HPOS="386"/>
							<String ID="string_70" HPOS="409" VPOS="668" WIDTH="33" HEIGHT="16" WC="0.91" CONTENT="om"/><SP WIDTH="24" VPOS="668" HPOS="442"/>
							<String ID="string_71" HPOS="466" VPOS="663" WIDTH="70" HEIGHT="27" WC="0.90" CONTENT="nägon"/><SP WIDTH="24" VPOS="663" HPOS="536"/>
							<String ID="string_72" HPOS="560" VPOS="664" WIDTH="33" HEIGHT="22" WC="0.96" CONTENT="del"/><SP WIDTH="23" VPOS="664" HPOS="593"/>
							<String ID="string_73" HPOS="616" VPOS="664" WIDTH="23" HEIGHT="21" WC="0.92" CONTENT="af"/><SP WIDTH="18" VPOS="664" HPOS="639"/>
							<String ID="string_74" HPOS="657" VPOS="664" WIDTH="72" HEIGHT="27" WC="0.91" CONTENT="dylika"/><SP WIDTH="15" VPOS="664" HPOS="729"/>
							<String ID="string_75" HPOS="744" VPOS="664" WIDTH="130" HEIGHT="26" WC="0.92" CONTENT="lägenheter,"/><SP WIDTH="15" VPOS="664" HPOS="874"/>
							<String ID="string_76" HPOS="889" VPOS="666" WIDTH="55" HEIGHT="19" WC="0.96" CONTENT="samt"/><SP WIDTH="15" VPOS="666" HPOS="944"/>
							<String ID="string_77" HPOS="959" VPOS="664" WIDTH="48" HEIGHT="20" WC="0.96" CONTENT="med"/>
						</TextLine>
						<TextLine ID="line_13" HPOS="356" VPOS="696" WIDTH="651" HEIGHT="29">
							<String ID="string_78" HPOS="356" VPOS="696" WIDTH="90" HEIGHT="27" WC="0.96" CONTENT="ändring"/><SP WIDTH="18" VPOS="696" HPOS="446"/>
							<String ID="string_79" HPOS="464" VPOS="697" WIDTH="23" HEIGHT="21" WC="0.96" CONTENT="af"/><SP WIDTH="16" VPOS="697" HPOS="487"/>
							<String ID="string_80" HPOS="503" VPOS="699" WIDTH="9" HEIGHT="19" WC="0.96" CONTENT="1"/><SP WIDTH="15" VPOS="699" HPOS="512"/>
							<String ID="string_81" HPOS="527" VPOS="698" WIDTH="39" HEIGHT="21" WC="0.96" CONTENT="och"/><SP WIDTH="17" VPOS="698" HPOS="566"/>
							<String ID="string_82" HPOS="583" VPOS="700" WIDTH="25" HEIGHT="20" WC="0.96" CONTENT="15"/><SP WIDTH="16" VPOS="700" HPOS="608"/>
							<String ID="string_83" HPOS="624" VPOS="698" WIDTH="23" HEIGHT="27" WC="0.89" CONTENT="$$"/><SP WIDTH="18" VPOS="698" HPOS="647"/>
							<String ID="string_84" HPOS="665" VPOS="699" WIDTH="25" HEIGHT="20" WC="0.96" CONTENT="16"/><SP WIDTH="16" VPOS="699" HPOS="690"/>
							<String ID="string_85" HPOS="706" VPOS="698" WIDTH="48" HEIGHT="27" WC="0.93" CONTENT="kap."/><SP WIDTH="17" VPOS="698" HPOS="754"/>
							<String ID="string_86" HPOS="771" VPOS="698" WIDTH="144" HEIGHT="22" WC="0.91" CONTENT="Jordabalken"/><SP WIDTH="15" VPOS="698" HPOS="915"/>
							<String ID="string_87" HPOS="930" VPOS="698" WIDTH="77" HEIGHT="20" WC="0.92" CONTENT="varder"/>
						</TextLine>
						<TextLine ID="line_14" HPOS="356" VPOS="729" WIDTH="451" HEIGHT="30">
							<String ID="string_88" HPOS="356" VPOS="729" WIDTH="125" HEIGHT="28" WC="0.92" CONTENT="härigenom"/><SP WIDTH="25" VPOS="729" HPOS="481"/>
							<String ID="string_89" HPOS="506" VPOS="731" WIDTH="126" HEIGHT="22" WC="0.91" CONTENT="förordnadt"/><SP WIDTH="27" VPOS="731" HPOS="632"/>
							<String ID="string_90" HPOS="659" VPOS="739" WIDTH="45" HEIGHT="14" WC="0.92" CONTENT="som"/><SP WIDTH="25" VPOS="739" HPOS="704"/>
							<String ID="string_91" HPOS="729" VPOS="732" WIDTH="78" HEIGHT="27" WC="0.92" CONTENT="följer:*"/>
						</TextLine>
					</TextBlock>
				</ComposedBlock>
				<ComposedBlock ID="cblock_14" HPOS="358" VPOS="977" WIDTH="654" HEIGHT="199">
					<TextBlock ID="block_7" HPOS="358" VPOS="977" WIDTH="654" HEIGHT="199">
						<TextLine ID="line_15" HPOS="358" VPOS="977" WIDTH="653" HEIGHT="29">
							<String ID="string_92" HPOS="358" VPOS="977" WIDTH="32" HEIGHT="22" WC="0.96" CONTENT="Då"/><SP WIDTH="23" VPOS="977" HPOS="390"/>
							<String ID="string_93" HPOS="413" VPOS="977" WIDTH="126" HEIGHT="23" WC="0.95" CONTENT="Utskottets"/><SP WIDTH="20" VPOS="977" HPOS="539"/>
							<String ID="string_94" HPOS="559" VPOS="979" WIDTH="80" HEIGHT="27" WC="0.93" CONTENT="förslag"/><SP WIDTH="21" VPOS="979" HPOS="639"/>
							<String ID="string_95" HPOS="660" VPOS="979" WIDTH="69" HEIGHT="22" WC="0.96" CONTENT="blifvit"/><SP WIDTH="16" VPOS="979" HPOS="729"/>
							<String ID="string_96" HPOS="745" VPOS="979" WIDTH="22" HEIGHT="21" WC="0.92" CONTENT="af"/><SP WIDTH="14" VPOS="979" HPOS="767"/>
							<String ID="string_97" HPOS="781" VPOS="982" WIDTH="76" HEIGHT="19" WC="0.96" CONTENT="tvenne"/><SP WIDTH="25" VPOS="982" HPOS="857"/>
							<String ID="string_98" HPOS="882" VPOS="979" WIDTH="62" HEIGHT="21" WC="0.92" CONTENT="stånd"/><SP WIDTH="15" VPOS="979" HPOS="944"/>
							<String ID="string_99" HPOS="959" VPOS="979" WIDTH="52" HEIGHT="26" WC="0.92" CONTENT="god-"/>
						</TextLine>
						<TextLine ID="line_16" HPOS="358" VPOS="1008" WIDTH="653" HEIGHT="32">
							<String ID="string_100" HPOS="358" VPOS="1012" WIDTH="67" HEIGHT="21" WC="0.95" CONTENT="kändt"/><SP WIDTH="16" VPOS="1012" HPOS="425"/>
							<String ID="string_101" HPOS="441" VPOS="1015" WIDTH="62" HEIGHT="19" WC="0.96" CONTENT="utom"/><SP WIDTH="15" VPOS="1015" HPOS="503"/>
							<String ID="string_102" HPOS="518" VPOS="1013" WIDTH="56" HEIGHT="21" WC="0.96" CONTENT="hvad"/><SP WIDTH="16" VPOS="1013" HPOS="574"/>
							<String ID="string_103" HPOS="590" VPOS="1013" WIDTH="101" HEIGHT="22" WC="0.96" CONTENT="beträffar"/><SP WIDTH="15" VPOS="1013" HPOS="691"/>
							<String ID="string_104" HPOS="706" VPOS="1014" WIDTH="65" HEIGHT="21" WC="0.96" CONTENT="orden"/><SP WIDTH="15" VPOS="1014" HPOS="771"/>
							<String ID="string_105" HPOS="786" VPOS="1014" WIDTH="7" HEIGHT="21" WC="0.96" CONTENT="i"/><SP WIDTH="16" VPOS="1014" HPOS="793"/>
							<String ID="string_106" HPOS="809" VPOS="1014" WIDTH="12" HEIGHT="21" WC="0.93" CONTENT="3"/><SP WIDTH="16" VPOS="1014" HPOS="821"/>
							<String ID="string_107" HPOS="837" VPOS="1015" WIDTH="33" HEIGHT="25" WC="0.81" CONTENT="&amp;:n"/><SP WIDTH="19" VPOS="1015" HPOS="870"/>
							<String ID="string_108" HPOS="889" VPOS="1008" WIDTH="42" HEIGHT="32" WC="0.90" CONTENT=",Är"/><SP WIDTH="15" VPOS="1008" HPOS="931"/>
							<String ID="string_109" HPOS="946" VPOS="1013" WIDTH="18" HEIGHT="26" WC="0.96" CONTENT="ej"/><SP WIDTH="16" VPOS="1013" HPOS="964"/>
							<String ID="string_110" HPOS="980" VPOS="1013" WIDTH="31" HEIGHT="20" WC="0.96" CONTENT="tid"/>
						</TextLine>
						<TextLine ID="line_17" HPOS="358" VPOS="1047" WIDTH="654" HEIGHT="27">
							<String ID="string_111" HPOS="358" VPOS="1048" WIDTH="74" HEIGHT="24" WC="0.93" CONTENT="utsatt,"/><SP WIDTH="17" VPOS="1048" HPOS="432"/>
							<String ID="string_112" HPOS="449" VPOS="1047" WIDTH="58" HEIGHT="26" WC="0.93" CONTENT="gälle"/><SP WIDTH="20" VPOS="1047" HPOS="507"/>
							<String ID="string_113" HPOS="527" VPOS="1048" WIDTH="122" HEIGHT="26" WC="0.91" CONTENT="legoaftalet"/><SP WIDTH="22" VPOS="1048" HPOS="649"/>
							<String ID="string_114" HPOS="671" VPOS="1049" WIDTH="7" HEIGHT="19" WC="0.96" CONTENT="i"/><SP WIDTH="22" VPOS="1049" HPOS="678"/>
							<String ID="string_115" HPOS="700" VPOS="1048" WIDTH="29" HEIGHT="21" WC="0.96" CONTENT="tio"/><SP WIDTH="24" VPOS="1048" HPOS="729"/>
							<String ID="string_116" HPOS="753" VPOS="1048" WIDTH="44" HEIGHT="26" WC="0.82" CONTENT="år&quot;,"/><SP WIDTH="15" VPOS="1048" HPOS="797"/>
							<String ID="string_117" HPOS="812" VPOS="1047" WIDTH="85" HEIGHT="21" WC="0.93" CONTENT="hvilken"/><SP WIDTH="22" VPOS="1047" HPOS="897"/>
							<String ID="string_118" HPOS="919" VPOS="1047" WIDTH="93" HEIGHT="21" WC="0.91" CONTENT="bestäm-"/>
						</TextLine>
						<TextLine ID="line_18" HPOS="358" VPOS="1080" WIDTH="654" HEIGHT="28">
							<String ID="string_119" HPOS="358" VPOS="1080" WIDTH="50" HEIGHT="26" WC="0.95" CONTENT="ning"/><SP WIDTH="27" VPOS="1080" HPOS="408"/>
							<String ID="string_120" HPOS="435" VPOS="1081" WIDTH="78" HEIGHT="21" WC="0.95" CONTENT="endast"/><SP WIDTH="19" VPOS="1081" HPOS="513"/>
							<String ID="string_121" HPOS="532" VPOS="1082" WIDTH="23" HEIGHT="20" WC="0.96" CONTENT="af"/><SP WIDTH="22" VPOS="1082" HPOS="555"/>
							<String ID="string_122" HPOS="577" VPOS="1084" WIDTH="32" HEIGHT="18" WC="0.96" CONTENT="ett"/><SP WIDTH="23" VPOS="1084" HPOS="609"/>
							<String ID="string_123" HPOS="632" VPOS="1082" WIDTH="61" HEIGHT="21" WC="0.93" CONTENT="stånd"/><SP WIDTH="30" VPOS="1082" HPOS="693"/>
							<String ID="string_124" HPOS="723" VPOS="1082" WIDTH="117" HEIGHT="26" WC="0.91" CONTENT="omfattats,"/><SP WIDTH="25" VPOS="1082" HPOS="840"/>
							<String ID="string_125" HPOS="865" VPOS="1080" WIDTH="90" HEIGHT="22" WC="0.96" CONTENT="föreslås"/><SP WIDTH="24" VPOS="1080" HPOS="955"/>
							<String ID="string_126" HPOS="979" VPOS="1082" WIDTH="33" HEIGHT="19" WC="0.96" CONTENT="att"/>
						</TextLine>
						<TextLine ID="line_19" HPOS="359" VPOS="1113" WIDTH="653" HEIGHT="29">
							<String ID="string_127" HPOS="359" VPOS="1113" WIDTH="122" HEIGHT="22" WC="0.92" CONTENT="Ständerna"/><SP WIDTH="23" VPOS="1113" HPOS="481"/>
							<String ID="string_128" HPOS="504" VPOS="1115" WIDTH="66" HEIGHT="21" WC="0.95" CONTENT="måtte"/><SP WIDTH="22" VPOS="1115" HPOS="570"/>
							<String ID="string_129" HPOS="592" VPOS="1115" WIDTH="113" HEIGHT="27" WC="0.96" CONTENT="godkänna"/><SP WIDTH="14" VPOS="1115" HPOS="705"/>
							<String ID="string_130" HPOS="719" VPOS="1115" WIDTH="122" HEIGHT="22" WC="0.95" CONTENT="Utskottets"/><SP WIDTH="15" VPOS="1115" HPOS="841"/>
							<String ID="string_131" HPOS="856" VPOS="1115" WIDTH="134" HEIGHT="21" WC="0.96" CONTENT="betänkande"/><SP WIDTH="15" VPOS="1115" HPOS="990"/>
							<String ID="string_132" HPOS="1005" VPOS="1115" WIDTH="7" HEIGHT="21" WC="0.96" CONTENT="i"/>
						</TextLine>
						<TextLine ID="line_20" HPOS="360" VPOS="1148" WIDTH="652" HEIGHT="28">
							<String ID="string_133" HPOS="360" VPOS="1148" WIDTH="64" HEIGHT="27" WC="0.96" CONTENT="öfrigt"/><SP WIDTH="15" VPOS="1148" HPOS="424"/>
							<String ID="string_134" HPOS="439" VPOS="1151" WIDTH="63" HEIGHT="19" WC="0.96" CONTENT="utom"/><SP WIDTH="15" VPOS="1151" HPOS="502"/>
							<String ID="string_135" HPOS="517" VPOS="1152" WIDTH="31" HEIGHT="19" WC="0.93" CONTENT="att"/><SP WIDTH="15" VPOS="1152" HPOS="548"/>
							<String ID="string_136" HPOS="563" VPOS="1149" WIDTH="138" HEIGHT="22" WC="0.92" CONTENT="förenämnda"/><SP WIDTH="16" VPOS="1149" HPOS="701"/>
							<String ID="string_137" HPOS="717" VPOS="1150" WIDTH="39" HEIGHT="21" WC="0.96" CONTENT="ord"/><SP WIDTH="16" VPOS="1150" HPOS="756"/>
							<String ID="string_138" HPOS="772" VPOS="1149" WIDTH="46" HEIGHT="22" WC="0.93" CONTENT="från"/><SP WIDTH="16" VPOS="1149" HPOS="818"/>
							<String ID="string_139" HPOS="834" VPOS="1150" WIDTH="13" HEIGHT="26" WC="0.78" CONTENT="&amp;"/><SP WIDTH="15" VPOS="1150" HPOS="847"/>
							<String ID="string_140" HPOS="862" VPOS="1149" WIDTH="13" HEIGHT="21" WC="0.92" CONTENT="3"/><SP WIDTH="12" VPOS="1149" HPOS="875"/>
							<String ID="string_141" HPOS="887" VPOS="1149" WIDTH="125" HEIGHT="21" WC="0.92" CONTENT="utelemnas."/>
						</TextLine>
					</TextBlock>
				</ComposedBlock>
				<GraphicalElement ID="cblock_15" HPOS="337" VPOS="261" WIDTH="11" HEIGHT="1256"></GraphicalElement >
				<ComposedBlock ID="cblock_16" HPOS="134" VPOS="1526" WIDTH="853" HEIGHT="28">
					<TextBlock ID="block_8" HPOS="134" VPOS="1526" WIDTH="853" HEIGHT="28">
						<TextLine ID="line_21" HPOS="134" VPOS="1526" WIDTH="853" HEIGHT="28">
							<String ID="string_142" HPOS="134" VPOS="1526" WIDTH="48" HEIGHT="23" WC="0.88" CONTENT="Lag-"/><SP WIDTH="13" VPOS="1526" HPOS="182"/>
							<String ID="string_143" HPOS="195" VPOS="1527" WIDTH="32" HEIGHT="17" WC="0.92" CONTENT="och"/><SP WIDTH="12" VPOS="1527" HPOS="227"/>
							<String ID="string_144" HPOS="239" VPOS="1527" WIDTH="135" HEIGHT="19" WC="0.92" CONTENT="Ekonomiutsk."/><SP WIDTH="14" VPOS="1527" HPOS="374"/>
							<String ID="string_145" HPOS="388" VPOS="1530" WIDTH="265" HEIGHT="24" WC="0.88" CONTENT="sammanjemkningsförslag"/><SP WIDTH="12" VPOS="1530" HPOS="653"/>
							<String ID="string_146" HPOS="665" VPOS="1531" WIDTH="9" HEIGHT="17" WC="0.85" CONTENT="i"/><SP WIDTH="11" VPOS="1531" HPOS="674"/>
							<String ID="string_147" HPOS="685" VPOS="1532" WIDTH="37" HEIGHT="16" WC="0.85" CONTENT="anl."/><SP WIDTH="14" VPOS="1532" HPOS="722"/>
							<String ID="string_148" HPOS="736" VPOS="1532" WIDTH="24" HEIGHT="21" WC="0.93" CONTENT="af"/><SP WIDTH="13" VPOS="1532" HPOS="760"/>
							<String ID="string_149" HPOS="773" VPOS="1531" WIDTH="93" HEIGHT="18" WC="0.96" CONTENT="Utskottets"/><SP WIDTH="13" VPOS="1531" HPOS="866"/>
							<String ID="string_150" HPOS="879" VPOS="1531" WIDTH="31" HEIGHT="17" WC="0.95" CONTENT="bet."/><SP WIDTH="14" VPOS="1531" HPOS="910"/>
							<String ID="string_151" HPOS="924" VPOS="1532" WIDTH="35" HEIGHT="16" WC="0.96" CONTENT="N:o"/><SP WIDTH="13" VPOS="1532" HPOS="959"/>
							<String ID="string_152" HPOS="972" VPOS="1531" WIDTH="15" HEIGHT="17" WC="0.96" CONTENT="1."/>
						</TextLine>
					</TextBlock>
				</ComposedBlock>
				<GraphicalElement ID="cblock_17" HPOS="1135" VPOS="33" WIDTH="7" HEIGHT="865"></GraphicalElement >
				<GraphicalElement ID="cblock_18" HPOS="1011" VPOS="256" WIDTH="15" HEIGHT="1259"></GraphicalElement >
			</PrintSpace>
		</Page>
	</Layout>
</alto>
