1142 1803
353 176 83 23 Ständ.
452 176 38 24 Sv.
507 189 25 3 —
550 176 72 28 Prop.
636 177 42 22 N:o
691 177 22 21 9.
855 179 26 19 39

358 242 116 22 underhåll
497 242 27 28 af
542 242 25 22 de
581 242 51 28 laga
646 242 68 22 husen
731 244 12 20 &
760 242 91 27 boställe,
867 250 44 14 som

358 277 36 21 vid
409 277 50 28 laga
474 277 99 27 husesyn,
589 277 122 22 ekonomisk
726 277 122 28 besigtning
862 277 49 21 eller

358 312 159 27 kyrkostämma
536 312 71 27 blifvit
623 312 9 21 i
648 312 85 28 behörig
749 312 94 28 ordning
858 312 52 27 fast-

358 346 82 27 stälda;

428 382 33 20 att
481 381 84 27 årligen
587 380 104 29 besigtiga
709 381 25 21 de
749 380 50 28 laga
813 380 69 22 husen
897 381 12 20 å

359 415 85 22 boställe
468 417 56 20 samt
546 415 79 22 besluta
645 415 37 21 och
695 415 74 27 utföra
785 415 24 21 de
823 421 87 21 repara-

360 450 75 26 tioner,
458 457 45 14 som
526 449 73 22 dervid
621 449 49 22 eller
691 449 50 28 eljes
756 449 74 28 finnas
845 449 65 28 erfor-

359 484 83 28 derliga
464 485 34 27 för
520 485 78 21 husens
615 484 102 22 hållande
732 484 9 21 i
756 484 76 28 laggilt
845 484 64 27 skick,

360 519 52 22 dock
437 521 33 19 att
498 519 151 22 kostsammare
678 519 158 28 förbättringar
861 519 50 21 böra

359 554 169 27 kyrkostämmas
550 554 108 28 pröfning
683 554 35 20 och
745 553 66 22 beslut
831 553 78 22 under-

358 588 86 27 ställas;

430 624 32 20 att
476 622 82 28 besörja
572 623 79 21 husens
666 622 200 28 brandförsäkring,
879 623 31 27 pä

358 659 44 20 sätt
416 658 9 21 i
441 657 30 21 23
484 657 15 28 $
513 660 70 26 säges;

427 694 33 20 att
482 692 66 27 hafva
569 692 87 28 uppsigt
675 692 58 27 öfver
747 692 126 27 utförandet
887 691 26 27 af

359 727 85 21 sådana
467 728 67 20 större
556 726 157 28 förbättringar
735 727 12 20 å
773 725 84 22 boställe
880 726 29 26 pä

360 761 285 28 boställsbyggnadskassans
661 761 121 26 bekostnad,
797 767 44 15 som
855 760 9 21 i
879 760 32 21 20

358 795 16 28 $
388 798 136 25 omnämnas;

428 832 37 25 att,
488 831 38 20 der
546 830 133 28 försäljning
701 830 27 27 af
747 829 95 22 boställes
859 829 51 28 skog

360 865 172 28 ifrågakommer,
548 865 65 28 hafva
629 864 74 28 tillsyn
717 864 58 28 öfver
786 864 123 28 afverknin-

360 906 52 21 gens
426 899 155 22 verkställande
595 901 57 20 samt
666 899 42 22 den
719 899 114 28 afverkade
840 899 70 28 skogs-

361 934 99 22 markens
474 934 99 28 behöriga
587 934 118 28 rensning;

428 971 32 19 att
488 976 27 15 ur
544 969 274 28 boställsbyggnadskassan
846 970 63 20 utan-

360 1004 70 21 ordna
445 1004 35 27 för
494 1003 144 28 förenämnda
653 1003 103 22 ändamål
771 1003 139 28 erforderliga

359 1038 77 26 medel;
450 1039 55 20 samt

428 1074 33 19 att
480 1072 74 21 bereda
574 1072 25 21 de
619 1072 96 21 ärenden
734 1072 112 27 angående
861 1072 48 26 byg-

360 1106 71 28 gande
454 1106 36 21 och
519 1106 114 21 underhåll
655 1107 28 27 af
702 1106 90 27 boställe,
816 1113 42 14 som
879 1106 29 27 på

360 1141 169 27 kyrkostämmas
543 1141 166 28 handläggning
724 1141 120 22 ankomma.

602 1205 32 20 49
647 1205 20 28 $.

430 1245 85 22 Finnes
529 1245 37 22 vid
580 1245 131 28 nybyggnad
726 1245 132 28 förändring
873 1247 36 19 nö-

360 1280 38 28 dig
419 1279 33 22 uti
472 1279 74 22 härom
562 1280 58 27 förut
634 1279 123 22 meddelade
769 1279 140 28 föreskrifter,

360 1315 122 21 ankommer
502 1315 34 20 det
556 1315 13 20 å
584 1314 202 27 boställsnämnden,
801 1314 56 26 eller,
873 1313 37 21 der

359 1349 42 21 slik
416 1348 133 29 förändring
566 1349 93 29 påyrkas
675 1349 26 27 af
713 1348 196 28 boställshafvaren,

360 1384 14 21 å
390 1383 69 22 denne
474 1385 32 20 att
521 1383 97 22 tillstånd
634 1383 32 22 till
677 1382 233 29 förändringen
843 1378 14 38 i
862 1378 52 38 laga

360 1417 96 28 ordning
478 1417 93 22 utverka.
609 1417 90 22 Mindre
720 1417 133 27 förändring
874 1417 35 20 mä

360 1452 50 21 dock
423 1454 56 20 utan
493 1452 65 21 skildt
569 1452 97 22 tillstånd
678 1452 104 28 vidtagas,
791 1458 33 15 om
832 1453 78 20 nämn-

360 1486 41 22 den
416 1486 36 22 och
468 1486 187 28 boställshafvaren
672 1489 38 19 äro
725 1487 68 21 derom
811 1493 55 15 ense.
