1142 1803
290 207 26 21 18
486 206 30 23 U.
531 207 29 22 B.
576 220 28 3 —
619 207 76 29 Prop.
710 208 46 22 N:o
772 208 21 21 1.

258 270 117 27 ingendera
397 273 76 24 parten
494 270 77 21 sådant
591 270 107 21 motsade.
720 282 28 4 —
770 270 58 20 Enär
843 270 38 21 det
895 270 118 22 emellertid

258 304 24 21 är
298 304 158 28 otvifvelaktigt
472 308 31 17 att
519 312 26 13 en
561 304 60 27 dylik
635 305 138 27 rörläggning
788 304 45 22 ofta
849 305 66 21 redan
930 305 36 21 vid
981 308 32 18 ut-

258 338 128 27 stakningen
401 338 51 21 eller
466 338 135 22 omedelbart
615 339 52 21 derå
674 339 42 21 kan
726 339 101 27 försiggå,
839 339 38 21 har
887 339 126 21 Utskottets

257 372 69 21 flertal
346 372 67 21 funnit
430 373 131 27 stadgandet
576 380 51 13 vara
642 373 125 21 välbetänkt
782 373 73 20 såsom
869 373 144 21 befordrande

258 410 32 18 ett
312 407 176 26 skyndsammare
509 407 87 27 förlopp
619 407 25 20 af
660 407 156 27 förrättningen
831 407 42 20 och
887 407 126 21 minskande

258 441 143 27 sakegarenes
416 441 123 21 kostnader.
557 441 62 22 Efter
629 441 180 22 skifteslotternas
820 442 123 27 utstakning
953 441 60 21 kom-

257 482 46 15 mer
324 475 99 28 vanligen
443 476 47 20 icke
511 476 71 27 någon
604 476 135 27 betydligare
754 476 123 27 förändring
892 477 31 20 uti
937 476 76 21 bered-

257 509 191 28 ningsåtgärderna
475 510 41 20 och
542 510 88 21 sålunda
657 510 18 26 ej
702 510 66 21 heller
790 511 30 20 uti
841 510 75 26 sjelfva
939 510 73 21 skiftet

258 545 6 19 i
286 544 66 27 fråga,
377 544 41 20 och
441 551 36 14 om
498 544 64 21 äfven
583 545 67 26 några
676 544 63 21 rösen
767 544 77 21 efteråt
860 545 53 20 böra
929 551 82 14 raseras

258 578 50 20 eller
331 578 127 26 ombyggas,
480 578 65 20 blifva
560 578 145 20 kostnaderna
721 578 71 20 derför
807 578 108 27 betydligt
931 578 80 20 mindre

258 612 27 20 än
308 612 32 24 de,
362 612 72 20 hvilka
454 613 80 27 uppstå
546 619 79 20 genom
640 612 168 21 landtmätarens
824 612 41 20 och
880 613 59 26 gode
953 612 58 20 män-

257 653 53 14 nens
330 646 105 27 förnyade
450 654 47 13 resa
513 648 6 19 i
534 646 41 21 och
591 646 32 21 för
639 647 165 27 rörläggningen
819 650 56 18 samt
887 647 124 27 jordegare-

257 688 38 13 nes
318 680 42 21 och
381 680 312 28 handräckningsmanskapets
716 681 115 27 tidspillan.
861 681 41 21 Att
922 682 45 20 åter
982 682 30 20 uti

257 722 64 13 mom.
344 715 68 20 införa
434 719 32 16 ett
486 715 77 27 tillägg
580 717 30 18 uti
625 715 114 27 uppgifvet
755 715 58 26 syfte
827 715 70 20 kunde
913 717 99 19 omintet-

257 749 53 27 göra
325 749 92 26 afsigten
432 749 50 20 med
497 749 137 27 stadgandet,
651 749 50 20 enär
717 749 42 21 den
774 756 40 13 ena
825 749 50 20 eller
885 750 66 20 andra
964 757 47 19 par-

256 787 38 17 ten
316 783 27 20 då
362 783 70 20 kunde
448 783 136 27 godtyckligt
600 783 120 21 bestämma
736 791 35 13 om
787 790 27 14 en
829 783 124 21 omedelbar
968 783 43 21 rör-

256 818 103 27 läggning
381 817 55 27 finge
460 824 40 21 ega
522 824 45 14 rum
588 818 41 20 och
652 825 79 20 genom
747 821 31 18 ett
793 818 143 27 motsägande
951 817 64 22 häraf

257 851 87 22 åsamka
365 853 45 19 sina
426 852 187 20 medintressenter
629 853 6 19 i
650 851 74 22 skiftet
739 852 124 21 kostnader.
893 852 52 20 Med
960 852 51 20 hän-

257 893 40 19 syn
312 885 32 22 till
358 886 28 20 de
400 886 104 20 särskilda
519 886 165 27 bestämningar,
701 886 71 21 hvilka
787 886 33 21 för
835 886 65 27 öfrigt
912 886 56 27 gälla
979 886 33 21 för

256 920 174 27 klyfningsskifte
452 920 50 21 eller
524 920 114 21 framdeles
660 921 86 20 komme
763 924 33 17 att
811 920 102 25 utfärdas,
929 921 38 20 har
982 922 29 19 uti

257 954 67 21 första
346 955 114 26 meningen
482 954 62 21 ordet
567 971 4 8 ,
574 954 77 25 förut"
674 958 82 17 ansetts
775 954 123 27 lämpligast
912 954 53 21 böra
980 961 31 14 er-

256 989 69 20 sättas
340 989 50 20 med
406 988 136 25 ,,särskildt''.

325 1023 175 20 Vidkommande
514 1023 164 26 bestämningen
693 1026 30 17 uti
738 1022 12 29 8
766 1028 28 20 24
809 1021 19 29 (8
837 1023 34 26 22)
887 1023 80 24 derom,
979 1026 32 18 att

256 1057 156 20 landtmätaren
428 1064 51 19 eger
493 1058 58 19 inom
565 1059 73 18 trettio
655 1057 66 26 dagar
735 1057 54 20 efter
800 1057 67 20 sådan
877 1057 132 26 förrättning,

256 1097 48 14 som
318 1091 30 20 uti
364 1089 12 29 &
392 1096 26 20 23
434 1089 20 29 (8
472 1090 34 26 21)
528 1090 142 25 omförmäles,
687 1090 31 21 till
738 1090 207 21 länelandtmätaren
960 1091 6 20 i
981 1090 30 21 af-

256 1125 80 20 seende
359 1125 12 20 ä
393 1125 131 26 granskning
546 1125 89 20 insända
655 1125 62 20 karta
738 1124 41 21 och
795 1124 68 27 öfriga
878 1124 131 27 handlingar,

256 1159 39 20 har
316 1158 116 21 Utskottet
453 1159 51 26 hyst
519 1159 128 20 tvifvelsmäl
661 1159 103 20 huruvida
779 1158 48 21 icke
843 1165 26 14 en
885 1158 59 27 dylik
959 1159 52 20 tids-

256 1193 136 26 bestämning
421 1193 23 20 är
472 1193 70 26 egnad
567 1196 32 17 att
622 1194 5 19 i
650 1194 33 19 sin
704 1193 48 20 män
775 1193 90 26 bidraga
888 1193 69 20 dertill
979 1196 32 17 att

256 1227 156 20 landtmätaren
427 1228 6 19 i
448 1227 120 27 möjligaste
591 1228 69 20 mätto
675 1227 86 20 komme
777 1231 32 17 att
824 1227 138 27 undandraga
977 1229 34 25 sig

255 1261 168 21 verkställandet
438 1261 25 20 af
474 1261 162 27 ifrägavarande
649 1261 156 27 förrättningar,
819 1261 51 20 enär
879 1261 43 20 han
932 1268 79 19 genom

255 1295 142 21 nästnämnda
418 1296 159 26 bestämningar
597 1296 68 20 skulle
685 1296 84 27 nödgas
785 1295 98 21 använda
898 1303 27 12 en
940 1295 35 20 del
989 1295 24 20 af

256 1330 42 19 den
319 1329 63 21 korta
404 1330 60 20 tiden
486 1330 32 20 för
533 1330 112 20 utarbeten
661 1330 30 21 till
706 1329 304 27 förrättningshandlingarnas

256 1363 124 21 affattande.
410 1363 52 21 Med
483 1364 102 20 afseende
600 1365 13 19 ä
628 1364 130 27 stadgandet
774 1365 29 19 uti
819 1363 12 28 &
849 1368 22 21 15
889 1363 20 28 ($
927 1363 31 26 13)
974 1369 36 14 om

254 1398 60 21 tiden
337 1397 32 21 för
391 1398 166 26 eganderättens
577 1398 118 27 öfvergäng
709 1399 36 20 vid
757 1398 144 27 jorddelning,
917 1398 38 20 har
970 1397 40 21 Ut-

255 1432 82 20 skottet
360 1432 118 20 emellertid
499 1432 47 20 icke
564 1432 80 20 kunnat
660 1433 70 26 undgå
745 1435 32 17 att
793 1432 42 20 låta
851 1432 92 20 nämnda
958 1432 52 20 tids-

255 1466 136 26 bestämning
406 1466 92 26 qvarstå.

324 1495 37 36 Uti
377 1499 12 37 $
404 1505 28 20 29
447 1499 19 28 ($
482 1500 34 26 27)
532 1500 130 20 bestämmes
684 1500 53 20 huru
758 1500 42 20 den
822 1500 65 26 ärliga
909 1499 100 27 afgälden

322 1538 47 23 Lag-
382 1539 32 16 och
426 1539 181 17 Ekonomiutskottets
619 1539 109 18 betänkande
741 1539 37 17 N:o
792 1540 14 15 1.
