1142 1803
404 199 30 22 U.
450 199 27 21 B.
494 211 28 2 —
536 198 74 28 Prop.
626 198 45 22 N:o
688 199 22 21 8.

454 567 417 27 Lagutskottetshemställan
880 568 55 21 med

386 601 134 27 anledning
543 601 26 22 af
590 601 29 21 de
642 602 89 27 beslut,
747 602 71 22 hvari
833 602 103 22 stånden

384 636 98 22 stannat
497 636 40 21 vid
554 636 181 27 behandlingen
751 636 28 22 af
793 636 66 22 Hans
881 636 55 28 Kej-

385 670 90 27 serliga
490 670 123 28 Majestäts
630 670 89 28 nådiga
731 670 154 28 proposition
896 677 39 15 an-

385 704 91 27 gående
492 704 92 21 lärares
601 704 46 21 och
661 704 153 22 lärarinnors
833 704 41 22 vid
890 705 45 20 ele-

384 737 251 28 mentarläroverken,
653 738 145 21 läroverken
814 738 40 22 för
869 739 67 21 kvin-

384 771 148 28 nobildning
548 772 61 21 samt
625 771 198 23 folkskollärare-
843 772 44 22 och
903 773 33 21 lä-

384 806 278 21 rarinneseminarierna
677 805 88 28 afgäng
779 813 30 14 ur
830 807 106 28 tjensten

384 840 42 21 vid
443 840 47 21 viss
506 839 77 22 älder.

249 914 85 21 Genom
349 914 202 27 protokollsutdrag
566 914 45 20 frän
627 914 27 20 de
670 914 105 21 särskilda
794 914 91 21 ständen
899 914 38 20 har

178 948 157 27 Lagutskottet
350 949 112 24 inhämtat,
479 949 37 20 det
532 948 126 21 Utskottets
674 948 67 21 andra
749 948 138 21 betänkande
895 949 41 20 N:o

179 988 19 19 2,
215 984 6 19 i
236 982 116 27 anledning
366 983 24 20 af
402 983 60 20 Hans
478 982 121 27 Kejserliga
615 982 113 27 Majestäts
743 983 79 26 nädiga
838 983 99 26 proposi-

178 1017 46 20 tion
240 1017 112 26 angäende
367 1016 79 21 lärares
462 1016 42 21 och
520 1016 127 20 lärarinnors
668 1016 36 20 vid
727 1016 210 21 elementarlärover-

176 1050 49 25 ken,
242 1050 127 20 läroverken
384 1051 32 20 för
432 1050 177 26 kvinnobildning
623 1053 57 17 samt
700 1050 173 20 folkskollärare-
895 1050 42 20 och

177 1084 257 21 lärarinneseminarierna
450 1083 82 28 afgäng
547 1091 22 12 ur
585 1083 93 26 tjensten
693 1084 36 20 vid
747 1085 44 19 viss
809 1083 65 26 ålder,
891 1083 46 21 blif-

178 1119 31 20 vit
224 1119 6 19 i
246 1118 91 21 ständen
353 1118 124 26 föredraget
492 1117 42 20 och
550 1117 138 21 behandladt.

246 1152 84 21 Därvid
350 1151 39 21 har
412 1152 37 20 det
473 1153 6 19 i
498 1151 42 21 den
555 1151 79 27 nädiga
649 1153 166 26 propositionen
831 1152 106 27 ingäende

177 1186 104 27 förslaget
297 1186 31 21 till
343 1186 125 27 förordning
483 1187 6 19 i
505 1186 72 20 ämnet
593 1185 22 20 af
629 1185 60 21 såväl
710 1185 163 28 Ridderskapet
895 1185 42 21 och

178 1220 73 20 Adeln
266 1227 48 13 som
330 1221 83 20 Preste-
429 1220 42 20 och
486 1220 189 26 Borgareständen
696 1219 109 27 godkänts
820 1221 7 19 i
843 1219 94 27 enlighet

176 1254 51 21 med
242 1254 166 27 Lagutskottets
424 1254 135 25 hemställan,
579 1253 78 20 medan
673 1254 164 21 Bondeständet
850 1253 87 21 beslutit

176 1291 39 22 att,
232 1288 50 21 med
298 1288 158 27 godkännande
472 1289 6 19 i
494 1288 65 27 öfrigt
575 1288 24 20 af
611 1288 163 27 ifrägavarande
790 1288 146 27 författnings-

176 1322 87 27 förslag,
281 1322 33 21 för
331 1328 7 15 1
357 1321 12 29 $
385 1324 6 19 i
407 1323 121 20 detsamma
544 1325 78 24 antaga
641 1322 42 20 den
701 1322 90 26 lydelse,
811 1329 48 14 som
874 1324 5 19 i
895 1322 41 20 den

176 1356 148 21 betänkandet
339 1356 118 27 vidfogade
473 1357 160 20 reservationen
649 1356 23 20 är
688 1356 128 27 föreslagen.

246 1391 28 20 På
290 1391 68 26 grund
373 1390 65 21 häraf
450 1390 42 20 och
508 1390 33 25 dä,
556 1389 83 27 jämlikt
655 1395 24 21 71
699 1390 12 26 8
730 1391 6 19 i
759 1390 177 27 Landtdagsord-

176 1425 85 26 ningen,
278 1424 47 26 fyra
341 1424 74 20 ständs
431 1424 162 26 samstämmiga
608 1423 70 21 beslut
694 1425 5 19 i
716 1424 69 20 denna
802 1425 60 25 fräga
875 1425 22 19 är
915 1424 25 20 af

176 1458 78 25 nöden,
271 1458 31 20 fär
318 1458 161 27 Lagutskottet,
497 1458 32 20 för
545 1458 107 20 ernäende
663 1454 19 36 af
677 1458 189 21 ständerbeslut
859 1454 9 36 i
877 1458 60 20 ären-

178 1492 43 25 det,
238 1492 111 20 vördsamt
364 1492 85 24 föreslä,

245 1531 129 22 Lagutskottets
387 1531 61 17 andra
460 1530 110 18 betänkande
583 1530 37 18 N:o
633 1531 17 17 2.
