1142 1803
256 190 15 20 4
444 184 30 22 U.
489 184 28 22 B.
534 198 27 2 —
578 184 77 29 Prop.
670 184 47 23 N:o
732 184 23 22 8.

227 246 84 22 införda
326 248 276 28 grundlagsbestämningar
617 255 48 14 som
681 248 27 21 de
723 248 65 21 ofvan
803 248 90 21 anförda
915 248 68 21 borde

226 281 26 21 af
263 281 111 22 Ständena
388 282 109 28 företagas
513 282 77 22 endast
605 282 75 22 sävida
700 290 27 13 en
742 282 68 21 sädan
831 282 92 28 ändring
946 283 37 21 be-

224 316 102 27 tingades
350 316 26 21 af
398 323 26 14 en
448 323 80 21 genom
556 317 149 21 erfarenheten
729 316 32 22 till
784 316 51 21 fullo
860 317 123 27 ädagalagd

226 350 168 27 nödvändighet.

294 384 35 21 De
354 384 53 25 skäl,
433 391 48 14 som
506 385 127 21 föranledde
651 385 122 21 införandet
787 385 26 20 af
824 385 159 28 äldersgränser

224 417 34 22 för
272 418 83 21 befälet
369 418 37 21 vid
420 418 68 21 finska
502 419 112 25 militären,
630 426 55 13 voro
700 419 26 20 af
737 419 82 27 ganska
837 419 146 28 exceptionell

224 455 68 18 natur.
322 452 50 21 Den
386 453 90 20 militära
491 453 171 27 tjenstgöringen
677 456 62 24 tager
753 453 50 21 vida
819 460 58 14 mera
893 453 26 21 än
946 454 36 20 nä-

223 489 40 24 got
278 486 26 21 af
315 486 28 21 de
359 486 61 21 civila
436 487 113 21 ämbetena
565 487 28 21 de
612 487 83 27 fysiska
717 487 108 21 krafterna
851 489 6 19 i
881 487 100 28 anspräk.

222 520 44 21 För
281 527 27 14 en
323 520 73 21 officer
411 521 41 20 kan
468 521 72 21 därför
555 521 42 21 den
612 521 122 27 minskning
748 521 25 21 af
781 521 199 28 kroppskrafterna,

221 561 48 14 som
286 556 7 19 i
308 555 73 27 regeln
396 555 84 26 ätföljer
496 562 26 14 en
538 555 141 21 framskriden
695 555 65 25 älder,
777 555 66 21 blifva
862 559 32 17 ett
921 556 60 26 afgö-

222 588 67 21 rande
304 588 76 21 hinder
394 588 33 22 för
442 589 143 27 fullgörandet
601 589 24 21 af
637 589 54 21 hans
706 589 129 27 äligganden
851 591 6 19 i
881 590 98 26 tjensten,

222 623 43 20 och
282 623 71 21 denna
368 623 162 27 omständighet
545 625 6 19 i
567 624 97 26 förening
679 624 51 20 med
745 625 74 26 vigten
834 624 25 21 af
870 631 27 14 en
912 624 67 21 snabb

222 656 116 22 befordran
354 658 36 20 vid
405 658 104 21 militären
530 658 113 21 äfvensom
667 658 123 27 anslutning
815 658 32 21 till
871 658 109 22 utländskt

222 691 113 21 föredöme
350 692 133 21 motiverade
498 692 132 27 nyssnämda
646 692 152 28 inskränkning
813 694 7 19 i
840 693 139 21 inamovibili-

222 726 163 26 tetsprincipen.

290 758 88 22 Samma
393 759 132 28 synpunkter
540 760 71 20 kunna
627 760 48 21 icke
689 760 54 27 göra
765 761 34 26 sig
821 760 100 27 gällande
943 761 36 20 vid

222 793 138 21 bedömande
376 793 24 21 af
412 793 141 21 skollärarens
569 794 106 27 ställning.
706 794 43 21 Om
764 794 67 21 ocksä
845 795 81 20 dennes
947 802 32 13 ar-

221 827 51 21 bete
289 839 27 3 —
332 827 67 22 oftast
414 828 114 27 enformigt
544 828 41 20 och
600 829 111 20 tröttande
727 841 26 2 —
769 829 23 20 är
808 829 25 20 af
844 829 41 20 den
894 829 85 20 beskaf-

221 861 80 25 fenhet,
318 865 32 18 att
366 862 52 20 hans
434 862 80 26 tysiska
530 862 42 21 och
587 862 226 27 själsförmögenheter
828 863 65 20 däraf
903 865 6 18 i
934 863 45 27 hög

220 895 55 28 grad
291 896 127 27 ansträngas
434 897 41 20 och
490 896 107 21 mähända
612 898 6 19 i
633 897 116 20 allmänhet
764 897 73 26 aftaga
860 897 36 20 vid
911 904 27 13 en
952 899 26 19 ti-

222 929 74 28 digare
312 930 58 21 älder
386 930 27 21 än
428 930 40 21 hos
484 930 27 21 de
526 931 62 20 flesta
603 931 67 20 andra
685 931 135 26 tjenstemän,
837 931 23 20 är
875 931 37 21 det
921 931 57 21 dock

220 963 76 22 tvifvel
310 964 162 25 underkastadt,
488 971 36 14 om
540 965 69 20 denna
624 965 140 27 nedsättning
787 965 25 20 af
822 965 108 21 krafterna
955 966 23 20 är

221 998 24 20 sä
260 997 132 28 betydande,
408 1001 32 18 att
456 999 41 20 den
512 999 67 21 skulle
601 999 88 20 inverka
714 1000 29 26 pä
769 999 142 21 skollärarens
937 999 41 21 för-

220 1033 65 26 måga
300 1035 32 18 att
348 1032 90 27 fullgöra
452 1033 58 20 hvad
525 1033 13 20 å
553 1033 81 20 honom
649 1035 6 19 i
671 1033 92 27 tjensten
782 1033 130 21 ankommer.
943 1034 34 20 De

221 1066 101 20 fackmän
337 1067 29 26 pä
381 1066 87 21 skolans
483 1067 94 24 omräde,
593 1067 73 20 hvilka
684 1070 71 18 ansett
782 1070 32 18 att
839 1068 24 19 sä
888 1068 89 20 förhölle

221 1101 34 26 sig
270 1099 42 21 och
325 1101 28 26 pä
368 1100 69 27 grund
452 1100 64 21 däraf
528 1101 96 21 förordat
640 1101 120 21 införandet
775 1101 26 20 af
806 1108 26 13 en
842 1101 135 27 åldersgräns

220 1133 34 21 för
268 1135 59 19 vissa
342 1134 47 27 slag
404 1134 22 21 af
440 1135 73 24 lärare,
530 1135 64 20 hafva
615 1135 179 27 hufvudsakligen
816 1135 89 21 betonat
930 1136 47 20 svä-

220 1167 99 28 righeten
334 1167 33 22 för
382 1175 27 14 en
423 1169 93 26 gammal
530 1169 68 20 lärare
614 1172 32 18 att
661 1169 147 27 upprätthälla
823 1169 42 20 den
880 1171 6 19 i
901 1169 76 21 skolan

220 1201 140 28 erforderliga
376 1202 131 27 disciplinen,
523 1209 49 14 men
588 1203 99 21 däremot
708 1203 51 21 med
773 1203 82 21 mindre
882 1203 95 27 öfverty-

220 1235 61 27 gelse
297 1235 114 22 framhällit
426 1237 53 20 hans
502 1237 111 27 oförmäga
636 1241 33 17 att
689 1237 122 21 handhafva
833 1238 144 20 undervisnin-

219 1277 50 19 gen.
299 1270 9 20 I
323 1270 36 21 fall
374 1277 48 14 man
438 1271 64 20 häraf
513 1271 31 20 får
560 1271 66 27 draga
642 1272 42 20 den
699 1272 94 25 slutsats,
809 1275 32 18 att
857 1272 120 21 erfarenhe-

219 1307 37 17 ten
271 1304 48 21 icke
334 1305 6 20 i
356 1305 118 20 sistnämda
488 1305 103 21 afseende
606 1305 63 27 gifvit
683 1305 116 28 anledning
813 1305 31 21 till
855 1306 121 27 synnerliga

220 1338 179 27 betänkligheter,
415 1339 42 21 kan
472 1347 49 13 man
536 1340 35 20 väl
586 1341 50 20 med
652 1340 47 21 skäl
714 1340 66 27 fråga,
800 1347 35 14 om
851 1341 27 20 de
893 1341 83 26 vigtiga

218 1374 75 23 motiv,
310 1376 51 17 utan
376 1373 72 21 hvilka
464 1381 26 13 en
504 1374 67 21 sådan
587 1374 77 27 åtgärd
679 1381 48 14 som
743 1375 42 20 den
797 1374 121 27 föreslagna
928 1374 47 21 icke

220 1406 40 21 bör
274 1407 107 27 vidtagas,
397 1407 110 28 verkligen
522 1408 39 21 här
576 1408 111 27 föreligga.
717 1409 44 20 Det
777 1409 23 20 är
816 1410 6 19 i
840 1409 37 20 vår
901 1409 32 20 tid
956 1408 18 27 ej

218 1440 74 26 längre
307 1447 81 20 genom
402 1442 141 20 användande
558 1442 26 20 af
595 1442 192 27 kroppskrafterna
808 1442 82 20 läraren
905 1442 70 20 öfver-

217 1474 69 20 vakar
301 1474 136 27 uppförande
452 1476 42 21 och
509 1476 91 26 ordning
615 1478 6 18 i
637 1476 81 20 skolan.
748 1476 111 21 Huruvida
874 1476 41 20 han
931 1476 44 26 lyc-

282 1512 133 24 Lagutskottets
427 1514 112 18 betänkande
551 1514 38 18 N:o
601 1515 18 17 2.
