1142 1803
365 203 30 22 U.
411 204 27 21 B.
456 217 27 1 —
500 204 75 28 Prop.
590 204 46 22 N:o
652 204 39 22 10.
851 205 28 21 49

352 266 49 21 till
423 266 207 28 innehafvaren
651 268 85 20 stäldt
759 267 148 21 interims-

352 300 78 21 bevis
442 308 66 14 vare
526 301 143 27 förbjudet
684 301 99 27 Xinnan
797 302 110 21 aktiens

352 335 66 21 hela
434 335 95 27 belopp
544 335 139 21 inbetalts.

597 421 15 27 $
627 422 34 19 19.

424 477 145 22 Försummas
591 478 124 27 utskrifven
732 477 140 28 inbetalning
894 477 14 22 å

343 511 73 28 ”aktie,
436 519 35 20 ege
487 512 83 27 bolaget
584 512 111 27 förelägga
709 519 80 20 egaren
803 514 50 25 att,
869 512 38 21 vid

353 546 104 28 äfventyr
466 546 29 27 af
506 547 85 20 aktiens
605 546 86 27 förlust,
707 547 63 20 inom
783 547 72 21 trettio
865 547 40 20 da-

351 587 42 21 gar
417 580 54 28 frän
492 580 173 28 föreläggandets
691 580 216 28 tillkännagifvande

353 614 98 28 fullgöra
472 615 140 27 betalningen
627 615 25 21 sä
668 615 35 21 till
717 615 129 27 hufvudstol
860 622 47 14 som

353 650 115 26 upplupen
482 651 74 19 vänta.
591 650 45 20 Gör
653 656 78 21 egaren
753 650 52 21 dock
825 650 20 27 e
865 650 41 26 det,

353 683 57 21 skall
432 684 74 20 aktien
521 684 110 27 förklaras
649 691 54 13 vara
718 684 29 27 af
758 684 81 21 honom
858 684 47 27 för-

354 718 79 20 verkad
456 717 38 21 och
509 718 36 27 för
560 718 93 27 bolagets
670 718 100 27 räkning
786 718 120 28 föryttras;

354 752 39 20 och
416 752 49 20 söke
482 751 83 28 bolaget
579 752 67 21 sedan
661 752 38 21 hos
715 752 80 21 honom
809 754 27 19 ut
851 752 58 21 hvad

354 786 29 27 af
390 787 47 20 dess
447 787 93 26 fordran
556 786 13 21 ä
579 786 74 21 aktien
664 786 44 21 icke
717 786 97 21 sälunda
827 786 78 27 utgätt.

424 820 86 21 Finnes
524 821 125 27 inskrifven
664 821 132 27 fängesman
813 821 39 21 och
867 821 41 20 vill

355 855 84 27 bolaget
459 855 61 20 hålla
542 855 33 28 sig
591 855 66 27 äfven
676 855 35 21 till
725 855 87 27 honom,
835 855 38 20 mä
888 855 21 27 e&

354 889 74 21 aktien
438 889 114 28 föryttras,
567 890 70 20 derest
651 890 44 21 icke
707 890 135 26 densamma,
858 889 50 21 med

356 923 101 21 likaledes
478 923 99 28 förelagd
592 924 32 20 tid
645 924 29 27 af
685 924 71 21 minst
771 924 72 21 trettio
865 924 40 21 da-

352 965 43 20 gar
409 958 36 27 för
460 958 34 21 det
508 958 110 27 förfallna
636 958 107 28 beloppets
759 958 147 27 inbetalande,

354 992 24 21 ät
392 992 177 27 fängesmannen
579 992 129 28 äterbjudits
721 994 58 19 samt
788 992 71 21 sådan
870 992 35 21 be-

355 1026 87 27 talning
469 1027 118 27 uteblifvit.
619 1022 44 26 Aro
690 1027 51 27 flere
768 1027 138 27 fängesmän,

353 1061 57 20 skall
432 1061 70 27 dylikt
524 1061 90 21 återbud
633 1061 34 21 ske
683 1061 56 26 först
753 1061 24 20 ät
791 1061 42 21 den
855 1062 52 19 när-

354 1097 69 18 maste
447 1095 38 20 och
508 1095 92 27 derefter
615 1095 24 20 ät
653 1095 75 27 hvarje
743 1095 134 27 föregäende,
898 1094 10 21 i

354 1129 102 27 ordning,
472 1129 26 20 sä
509 1129 61 27 långt
585 1129 82 27 bolaget
676 1129 33 27 sig
725 1129 36 21 till
774 1129 133 28 fängesman

354 1163 61 21 hälla
430 1163 46 21 vill.

595 1238 15 27 $
626 1238 37 20 20.

424 1294 77 21 man
523 1295 120 27 aktiebolag
665 1295 10 20 i
696 1295 92 27 stadgad
812 1295 95 27 ordning

355 1328 86 27 brutits,
458 1329 42 20 mä
510 1329 24 27 ej
549 1329 28 27 af
591 1329 92 27 bolagets
695 1329 120 27 tillgångar
828 1331 79 26 göras

354 1363 76 20 vidare
445 1363 116 27 utdelning
575 1365 31 18 än
621 1365 33 18 att
668 1363 135 20 återstående
814 1363 91 28 tillgån-

352 1404 84 20 garnas
452 1397 97 27 verkliga
559 1397 70 26 värde,
646 1397 55 27 efter
714 1397 80 27 afdrag
809 1397 29 27 af
845 1397 60 21 bola-

352 1433 47 25 gets
406 1431 58 27 gäld,
478 1431 54 27 fullt
542 1433 124 19 motsvarar
671 1431 163 27 aktiekapitalet
842 1433 65 24 samt,

354 1466 38 20 der
408 1465 69 27 enligt
487 1465 196 27 bolagsordningen
698 1465 74 27 någon
784 1465 34 21 del
833 1465 28 27 af
868 1464 38 21 är-

355 1500 45 27 liga
416 1499 89 21 vinsten
520 1500 70 20 skolat
605 1499 94 27 afsättas
715 1499 35 21 till
761 1499 146 27 aktiekapita-

217 1538 49 24 Lag-
279 1539 31 18 oeh
322 1538 183 18 Ekonomiutskottets
518 1538 109 17 betänkande
640 1538 37 17 N:o
689 1538 18 17 2.
827 1538 12 17 4
