1142 1803
398 191 65 21 U.:B.
478 203 28 3 —
522 191 63 27 Prop.
601 190 40 22 N:o
657 192 22 21 9.
867 193 26 20 63

160 253 81 27 ätnjuta
256 254 120 26 ersättning
391 254 67 27 enligt
473 254 192 27 resereglementet
681 254 42 20 och
736 254 42 21 den
791 254 133 28 sakkunnige

160 288 131 24 ledamoten,
315 289 6 19 i
343 288 226 21 öfverensstämmelse
587 288 51 21 med
654 288 58 21 hvad
728 288 32 21 för
776 288 149 22 ledamöterne

162 323 29 19 uti
214 321 133 21 komiteerna
368 322 33 20 för
416 322 107 27 reglering
539 322 24 20 af
575 322 184 28 prestaflöningen
775 323 24 20 är
813 323 111 27 stadgadt,

162 356 66 27 enligt
244 356 49 26 7:de
308 356 87 21 klassen
413 358 3 19 i
432 363 82 14 samma
530 356 139 27 reglemente.
701 356 126 21 Utskottets
844 357 81 27 förslag

162 392 6 19 i
184 391 72 20 ämnet
272 391 23 20 är
310 390 176 21 sammanfattadt
502 392 31 19 uti
548 391 25 26 $$
588 395 85 22 44—57
689 391 25 20 af
719 391 42 20 den
777 391 50 21 utaf
833 391 92 22 Utskot-

162 428 32 18 tet
214 425 39 20 här
276 425 70 20 nedan
367 425 116 20 förordade
499 425 153 27 förordningen
667 425 114 27 angäende
797 426 127 21 boställena.

231 459 45 21 Vid
290 459 174 27 genomgäendet
480 459 25 20 af
518 461 177 26 propositionens
711 459 68 28 öfriga
795 460 129 21 bestämnin-

163 500 38 20 gar
223 493 39 21 har
280 493 122 25 Utskottet,
418 497 50 17 utan
484 497 33 17 att
532 493 72 21 derför
619 493 141 22 underskatta
775 495 74 26 vigten
865 495 64 20 deraf

164 531 31 18 att
218 528 30 21 af-
269 528 42 20 och
325 527 171 26 tillträdessyner
512 528 50 20 med
578 528 37 21 det
631 528 67 21 första
713 528 87 27 möjliga
815 529 53 20 böra
884 529 41 20 för-

164 563 67 26 siggä,
248 564 6 19 i
270 562 52 26 följd
337 562 25 20 af
374 562 110 27 praktiska
500 562 147 26 olägenheter,
665 569 48 13 som
727 563 40 20 lätt
783 563 71 20 kunna
870 570 55 20 upp-

164 597 39 24 stä,
225 596 73 21 derest
313 596 110 20 desamma
445 596 168 27 nödvändigtvis
633 596 62 20 skola
717 597 128 21 verkställas
867 598 58 20 inom

163 631 37 20 tvä
224 630 102 21 mänader
349 630 54 21 efter
419 630 143 25 afträdandet,
583 632 72 19 ansett
670 631 164 27 bestämningen
849 631 76 21 härom

164 666 30 19 uti
209 672 76 13 senare
300 671 67 14 moms
376 664 44 28 af
406 660 12 36 $
432 664 26 26 56
471 664 20 28 (8
504 665 33 25 58)
546 664 51 21 böra
607 665 122 21 utsträckas
738 665 31 21 till
776 668 32 18 tre
816 665 108 21 månader.

233 699 55 20 Från
306 705 10 20 3
333 698 96 28 punkten
444 700 6 19 i
466 698 12 27 &
496 703 25 22 57
538 698 18 27 (S
569 698 34 28 59)
614 699 65 20 hafva
692 699 67 20 orden
772 699 43 27 ,till
825 699 100 21 boställs-

165 733 209 27 byggnadskassan*
390 733 68 20 blifvit
473 733 113 24 uteslutna,
603 733 52 20 enär
670 733 111 20 desamma
798 733 72 21 kunde
888 733 36 21 be-

165 767 66 20 finnas
247 767 153 24 vilseledande,
416 767 92 20 emedan
519 767 119 27 ersättning
647 767 32 20 för
691 767 96 21 vanvård
798 768 66 27 enligt
876 767 11 28 $
896 767 28 28 42

165 801 71 21 kunde
252 801 99 27 erläggas
366 801 32 21 till
412 801 162 25 efterträdaren,
591 801 118 26 hvarjemte
725 801 49 21 hela
789 803 52 20 sista
859 809 65 14 mom.

165 835 25 21 af
208 835 34 28 &:n
265 839 81 18 ansetts
370 835 52 20 böra
444 835 107 25 bortfalla,
573 835 27 21 då
616 835 37 21 det
669 837 6 19 i
691 835 27 21 de
734 835 61 22 flesta
811 836 36 20 fall
861 837 64 20 torde

166 869 66 21 blifva
248 870 57 20 svårt
324 873 31 17 att
370 876 80 20 genom
465 869 88 21 allmänt
568 869 122 28 stadgande
706 870 105 21 fastställa
826 870 31 21 till
872 870 53 21 huru

166 907 46 18 stor
227 904 36 21 del
278 904 90 21 utdömd
380 905 119 26 ersättning
509 904 39 21 bör
560 904 82 21 tillfalla
655 904 199 26 tjenstförrättande
865 908 60 23 prest

167 939 51 20 eller
240 939 132 20 arrendator.
401 939 96 20 Härmed
520 939 38 20 har
581 939 58 20 dock
654 939 141 20 efterträdare
809 939 116 27 ingalunda

167 973 94 27 betagits
281 973 132 27 rättigheten
428 976 38 22 att,
486 974 3 19 i
504 973 104 20 händelse
624 973 17 26 ej
658 980 82 13 samma
755 973 118 27 ersättning
889 974 36 19 be-

167 1007 91 27 visligen
279 1007 68 21 blifvit
369 1007 33 20 för
422 1007 114 21 boställets
558 1007 91 27 räkning
667 1007 41 20 och
724 1009 31 20 uti
771 1007 36 22 det
823 1007 102 21 afseende

166 1041 40 21 ske
221 1041 49 21 bort
285 1041 91 25 använd,
392 1041 25 21 af
428 1041 148 21 företrädaren
592 1041 99 22 utkräfva
702 1042 69 21 större
784 1042 51 21 eller
843 1042 82 20 mindre

168 1075 34 20 del
218 1075 25 20 af
254 1076 37 20 det
306 1075 104 21 utdömda
426 1075 112 27 beloppet.

236 1109 97 20 Emedan
348 1109 164 27 bestämningen
527 1111 30 19 uti
575 1108 13 29 &
603 1109 27 20 62
647 1108 20 29 (8
683 1109 36 27 64)
735 1113 38 21 att,
791 1109 27 21 då
833 1109 94 27 tillämp-

167 1145 79 25 ningen
261 1143 25 21 af
302 1143 100 21 faststäld
416 1143 108 27 reglering
539 1143 24 20 af
575 1143 270 27 byggnadsskyldigheten
860 1144 12 19 å
887 1143 39 20 bo-

168 1177 62 22 ställe
250 1178 100 27 vidtager
365 1179 6 19 i
386 1177 131 28 församling,
533 1177 120 21 boställena
669 1178 114 21 derstädes
797 1177 62 21 skola
874 1184 52 13 vara

168 1213 30 20 uti
214 1211 223 22 öfverensstämmelse
452 1212 50 21 med
518 1212 70 25 ,förut
603 1211 100 28 gällande
714 1211 148 28 stadganden"
875 1213 5 19 i
889 1211 37 21 be-

168 1246 72 27 hörigt
262 1247 63 20 stånd
346 1247 96 24 försatta,
459 1246 47 21 icke
522 1246 63 21 torde
601 1246 67 21 exakt
683 1246 105 27 återgifva
804 1246 42 21 den
861 1245 66 22 tanke

168 1287 50 14 man
233 1280 58 21 velat
306 1281 29 20 uti
351 1280 33 27 &:n
399 1280 87 27 inlägga
502 1281 41 20 och
559 1280 50 21 dess
625 1280 137 26 ordalydelse
777 1282 6 19 i
793 1279 74 27 hvarje
875 1279 52 21 hän-

169 1314 60 21 delse
252 1314 18 26 ej
292 1314 69 27 gifver
383 1314 36 21 vid
439 1314 86 21 handen
541 1321 26 14 en
583 1314 89 27 lämplig
687 1315 118 26 anordning
821 1314 25 21 af
857 1314 70 20 öfver-

169 1349 85 26 gången
270 1349 45 20 från
330 1349 28 20 de
373 1348 74 21 hittills
462 1349 95 20 varande
573 1348 160 21 förhållandena
749 1349 30 20 till
795 1348 28 21 de
831 1355 48 20 nya,
889 1348 38 20 har

169 1382 33 28 &:n
218 1383 114 26 undergätt
348 1390 26 13 en
389 1383 82 20 mindre
486 1383 181 26 omformulering.

238 1416 61 21 Efter
317 1417 89 20 sålunda
421 1417 92 20 slutförd
528 1417 131 26 granskning
675 1417 42 20 och
731 1417 50 20 med
796 1416 104 21 afseende
915 1417 13 19 å

169 1451 58 20 hvad
250 1450 115 21 Utskottet
387 1452 6 19 i
416 1450 38 21 det
476 1450 132 28 föregående
631 1450 114 21 framhållit
766 1451 31 20 tår
813 1450 115 21 Utskottet

170 1485 112 20 vördsamt
298 1484 78 21 föreslå

240 1523 48 22 Lag-
301 1523 32 17 och
345 1523 182 18 Ekonomiutskottets
540 1523 110 18 betänkande
662 1523 38 18 N:o
712 1524 17 17 4.
