1142 1803
338 194 82 23 Ständ.
436 194 38 23 Sv.
489 207 29 3 —
533 195 72 27 Prop.
621 195 41 22 N:o
677 195 21 21 9.
849 196 24 20 11

148 268 76 19 parens
246 260 100 28 ställning
368 268 79 20 genom
470 262 32 19 ett
517 261 115 27 stadgande
648 260 22 21 af
684 261 69 20 denna
769 262 85 26 stränga
869 260 35 21 be-

150 294 118 21 skaffenhet
284 302 60 20 synes
360 295 72 21 kunna
447 294 65 21 blifva
525 295 7 20 i
546 295 44 27 hög
605 295 51 27 grad
671 294 114 22 försvårad.

220 329 74 27 Enligt
309 330 27 20 34
352 329 12 29 $
379 330 39 20 bör
432 329 135 21 innehafvare
583 329 22 21 af
619 330 113 26 boställe,
729 325 12 37 i
748 329 99 21 händelse
863 329 42 21 han

150 363 77 21 önskar
248 363 134 21 utarrendera
404 364 118 20 detsamma
544 364 49 20 eller
607 363 86 28 upplåta
709 363 54 28 plats
779 365 12 19 å
807 363 98 21 bostället

149 397 33 21 för
204 397 108 22 industriel
335 398 123 27 inrättning,
475 399 79 20 ansöka
569 405 35 14 om
619 398 96 21 tillstånd
730 398 68 21 dertill
813 398 39 21 hos
867 405 37 20 gu-

150 434 107 25 vernören,
280 440 46 13 som
350 432 53 21 efter
425 433 162 27 församlingens
609 433 94 20 hörande
727 440 48 20 eger
793 433 7 20 i
819 433 86 20 ärendet

150 467 123 21 hestämma.
295 467 160 28 Församlingen
470 469 22 18 är
507 467 121 28 visserligen
643 467 127 21 intresserad
785 467 22 21 af
822 469 31 19 att
867 467 38 21 bo-

150 502 69 21 stället
232 502 32 20 väl
279 501 71 21 vårdas
366 501 40 22 och
421 501 80 27 häfdas,
518 502 40 21 och
573 502 31 21 uti
619 503 32 20 ett
662 501 135 28 öfverhetligt
808 501 97 22 cirkulär-

150 536 47 21 bref
219 536 22 21 af
262 537 40 20 den
319 538 23 19 11
361 536 125 27 September
503 538 53 19 1800
573 537 84 27 stadgas
673 536 68 27 äfven,
759 538 31 19 att
806 537 53 26 ,,alla
875 544 30 13 ar-

151 571 188 21 rendekontrakter
354 578 36 14 om
405 571 94 27 prestbol
514 571 41 21 och
570 571 35 21 lön
624 571 57 26 böra,
697 571 66 21 innan
779 571 25 21 de
815 571 91 27 lagligen

151 606 72 20 kunna
238 605 63 21 blifva
316 605 100 27 gällande,
425 605 98 28 uppvisas
538 606 7 20 i
560 606 70 27 hvarje
646 605 57 21 stifts
713 605 136 27 Consistorio,
859 612 46 14 som

152 648 48 19 eger
222 640 61 26 tillse,
302 640 34 20 det
352 640 78 27 nödiga
444 640 42 21 och
501 640 91 28 kraftiga
607 640 104 21 förbehåll
725 640 46 21 icke
787 640 118 21 underlåtas

150 674 32 22 till
198 674 96 21 säkerhet
309 674 33 21 för
356 674 158 28 församlingen,
531 682 36 14 om
582 674 109 21 boställets
707 674 112 28 tillbörliga
834 674 71 21 häfd'.

151 708 77 21 Denna
249 708 109 21 föreskrift
380 709 60 20 torde
456 709 55 20 dock
526 709 45 20 icke
587 708 63 21 hafva
665 708 68 21 blifvit
749 709 86 20 allmänt
852 709 53 20 iakt-

151 745 73 26 tagen;
248 743 40 20 och
310 750 47 13 som
379 743 187 21 boställshafvaren
585 743 61 21 äfven
662 743 34 20 vid
711 743 160 27 utarrendering
885 743 22 20 af

151 777 87 22 boställe
254 779 22 19 är
291 777 75 28 pligtig
381 779 32 19 att
427 779 94 20 närmast
536 785 59 14 svara
609 777 34 22 för
659 778 67 21 bolets
741 778 102 28 behöriga
857 778 48 20 vård

152 812 40 21 och
214 811 51 22 häfd
288 814 55 19 samt
364 812 163 27 församlingens
542 813 97 27 yttrande
656 813 17 26 ej
690 813 66 20 heller
770 812 136 21 härförinnan

151 846 75 21 behöft
241 847 105 20 inhemtas
361 847 7 20 i
378 847 70 27 dylika
458 846 43 27 fall,
510 847 60 21 torde
580 847 165 27 bestämningen
755 854 36 13 om
801 847 105 20 tillstånds

150 881 129 21 utverkande
302 881 78 21 saklöst
403 881 72 21 kunna
498 882 117 20 utelemnas
635 881 48 21 från
701 881 134 28 paragrafens
851 881 56 21 förra

150 917 98 19 moment
262 916 41 20 och
318 916 98 21 hänföras
432 916 75 21 endast
522 916 32 21 till
569 916 36 21 det
620 923 73 14 senare
709 917 125 20 momentet.
850 916 11 21 I
871 923 34 13 en-

151 949 67 28 lighet
232 949 86 21 härmed
333 950 38 21 har
386 949 124 28 paragrafen
525 950 68 21 blifvit
609 951 152 26 omredigerad.

223 984 94 21 Emedan
332 985 34 20 vid
380 985 146 20 bibehållande
543 985 21 20 af
571 985 127 27 stadgandet
706 985 6 20 i
721 986 26 19 35
757 985 11 28 &
777 985 80 26 derom,
869 985 36 25 att,

152 1019 25 20 dä
192 1019 88 20 boställe
295 1019 169 21 bortarrenderas
479 1020 113 27 tvängsvis,
609 1020 25 20 de
650 1020 6 20 i
675 1021 5 20 2
697 1020 12 28 &
725 1019 128 22 omnämnda
868 1019 39 20 hus

152 1053 40 21 och
207 1053 106 21 förmäner
326 1053 126 21 förbehällas
467 1054 193 27 boställshafvaren,
673 1054 108 28 praktiska
795 1054 112 27 olägenhe-

152 1088 32 19 ter
199 1087 46 20 icke
261 1087 64 21 sällan
340 1088 70 20 kunde
424 1089 84 26 uppstå,
524 1088 38 21 har
571 1089 60 20 detta
640 1088 115 27 stadgande
767 1089 79 20 ansetts
857 1087 50 21 böra

151 1121 107 28 uteslutas,
275 1122 54 21 helst
345 1122 187 21 boställshafvaren
547 1123 62 21 äfven
625 1131 62 20 synes
702 1123 71 20 kunna
788 1122 119 27 lämpligast

152 1155 49 28 sjelf
215 1156 183 21 öfverenskomma
412 1157 50 20 med
477 1157 137 21 arrendatorn
630 1165 36 13 om
681 1157 26 21 de
717 1157 112 26 förmäner,
837 1156 71 21 hvilka

152 1190 42 21 han
210 1191 77 20 önskar
302 1191 114 21 förbehälla
431 1191 39 27 sig.
495 1191 41 22 För
552 1193 31 20 att
598 1192 117 21 emellertid
729 1191 48 21 fullt
788 1191 120 21 säkerställa

151 1225 187 21 boställshafvaren
353 1226 7 20 i
375 1225 97 22 afseende
488 1227 13 20 å
516 1227 26 20 de
560 1226 46 27 hus,
630 1234 46 13 som
699 1226 34 21 för
747 1226 80 21 honom
842 1226 66 20 under

152 1259 147 21 arrendetiden
323 1260 71 21 kunna
417 1267 48 14 vara
484 1261 139 27 nödvändiga,
639 1261 38 20 har
692 1261 31 20 till
739 1260 122 28 paragrafen
876 1259 32 22 fo-

152 1295 47 26 gats
215 1293 41 21 den
271 1294 140 27 bestämning,
428 1295 32 20 att
475 1297 132 24 guvernören
623 1295 52 27 egde
691 1295 95 21 meddela
800 1294 108 21 föreskrift

153 1327 6 21 i
174 1329 74 20 ämnet
263 1328 53 21 efter
332 1329 150 27 domkapitlets
498 1329 100 21 hörande.

220 1362 35 21 Dä
274 1363 178 28 egoarrondering
467 1363 73 21 länder
554 1364 47 21 icke
617 1364 87 21 allenast
719 1364 41 20 den
774 1363 134 26 närvarande,

152 1397 51 20 utan
219 1397 61 20 äfven
296 1397 38 21 alla
350 1397 148 28 efterföljande
513 1398 172 21 boställshafvare
701 1398 31 21 till
747 1397 68 22 fördel
825 1397 40 21 och
875 1397 34 20 för

151 1430 65 28 öfrigt
238 1431 116 21 innefattar
376 1439 25 13 en
424 1433 105 27 väsentlig
550 1432 129 28 förbättring
702 1432 22 21 af
738 1432 104 26 bostället,
858 1431 51 21 böra

150 1465 143 21 kostnaderna
316 1466 69 20 derför
400 1466 133 28 rättvisligen
548 1467 79 20 drabba
642 1467 41 21 den
699 1473 158 21 gemensamma
872 1466 36 20 bo-

150 1500 255 27 ställsbyggnadskassan;
422 1501 70 27 dylika
508 1501 114 21 kostnader
631 1501 62 21 hafva
704 1502 17 26 ej
733 1500 64 21 heller
807 1500 102 21 härintills
