<?xml version="1.0" encoding="UTF-8"?>
<alto xmlns="http://www.loc.gov/standards/alto/ns-v3#" xmlns:xlink="http://www.w3.org/1999/xlink" xmlns:xsi="http://www.w3.org/2001/XMLSchema-instance" xsi:schemaLocation="http://www.loc.gov/standards/alto/ns-v3# http://www.loc.gov/alto/v3/alto-3-0.xsd">
	<Description>
		<MeasurementUnit>pixel</MeasurementUnit>
		<sourceImageInformation>
			<fileName>/tmp/tess_ru6pqoe1_input.PNG</fileName>
		</sourceImageInformation>
		<OCRProcessing ID="OCR_0">
			<ocrProcessingStep>
				<processingSoftware>
					<softwareName>tesseract 5.3.4</softwareName>
				</processingSoftware>
			</ocrProcessingStep>
		</OCRProcessing>
	</Description>
	<Layout>
		<Page WIDTH="1142" HEIGHT="1803" PHYSICAL_IMG_NR="0" ID="page_0">
			<PrintSpace HPOS="0" VPOS="0" WIDTH="1142" HEIGHT="1803">
				<GraphicalElement ID="cblock_0" HPOS="0" VPOS="84" WIDTH="10" HEIGHT="1135"></GraphicalElement >
				<ComposedBlock ID="cblock_1" HPOS="252" VPOS="202" WIDTH="26" HEIGHT="20">
					<TextBlock ID="block_0" HPOS="252" VPOS="202" WIDTH="26" HEIGHT="20">
						<TextLine ID="line_0" HPOS="252" VPOS="202" WIDTH="26" HEIGHT="20">
							<String ID="string_0" HPOS="252" VPOS="202" WIDTH="26" HEIGHT="20" WC="0.96" CONTENT="52"/>
						</TextLine>
					</TextBlock>
				</ComposedBlock>
				<ComposedBlock ID="cblock_2" HPOS="440" VPOS="202" WIDTH="325" HEIGHT="28">
					<TextBlock ID="block_1" HPOS="440" VPOS="202" WIDTH="325" HEIGHT="28">
						<TextLine ID="line_1" HPOS="440" VPOS="202" WIDTH="325" HEIGHT="28">
							<String ID="string_1" HPOS="440" VPOS="202" WIDTH="30" HEIGHT="22" WC="0.93" CONTENT="U."/><SP WIDTH="16" VPOS="202" HPOS="470"/>
							<String ID="string_2" HPOS="486" VPOS="202" WIDTH="27" HEIGHT="22" WC="0.90" CONTENT="B."/><SP WIDTH="17" VPOS="202" HPOS="513"/>
							<String ID="string_3" HPOS="530" VPOS="216" WIDTH="28" HEIGHT="1" WC="0.92" CONTENT="—"/><SP WIDTH="16" VPOS="216" HPOS="558"/>
							<String ID="string_4" HPOS="574" VPOS="202" WIDTH="75" HEIGHT="28" WC="0.96" CONTENT="Prop."/><SP WIDTH="16" VPOS="202" HPOS="649"/>
							<String ID="string_5" HPOS="665" VPOS="202" WIDTH="46" HEIGHT="22" WC="0.93" CONTENT="N:o"/><SP WIDTH="16" VPOS="202" HPOS="711"/>
							<String ID="string_6" HPOS="727" VPOS="203" WIDTH="38" HEIGHT="21" WC="0.96" CONTENT="10."/>
						</TextLine>
					</TextBlock>
				</ComposedBlock>
				<ComposedBlock ID="cblock_3" HPOS="428" VPOS="265" WIDTH="555" HEIGHT="176">
					<TextBlock ID="block_2" HPOS="428" VPOS="265" WIDTH="555" HEIGHT="124">
						<TextLine ID="line_2" HPOS="428" VPOS="265" WIDTH="554" HEIGHT="29">
							<String ID="string_7" HPOS="428" VPOS="265" WIDTH="11" HEIGHT="20" WC="0.87" CONTENT="4"/><SP WIDTH="23" VPOS="265" HPOS="439"/>
							<String ID="string_8" HPOS="462" VPOS="266" WIDTH="72" HEIGHT="20" WC="0.92" CONTENT="andra"/><SP WIDTH="20" VPOS="266" HPOS="534"/>
							<String ID="string_9" HPOS="554" VPOS="266" WIDTH="96" HEIGHT="20" WC="0.89" CONTENT="ärenden"/><SP WIDTH="22" VPOS="266" HPOS="650"/>
							<String ID="string_10" HPOS="672" VPOS="268" WIDTH="30" HEIGHT="18" WC="0.96" CONTENT="än"/><SP WIDTH="15" VPOS="268" HPOS="702"/>
							<String ID="string_11" HPOS="717" VPOS="266" WIDTH="54" HEIGHT="26" WC="0.95" CONTENT="dem,"/><SP WIDTH="24" VPOS="266" HPOS="771"/>
							<String ID="string_12" HPOS="795" VPOS="273" WIDTH="47" HEIGHT="14" WC="0.96" CONTENT="som"/><SP WIDTH="16" VPOS="273" HPOS="842"/>
							<String ID="string_13" HPOS="858" VPOS="266" WIDTH="67" HEIGHT="28" WC="0.96" CONTENT="enligt"/><SP WIDTH="22" VPOS="266" HPOS="925"/>
							<String ID="string_14" HPOS="947" VPOS="266" WIDTH="35" HEIGHT="28" WC="0.94" CONTENT="lag"/>
						</TextLine>
						<TextLine ID="line_3" HPOS="430" VPOS="300" WIDTH="550" HEIGHT="28">
							<String ID="string_15" HPOS="430" VPOS="300" WIDTH="52" HEIGHT="20" WC="0.92" CONTENT="eller"/><SP WIDTH="18" VPOS="300" HPOS="482"/>
							<String ID="string_16" HPOS="500" VPOS="300" WIDTH="197" HEIGHT="27" WC="0.92" CONTENT="bolagsordningen"/><SP WIDTH="19" VPOS="300" HPOS="697"/>
							<String ID="string_17" HPOS="716" VPOS="300" WIDTH="50" HEIGHT="21" WC="0.93" CONTENT="böra"/><SP WIDTH="23" VPOS="300" HPOS="766"/>
							<String ID="string_18" HPOS="789" VPOS="300" WIDTH="14" HEIGHT="21" WC="0.92" CONTENT="å"/><SP WIDTH="14" VPOS="300" HPOS="803"/>
							<String ID="string_19" HPOS="817" VPOS="302" WIDTH="113" HEIGHT="19" WC="0.92" CONTENT="stämman"/><SP WIDTH="15" VPOS="302" HPOS="930"/>
							<String ID="string_20" HPOS="945" VPOS="300" WIDTH="35" HEIGHT="28" WC="0.77" CONTENT="fö-"/>
						</TextLine>
						<TextLine ID="line_4" HPOS="430" VPOS="334" WIDTH="553" HEIGHT="22">
							<String ID="string_21" HPOS="430" VPOS="334" WIDTH="110" HEIGHT="21" WC="0.91" CONTENT="rekomma"/><SP WIDTH="26" VPOS="334" HPOS="540"/>
							<String ID="string_22" HPOS="566" VPOS="335" WIDTH="50" HEIGHT="20" WC="0.85" CONTENT="eller"/><SP WIDTH="25" VPOS="335" HPOS="616"/>
							<String ID="string_23" HPOS="641" VPOS="334" WIDTH="10" HEIGHT="20" WC="0.88" CONTENT="i"/><SP WIDTH="29" VPOS="334" HPOS="651"/>
							<String ID="string_24" HPOS="680" VPOS="335" WIDTH="101" HEIGHT="20" WC="0.88" CONTENT="kallelsen"/><SP WIDTH="29" VPOS="335" HPOS="781"/>
							<String ID="string_25" HPOS="810" VPOS="336" WIDTH="39" HEIGHT="19" WC="0.84" CONTENT="äro"/><SP WIDTH="29" VPOS="336" HPOS="849"/>
							<String ID="string_26" HPOS="878" VPOS="335" WIDTH="105" HEIGHT="21" WC="0.81" CONTENT="särskildt"/>
						</TextLine>
						<TextLine ID="line_5" HPOS="428" VPOS="369" WIDTH="106" HEIGHT="20">
							<String ID="string_27" HPOS="428" VPOS="369" WIDTH="106" HEIGHT="20" WC="0.95" CONTENT="nämnda."/>
						</TextLine>
					</TextBlock>
					<TextBlock ID="block_3" HPOS="671" VPOS="415" WIDTH="68" HEIGHT="26">
						<TextLine ID="line_6" HPOS="671" VPOS="415" WIDTH="68" HEIGHT="26">
							<String ID="string_28" HPOS="671" VPOS="415" WIDTH="15" HEIGHT="26" WC="0.92" CONTENT="$"/><SP WIDTH="16" VPOS="415" HPOS="686"/>
							<String ID="string_29" HPOS="702" VPOS="415" WIDTH="37" HEIGHT="20" WC="0.88" CONTENT="25."/>
						</TextLine>
					</TextBlock>
				</ComposedBlock>
				<ComposedBlock ID="cblock_4" HPOS="421" VPOS="466" WIDTH="557" HEIGHT="782">
					<TextBlock ID="block_4" HPOS="498" VPOS="466" WIDTH="480" HEIGHT="27">
						<TextLine ID="line_7" HPOS="498" VPOS="466" WIDTH="480" HEIGHT="27">
							<String ID="string_30" HPOS="498" VPOS="467" WIDTH="33" HEIGHT="20" WC="0.95" CONTENT="På"/><SP WIDTH="8" VPOS="467" HPOS="531"/>
							<String ID="string_31" HPOS="539" VPOS="466" WIDTH="112" HEIGHT="21" WC="0.95" CONTENT="ordinarie"/><SP WIDTH="9" VPOS="466" HPOS="651"/>
							<String ID="string_32" HPOS="660" VPOS="466" WIDTH="168" HEIGHT="27" WC="0.84" CONTENT="bolagsstämma"/><SP WIDTH="10" VPOS="466" HPOS="828"/>
							<String ID="string_33" HPOS="838" VPOS="466" WIDTH="127" HEIGHT="21" WC="0.89" CONTENT="ankommer"/><SP WIDTH="6" VPOS="466" HPOS="965"/>
							<String ID="string_34" HPOS="971" VPOS="474" WIDTH="7" HEIGHT="13" WC="0.89" CONTENT=":"/>
						</TextLine>
					</TextBlock>
					<TextBlock ID="block_5" HPOS="428" VPOS="500" WIDTH="550" HEIGHT="61">
						<TextLine ID="line_8" HPOS="499" VPOS="500" WIDTH="479" HEIGHT="28">
							<String ID="string_35" HPOS="499" VPOS="502" WIDTH="15" HEIGHT="20" WC="0.96" CONTENT="1."/><SP WIDTH="18" VPOS="502" HPOS="514"/>
							<String ID="string_36" HPOS="532" VPOS="503" WIDTH="32" HEIGHT="19" WC="0.96" CONTENT="att"/><SP WIDTH="10" VPOS="503" HPOS="564"/>
							<String ID="string_37" HPOS="574" VPOS="501" WIDTH="111" HEIGHT="27" WC="0.95" CONTENT="fastställa"/><SP WIDTH="10" VPOS="501" HPOS="685"/>
							<String ID="string_38" HPOS="695" VPOS="500" WIDTH="105" HEIGHT="21" WC="0.94" CONTENT="bokslutet"/><SP WIDTH="7" VPOS="500" HPOS="800"/>
							<String ID="string_39" HPOS="807" VPOS="500" WIDTH="36" HEIGHT="28" WC="0.96" CONTENT="för"/><SP WIDTH="8" VPOS="500" HPOS="843"/>
							<String ID="string_40" HPOS="851" VPOS="500" WIDTH="127" HEIGHT="27" WC="0.96" CONTENT="föregående"/>
						</TextLine>
						<TextLine ID="line_9" HPOS="428" VPOS="535" WIDTH="184" HEIGHT="26">
							<String ID="string_41" HPOS="428" VPOS="535" WIDTH="184" HEIGHT="26" WC="0.92" CONTENT="verksamhetsår"/><SP WIDTH="-9" VPOS="535" HPOS="612"/>
							<String ID="string_42" HPOS="603" VPOS="531" WIDTH="12" HEIGHT="35" WC="0.92" CONTENT=";"/>
						</TextLine>
					</TextBlock>
					<TextBlock ID="block_6" HPOS="426" VPOS="569" WIDTH="551" HEIGHT="96">
						<TextLine ID="line_10" HPOS="498" VPOS="569" WIDTH="479" HEIGHT="27">
							<String ID="string_43" HPOS="498" VPOS="571" WIDTH="20" HEIGHT="19" WC="0.95" CONTENT="2."/><SP WIDTH="18" VPOS="571" HPOS="518"/>
							<String ID="string_44" HPOS="536" VPOS="572" WIDTH="31" HEIGHT="18" WC="0.84" CONTENT="alt"/><SP WIDTH="17" VPOS="572" HPOS="567"/>
							<String ID="string_45" HPOS="584" VPOS="570" WIDTH="83" HEIGHT="20" WC="0.95" CONTENT="besluta"/><SP WIDTH="23" VPOS="570" HPOS="667"/>
							<String ID="string_46" HPOS="690" VPOS="569" WIDTH="46" HEIGHT="21" WC="0.96" CONTENT="till"/><SP WIDTH="21" VPOS="569" HPOS="736"/>
							<String ID="string_47" HPOS="757" VPOS="570" WIDTH="51" HEIGHT="20" WC="0.96" CONTENT="den"/><SP WIDTH="19" VPOS="570" HPOS="808"/>
							<String ID="string_48" HPOS="827" VPOS="569" WIDTH="82" HEIGHT="27" WC="0.96" CONTENT="åtgärd,"/><SP WIDTH="16" VPOS="569" HPOS="909"/>
							<String ID="string_49" HPOS="925" VPOS="576" WIDTH="52" HEIGHT="13" WC="0.96" CONTENT="som"/>
						</TextLine>
						<TextLine ID="line_11" HPOS="426" VPOS="603" WIDTH="549" HEIGHT="28">
							<String ID="string_50" HPOS="426" VPOS="605" WIDTH="155" HEIGHT="26" WC="0.91" CONTENT="föranledes"/><SP WIDTH="23" VPOS="605" HPOS="581"/>
							<String ID="string_51" HPOS="604" VPOS="604" WIDTH="28" HEIGHT="27" WC="0.96" CONTENT="af"/><SP WIDTH="11" VPOS="604" HPOS="632"/>
							<String ID="string_52" HPOS="643" VPOS="604" WIDTH="118" HEIGHT="27" WC="0.96" CONTENT="styrelsens"/><SP WIDTH="18" VPOS="604" HPOS="761"/>
							<String ID="string_53" HPOS="779" VPOS="603" WIDTH="137" HEIGHT="27" WC="0.93" CONTENT="förvaltning"/><SP WIDTH="15" VPOS="603" HPOS="916"/>
							<String ID="string_54" HPOS="931" VPOS="610" WIDTH="44" HEIGHT="14" WC="0.90" CONTENT="un-"/>
						</TextLine>
						<TextLine ID="line_12" HPOS="426" VPOS="638" WIDTH="425" HEIGHT="27">
							<String ID="string_55" HPOS="426" VPOS="640" WIDTH="38" HEIGHT="20" WC="0.96" CONTENT="der"/><SP WIDTH="14" VPOS="640" HPOS="464"/>
							<String ID="string_56" HPOS="478" VPOS="639" WIDTH="46" HEIGHT="20" WC="0.95" CONTENT="året"/><SP WIDTH="16" VPOS="639" HPOS="524"/>
							<String ID="string_57" HPOS="540" VPOS="639" WIDTH="38" HEIGHT="21" WC="0.95" CONTENT="och"/><SP WIDTH="16" VPOS="639" HPOS="578"/>
							<String ID="string_58" HPOS="594" VPOS="638" WIDTH="139" HEIGHT="27" WC="0.94" CONTENT="redovisning"/><SP WIDTH="16" VPOS="638" HPOS="733"/>
							<String ID="string_59" HPOS="749" VPOS="638" WIDTH="102" HEIGHT="27" WC="0.83" CONTENT="derför;"/>
						</TextLine>
					</TextBlock>
					<TextBlock ID="block_7" HPOS="423" VPOS="672" WIDTH="554" HEIGHT="165">
						<TextLine ID="line_13" HPOS="498" VPOS="672" WIDTH="479" HEIGHT="28">
							<String ID="string_60" HPOS="498" VPOS="674" WIDTH="19" HEIGHT="20" WC="0.95" CONTENT="3."/><SP WIDTH="18" VPOS="674" HPOS="517"/>
							<String ID="string_61" HPOS="535" VPOS="675" WIDTH="32" HEIGHT="19" WC="0.92" CONTENT="att"/><SP WIDTH="10" VPOS="675" HPOS="567"/>
							<String ID="string_62" HPOS="577" VPOS="674" WIDTH="44" HEIGHT="19" WC="0.92" CONTENT="utse"/><SP WIDTH="9" VPOS="674" HPOS="621"/>
							<String ID="string_63" HPOS="630" VPOS="680" WIDTH="25" HEIGHT="13" WC="0.96" CONTENT="en"/><SP WIDTH="12" VPOS="680" HPOS="655"/>
							<String ID="string_64" HPOS="667" VPOS="673" WIDTH="63" HEIGHT="20" WC="0.96" CONTENT="eller"/><SP WIDTH="9" VPOS="673" HPOS="730"/>
							<String ID="string_65" HPOS="739" VPOS="672" WIDTH="69" HEIGHT="28" WC="0.96" CONTENT="flere"/><SP WIDTH="11" VPOS="672" HPOS="808"/>
							<String ID="string_66" HPOS="819" VPOS="672" WIDTH="142" HEIGHT="20" WC="0.91" CONTENT="medlemmar"/><SP WIDTH="7" VPOS="672" HPOS="961"/>
							<String ID="string_67" HPOS="968" VPOS="672" WIDTH="9" HEIGHT="20" WC="0.92" CONTENT="i"/>
						</TextLine>
						<TextLine ID="line_14" HPOS="425" VPOS="706" WIDTH="549" HEIGHT="29">
							<String ID="string_68" HPOS="425" VPOS="708" WIDTH="107" HEIGHT="27" WC="0.96" CONTENT="styrelsen"/><SP WIDTH="14" VPOS="708" HPOS="532"/>
							<String ID="string_69" HPOS="546" VPOS="707" WIDTH="10" HEIGHT="20" WC="0.95" CONTENT="i"/><SP WIDTH="14" VPOS="707" HPOS="556"/>
							<String ID="string_70" HPOS="570" VPOS="708" WIDTH="73" HEIGHT="19" WC="0.96" CONTENT="stället"/><SP WIDTH="11" VPOS="708" HPOS="643"/>
							<String ID="string_71" HPOS="654" VPOS="707" WIDTH="36" HEIGHT="27" WC="0.96" CONTENT="för"/><SP WIDTH="15" VPOS="707" HPOS="690"/>
							<String ID="string_72" HPOS="705" VPOS="707" WIDTH="47" HEIGHT="20" WC="0.96" CONTENT="den"/><SP WIDTH="15" VPOS="707" HPOS="752"/>
							<String ID="string_73" HPOS="767" VPOS="707" WIDTH="67" HEIGHT="20" WC="0.96" CONTENT="eller"/><SP WIDTH="15" VPOS="707" HPOS="834"/>
							<String ID="string_74" HPOS="849" VPOS="706" WIDTH="54" HEIGHT="27" WC="0.93" CONTENT="dem,"/><SP WIDTH="13" VPOS="706" HPOS="903"/>
							<String ID="string_75" HPOS="916" VPOS="706" WIDTH="58" HEIGHT="21" WC="0.92" CONTENT="hvil-"/>
						</TextLine>
						<TextLine ID="line_15" HPOS="426" VPOS="740" WIDTH="549" HEIGHT="29">
							<String ID="string_76" HPOS="426" VPOS="741" WIDTH="38" HEIGHT="21" WC="0.96" CONTENT="kas"/><SP WIDTH="23" VPOS="741" HPOS="464"/>
							<String ID="string_77" HPOS="487" VPOS="742" WIDTH="99" HEIGHT="27" WC="0.96" CONTENT="uppdrag"/><SP WIDTH="15" VPOS="742" HPOS="586"/>
							<String ID="string_78" HPOS="601" VPOS="741" WIDTH="47" HEIGHT="27" WC="0.96" CONTENT="före"/><SP WIDTH="19" VPOS="741" HPOS="648"/>
							<String ID="string_79" HPOS="667" VPOS="743" WIDTH="64" HEIGHT="18" WC="0.96" CONTENT="nästa"/><SP WIDTH="25" VPOS="743" HPOS="731"/>
							<String ID="string_80" HPOS="756" VPOS="741" WIDTH="111" HEIGHT="20" WC="0.91" CONTENT="ordinarie"/><SP WIDTH="24" VPOS="741" HPOS="867"/>
							<String ID="string_81" HPOS="891" VPOS="740" WIDTH="84" HEIGHT="27" WC="0.91" CONTENT="bolags-"/>
						</TextLine>
						<TextLine ID="line_16" HPOS="425" VPOS="774" WIDTH="550" HEIGHT="29">
							<String ID="string_82" HPOS="425" VPOS="777" WIDTH="96" HEIGHT="19" WC="0.49" CONTENT="stämma"/><SP WIDTH="21" VPOS="777" HPOS="521"/>
							<String ID="string_83" HPOS="542" VPOS="775" WIDTH="41" HEIGHT="28" WC="0.94" CONTENT="går"/><SP WIDTH="15" VPOS="775" HPOS="583"/>
							<String ID="string_84" HPOS="598" VPOS="775" WIDTH="35" HEIGHT="21" WC="0.96" CONTENT="till"/><SP WIDTH="15" VPOS="775" HPOS="633"/>
							<String ID="string_85" HPOS="648" VPOS="775" WIDTH="59" HEIGHT="21" WC="0.96" CONTENT="ända"/><SP WIDTH="18" VPOS="775" HPOS="707"/>
							<String ID="string_86" HPOS="725" VPOS="775" WIDTH="52" HEIGHT="21" WC="0.95" CONTENT="eller"/><SP WIDTH="18" VPOS="775" HPOS="777"/>
							<String ID="string_87" HPOS="795" VPOS="782" WIDTH="47" HEIGHT="14" WC="0.95" CONTENT="som"/><SP WIDTH="17" VPOS="782" HPOS="842"/>
							<String ID="string_88" HPOS="859" VPOS="775" WIDTH="60" HEIGHT="27" WC="0.92" CONTENT="eljest"/><SP WIDTH="20" VPOS="775" HPOS="919"/>
							<String ID="string_89" HPOS="939" VPOS="774" WIDTH="36" HEIGHT="27" WC="0.92" CONTENT="af-"/>
						</TextLine>
						<TextLine ID="line_17" HPOS="423" VPOS="810" WIDTH="135" HEIGHT="27">
							<String ID="string_90" HPOS="423" VPOS="810" WIDTH="60" HEIGHT="27" WC="0.95" CONTENT="gått;"/><SP WIDTH="16" VPOS="810" HPOS="483"/>
							<String ID="string_91" HPOS="499" VPOS="812" WIDTH="59" HEIGHT="19" WC="0.85" CONTENT="samt"/>
						</TextLine>
					</TextBlock>
					<TextBlock ID="block_8" HPOS="424" VPOS="843" WIDTH="553" HEIGHT="131">
						<TextLine ID="line_18" HPOS="494" VPOS="843" WIDTH="483" HEIGHT="28">
							<String ID="string_92" HPOS="494" VPOS="846" WIDTH="19" HEIGHT="19" WC="0.94" CONTENT="4."/><SP WIDTH="26" VPOS="846" HPOS="513"/>
							<String ID="string_93" HPOS="539" VPOS="846" WIDTH="32" HEIGHT="19" WC="0.95" CONTENT="att"/><SP WIDTH="16" VPOS="846" HPOS="571"/>
							<String ID="string_94" HPOS="587" VPOS="844" WIDTH="92" HEIGHT="21" WC="0.96" CONTENT="tillsätta"/><SP WIDTH="16" VPOS="844" HPOS="679"/>
							<String ID="string_95" HPOS="695" VPOS="851" WIDTH="30" HEIGHT="14" WC="0.96" CONTENT="en"/><SP WIDTH="15" VPOS="851" HPOS="725"/>
							<String ID="string_96" HPOS="740" VPOS="844" WIDTH="51" HEIGHT="20" WC="0.96" CONTENT="eller"/><SP WIDTH="14" VPOS="844" HPOS="791"/>
							<String ID="string_97" HPOS="805" VPOS="843" WIDTH="51" HEIGHT="28" WC="0.96" CONTENT="flere"/><SP WIDTH="16" VPOS="843" HPOS="856"/>
							<String ID="string_98" HPOS="872" VPOS="850" WIDTH="105" HEIGHT="21" WC="0.96" CONTENT="personer"/>
						</TextLine>
						<TextLine ID="line_19" HPOS="424" VPOS="878" WIDTH="552" HEIGHT="28">
							<String ID="string_99" HPOS="424" VPOS="881" WIDTH="34" HEIGHT="18" WC="0.96" CONTENT="att"/><SP WIDTH="8" VPOS="881" HPOS="458"/>
							<String ID="string_100" HPOS="466" VPOS="879" WIDTH="96" HEIGHT="27" WC="0.96" CONTENT="granska"/><SP WIDTH="10" VPOS="879" HPOS="562"/>
							<String ID="string_101" HPOS="572" VPOS="879" WIDTH="167" HEIGHT="27" WC="0.96" CONTENT="förvaltningen"/><SP WIDTH="11" VPOS="879" HPOS="739"/>
							<String ID="string_102" HPOS="750" VPOS="878" WIDTH="38" HEIGHT="21" WC="0.96" CONTENT="och"/><SP WIDTH="12" VPOS="878" HPOS="788"/>
							<String ID="string_103" HPOS="800" VPOS="878" WIDTH="176" HEIGHT="27" WC="0.96" CONTENT="räkenskaperna"/>
						</TextLine>
						<TextLine ID="line_20" HPOS="424" VPOS="912" WIDTH="550" HEIGHT="28">
							<String ID="string_104" HPOS="424" VPOS="913" WIDTH="36" HEIGHT="26" WC="0.96" CONTENT="för"/><SP WIDTH="16" VPOS="913" HPOS="460"/>
							<String ID="string_105" HPOS="476" VPOS="913" WIDTH="90" HEIGHT="27" WC="0.96" CONTENT="löpande"/><SP WIDTH="15" VPOS="913" HPOS="566"/>
							<String ID="string_106" HPOS="581" VPOS="912" WIDTH="173" HEIGHT="21" WC="0.95" CONTENT="verksamhetsår"/><SP WIDTH="12" VPOS="912" HPOS="754"/>
							<String ID="string_107" HPOS="766" VPOS="913" WIDTH="51" HEIGHT="20" WC="0.96" CONTENT="eller"/><SP WIDTH="15" VPOS="913" HPOS="817"/>
							<String ID="string_108" HPOS="832" VPOS="912" WIDTH="36" HEIGHT="27" WC="0.96" CONTENT="för"/><SP WIDTH="15" VPOS="912" HPOS="868"/>
							<String ID="string_109" HPOS="883" VPOS="912" WIDTH="42" HEIGHT="21" WC="0.96" CONTENT="den"/><SP WIDTH="12" VPOS="912" HPOS="925"/>
							<String ID="string_110" HPOS="937" VPOS="912" WIDTH="37" HEIGHT="26" WC="0.96" CONTENT="tid,"/>
						</TextLine>
						<TextLine ID="line_21" HPOS="425" VPOS="947" WIDTH="346" HEIGHT="27">
							<String ID="string_111" HPOS="425" VPOS="947" WIDTH="196" HEIGHT="27" WC="0.96" CONTENT="bolagsordningen"/><SP WIDTH="16" VPOS="947" HPOS="621"/>
							<String ID="string_112" HPOS="637" VPOS="947" WIDTH="134" HEIGHT="20" WC="0.96" CONTENT="bestämmer."/>
						</TextLine>
					</TextBlock>
					<TextBlock ID="block_9" HPOS="423" VPOS="980" WIDTH="553" HEIGHT="96">
						<TextLine ID="line_22" HPOS="494" VPOS="980" WIDTH="482" HEIGHT="28">
							<String ID="string_113" HPOS="494" VPOS="981" WIDTH="84" HEIGHT="21" WC="0.79" CONTENT="Finnes"/><SP WIDTH="21" VPOS="981" HPOS="578"/>
							<String ID="string_114" HPOS="599" VPOS="981" WIDTH="103" HEIGHT="21" WC="0.93" CONTENT="särskildt"/><SP WIDTH="17" VPOS="981" HPOS="702"/>
							<String ID="string_115" HPOS="719" VPOS="980" WIDTH="196" HEIGHT="28" WC="0.91" CONTENT="förvaltningsråd,"/><SP WIDTH="23" VPOS="980" HPOS="915"/>
							<String ID="string_116" HPOS="938" VPOS="980" WIDTH="38" HEIGHT="27" WC="0.95" CONTENT="får"/>
						</TextLine>
						<TextLine ID="line_23" HPOS="424" VPOS="1015" WIDTH="551" HEIGHT="28">
							<String ID="string_117" HPOS="424" VPOS="1016" WIDTH="52" HEIGHT="20" WC="0.96" CONTENT="dock"/><SP WIDTH="14" VPOS="1016" HPOS="476"/>
							<String ID="string_118" HPOS="490" VPOS="1016" WIDTH="10" HEIGHT="20" WC="0.95" CONTENT="i"/><SP WIDTH="16" VPOS="1016" HPOS="500"/>
							<String ID="string_119" HPOS="516" VPOS="1015" WIDTH="196" HEIGHT="28" WC="0.95" CONTENT="bolagsordningen"/><SP WIDTH="16" VPOS="1015" HPOS="712"/>
							<String ID="string_120" HPOS="728" VPOS="1015" WIDTH="137" HEIGHT="26" WC="0.91" CONTENT="bestämmas,"/><SP WIDTH="16" VPOS="1015" HPOS="865"/>
							<String ID="string_121" HPOS="881" VPOS="1017" WIDTH="33" HEIGHT="18" WC="0.93" CONTENT="att"/><SP WIDTH="17" VPOS="1017" HPOS="914"/>
							<String ID="string_122" HPOS="931" VPOS="1017" WIDTH="44" HEIGHT="25" WC="0.92" CONTENT="sty-"/>
						</TextLine>
						<TextLine ID="line_24" HPOS="423" VPOS="1049" WIDTH="492" HEIGHT="27">
							<String ID="string_123" HPOS="423" VPOS="1050" WIDTH="71" HEIGHT="20" WC="0.96" CONTENT="relsen"/><SP WIDTH="16" VPOS="1050" HPOS="494"/>
							<String ID="string_124" HPOS="510" VPOS="1050" WIDTH="130" HEIGHT="20" WC="0.96" CONTENT="tillsättes"/><SP WIDTH="18" VPOS="1050" HPOS="640"/>
							<String ID="string_125" HPOS="658" VPOS="1049" WIDTH="29" HEIGHT="27" WC="0.92" CONTENT="af"/><SP WIDTH="10" VPOS="1049" HPOS="687"/>
							<String ID="string_126" HPOS="697" VPOS="1049" WIDTH="218" HEIGHT="27" WC="0.91" CONTENT="förvaltningsrådet."/>
						</TextLine>
					</TextBlock>
					<TextBlock ID="block_10" HPOS="421" VPOS="1083" WIDTH="554" HEIGHT="165">
						<TextLine ID="line_25" HPOS="493" VPOS="1083" WIDTH="479" HEIGHT="28">
							<String ID="string_127" HPOS="493" VPOS="1083" WIDTH="30" HEIGHT="28" WC="0.95" CONTENT="Ej"/><SP WIDTH="14" VPOS="1083" HPOS="523"/>
							<String ID="string_128" HPOS="537" VPOS="1083" WIDTH="38" HEIGHT="21" WC="0.95" CONTENT="må"/><SP WIDTH="14" VPOS="1083" HPOS="575"/>
							<String ID="string_129" HPOS="589" VPOS="1083" WIDTH="10" HEIGHT="20" WC="0.95" CONTENT="i"/><SP WIDTH="14" VPOS="1083" HPOS="599"/>
							<String ID="string_130" HPOS="613" VPOS="1083" WIDTH="71" HEIGHT="28" WC="0.96" CONTENT="fråga,"/><SP WIDTH="19" VPOS="1083" HPOS="684"/>
							<String ID="string_131" HPOS="703" VPOS="1090" WIDTH="47" HEIGHT="14" WC="0.96" CONTENT="som"/><SP WIDTH="15" VPOS="1090" HPOS="750"/>
							<String ID="string_132" HPOS="765" VPOS="1083" WIDTH="10" HEIGHT="20" WC="0.95" CONTENT="i"/><SP WIDTH="14" VPOS="1083" HPOS="775"/>
							<String ID="string_133" HPOS="789" VPOS="1084" WIDTH="12" HEIGHT="19" WC="0.89" CONTENT="1"/><SP WIDTH="12" VPOS="1084" HPOS="801"/>
							<String ID="string_134" HPOS="813" VPOS="1083" WIDTH="51" HEIGHT="20" WC="0.89" CONTENT="eller"/><SP WIDTH="16" VPOS="1083" HPOS="864"/>
							<String ID="string_135" HPOS="880" VPOS="1083" WIDTH="15" HEIGHT="20" WC="0.96" CONTENT="2"/><SP WIDTH="12" VPOS="1083" HPOS="895"/>
							<String ID="string_136" HPOS="907" VPOS="1089" WIDTH="65" HEIGHT="14" WC="0.96" CONTENT="mom."/>
						</TextLine>
						<TextLine ID="line_26" HPOS="423" VPOS="1117" WIDTH="551" HEIGHT="28">
							<String ID="string_137" HPOS="423" VPOS="1119" WIDTH="97" HEIGHT="26" WC="0.94" CONTENT="nämnts,"/><SP WIDTH="16" VPOS="1119" HPOS="520"/>
							<String ID="string_138" HPOS="536" VPOS="1118" WIDTH="104" HEIGHT="27" WC="0.96" CONTENT="slutligen"/><SP WIDTH="16" VPOS="1118" HPOS="640"/>
							<String ID="string_139" HPOS="656" VPOS="1117" WIDTH="100" HEIGHT="28" WC="0.95" CONTENT="beslutas,"/><SP WIDTH="18" VPOS="1117" HPOS="756"/>
							<String ID="string_140" HPOS="774" VPOS="1117" WIDTH="75" HEIGHT="21" WC="0.95" CONTENT="innan"/><SP WIDTH="15" VPOS="1117" HPOS="849"/>
							<String ID="string_141" HPOS="864" VPOS="1117" WIDTH="110" HEIGHT="21" WC="0.96" CONTENT="berättelse"/>
						</TextLine>
						<TextLine ID="line_27" HPOS="422" VPOS="1151" WIDTH="553" HEIGHT="29">
							<String ID="string_142" HPOS="422" VPOS="1152" WIDTH="62" HEIGHT="27" WC="0.96" CONTENT="öfver"/><SP WIDTH="20" VPOS="1152" HPOS="484"/>
							<String ID="string_143" HPOS="504" VPOS="1152" WIDTH="166" HEIGHT="28" WC="0.93" CONTENT="granskningen"/><SP WIDTH="25" VPOS="1152" HPOS="670"/>
							<String ID="string_144" HPOS="695" VPOS="1152" WIDTH="29" HEIGHT="27" WC="0.95" CONTENT="af"/><SP WIDTH="20" VPOS="1152" HPOS="724"/>
							<String ID="string_145" HPOS="744" VPOS="1152" WIDTH="167" HEIGHT="27" WC="0.95" CONTENT="förvaltningen"/><SP WIDTH="25" VPOS="1152" HPOS="911"/>
							<String ID="string_146" HPOS="936" VPOS="1151" WIDTH="39" HEIGHT="21" WC="0.96" CONTENT="och"/>
						</TextLine>
						<TextLine ID="line_28" HPOS="422" VPOS="1185" WIDTH="553" HEIGHT="29">
							<String ID="string_147" HPOS="422" VPOS="1186" WIDTH="176" HEIGHT="28" WC="0.96" CONTENT="räkenskaperna"/><SP WIDTH="22" VPOS="1186" HPOS="598"/>
							<String ID="string_148" HPOS="620" VPOS="1187" WIDTH="36" HEIGHT="26" WC="0.95" CONTENT="för"/><SP WIDTH="15" VPOS="1187" HPOS="656"/>
							<String ID="string_149" HPOS="671" VPOS="1187" WIDTH="35" HEIGHT="20" WC="0.96" CONTENT="det"/><SP WIDTH="21" VPOS="1187" HPOS="706"/>
							<String ID="string_150" HPOS="727" VPOS="1186" WIDTH="128" HEIGHT="28" WC="0.96" CONTENT="föregående"/><SP WIDTH="15" VPOS="1186" HPOS="855"/>
							<String ID="string_151" HPOS="870" VPOS="1186" WIDTH="47" HEIGHT="21" WC="0.96" CONTENT="året"/><SP WIDTH="22" VPOS="1186" HPOS="917"/>
							<String ID="string_152" HPOS="939" VPOS="1185" WIDTH="36" HEIGHT="22" WC="0.94" CONTENT="till"/>
						</TextLine>
						<TextLine ID="line_29" HPOS="421" VPOS="1220" WIDTH="236" HEIGHT="28">
							<String ID="string_153" HPOS="421" VPOS="1222" WIDTH="114" HEIGHT="19" WC="0.93" CONTENT="stämman"/><SP WIDTH="14" VPOS="1222" HPOS="535"/>
							<String ID="string_154" HPOS="549" VPOS="1220" WIDTH="108" HEIGHT="28" WC="0.88" CONTENT="afgifvits."/>
						</TextLine>
					</TextBlock>
				</ComposedBlock>
				<Illustration ID="cblock_5" HPOS="623" VPOS="982" WIDTH="24" HEIGHT="20"></Illustration>
				<ComposedBlock ID="cblock_6" HPOS="662" VPOS="1278" WIDTH="68" HEIGHT="27">
					<TextBlock ID="block_11" HPOS="662" VPOS="1278" WIDTH="68" HEIGHT="27">
						<TextLine ID="line_30" HPOS="662" VPOS="1278" WIDTH="68" HEIGHT="27">
							<String ID="string_155" HPOS="662" VPOS="1278" WIDTH="15" HEIGHT="27" WC="0.90" CONTENT="$"/><SP WIDTH="16" VPOS="1278" HPOS="677"/>
							<String ID="string_156" HPOS="693" VPOS="1279" WIDTH="37" HEIGHT="20" WC="0.96" CONTENT="26."/>
						</TextLine>
					</TextBlock>
				</ComposedBlock>
				<ComposedBlock ID="cblock_7" HPOS="417" VPOS="1325" WIDTH="559" HEIGHT="203">
					<TextBlock ID="block_12" HPOS="417" VPOS="1325" WIDTH="559" HEIGHT="203">
						<TextLine ID="line_31" HPOS="489" VPOS="1325" WIDTH="485" HEIGHT="32">
							<String ID="string_157" HPOS="489" VPOS="1325" WIDTH="102" HEIGHT="32" WC="0.96" CONTENT="Ändring"/><SP WIDTH="26" VPOS="1325" HPOS="591"/>
							<String ID="string_158" HPOS="617" VPOS="1330" WIDTH="9" HEIGHT="20" WC="0.91" CONTENT="i"/><SP WIDTH="25" VPOS="1330" HPOS="626"/>
							<String ID="string_159" HPOS="651" VPOS="1329" WIDTH="198" HEIGHT="28" WC="0.91" CONTENT="bolagsordningen"/><SP WIDTH="24" VPOS="1329" HPOS="849"/>
							<String ID="string_160" HPOS="873" VPOS="1329" WIDTH="38" HEIGHT="21" WC="0.94" CONTENT="må"/><SP WIDTH="25" VPOS="1329" HPOS="911"/>
							<String ID="string_161" HPOS="936" VPOS="1329" WIDTH="38" HEIGHT="21" WC="0.93" CONTENT="vid"/>
						</TextLine>
						<TextLine ID="line_32" HPOS="421" VPOS="1363" WIDTH="553" HEIGHT="28">
							<String ID="string_162" HPOS="421" VPOS="1363" WIDTH="168" HEIGHT="28" WC="0.78" CONTENT="bolagsstämma"/><SP WIDTH="25" VPOS="1363" HPOS="589"/>
							<String ID="string_163" HPOS="614" VPOS="1364" WIDTH="101" HEIGHT="27" WC="0.91" CONTENT="vidtagas"/><SP WIDTH="22" VPOS="1364" HPOS="715"/>
							<String ID="string_164" HPOS="737" VPOS="1371" WIDTH="78" HEIGHT="20" WC="0.95" CONTENT="genom"/><SP WIDTH="24" VPOS="1371" HPOS="815"/>
							<String ID="string_165" HPOS="839" VPOS="1364" WIDTH="74" HEIGHT="26" WC="0.94" CONTENT="beslut,"/><SP WIDTH="25" VPOS="1364" HPOS="913"/>
							<String ID="string_166" HPOS="938" VPOS="1363" WIDTH="36" HEIGHT="27" WC="0.94" CONTENT="för"/>
						</TextLine>
						<TextLine ID="line_33" HPOS="421" VPOS="1397" WIDTH="555" HEIGHT="28">
							<String ID="string_167" HPOS="421" VPOS="1397" WIDTH="81" HEIGHT="21" WC="0.94" CONTENT="hvilket"/><SP WIDTH="21" VPOS="1397" HPOS="502"/>
							<String ID="string_168" HPOS="523" VPOS="1400" WIDTH="69" HEIGHT="19" WC="0.96" CONTENT="röster"/><SP WIDTH="14" VPOS="1400" HPOS="592"/>
							<String ID="string_169" HPOS="606" VPOS="1398" WIDTH="37" HEIGHT="27" WC="0.96" CONTENT="för"/><SP WIDTH="21" VPOS="1398" HPOS="643"/>
							<String ID="string_170" HPOS="664" VPOS="1398" WIDTH="70" HEIGHT="21" WC="0.81" CONTENT="minst"/><SP WIDTH="15" VPOS="1398" HPOS="734"/>
							<String ID="string_171" HPOS="749" VPOS="1400" WIDTH="31" HEIGHT="19" WC="0.93" CONTENT="tre"/><SP WIDTH="15" VPOS="1400" HPOS="780"/>
							<String ID="string_172" HPOS="795" VPOS="1398" WIDTH="131" HEIGHT="27" WC="0.92" CONTENT="fjerdedelar"/><SP WIDTH="21" VPOS="1398" HPOS="926"/>
							<String ID="string_173" HPOS="947" VPOS="1397" WIDTH="29" HEIGHT="28" WC="0.96" CONTENT="af"/>
						</TextLine>
						<TextLine ID="line_34" HPOS="419" VPOS="1431" WIDTH="552" HEIGHT="29">
							<String ID="string_174" HPOS="419" VPOS="1432" WIDTH="36" HEIGHT="20" WC="0.93" CONTENT="det"/><SP WIDTH="11" VPOS="1432" HPOS="455"/>
							<String ID="string_175" HPOS="466" VPOS="1432" WIDTH="15" HEIGHT="20" WC="0.93" CONTENT="å"/><SP WIDTH="16" VPOS="1432" HPOS="481"/>
							<String ID="string_176" HPOS="497" VPOS="1434" WIDTH="113" HEIGHT="18" WC="0.95" CONTENT="stämman"/><SP WIDTH="12" VPOS="1434" HPOS="610"/>
							<String ID="string_177" HPOS="622" VPOS="1433" WIDTH="126" HEIGHT="26" WC="0.95" CONTENT="företrädda"/><SP WIDTH="12" VPOS="1433" HPOS="748"/>
							<String ID="string_178" HPOS="760" VPOS="1432" WIDTH="164" HEIGHT="28" WC="0.93" CONTENT="aktiekapitalet"/><SP WIDTH="10" VPOS="1432" HPOS="924"/>
							<String ID="string_179" HPOS="934" VPOS="1431" WIDTH="37" HEIGHT="27" WC="0.92" CONTENT="af-"/>
						</TextLine>
						<TextLine ID="line_35" HPOS="417" VPOS="1466" WIDTH="556" HEIGHT="28">
							<String ID="string_180" HPOS="417" VPOS="1466" WIDTH="85" HEIGHT="26" WC="0.89" CONTENT="gifvits,"/><SP WIDTH="16" VPOS="1466" HPOS="502"/>
							<String ID="string_181" HPOS="518" VPOS="1466" WIDTH="87" HEIGHT="21" WC="0.90" CONTENT="derest"/><SP WIDTH="14" VPOS="1466" HPOS="605"/>
							<String ID="string_182" HPOS="619" VPOS="1467" WIDTH="24" HEIGHT="27" WC="0.96" CONTENT="ej"/><SP WIDTH="17" VPOS="1467" HPOS="643"/>
							<String ID="string_183" HPOS="660" VPOS="1466" WIDTH="7" HEIGHT="21" WC="0.96" CONTENT="i"/><SP WIDTH="11" VPOS="1466" HPOS="667"/>
							<String ID="string_184" HPOS="678" VPOS="1466" WIDTH="251" HEIGHT="28" WC="0.96" CONTENT="bolagsordningen"/><SP WIDTH="14" VPOS="1466" HPOS="929"/>
							<String ID="string_185" HPOS="943" VPOS="1467" WIDTH="30" HEIGHT="19" WC="0.96" CONTENT="är"/>
						</TextLine>
						<TextLine ID="line_36" HPOS="418" VPOS="1500" WIDTH="392" HEIGHT="28">
							<String ID="string_186" HPOS="418" VPOS="1501" WIDTH="186" HEIGHT="20" WC="0.93" CONTENT="annorlunda"/><SP WIDTH="14" VPOS="1501" HPOS="604"/>
							<String ID="string_187" HPOS="618" VPOS="1500" WIDTH="192" HEIGHT="28" WC="0.91" CONTENT="föreskrifvet."/>
						</TextLine>
					</TextBlock>
				</ComposedBlock>
				<ComposedBlock ID="cblock_8" HPOS="281" VPOS="1538" WIDTH="492" HEIGHT="23">
					<TextBlock ID="block_13" HPOS="281" VPOS="1538" WIDTH="492" HEIGHT="23">
						<TextLine ID="line_37" HPOS="281" VPOS="1538" WIDTH="492" HEIGHT="23">
							<String ID="string_188" HPOS="281" VPOS="1538" WIDTH="48" HEIGHT="23" WC="0.91" CONTENT="Lag-"/><SP WIDTH="13" VPOS="1538" HPOS="329"/>
							<String ID="string_189" HPOS="342" VPOS="1538" WIDTH="32" HEIGHT="18" WC="0.90" CONTENT="och"/><SP WIDTH="13" VPOS="1538" HPOS="374"/>
							<String ID="string_190" HPOS="387" VPOS="1538" WIDTH="183" HEIGHT="19" WC="0.70" CONTENT="Ekonomiutskottets"/><SP WIDTH="13" VPOS="1538" HPOS="570"/>
							<String ID="string_191" HPOS="583" VPOS="1540" WIDTH="110" HEIGHT="17" WC="0.96" CONTENT="betänkande"/><SP WIDTH="12" VPOS="1540" HPOS="693"/>
							<String ID="string_192" HPOS="705" VPOS="1540" WIDTH="37" HEIGHT="17" WC="0.96" CONTENT="N:o"/><SP WIDTH="13" VPOS="1540" HPOS="742"/>
							<String ID="string_193" HPOS="755" VPOS="1540" WIDTH="18" HEIGHT="17" WC="0.96" CONTENT="2."/>
						</TextLine>
					</TextBlock>
				</ComposedBlock>
			</PrintSpace>
		</Page>
	</Layout>
</alto>
