1142 1803
252 208 12 19 6
449 207 29 22 U.
495 207 28 22 B.
539 221 27 1 —
581 207 75 29 Prop.
672 207 45 23 N:o
732 208 23 22 9.

222 268 113 22 hafvaren
350 270 124 28 uppstälda
488 270 83 27 vilkor,
587 277 49 14 som
649 270 124 28 jordegare
785 269 94 29 jomlikt
886 269 40 29 lag
933 270 47 21 kan

222 303 150 23 förbehälla.**

290 338 92 25 Preste-,
405 339 107 27 Borgare-
535 338 43 22 och
601 339 168 21 Bondeständen
793 338 71 22 hafva
889 338 91 27 antagit

223 371 162 22 betänkandet.

290 405 178 23 Ständerbeslut
482 407 133 28 föreligger.

569 493 12 26 8
597 494 34 20 44.

291 555 160 27 Ridderskapet
474 555 44 21 och
540 556 71 20 Adeln
634 557 60 19 samt
709 555 110 28 Borgare-
834 554 43 22 och
893 554 84 21 Bonde-

220 589 92 21 ständen
328 588 72 22 hafva
415 589 91 29 antagit
521 589 158 21 betänkandet

288 623 162 22 Presteständet
468 624 42 21 har
531 623 79 21 funnit
625 631 80 13 senare
721 623 67 21 delen
804 623 51 21 från
871 623 36 27 S:n
922 622 55 21 böra

219 657 119 28 uteslutas,
361 658 25 21 sä
408 660 35 19 att
465 658 133 21 densamma
615 658 92 21 komme
725 660 36 19 att
776 657 65 29 lyda:
857 657 25 26 ,I
897 656 80 28 hvarje

219 691 144 29 församling,
380 692 40 21 der
434 692 98 22 boställe
548 692 35 22 för
598 694 63 27 prest
675 692 80 26 finnes,
765 692 60 21 skall
832 699 28 14 en
871 690 106 22 boställs-

218 725 88 22 nämnd
321 726 131 21 tillsättas.''

288 760 104 21 Emedan
408 760 177 22 Ständerbeslut
600 760 125 29 föreligger
735 759 87 30 jomväl
833 759 142 22 beträffande

219 793 77 22 denna
304 795 18 27 8,
332 794 132 22 föranleder
481 794 185 22 Presteständets
682 794 76 22 beslut
767 794 52 21 icke
833 793 38 22 till
887 793 88 29 åtgärd.

288 828 47 21 För
357 829 72 28 öfrigt
450 829 42 22 har
512 829 197 28 Borgareståndet
731 828 109 22 anmodat
854 828 122 22 Utskottet

219 864 35 19 att
269 865 106 19 närmare
391 863 89 22 öfverse
496 863 43 22 och
554 863 8 21 i
577 865 73 19 större
669 862 238 23 öfverensstämmelse
923 861 52 22 med

219 895 45 22 den
288 897 98 21 svenska
409 897 81 22 affatta
512 897 44 21 den
575 897 76 21 finska
673 899 79 20 texten
773 897 35 21 uti
823 897 12 28 &
851 898 11 21 2
879 896 26 21 af
917 896 58 21 först

218 930 163 29 ifrägakomna
395 931 240 29 författningsförslag
650 931 43 22 och
707 931 9 21 i
731 931 24 28 $$
771 933 19 25 8,
807 932 33 24 20,
856 932 33 27 26,
902 932 33 25 32,
947 931 27 20 46

219 964 43 21 och
284 966 28 20 48
336 965 25 22 af
381 965 167 29 förordningen
571 966 119 28 angäende
713 965 182 29 presterskapets
917 965 8 20 i
946 964 28 21 de

218 999 267 28 evangelisk-lutherska
505 1000 195 29 församlingarna
721 1000 35 21 uti
773 999 103 22 Finland
892 999 83 21 bostäl-

218 1033 45 26 len,
287 1033 42 22 och
354 1034 58 21 först
436 1034 72 21 sedan
535 1035 49 20 deri
605 1034 186 22 förekommande
809 1033 166 28 felaktigheter

219 1067 79 21 blifvit
312 1068 97 25 rättade,
424 1068 36 21 till
474 1068 269 29 Expeditionsutskottet
751 1068 141 21 öfverlemna
902 1066 72 22 hand-

218 1101 108 28 lingarna
341 1102 8 21 i
365 1102 100 22 ärendet.

287 1135 71 22 Detta
374 1136 76 21 beslut
464 1136 59 21 skall
539 1136 26 21 af
577 1136 120 22 Utskottet
712 1136 102 21 beaktas.

287 1198 155 29 Helsingfors,
458 1199 42 22 den
516 1199 27 21 25
558 1198 46 29 Maj
623 1200 60 21 1891.

288 1542 48 20 Lag-
348 1541 33 17 och
393 1541 182 18 Ekonomiutskottets
587 1542 110 17 betänkande
709 1542 37 17 N:o
759 1543 17 16 4.
