1142 1803
253 212 53 22 VIII

463 212 26 21 U.
505 212 24 21 B.
546 225 27 2 —
588 212 63 27 Prop.
669 212 40 21 N:o
726 214 19 19 9.

679 274 16 28 $
712 275 19 20 9.

503 305 78 31 Öfriga
597 309 50 27 laga
663 309 42 20 hus
720 308 39 21 mä
774 308 108 28 uppföras
892 308 92 28 afskildt

431 343 54 27 frän
510 343 127 20 hvarandra
661 343 52 20 eller
735 343 43 26 ock,
802 343 39 20 der
854 342 26 21 sä
896 343 87 27 lämpli-

430 384 52 20 gare
493 377 100 27 pröfvas,
609 377 192 27 sammanbyygas.
840 376 73 21 Under
922 377 62 20 dessa

432 411 42 21 hus
489 411 38 21 bör
542 412 75 27 läggas
631 411 82 27 stenfot
728 411 29 27 af
768 411 71 20 minst
849 411 72 21 trettio
932 418 50 14 cen-

433 445 95 21 timeters
551 445 56 28 höjd,
631 445 38 21 der
683 445 42 21 den
741 445 57 28 lägst
811 447 33 18 är.
876 445 108 21 Källaren

432 479 38 28 får
482 479 121 28 anbringas
617 480 71 20 under
703 486 79 14 annan
793 479 106 28 byggnad.
927 479 58 21 Stall

433 514 39 21 och
493 513 68 28 fähus
583 513 52 21 böra
657 513 70 28 förses
748 513 51 21 med
823 513 85 21 skullar
933 513 52 21 eller

433 548 71 21 andra
519 547 120 27 foderrum.

677 610 14 27 $
706 610 35 20 10.

505 650 42 21 Till
570 650 141 27 taktäekning
734 650 61 20 skola
817 650 56 20 helst
890 649 95 27 eldfasta

434 686 82 19 ämnen
530 684 122 21 användas.

504 718 44 21 För
571 718 136 27 boningshus
729 718 113 27 äfvensom
861 718 37 27 för
913 718 72 27 öfriga

436 753 49 26 laga
507 753 42 20 hus
571 752 14 21 å
607 752 134 27 embetsgård
759 752 44 27 mä,
819 752 54 27 efter
889 751 97 28 behofvet

436 787 38 20 och
496 789 71 18 ortens
589 787 43 26 sed,
649 786 76 27 tjenlig
741 786 122 21 beklädnad
877 786 38 21 och
930 785 55 21 mål-

435 821 55 27 ning
505 820 148 28 föreskrifvas.

683 883 16 26 $
713 883 30 20 11.

506 922 13 21 I
533 923 68 27 öfrigt
615 923 43 26 bör,
675 923 38 20 vid
732 923 139 20 meddelande
886 922 29 27 af
926 923 58 26 före-

436 957 67 27 skrift
517 963 35 14 om
569 957 100 27 byggnad
683 957 14 20 ä
713 957 95 26 boställe,
823 958 111 26 noggrant
948 957 37 27 af-

436 991 76 20 seende
533 991 71 27 fästas
627 991 14 20 å
664 991 63 26 hvad,
752 991 48 20 med
822 991 90 27 hänsigt
925 991 62 20 såväl

438 1025 35 20 till
488 1025 74 28 hvarje
577 1025 99 21 boställes
692 1025 53 27 läge,
755 1025 85 27 storlek,
853 1025 132 27 bruknings-

438 1061 44 18 sätt
504 1059 38 21 och
565 1059 92 27 tillgång
674 1059 32 27 på
729 1059 194 27 byggnadsämnen
940 1066 47 13 som

438 1093 37 20 ock
490 1093 35 20 till
540 1094 71 19 ortens
626 1093 42 26 sed,
685 1093 102 28 lämpligt
798 1094 32 25 är,
841 1092 26 21 så
877 1094 33 19 att
919 1093 66 20 hvar-

438 1127 40 20 ken
499 1127 208 27 boställshafvarens
729 1127 86 27 skäliga
839 1126 66 27 behof
915 1126 71 28 förbi-

437 1168 33 13 ses
492 1161 51 21 eller
564 1161 25 21 de
614 1161 209 28 byggnadsskyldige
844 1160 144 28 öfverhöfvan

438 1195 110 27 betungas.

505 1229 48 20 Allt
573 1236 48 14 som
641 1229 44 21 kan
700 1229 115 27 förorsaka
830 1229 86 27 eldfara
930 1230 59 19 samt

437 1263 81 21 således
532 1263 119 27 förhindra
666 1264 51 20 eller
726 1263 93 28 fördyra
831 1263 155 27 brandförsäk-

437 1297 51 27 ring
504 1297 38 21 bör
556 1297 72 21 såvidt
643 1297 86 28 möjligt
743 1299 27 19 är
785 1297 115 21 undvikas.

680 1367 15 24 $
710 1366 34 20 12.

506 1405 201 28 Löningslägenhet
736 1405 102 28 bebygges
864 1405 36 27 pä
936 1406 53 19 sätt

437 1439 163 27 innehafvaren
614 1439 77 27 nödigt
712 1439 80 27 finner,
809 1439 39 21 och
863 1439 51 20 derä
929 1445 57 21 upp-

437 1473 65 27 förda
522 1473 42 21 hus
589 1473 139 21 likställas
754 1473 58 21 med
833 1473 28 21 de
885 1472 10 21 i
917 1472 14 28 $
955 1472 34 20 32

437 1508 116 20 nämnda
569 1508 221 27 torpbyggnader.

295 1548 48 19 1.ag-
356 1546 32 17 och
401 1546 182 19 Ekonomiutskottets
595 1547 111 19 betänkande
720 1548 37 16 N:o
770 1548 16 15 4.
