1142 1803
378 183 30 23 U.
424 183 28 22 B.
467 196 29 3 —
510 183 73 27 Prop.
599 182 42 23 N:o
656 182 22 22 2.
872 184 12 20 5

155 246 91 21 Januari
268 248 54 20 1865
339 247 13 25 8
369 248 27 20 46
417 247 40 21 och
478 245 363 28 mantalsskrifningsförordningen
857 245 13 26 $
886 244 29 28 6).

156 280 49 21 Men
222 281 64 21 dessa
300 280 141 22 välbetänkta
456 280 134 22 föreskrifter
609 283 36 19 äro
663 280 46 22 äter
725 280 66 22 delvis
807 280 108 27 paralyse-

156 315 51 21 rade
223 321 78 20 genom
317 315 150 27 stadgandena
482 316 6 20 i
504 316 13 25 &
534 317 8 19 1
562 314 22 22 af
597 315 26 21 K.
643 314 144 28 kungörelsen
800 314 23 21 af
834 314 40 21 den
889 315 24 19 17

156 349 58 21 Mars
232 351 60 24 1879,
310 349 111 26 angäende
436 349 100 27 flyttning
551 349 46 21 frän
615 355 25 15 en
656 348 125 27 församling
797 348 32 21 till
839 354 25 15 en
877 354 37 15 an-

156 389 48 16 nan.
235 383 138 22 Sistnämnda
395 383 124 26 förordning
542 384 67 26 utgår,
625 383 46 21 från
688 389 25 15 en
729 383 46 20 helt
791 382 40 21 och
847 381 70 22 hållet

156 419 90 20 motsatt
269 417 127 28 åskådning.
427 418 45 21 Den
496 418 129 21 förutsätter
645 417 89 22 alldeles
749 417 117 26 bestämdt,
883 417 34 20 att

157 459 25 14 en
206 458 78 21 person
308 451 39 22 har
367 453 38 20 sitt
421 452 48 22 hem
486 452 38 21 där
540 453 41 20 han
598 455 23 18 är
636 451 157 28 kyrkskrifven,
809 453 58 19 samt
882 452 33 20 att

156 486 42 21 han
214 486 61 21 äfven
292 486 38 21 bör
346 493 50 14 vara
412 487 39 20 där
467 486 193 22 mantalsskrifven.
684 486 47 21 Den
747 485 119 28 uppställer
882 485 33 21 till

157 521 39 21 och
213 521 49 21 med
277 521 69 21 vilkor
368 521 44 27 och!
428 521 76 22 hinder
518 523 32 20 tör
566 521 118 27 uttagande
701 521 20 20 af
736 520 180 27 flyttningsbetyg

157 555 31 21 till
212 561 68 15 annan
304 555 132 27 församling:
461 555 52 21 slikt
535 556 64 26 betyg
621 555 33 21 får
677 555 18 27 ej
719 554 104 26 utfärdas,
850 555 65 20 innan

158 590 40 20 den
214 595 84 21 person,
315 595 45 15 som
376 589 78 21 sådant
469 590 83 26 begärt,
573 590 70 26 styrkt
659 591 32 19 att
707 589 41 21 han
763 588 70 22 blifvit
848 588 67 22 behö-

158 624 58 26 rigen
240 623 186 22 mantalsskrifven
450 626 56 19 samt
522 624 69 27 erlagt
606 624 47 21 sina
668 624 77 21 krono-
763 623 39 21 och
818 624 97 20 kommu-

158 658 48 21 nala
222 658 112 27 utskylder
348 658 32 22 för
395 658 129 27 föregående
540 659 30 22 år.

227 692 95 22 Sålunda
345 692 39 21 har
406 693 116 21 resultatet
544 692 25 22 af
581 692 53 22 flera
649 692 154 22 samverkande
820 693 96 20 omstän-

158 727 99 26 digheter
279 726 75 27 blifvit,
378 728 33 19 att
426 727 6 20 i
449 726 102 22 afseende
567 727 12 21 å
595 726 233 27 kyrkskrifningsorten
852 725 40 22 den
909 725 6 21 i

159 762 54 20 1865
230 761 34 21 års
280 760 124 27 förordning
420 763 94 25 antagna
529 761 110 27 principen
655 761 48 21 icke
723 760 119 27 iakttagits,
859 761 57 20 samt

158 797 31 20 att
213 796 34 20 vid
270 795 161 22 fastställandet
447 795 22 22 af
488 795 271 27 mantalsskrifningsorten
775 796 48 20 åter
837 794 78 27 kyrko-

158 830 108 21 böckerna
282 830 40 21 och
338 831 47 20 icke
401 831 154 26 boningsorten
576 831 53 21 eller
645 830 68 27 öfriga
728 830 6 21 i
751 829 66 27 sagda
832 828 85 22 förord-

159 865 49 26 ning
231 865 91 20 nämnda
346 865 185 26 omständigheter
554 865 69 21 blifvit
646 865 27 20 de
693 864 168 26 bestämmande,
881 869 34 14 om

160 899 39 20 ock
222 899 110 26 undantag
352 898 132 22 förekomma
500 899 134 22 beträffande
649 899 84 21 landets
750 899 69 21 större
835 897 82 27 städer,

160 933 39 21 där
221 933 169 27 bestämningen,
413 935 33 20 att
468 934 211 26 mantalslängderna
702 934 52 21 böra
777 935 68 19 rättas
862 932 55 21 efter

159 967 182 28 kyrkoböckerna,
366 970 76 19 nästan
467 968 39 21 alls
530 969 47 28 icke
593 968 64 27 följts.
689 968 41 21 Vid
746 967 76 22 sådant
837 966 79 22 förhål-

159 1002 63 21 lande
245 1002 38 21 har
306 1003 37 21 det
365 1002 69 21 blifvit
449 1005 53 19 nära
520 1009 42 20 nog
578 1003 102 26 omöjligt,
697 1004 32 19 att
745 1002 60 21 äfven
822 1001 48 22 med
886 1001 32 21 af-

160 1037 78 20 seende
254 1037 13 20 å
282 1037 273 26 mantalsskrifningsorten
578 1036 137 26 fullständigt
734 1035 123 28 genomföra
872 1035 45 27 gäl-

159 1070 63 21 lande
238 1070 115 22 föreskrift.

228 1105 48 21 Men
292 1105 132 22 härförutom
441 1105 45 27 har,
505 1106 28 26 på
553 1107 44 19 sätt
613 1105 6 21 i
635 1105 42 22 den
693 1105 79 26 nådiga
787 1103 131 28 propositio-

160 1145 40 15 nen
216 1139 130 26 framhålles,
368 1140 41 21 den
429 1147 41 20 nya
486 1140 149 27 näringslagen
652 1139 21 22 af
688 1140 40 21 den
745 1141 24 19 31
787 1139 57 21 Mars
863 1139 55 20 1879

160 1174 132 26 väsentligen
316 1174 112 21 förändrat
451 1175 26 20 de
496 1173 147 22 förhållanden
667 1174 40 21 och
729 1173 188 26 förutsättningar,

159 1207 69 22 under
242 1208 72 21 hvilka
333 1209 40 20 den
394 1209 99 26 gällande
509 1209 162 26 bestämningen
688 1207 111 27 angående
814 1207 103 22 mantals-

160 1241 176 28 skrifningsorten
360 1243 130 21 tillkommit.
521 1243 81 21 Genom
626 1243 70 21 denna
711 1242 124 26 förordning
851 1241 68 21 inför-

160 1277 36 20 des
220 1277 106 26 nämligen
350 1277 160 26 näringsfrihet,
535 1277 74 27 hvarje
633 1277 140 26 medborgare
793 1275 125 22 tilldelades

159 1313 43 18 rätt
218 1313 38 24 att,
273 1313 51 19 utan
341 1311 75 21 hinder
432 1311 23 21 af
469 1311 91 27 tidigare
569 1311 96 22 rådande
674 1311 179 26 inskränkningar
861 1312 58 19 samt

159 1345 123 21 oberoende
298 1345 23 21 af
334 1345 33 22 sin
379 1345 101 27 bonings-
491 1345 53 22 eller
558 1345 250 27 mantalsskrifningsort,
819 1345 50 21 idka
882 1346 37 19 nä-

159 1379 46 26 ring
220 1379 59 21 såväl
294 1379 6 21 i
317 1379 49 22 stad
382 1385 46 16 som
444 1380 29 27 på
488 1380 79 21 landet.
598 1379 40 22 Vid
655 1380 77 21 sådant
740 1379 133 22 förhållande
882 1377 36 28 gaf

158 1413 136 22 föreskriften
311 1414 113 27 angående
439 1414 274 27 mantalsskrifningsorten
729 1414 48 21 icke
792 1413 75 27 längre
876 1413 42 20 till-

159 1448 81 26 räcklig
262 1448 94 26 ledning,
380 1450 51 19 utan
451 1448 98 22 lemnade
565 1448 5 22 i
587 1448 78 27 många
682 1448 37 21 fall
734 1448 81 26 frågan,
831 1446 88 22 hvilken

159 1484 34 18 ort
208 1482 67 21 borde
288 1488 62 15 anses
365 1482 33 22 för
414 1489 26 15 en
456 1483 152 26 medborgares
624 1484 58 20 rätta
697 1482 98 26 hemvist,
813 1481 106 27 oafgjord.

227 1520 193 19 Ekonomiutskottets
432 1521 118 18 betänkande
562 1522 38 17 N:o
613 1523 15 15 1.
