1142 1803
360 185 30 22 U.
406 185 28 23 B.
451 198 28 2 —
494 185 77 28 Prop.
586 185 47 22 N:o
649 185 38 22 10.
847 186 25 20 17

144 256 84 14 samma
243 249 69 21 borde
326 248 107 21 anförtros
446 248 87 26 judiciel
543 248 134 26 myndighet.
702 248 53 20 Men
765 248 92 21 emedan
867 255 37 13 an-

145 285 74 25 tingen
239 283 37 21 vid
290 282 200 27 Industristyrelsen
504 282 72 20 kunde
592 281 102 21 anställas
710 288 27 14 en
750 281 101 27 juridiskt
865 281 39 22 bil-

145 318 44 20 dad
204 317 96 21 ledamot
316 316 50 21 eller
381 316 125 27 nägondera
522 316 24 20 af
559 316 27 20 de
601 316 38 20 tvä
644 315 99 27 juridiskt
753 315 88 21 bildade
851 316 53 26 tjen-

146 352 90 24 stemän,
258 351 62 20 öfver
341 350 72 21 hvilka
435 350 94 20 nämnda
552 350 137 20 embetsverk
711 350 67 19 redan
801 350 102 27 förfogar,

145 385 37 20 vid
203 384 189 27 handläggningen
412 383 25 21 af
449 387 32 17 ett
496 383 231 28 registreringsärende
742 383 72 20 kunde
828 383 33 21 till
875 383 30 20 le-

146 419 75 21 damot
244 419 67 20 blifva
333 418 137 27 adjungerad,
492 425 66 19 synes
572 417 201 26 Industristyrelsen
787 417 47 21 fullt
849 421 56 17 mot-

146 460 62 14 svara
226 453 28 20 de
269 452 93 28 anspråk
377 459 49 14 man
441 453 13 19 ä
466 459 27 13 en
508 451 129 27 myndighet
652 451 24 21 af
683 451 164 27 ifrågavarande
857 451 48 27 slag

146 494 52 20 eger
220 487 116 28 uppställa.
365 486 132 21 Densamma
520 485 23 21 är
564 485 33 21 för
619 485 65 27 öfrigt
707 485 38 21 det
760 485 143 25 embetsverk,

146 528 48 14 som
214 522 95 20 närmast
324 521 24 20 är
363 521 6 20 i
384 520 81 21 tillfälle
480 523 33 18 att
528 519 49 27 följa
592 519 51 21 med
659 519 42 21 den
716 519 141 21 ekonomiska
873 523 32 17 ut-

146 555 139 27 vecklingens
308 555 58 26 gäng
388 554 42 20 och
453 553 158 21 omhänderhar
633 553 22 27 ju
678 553 138 21 härförinnan
838 553 67 20 redan

146 590 139 26 registrering
306 588 24 20 af
350 591 76 24 patent
448 587 42 21 och
505 586 148 22 varumärken.
683 587 10 20 I
708 586 64 21 dessa
787 587 118 20 afseenden

147 623 85 21 utöfvar
246 622 198 26 Industristyrelsen
460 628 26 14 en
502 622 120 27 pröfvande
637 621 144 25 verksamhet,
797 628 48 14 som
857 620 48 22 icke

146 657 43 21 kan
204 656 127 22 fränkännas
347 663 27 14 en
388 658 43 18 viss
447 656 86 26 rättslig
547 656 107 20 karaktär.

216 690 122 26 Utskottet,
354 697 48 14 som
417 690 89 20 sälunda
521 690 98 20 förordar
634 692 32 18 att
681 696 27 14 en
724 690 55 20 enda
801 689 34 21 för
856 688 49 21 hela

148 725 74 21 landet
244 731 126 20 gemensam
391 723 280 28 registreringsmyndighet
696 723 33 21 för
753 723 153 26 aktiebolagen

148 759 68 21 mätte
232 759 96 24 inrättas,
343 758 88 21 hvilken
445 757 68 22 tillika
528 758 67 20 skulle
610 757 88 21 komma
713 761 32 17 att
767 757 74 21 utöfva
864 755 48 22 den

149 793 160 27 ifrägastäende
324 792 120 27 pröfvande
459 792 172 25 verksamheten,
648 792 38 20 har
701 795 86 18 stannat
797 791 38 21 vid
845 791 61 20 detta

149 827 41 20 slut
213 827 63 20 äfven
291 828 6 19 i
313 826 51 27 följd
386 826 26 21 af
431 833 27 14 en
480 833 70 14 annan
571 827 29 26 pä
615 826 70 21 denna
700 826 61 27 fräga
776 827 7 18 i
797 827 44 19 viss
857 825 50 20 män

149 860 131 21 inverkande
295 860 167 27 omständighet.

219 1036 77 21 Säsom
317 1036 80 21 bekant
415 1038 106 19 existerar
536 1038 6 19 i
557 1036 73 21 landet
653 1036 47 20 icke
720 1036 71 27 nägon
813 1035 37 27 lag
872 1041 37 14 om

150 1070 59 21 firma
228 1070 42 20 och
286 1070 99 27 prokura,
402 1070 26 20 än
444 1070 82 20 mindre
542 1070 112 27 angäende
669 1070 89 20 förande
773 1069 25 20 af
809 1072 32 17 ett
857 1068 52 21 han-

150 1104 144 27 delsregister.
305 1103 43 21 Väl
356 1104 144 20 förekommer
508 1105 6 19 i
522 1103 153 27 förordningen
683 1103 25 20 af
713 1103 42 20 den
763 1103 26 20 28
797 1102 48 27 Juni
855 1103 53 26 1798

150 1138 113 27 angäende
273 1137 65 27 bolag
350 1141 32 17 ett
393 1137 167 28 knapphändigt
570 1137 121 27 stadgande
702 1144 37 13 om
748 1137 59 20 firma
817 1136 38 21 vid
865 1143 28 13 en
903 1137 6 19 i

150 1172 70 21 större
230 1171 60 21 skala
300 1171 111 21 bedrifven
421 1171 232 27 näringsverksamhet,
661 1178 49 14 men
718 1174 61 18 utom
786 1174 33 17 att
826 1170 83 21 förord-

150 1207 79 26 ningen
241 1205 48 21 icke
299 1205 144 27 uttryckligen
455 1205 68 27 gäller
534 1206 28 19 de
571 1205 163 27 handelsbolag,
743 1206 7 19 i
757 1204 82 21 hvilkas
849 1203 61 21 firma

150 1239 100 26 samtlige
266 1239 138 27 bolagsmäns
420 1246 64 13 namn
499 1239 140 25 förekomma,
655 1239 43 20 kan
713 1239 25 20 af
750 1239 117 26 ordalagen
879 1239 31 20 uti

151 1274 127 30 densamma
298 1273 66 21 slutas
386 1276 32 18 att
440 1273 18 26 ej
481 1273 67 21 heller
571 1273 28 24 de
621 1272 162 28 handelsbolag,
805 1274 6 19 i
826 1272 84 21 hvilkas

150 1307 59 20 firma
224 1306 48 21 icke
287 1307 60 27 ingär
362 1308 68 26 nägot
445 1314 152 20 personnamn,
613 1307 88 21 beröras
716 1307 25 20 af
750 1307 160 26 förordningen.

150 1341 10 20 I
175 1341 152 27 förordningen
348 1348 36 13 om
399 1341 202 27 kommanditbolag
617 1341 89 27 stadgas
722 1341 33 20 för
770 1341 66 26 öfrigt
847 1340 64 21 äfven

150 1378 33 18 att
198 1375 198 27 bolagsordningen
411 1375 54 20 skall
480 1375 106 21 innehålla
601 1375 101 27 bolagets
718 1375 131 26 benämning
860 1373 52 21 eller

150 1409 66 25 firma,
232 1412 56 17 samt
303 1412 32 18 att
354 1409 74 20 derom
449 1409 40 20 bör
512 1409 121 27 publiceras
648 1411 7 18 i
670 1409 27 20 de
719 1409 94 20 officiela
834 1408 78 21 tidnin-

150 1449 74 20 garne.
254 1442 52 21 Men
321 1443 67 26 några
403 1443 67 20 andra
484 1442 162 28 bestämningar
661 1442 134 22 förekomma
810 1442 19 27 ej
846 1443 6 19 i
867 1442 46 20 äm-

150 1479 44 23 net,
211 1476 43 20 och
268 1476 18 26 ej
302 1476 66 21 heller
384 1476 113 21 förefinnes
512 1476 33 22 till
559 1476 88 28 ledning
666 1476 33 21 för
717 1476 151 21 bedömandet
891 1476 25 20 af

226 1514 48 23 Lag-
286 1515 33 17 och
331 1514 182 19 Ekonomiutskottets
526 1515 110 18 betänkande
647 1515 38 18 N:o
697 1515 18 17 2.
834 1515 11 17 2
