1142 1803
0 482 7 192 TI
0 458 2 7 A
0 401 13 30 gg
0 361 13 16 SNR
0 310 13 41 RASET
0 288 13 20 PORER

282 183 25 20 10
587 184 45 23 N:o
653 186 21 21 9.

600 251 11 27 8
630 252 31 20 12.

322 292 196 26 Löningslägenhet
534 292 106 26 bebygges
657 292 54 20 efter
727 293 28 25 ty,
772 291 151 21 innehafvaren
934 292 74 26 nödigt

249 326 75 25 finner,
350 326 39 21 och
413 326 50 21 derä
483 326 105 26 uppförda
611 326 39 20 hus
673 332 62 14 anses
752 326 69 20 säsom
839 325 168 27 öfverloppshus.

531 435 62 16 TIT
617 436 110 19 Kap.

308 486 34 21 Om
359 485 245 28 byggnadsskyldigheten
621 486 36 21 och
675 486 278 27 bostäilshyggnadskassan.

599 549 10 27 S
628 551 32 19 13.

322 590 46 20 Den
385 590 274 26 boställsbyggnudskassa,
676 590 79 20 hvarur
771 590 120 20 kostnaden
906 589 34 21 för
955 589 51 27 byg-

249 624 71 27 gande
336 624 39 21 och
391 624 113 22 underhäll
520 624 22 21 af
557 624 135 27 embetsgärd
708 625 33 21 för
757 627 59 25 prest
832 625 6 21 i
854 624 151 22 landsförsam-

249 659 45 27 ling
310 661 56 19 samt
381 659 90 21 förenad
487 660 71 20 lands-
575 660 40 20 och
630 659 186 27 stadsförsamling
827 660 54 20 skall
893 660 114 26 bestridas,

249 694 132 26 uppbringas
405 694 32 21 till
462 694 75 21 sädant
553 694 168 27 kapitalbelopp,
738 697 32 19 att
786 696 102 19 räntorna
904 694 51 21 derä
970 694 36 21 be-

249 727 79 21 räknas
343 728 71 21 kunna
430 729 90 20 betäcka
537 729 25 20 de
578 729 68 26 ärliga
661 729 124 26 utgifterna.

321 762 192 27 Stadsförsamling
536 763 34 21 mä
594 763 90 27 besluta,
700 763 55 21 huru
771 763 32 21 för
819 764 133 21 dervarande
968 764 37 21 bo-

248 797 77 21 ställen
342 797 67 21 sädan
426 797 91 21 kostnad
533 798 54 21 skall
603 798 113 27 bestridas,
732 804 44 15 som
793 804 29 15 nu
838 800 23 19 är
877 799 84 20 nämnd.

597 861 11 28 8
626 863 31 19 14.

320 901 42 20 För
386 901 214 27 sammanbringande
623 901 24 21 af
659 901 292 27 boställsbyggnadskassans
968 901 37 21 ka-

247 934 133 27 pitalbelopp
403 935 107 21 användas
534 936 25 20 de
575 936 286 27 boställsbyggnadskassor,
879 942 45 15 som
941 935 64 21 tilläf-

247 971 87 25 ventyrs
358 969 141 22 härförinnan
522 970 132 26 tillkommit;
669 977 76 20 genom
769 970 125 27 försäljning
914 969 23 22 af
951 971 54 25 skog

247 1003 48 21 frän
311 1004 181 26 prestboställena
509 1005 7 20 i
532 1005 158 26 församlingen.
721 1005 78 21 Finnes
814 1006 27 25 pä
857 1007 32 18 ett
905 1005 52 21 eller
967 1011 37 15 an-

247 1041 38 18 nat
308 1038 92 22 boställe
424 1041 26 18 än
471 1039 73 21 vidare
560 1039 107 26 öfverärig
683 1039 52 21 eller
751 1039 115 27 fullmogen
883 1039 59 27 skog,
959 1045 45 15 som

246 1074 52 19 utan
315 1072 105 21 afsaknad
436 1073 33 21 för
485 1074 127 25 lägenheten
627 1074 42 20 kan
685 1074 109 26 föryttras,
804 1074 40 20 och
860 1076 24 18 är
899 1074 105 21 hushälls-

246 1107 51 26 plan
320 1106 33 21 för
377 1107 81 27 skogen
474 1109 56 19 ännu
546 1107 46 21 icke
608 1107 106 27 faststäld,
731 1108 56 20 skall
802 1107 145 28 vederbörligt
962 1108 43 21 till-

246 1140 64 22 ständ
326 1141 33 21 till
374 1141 91 27 skogens
480 1141 127 28 försäljning
623 1142 101 21 utverkas
736 1142 39 21 och
786 1141 149 28 behällningen
946 1142 62 21 deraf

246 1175 87 21 tillfalla
356 1176 197 26 byggnadskassan.
583 1177 46 20 Har
651 1176 149 27 hushällsplan
816 1177 67 20 redan
899 1177 105 21 faststälts

247 1210 39 21 och
302 1210 82 21 lemnar
400 1211 79 26 skogen
496 1211 66 27 enligt
579 1211 122 21 densamma
717 1211 66 27 högre
799 1211 167 28 ärsafkastning,
977 1213 27 19 än

247 1250 46 15 som
309 1247 121 19 motsvarar
445 1245 204 22 boställshafvarens
661 1245 107 22 husbehof
777 1248 55 18 samt
844 1245 53 22 hans
908 1246 66 21 behof
983 1245 23 22 af

247 1279 59 20 virke
330 1279 33 21 till
386 1279 79 28 nödiga
488 1280 160 27 torpbygnader
663 1281 39 20 och
719 1280 122 27 ängslador,
857 1281 54 20 skall
927 1280 77 21 sädant

246 1313 121 21 Ofverskott
387 1314 78 26 jemväl
489 1314 178 27 tillgodokomma
683 1321 82 14 samma
785 1314 70 26 kassa,
871 1315 62 20 äfven
950 1315 54 21 efter

246 1347 36 22 det
304 1348 79 21 kassan
408 1350 90 25 uppnätt
521 1349 37 21 sitt
574 1349 131 21 föreskrifna
720 1349 168 26 kapitalbelopp.
919 1349 85 21 Likale-

246 1383 37 20 des
299 1382 55 21 skall
370 1383 60 21 såväl
444 1383 139 27 jordegarens
595 1384 63 21 andel
669 1384 23 21 af
701 1383 187 27 skadeersättning
898 1383 35 21 vid
944 1385 60 20 äver-

244 1416 43 21 kan
304 1417 12 20 &
333 1417 97 26 boställe,
447 1424 44 15 som
508 1418 39 21 ock
563 1418 149 27 afkastningen
728 1418 33 21 för
777 1418 112 21 derstädes
905 1418 98 26 olotligen

246 1450 84 22 brukad
346 1451 51 21 sved
416 1452 86 21 tillfalla
518 1452 191 27 byggnadskassan
726 1454 71 20 såsom
814 1452 5 21 i
836 1452 127 27 skogslagen
981 1454 24 19 är

244 1486 103 26 stadgadt
