1142 1803
386 238 30 22 U.
432 237 28 23 B.
477 250 28 3 —
520 237 75 28 Prop.
611 237 46 22 N:o
673 237 20 22 1.
867 237 26 21 11

163 304 109 23 utrymme
296 301 110 21 lemnades
432 300 34 21 för
491 304 31 18 ett
546 300 138 28 godtyckligt
711 300 130 25 förfarande,
868 300 55 21 före-

162 334 90 22 komme
267 335 43 25 det,
334 335 100 21 särskildt
451 335 135 21 beträffande
601 334 124 21 industriela
740 334 53 21 verk
807 334 43 21 och
864 334 58 21 villa-

165 368 87 27 platser,
276 369 47 21 icke
345 369 24 20 sä
390 369 68 20 sällan
477 372 33 17 att
530 369 33 20 för
577 375 27 14 en
619 368 170 27 ändamälsenlig
804 369 119 26 anordning

164 403 114 21 äfvensom
304 403 131 27 utvidgande
458 403 24 20 af
508 403 71 26 dylika
605 402 53 21 verk
684 402 42 21 och
752 402 81 27 platser
856 403 67 26 något

164 437 52 21 eller
238 438 66 27 nägra
327 437 141 27 egostycken,
493 444 35 14 om
545 437 42 20 ock
601 443 80 21 genom
697 440 32 17 ett
744 436 179 27 mellanliggande

164 472 90 21 område
275 471 92 22 åtskilda
389 472 45 20 från
457 471 43 21 den
521 471 148 28 ursprungliga
688 471 115 27 parcellen,
819 478 53 13 vore
887 471 36 20 be-

165 505 81 28 höfliga
266 506 32 21 för
314 506 130 25 densamma,
465 513 49 14 men
531 506 66 27 enligt
615 513 64 13 mom.
698 505 72 21 kunde
793 509 31 17 ett
847 505 76 21 sådant

165 540 187 21 sammanförande
371 540 31 21 till
425 547 27 14 en
474 540 81 27 parcell
576 541 7 20 i
603 540 74 27 regeln
701 539 18 27 ej
743 546 41 21 ega
801 546 52 14 rum.
883 539 40 21 Ut-

164 574 96 21 skottets
282 574 69 21 flertal
372 574 38 20 har
433 574 58 20 dock
506 577 71 18 ansett
592 575 33 25 sig
641 573 52 21 böra
709 573 99 21 fasthålla
825 575 99 26 proposi-

165 609 87 20 tionens
267 608 78 27 riktiga
360 608 65 21 tanke
440 609 6 20 i
462 608 61 21 detta
538 608 103 21 afseende
657 607 42 21 och
714 607 66 21 finner
794 608 28 20 de
835 607 88 21 anförda

165 642 111 21 slutorden
292 646 50 23 taga
357 642 113 27 tillräcklig
485 642 83 27 hänsyn
583 642 31 21 till
629 642 27 20 de
669 642 112 20 anmärkta
794 642 129 26 undantags-

165 676 71 21 fallen.
266 676 79 22 Skälen
365 676 32 21 för
412 676 52 21 flera
480 676 147 28 egostyckens
642 676 99 26 förening
756 676 31 20 till
802 683 27 13 en
844 675 80 27 parcell

166 710 87 21 komme
279 711 133 26 naturligtvis
428 714 32 17 att
475 711 88 26 pröfvas
578 712 6 19 i
600 711 42 20 den
665 710 32 21 för
720 710 203 27 delningsärendens

167 744 131 27 behandling
312 746 6 19 i
334 746 165 25 propositionen
515 745 125 20 föreskrifna
656 745 97 26 ordning.

236 779 72 26 Enligt
329 779 56 20 hvad
401 778 116 22 Utskottet
536 779 91 27 tidigare
643 779 78 26 antydt
736 778 87 21 komme
838 777 12 29 $
867 782 9 22 5
894 779 30 20 uti

166 812 106 27 förslaget
287 816 32 17 att
334 812 106 21 bortfalla.

237 847 173 20 Vidkommande
426 846 12 29 &
454 847 14 20 6
483 846 20 29 ($
518 847 20 26 4)
554 847 63 20 hafva
633 848 30 20 uti
679 847 115 20 Utskottet
809 846 57 21 olika
881 853 43 14 me-

166 882 76 25 ningar
257 881 56 27 gjort
328 882 33 26 sig
375 881 107 27 gällande,
499 883 7 19 i
520 881 38 21 det
574 888 49 14 man
639 881 47 20 dels
701 881 59 21 velat
775 880 106 21 bibehålla
891 879 34 29 $:n

168 915 132 21 oförändrad
322 915 46 20 dels
387 919 72 17 ansett
474 915 101 21 kommun
590 915 53 21 böra
658 915 137 22 tillerkännas
811 915 113 20 enahanda

166 949 45 21 rätt
226 953 32 18 att
274 950 83 27 förfoga
373 950 60 20 öfver
448 950 126 21 densamma
589 950 108 27 tillhöriga
707 950 74 21 frälse-
791 950 42 20 och
844 949 80 21 skatte-

167 983 133 28 lägenheter,
317 991 47 14 som
379 984 33 21 för
426 984 84 21 kronan
524 985 68 20 blifvit
607 984 130 27 medgifven.
761 984 42 21 För
813 983 45 29 &:ns
866 983 59 21 bibe-

166 1017 102 21 hållande
283 1018 129 21 oförändrad
423 1018 38 21 har
469 1019 82 20 anförts
560 1022 37 21 att,
608 1019 28 20 då
644 1019 131 26 rättigheten
784 1018 32 21 för
824 1018 101 21 kommun

167 1055 34 17 att
212 1052 48 20 dela
272 1059 25 13 en
306 1052 100 27 lägenhet
416 1054 7 18 i
431 1053 105 26 parceller
544 1056 51 17 utan
603 1056 32 17 att
643 1053 71 26 någon
725 1056 57 17 stom
793 1052 130 26 qvarblefve,

168 1086 31 20 uti
214 1085 75 27 sjelfva
304 1086 75 21 verket
394 1086 133 21 innefattade
543 1090 32 17 ett
590 1087 109 26 undantag
709 1087 46 20 från
767 1087 42 20 den
820 1086 105 20 allmänna

168 1120 75 27 regeln
265 1120 36 21 vid
324 1120 114 27 parcellers
461 1120 107 26 bildande,
591 1121 38 20 det
650 1121 64 20 äfven
729 1128 52 13 vore
796 1121 25 20 af
832 1121 46 26 vigt
893 1123 32 18 att

166 1153 58 22 tillse
240 1154 37 21 det
293 1155 121 20 ändamålet
426 1155 51 20 med
493 1158 31 18 ett
540 1155 69 26 dylikt
623 1155 244 27 undantagsstadgande
878 1154 47 21 icke

168 1188 72 21 blefve
262 1188 106 25 förfeladt,
388 1189 82 20 hvilket
486 1189 39 21 lätt
540 1189 71 20 kunde
626 1189 85 21 inträffa
727 1189 72 21 derest
815 1189 110 26 Styrelsen

166 1222 21 26 ej
203 1222 145 21 öfvervakade
363 1223 77 21 sådant
456 1230 80 20 genom
551 1227 32 17 att
597 1225 22 19 in
637 1230 50 14 casu
698 1223 93 21 bedöma
807 1223 119 20 ändamåls-

167 1256 125 27 enligheten
306 1257 25 20 af
342 1257 141 21 kommunens
499 1257 120 21 förfarande
635 1258 42 20 och
693 1257 70 21 dertill
785 1252 88 37 meddela
882 1257 44 27 till-

167 1291 72 20 ständ.
268 1291 102 27 Afsigten
384 1291 51 20 med
450 1292 132 27 stadgandet
596 1299 53 14 vore
664 1291 47 22 icke
727 1293 24 19 sä
767 1291 88 27 mycket
868 1291 58 27 jord-

168 1325 89 21 brukets
278 1325 146 27 befrämjande
446 1333 50 13 som
517 1329 32 18 att
571 1326 80 21 bereda
673 1326 82 21 tillfälle
774 1326 33 21 för
823 1326 42 20 den
879 1325 47 20 lösa

169 1359 153 28 befolkningen
344 1359 32 21 till
397 1359 56 21 fasta
476 1360 174 27 boningsplatser
673 1367 79 20 genom
768 1359 121 22 inrättande
905 1359 26 21 af

169 1401 17 13 s.
202 1393 20 21 k.
238 1393 140 28 parcellbyar.
408 1393 94 22 Tillfälle
524 1398 32 17 att
578 1401 79 20 genom
672 1394 104 27 jordbruk
791 1395 51 20 eller
857 1401 70 13 annan

169 1427 214 27 landtmannanäring
404 1427 92 27 försörja
518 1430 33 25 sig
572 1428 71 21 kunde
666 1430 30 19 uti
719 1429 50 19 dem
789 1430 6 18 i
811 1428 116 20 allmänhet

169 1461 48 21 icke
232 1462 138 24 förekomma,
388 1462 41 20 och
445 1462 28 20 dä
482 1465 105 23 utrymme
599 1462 32 21 till
641 1462 142 27 parcellernas
794 1462 133 26 utvidgande

170 1495 113 25 saknades,
304 1503 51 13 vore
371 1495 234 27 parcellinnehafvaren
620 1496 105 21 hänvisad
741 1500 30 17 att
787 1497 73 20 säsom
875 1496 52 26 dag-

170 1530 79 25 lönare,
273 1530 157 20 handtverkare
452 1530 52 20 eller
525 1532 29 25 pä
576 1534 65 18 annat
663 1531 44 21 sätt
729 1530 74 21 lifnära
824 1532 40 25 sig.
894 1530 33 20 En

239 1569 48 22 Lag-
299 1569 33 17 och
343 1568 183 19 Ekonomiutskottets
539 1570 109 17 betänkande
660 1569 38 18 N:o
711 1570 15 17 1.
