1142 1803
379 185 29 22 U.
424 185 28 22 B.
468 198 27 2 —
511 184 75 29 Prop.
602 185 45 23 N:o
663 185 22 22 8.

432 555 269 27 Lagutskottets
734 557 106 22 andra
869 557 47 21 be-

363 589 175 22 tänkande
561 590 9 21 i
592 590 135 27 anledning
742 590 27 22 af
781 590 65 23 Hans
861 591 55 28 Kej-

362 623 92 27 serliga
468 623 123 29 Majestäts
606 623 91 28 nädiga
711 625 154 27 proposition
875 631 40 16 an-

363 657 94 28 gäende
492 658 93 22 lärares
615 658 46 22 och
691 658 153 23 lärarinnors
873 659 43 22 vid

364 692 291 27 elementarläroverken,
696 692 146 23 läroverken
875 693 42 22 för

363 726 209 27 kvinnobildning
587 726 63 21 samt
661 725 200 24 folkskollärare-
870 727 47 22 och

364 760 305 21 Tärarinneseminarierna
691 760 89 28 afgäng
802 767 31 16 ur
855 761 60 28 tjen-

363 795 54 21 sten
433 794 41 21 vid
489 794 49 21 viss
554 793 77 23 älder.

227 892 44 20 Vid
296 891 152 27 föredragning
471 893 6 18 i
501 892 91 20 ständen
615 891 25 21 af
658 891 167 27 Lagutskottets
841 892 75 21 betän-

157 926 71 21 kande
244 926 41 20 N:o
301 931 11 14 2
329 927 6 19 i
351 925 115 27 anledning
481 926 25 20 af
514 926 69 20 denna
594 926 79 26 nädiga
681 927 138 26 proposition
826 926 44 25 har,
880 934 35 13 en-

157 960 39 27 ligt
212 960 58 20 hvad
280 960 116 20 Utskottet
406 967 80 19 genom
494 959 201 28 protokollsutdrag
702 960 127 25 meddelats,
838 961 78 26 ifräga-

158 994 95 21 varande
275 994 79 20 ärende
377 994 69 20 blifvit
468 994 25 20 af
512 993 98 27 samtliga
633 994 63 20 ständ
719 994 151 21 äterförvisadt
885 995 32 20 till

159 1028 116 21 Utskottet
290 1028 32 20 för
338 1028 152 27 undergäende
506 1028 24 20 af
542 1035 29 18 ny
586 1027 93 28 lagenlig
694 1028 137 27 behandling.
861 1029 55 20 Där-

158 1063 38 19 vid
218 1062 66 20 hafva
305 1062 162 26 Ridderskapet
490 1062 42 20 och
553 1061 72 20 Adeln
648 1064 56 18 samt
727 1062 161 20 Presteständet
909 1064 7 18 i

158 1095 123 21 hufvudsak
296 1095 97 27 godkänt
412 1095 41 20 den
469 1095 79 26 nådiga
563 1096 172 25 propositionen,
743 1095 114 20 hvaremot
864 1095 53 21 Bor-

159 1129 141 28 gareständet
307 1129 77 21 endast
393 1129 107 20 förkastat
507 1129 126 20 Utskottets
641 1130 6 19 i
655 1129 50 20 dess
713 1129 137 20 betänkande
857 1129 60 21 fram-

159 1163 71 22 stälda
246 1163 81 27 förslag
342 1163 42 20 och
401 1163 164 20 Bondeständet
579 1163 36 20 vid
631 1163 78 20 sakens
725 1163 120 20 äterremiss
857 1163 60 27 fogat

160 1198 42 20 den
224 1198 97 20 närmare
336 1197 145 27 bestämning,
498 1200 32 17 att
545 1198 7 19 i
566 1197 241 26 författningsförslaget
822 1197 96 26 uttryck-

159 1232 58 27 ligen
232 1231 69 21 borde
316 1231 84 25 uttalas,
418 1231 38 20 det
471 1231 122 24 skollärare,
607 1237 48 14 som
669 1231 37 20 vid
721 1231 27 26 63
764 1231 34 20 ärs
813 1231 59 20 älder
887 1231 31 20 af-

160 1266 39 27 går
221 1265 46 21 från
290 1265 98 27 tjensten,
405 1265 38 20 har
459 1268 32 17 att
506 1265 150 26 tillgodonjuta
671 1265 77 20 endast
764 1265 27 20 de
806 1267 112 24 pensions-

160 1300 113 25 förmäner,
297 1299 31 21 till
350 1299 72 21 hvilka
444 1299 42 20 han
508 1299 33 20 för
556 1299 133 20 närvarande
705 1299 23 20 är
743 1299 130 27 berättigad.
889 1311 28 2 —

160 1333 117 22 Utskottet
299 1333 31 21 till
352 1333 133 27 upplysning
506 1333 64 20 hafva
593 1333 104 26 därjämte
719 1333 28 20 de
765 1333 37 20 vid
817 1333 100 20 ärendets

160 1368 132 27 behandling
314 1369 6 19 i
342 1367 162 27 Ridderskapet
528 1367 41 21 och
591 1367 73 20 Adeln
685 1370 56 17 samt
757 1366 161 21 Presteständet

160 1402 111 21 förefallna
286 1402 106 22 diskuss.2
400 1409 38 13 ner
452 1401 69 21 blifvit
536 1401 115 21 Utskottet
666 1401 100 26 delgifna.

231 1520 130 22 Lagutskotteis
375 1519 62 17 andra
449 1518 114 18 betänkande
574 1518 38 18 N:o
625 1518 16 18 2.
