1142 1803
254 194 26 18 20
465 192 27 22 U.
508 192 24 21 B.
548 205 28 2 —
592 192 63 26 Prop.
672 192 40 21 N:o
729 193 18 21 9.

292 256 19 25 a)
334 256 29 20 De
385 256 44 25 laga
451 256 77 20 husens
544 256 103 25 tillstånd;
671 262 32 13 om
719 256 77 24 brister,
812 262 44 13 som
871 255 12 20 å
897 256 88 20 nämnda

224 284 116 25 byggnader
355 285 53 19 förut
422 285 108 24 anmärkts,
546 284 65 20 blifvit
625 284 104 26 afhjelpta;
745 284 68 20 hvilka
828 284 115 25 ytterligare
954 284 30 20 åt-

224 313 71 25 gärder
310 313 5 19 i
330 313 92 20 afseende
438 313 12 19 ä
464 313 154 25 byggnadernas
634 313 106 19 underhåll
755 315 34 17 äro
804 313 136 25 erforderliga;
953 319 32 13 om

224 342 59 18 dessa
305 341 91 25 åtgärder
418 348 59 13 anses
497 342 47 19 böra
558 341 19 19 af
592 342 180 19 boställshafvaren
787 341 48 20 eller
850 341 26 25 på
890 341 94 20 boställs-

224 369 190 25 byggnadskassans
430 370 111 19 bekostnad
556 370 101 25 vidtagas;
674 376 32 13 om
721 369 126 26 nybyggnad
861 369 20 19 af
895 371 29 18 ett
936 370 48 19 eller

223 398 48 19 flera
286 399 44 18 utaf
344 399 24 18 de
382 399 44 24 laga
441 399 65 19 husen
522 398 109 25 erfordras;
656 400 53 17 samt
732 403 33 14 om
784 398 70 19 dervid
869 398 115 25 förändring

223 428 23 18 är
267 427 85 25 behöflig
373 427 6 19 i
404 427 24 19 de
442 427 127 24 föreskrifter,
585 433 43 13 som
641 427 79 25 jemlikt
738 428 5 23 $
761 427 12 19 3
789 427 121 19 beträffande
925 427 58 19 dessa

224 455 38 19 hus
279 455 52 19 förut
346 455 114 20 meddelats.

294 483 20 25 b)
330 483 36 20 Om
381 484 103 19 boställets
501 484 116 25 beteshagar
632 486 34 17 äro
681 484 143 24 erforderligen
831 483 87 25 rödjade;
931 485 52 17 samt

224 512 52 19 hvad
292 512 29 19 för
336 512 58 25 öfrigt
409 512 121 20 beträffande
545 518 84 19 egornas
645 512 105 25 hägnande
765 513 38 18 och
821 512 46 19 häfd
887 512 38 19 kan
947 512 36 18 fin-

223 546 37 13 nas
276 541 70 25 nödigt
360 543 30 17 att
405 541 92 25 iakttaga.

573 598 11 23 8
601 598 33 19 39.

294 638 39 19 Vid
348 638 117 20 ekonomisk
479 638 116 26 besigtning
610 637 51 20 skall
682 637 185 20 boställsnämnden
882 637 41 19 föra
937 637 46 19 full-

224 666 90 25 ständigt
329 666 104 26 protokoll,
449 666 128 25 upptagande
597 666 72 25 jemväl
686 666 99 19 huruvida
805 666 178 19 boställshafvaren

223 695 58 19 äskat
296 695 117 25 förbättring
427 694 12 20 &
454 694 93 20 bostället
562 694 25 26 pä
607 694 276 26 boställsbyggnadskassans
902 694 80 20 bekost-

224 723 39 19 nad
278 726 52 16 samt
345 723 111 20 nämndens
472 723 66 19 beslut
552 723 6 18 i
573 723 110 24 anledning
697 723 20 18 af
732 723 65 24 dylikt
812 723 94 24 yrkande.

293 751 26 20 Sä
339 752 39 19 fort
398 751 34 20 ske
452 752 39 19 kan
507 751 50 19 skall
572 751 101 20 nämnden
689 751 112 20 sedermera
817 751 109 25 bevisligen
942 751 39 19 till-

224 780 59 19 ställa
298 780 178 19 boställshafvaren
496 779 34 20 tvä
545 780 102 25 exemplar
659 780 20 19 af
694 780 130 25 protokollet;
847 780 36 19 och
898 780 35 19 bör
947 780 34 18 bo-

224 808 152 20 ställshafvaren
399 809 54 19 inom
476 808 72 25 fjorton
569 809 60 24 dagar
645 808 85 19 derefter
745 808 30 19 till
790 808 112 19 nämndens
918 808 63 19 ordfö-

224 837 62 19 rande
300 837 109 19 äterlemna
424 837 33 19 det
476 843 38 13 ena
528 837 20 18 af
563 837 50 22 dem,
636 837 45 19 med
696 837 123 24 anteckning
833 837 99 18 huruvida
947 837 34 18 bo-

224 865 153 20 ställshafvaren
395 865 97 20 erkänner
512 865 131 25 protokollets
665 865 95 25 riktighet
775 865 38 19 och
828 865 115 24 godkänner
957 865 24 19 de

223 893 20 19 af
257 894 100 19 nämnden
373 894 41 19 deri
429 893 68 26 gjorda
511 893 79 26 förslag,
605 893 48 20 eller
667 894 53 19 hvad
734 894 40 19 han
790 893 88 20 deremot
893 893 46 20 ville
946 899 35 13 an-

223 922 73 19 märka.

293 951 46 18 Utaf
354 951 33 18 det
402 951 101 24 exemplar
517 951 20 18 af
551 951 120 24 protokollet
686 951 54 19 öfver
756 950 101 19 verkstälä
865 950 117 19 ekonomisk

224 979 120 24 besigtning,
368 985 42 13 som
432 979 177 20 boställshafvaren
625 979 30 19 till
671 979 112 19 nämndens
799 979 116 19 ordförande
930 978 51 19 äter-

224 1007 53 24 stält,
293 1007 50 20 skall
358 1007 67 25 styrkt
442 1007 78 20 afskrift
534 1013 72 19 genom
622 1007 143 20 ordförandens
786 1007 76 24 försorg
877 1007 104 19 tillsändas

223 1035 188 26 kontraktsprosten
432 1036 29 19 för
480 1037 29 18 att
523 1036 60 25 jemte
598 1036 75 19 dennes
692 1035 95 25 yttrande
803 1035 30 19 till
848 1035 133 26 Domkapitlet

223 1063 107 20 befordras.

572 1099 10 22 s
599 1098 34 19 40.

292 1137 30 20 Dä
337 1137 83 20 boställe
434 1138 20 19 af
468 1139 81 24 presten
564 1138 28 19 af-
609 1138 36 19 och
661 1137 103 24 tillträdes,
781 1137 50 19 skall
846 1137 27 19 af-
889 1137 38 19 och
942 1137 38 19 till-

223 1165 108 25 trädessyn
346 1166 20 19 af
380 1166 143 19 Häradsrätten
538 1166 102 19 anställas.

571 1223 10 23 $
599 1223 33 18 41.

293 1261 39 19 Vid
354 1262 27 19 af-
403 1262 37 19 och
462 1262 138 25 tillträdessyn
616 1262 58 19 lände
689 1262 30 19 till
734 1261 132 20 efterrättelse
881 1261 53 19 hvad
949 1267 32 14 om

222 1290 118 19 ekonomisk
363 1290 115 25 besigtning
498 1291 8 18 i
526 1291 10 23 $
554 1291 25 19 38
595 1293 22 17 är
633 1291 98 24 stadgadt.
762 1290 70 19 Tillika
847 1290 50 19 skall
913 1290 68 19 dervid

223 1318 85 25 följande
323 1318 104 25 iakttagas,
442 1319 110 24 nemligen:

294 1347 39 24 1:0)
353 1346 93 20 tillhälles
464 1347 111 19 afträdaren
596 1349 30 17 att
641 1347 91 19 redovisa
747 1347 30 19 för
792 1347 24 18 de
831 1346 68 21 medel,
915 1346 66 19 hvilka

222 1375 40 18 han
277 1375 30 18 till
322 1375 104 24 äfventyrs
442 1375 29 20 för
485 1375 93 20 bostället
593 1375 107 26 uppburit;

292 1404 41 24 2:0)
356 1403 45 19 med
415 1403 81 25 ledning
515 1404 20 19 af
549 1403 120 26 protokollet
683 1403 56 20 öfver
758 1405 80 17 senaste
853 1403 128 19 ekonomiska

219 1431 119 25 besigtning
352 1431 12 19 å
379 1432 97 24 bostället,
491 1432 82 26 afsynas
589 1432 37 19 och
641 1432 108 19 antecknas
764 1431 7 19 i
786 1431 53 19 hvad
853 1431 48 19 män
915 1430 26 20 dä
953 1431 27 19 fö-

220 1460 99 19 reskrifna
341 1460 149 24 nybyggnader,
513 1460 140 24 förbättringar
677 1460 37 19 och
733 1460 63 19 andra
811 1459 91 25 åtgärder
917 1459 64 19 blifvit

220 1488 125 24 verkstälda
338 1484 10 32 ;

291 1526 48 22 Lag-
351 1526 33 18 och
396 1526 180 18 Ekonomiutskottets
589 1526 110 18 betänkande
711 1526 38 18 N:o
762 1527 18 16 4.
