<?xml version="1.0" encoding="UTF-8"?>
<alto xmlns="http://www.loc.gov/standards/alto/ns-v3#" xmlns:xlink="http://www.w3.org/1999/xlink" xmlns:xsi="http://www.w3.org/2001/XMLSchema-instance" xsi:schemaLocation="http://www.loc.gov/standards/alto/ns-v3# http://www.loc.gov/alto/v3/alto-3-0.xsd">
	<Description>
		<MeasurementUnit>pixel</MeasurementUnit>
		<sourceImageInformation>
			<fileName>/tmp/tess_vzrz701p_input.PNG</fileName>
		</sourceImageInformation>
		<OCRProcessing ID="OCR_0">
			<ocrProcessingStep>
				<processingSoftware>
					<softwareName>tesseract 5.3.4</softwareName>
				</processingSoftware>
			</ocrProcessingStep>
		</OCRProcessing>
	</Description>
	<Layout>
		<Page WIDTH="1142" HEIGHT="1803" PHYSICAL_IMG_NR="0" ID="page_0">
			<PrintSpace HPOS="0" VPOS="0" WIDTH="1142" HEIGHT="1803">
				<ComposedBlock ID="cblock_0" HPOS="373" VPOS="197" WIDTH="322" HEIGHT="28">
					<TextBlock ID="block_0" HPOS="373" VPOS="197" WIDTH="322" HEIGHT="28">
						<TextLine ID="line_0" HPOS="373" VPOS="197" WIDTH="322" HEIGHT="28">
							<String ID="string_0" HPOS="373" VPOS="197" WIDTH="29" HEIGHT="23" WC="0.88" CONTENT="U."/><SP WIDTH="16" VPOS="197" HPOS="402"/>
							<String ID="string_1" HPOS="418" VPOS="198" WIDTH="28" HEIGHT="22" WC="0.91" CONTENT="B."/><SP WIDTH="17" VPOS="198" HPOS="446"/>
							<String ID="string_2" HPOS="463" VPOS="211" WIDTH="27" HEIGHT="1" WC="0.91" CONTENT="—"/><SP WIDTH="16" VPOS="211" HPOS="490"/>
							<String ID="string_3" HPOS="506" VPOS="198" WIDTH="75" HEIGHT="27" WC="0.96" CONTENT="Prop."/><SP WIDTH="16" VPOS="198" HPOS="581"/>
							<String ID="string_4" HPOS="597" VPOS="197" WIDTH="44" HEIGHT="22" WC="0.89" CONTENT="N:o"/><SP WIDTH="16" VPOS="197" HPOS="641"/>
							<String ID="string_5" HPOS="657" VPOS="197" WIDTH="38" HEIGHT="22" WC="0.96" CONTENT="10."/>
						</TextLine>
					</TextBlock>
				</ComposedBlock>
				<GraphicalElement ID="cblock_1" HPOS="51" VPOS="258" WIDTH="962" HEIGHT="8"></GraphicalElement >
				<GraphicalElement ID="cblock_2" HPOS="51" VPOS="262" WIDTH="962" HEIGHT="4"></GraphicalElement >
				<ComposedBlock ID="cblock_3" HPOS="120" VPOS="305" WIDTH="132" HEIGHT="17">
					<TextBlock ID="block_1" HPOS="120" VPOS="305" WIDTH="132" HEIGHT="17">
						<TextLine ID="line_1" HPOS="120" VPOS="305" WIDTH="132" HEIGHT="17">
							<String ID="string_6" HPOS="120" VPOS="305" WIDTH="132" HEIGHT="17" WC="0.91" CONTENT="Bondeständot"/>
						</TextLine>
					</TextBlock>
				</ComposedBlock>
				<ComposedBlock ID="cblock_4" HPOS="589" VPOS="304" WIDTH="180" HEIGHT="23">
					<TextBlock ID="block_2" HPOS="589" VPOS="304" WIDTH="180" HEIGHT="23">
						<TextLine ID="line_2" HPOS="589" VPOS="304" WIDTH="180" HEIGHT="23">
							<String ID="string_7" HPOS="589" VPOS="305" WIDTH="98" HEIGHT="17" WC="0.89" CONTENT="Utskottets"/><SP WIDTH="12" VPOS="305" HPOS="687"/>
							<String ID="string_8" HPOS="699" VPOS="304" WIDTH="70" HEIGHT="23" WC="0.95" CONTENT="förslag."/>
						</TextLine>
					</TextBlock>
				</ComposedBlock>
				<GraphicalElement ID="cblock_5" HPOS="53" VPOS="364" WIDTH="949" HEIGHT="9"></GraphicalElement >
				<GraphicalElement ID="cblock_6" HPOS="53" VPOS="369" WIDTH="950" HEIGHT="3"></GraphicalElement >
				<ComposedBlock ID="cblock_7" HPOS="53" VPOS="406" WIDTH="280" HEIGHT="123">
					<TextBlock ID="block_3" HPOS="53" VPOS="406" WIDTH="280" HEIGHT="95">
						<TextLine ID="line_3" HPOS="53" VPOS="406" WIDTH="275" HEIGHT="23">
							<String ID="string_9" HPOS="53" VPOS="407" WIDTH="39" HEIGHT="21" WC="0.75" CONTENT="och"/><SP WIDTH="16" VPOS="407" HPOS="92"/>
							<String ID="string_10" HPOS="108" VPOS="406" WIDTH="32" HEIGHT="21" WC="0.93" CONTENT="för"/><SP WIDTH="14" VPOS="406" HPOS="140"/>
							<String ID="string_11" HPOS="154" VPOS="407" WIDTH="120" HEIGHT="22" WC="0.93" CONTENT="hvarandra"/><SP WIDTH="8" VPOS="407" HPOS="274"/>
							<String ID="string_12" HPOS="282" VPOS="413" WIDTH="46" HEIGHT="16" WC="0.92" CONTENT="sva-|"/>
						</TextLine>
						<TextLine ID="line_4" HPOS="53" VPOS="440" WIDTH="279" HEIGHT="27">
							<String ID="string_13" HPOS="53" VPOS="447" WIDTH="25" HEIGHT="14" WC="0.89" CONTENT="ra"/><SP WIDTH="14" VPOS="447" HPOS="78"/>
							<String ID="string_14" HPOS="92" VPOS="440" WIDTH="33" HEIGHT="21" WC="0.93" CONTENT="för"/><SP WIDTH="15" VPOS="440" HPOS="125"/>
							<String ID="string_15" HPOS="140" VPOS="441" WIDTH="65" HEIGHT="20" WC="0.93" CONTENT="sådan"/><SP WIDTH="11" VPOS="441" HPOS="205"/>
							<String ID="string_16" HPOS="216" VPOS="441" WIDTH="116" HEIGHT="26" WC="0.85" CONTENT="förbindel-|"/>
						</TextLine>
						<TextLine ID="line_5" HPOS="80" VPOS="469" WIDTH="253" HEIGHT="32">
							<String ID="string_17" HPOS="80" VPOS="480" WIDTH="22" HEIGHT="15" WC="0.93" CONTENT="se"/><SP WIDTH="16" VPOS="480" HPOS="102"/>
							<String ID="string_18" HPOS="118" VPOS="475" WIDTH="68" HEIGHT="20" WC="0.96" CONTENT="såsom"/><SP WIDTH="16" VPOS="475" HPOS="186"/>
							<String ID="string_19" HPOS="202" VPOS="474" WIDTH="32" HEIGHT="22" WC="0.96" CONTENT="för"/><SP WIDTH="16" VPOS="474" HPOS="234"/>
							<String ID="string_20" HPOS="250" VPOS="481" WIDTH="52" HEIGHT="20" WC="0.93" CONTENT="egen"/><SP WIDTH="29" VPOS="481" HPOS="302"/>
							<String ID="string_21" HPOS="331" VPOS="469" WIDTH="2" HEIGHT="19" WC="0.95" CONTENT="|"/>
						</TextLine>
					</TextBlock>
					<TextBlock ID="block_4" HPOS="156" VPOS="508" WIDTH="68" HEIGHT="21">
						<TextLine ID="line_6" HPOS="156" VPOS="508" WIDTH="68" HEIGHT="21">
							<String ID="string_22" HPOS="156" VPOS="508" WIDTH="68" HEIGHT="21" WC="0.96" CONTENT="skuld."/>
						</TextLine>
					</TextBlock>
				</ComposedBlock>
				<ComposedBlock ID="cblock_8" HPOS="56" VPOS="761" WIDTH="272" HEIGHT="56">
					<TextBlock ID="block_5" HPOS="56" VPOS="761" WIDTH="272" HEIGHT="56">
						<TextLine ID="line_7" HPOS="56" VPOS="761" WIDTH="272" HEIGHT="28">
							<String ID="string_23" HPOS="56" VPOS="761" WIDTH="38" HEIGHT="22" WC="0.93" CONTENT="har"/><SP WIDTH="15" VPOS="761" HPOS="94"/>
							<String ID="string_24" HPOS="109" VPOS="762" WIDTH="80" HEIGHT="27" WC="0.93" CONTENT="antagit"/><SP WIDTH="18" VPOS="762" HPOS="189"/>
							<String ID="string_25" HPOS="207" VPOS="762" WIDTH="121" HEIGHT="22" WC="0.93" CONTENT="Utskottets"/>
						</TextLine>
						<TextLine ID="line_8" HPOS="125" VPOS="795" WIDTH="139" HEIGHT="22">
							<String ID="string_26" HPOS="125" VPOS="795" WIDTH="139" HEIGHT="22" WC="0.92" CONTENT="betänkande."/>
						</TextLine>
					</TextBlock>
				</ComposedBlock>
				<ComposedBlock ID="cblock_9" HPOS="56" VPOS="1006" WIDTH="274" HEIGHT="55">
					<TextBlock ID="block_6" HPOS="56" VPOS="1006" WIDTH="274" HEIGHT="55">
						<TextLine ID="line_9" HPOS="56" VPOS="1006" WIDTH="274" HEIGHT="27">
							<String ID="string_27" HPOS="56" VPOS="1006" WIDTH="39" HEIGHT="21" WC="0.85" CONTENT="har"/><SP WIDTH="15" VPOS="1006" HPOS="95"/>
							<String ID="string_28" HPOS="110" VPOS="1006" WIDTH="81" HEIGHT="27" WC="0.92" CONTENT="antagit"/><SP WIDTH="17" VPOS="1006" HPOS="191"/>
							<String ID="string_29" HPOS="208" VPOS="1006" WIDTH="122" HEIGHT="21" WC="0.92" CONTENT="Utskottets"/>
						</TextLine>
						<TextLine ID="line_10" HPOS="123" VPOS="1039" WIDTH="139" HEIGHT="22">
							<String ID="string_30" HPOS="123" VPOS="1039" WIDTH="139" HEIGHT="22" WC="0.96" CONTENT="betänkande."/>
						</TextLine>
					</TextBlock>
				</ComposedBlock>
				<GraphicalElement ID="cblock_10" HPOS="48" VPOS="261" WIDTH="9" HEIGHT="1246"></GraphicalElement >
				<GraphicalElement ID="cblock_11" HPOS="329" VPOS="269" WIDTH="9" HEIGHT="1236"></GraphicalElement >
				<ComposedBlock ID="cblock_12" HPOS="346" VPOS="537" WIDTH="654" HEIGHT="198">
					<TextBlock ID="block_7" HPOS="346" VPOS="537" WIDTH="654" HEIGHT="27">
						<TextLine ID="line_11" HPOS="346" VPOS="537" WIDTH="654" HEIGHT="27">
							<String ID="string_31" HPOS="346" VPOS="538" WIDTH="111" HEIGHT="22" WC="0.96" CONTENT="Utskottet"/><SP WIDTH="22" VPOS="538" HPOS="457"/>
							<String ID="string_32" HPOS="479" VPOS="538" WIDTH="88" HEIGHT="21" WC="0.96" CONTENT="föreslår"/><SP WIDTH="22" VPOS="538" HPOS="567"/>
							<String ID="string_33" HPOS="589" VPOS="540" WIDTH="32" HEIGHT="19" WC="0.96" CONTENT="att"/><SP WIDTH="16" VPOS="540" HPOS="621"/>
							<String ID="string_34" HPOS="637" VPOS="538" WIDTH="5" HEIGHT="21" WC="0.96" CONTENT="i"/><SP WIDTH="17" VPOS="538" HPOS="642"/>
							<String ID="string_35" HPOS="659" VPOS="538" WIDTH="39" HEIGHT="21" WC="0.96" CONTENT="den"/><SP WIDTH="16" VPOS="538" HPOS="698"/>
							<String ID="string_36" HPOS="714" VPOS="537" WIDTH="68" HEIGHT="22" WC="0.96" CONTENT="finska"/><SP WIDTH="15" VPOS="537" HPOS="782"/>
							<String ID="string_37" HPOS="797" VPOS="540" WIDTH="72" HEIGHT="19" WC="0.96" CONTENT="texten"/><SP WIDTH="16" VPOS="540" HPOS="869"/>
							<String ID="string_38" HPOS="885" VPOS="538" WIDTH="65" HEIGHT="21" WC="0.93" CONTENT="orden"/><SP WIDTH="17" VPOS="538" HPOS="950"/>
							<String ID="string_39" HPOS="967" VPOS="537" WIDTH="33" HEIGHT="27" WC="0.88" CONTENT=",,ei"/>
						</TextLine>
					</TextBlock>
					<TextBlock ID="block_8" HPOS="347" VPOS="571" WIDTH="652" HEIGHT="28">
						<TextLine ID="line_12" HPOS="347" VPOS="571" WIDTH="652" HEIGHT="28">
							<String ID="string_40" HPOS="347" VPOS="572" WIDTH="33" HEIGHT="21" WC="0.96" CONTENT="ole"/><SP WIDTH="22" VPOS="572" HPOS="380"/>
							<String ID="string_41" HPOS="402" VPOS="574" WIDTH="85" HEIGHT="25" WC="0.96" CONTENT="täyteen"/><SP WIDTH="23" VPOS="574" HPOS="487"/>
							<String ID="string_42" HPOS="510" VPOS="574" WIDTH="98" HEIGHT="19" WC="0.96" CONTENT="määrään"/><SP WIDTH="24" VPOS="574" HPOS="608"/>
							<String ID="string_43" HPOS="632" VPOS="574" WIDTH="75" HEIGHT="19" WC="0.93" CONTENT="saanut"/><SP WIDTH="23" VPOS="574" HPOS="707"/>
							<String ID="string_44" HPOS="730" VPOS="572" WIDTH="87" HEIGHT="26" WC="0.58" CONTENT="ottajia&#39;&#39;"/><SP WIDTH="16" VPOS="572" HPOS="817"/>
							<String ID="string_45" HPOS="833" VPOS="572" WIDTH="66" HEIGHT="21" WC="0.93" CONTENT="måtte"/><SP WIDTH="16" VPOS="572" HPOS="899"/>
							<String ID="string_46" HPOS="915" VPOS="571" WIDTH="84" HEIGHT="27" WC="0.92" CONTENT="utbytas"/>
						</TextLine>
					</TextBlock>
					<TextBlock ID="block_9" HPOS="348" VPOS="606" WIDTH="650" HEIGHT="27">
						<TextLine ID="line_13" HPOS="348" VPOS="606" WIDTH="650" HEIGHT="27">
							<String ID="string_47" HPOS="348" VPOS="608" WIDTH="56" HEIGHT="19" WC="0.93" CONTENT="emot"/><SP WIDTH="25" VPOS="608" HPOS="404"/>
							<String ID="string_48" HPOS="429" VPOS="606" WIDTH="65" HEIGHT="21" WC="0.93" CONTENT="orden"/><SP WIDTH="24" VPOS="606" HPOS="494"/>
							<String ID="string_49" HPOS="518" VPOS="606" WIDTH="33" HEIGHT="26" WC="0.85" CONTENT=",ei"/><SP WIDTH="22" VPOS="606" HPOS="551"/>
							<String ID="string_50" HPOS="573" VPOS="606" WIDTH="54" HEIGHT="21" WC="0.96" CONTENT="ollut"/><SP WIDTH="23" VPOS="606" HPOS="627"/>
							<String ID="string_51" HPOS="650" VPOS="608" WIDTH="87" HEIGHT="25" WC="0.96" CONTENT="täyteen"/><SP WIDTH="24" VPOS="608" HPOS="737"/>
							<String ID="string_52" HPOS="761" VPOS="608" WIDTH="100" HEIGHT="20" WC="0.94" CONTENT="määrään"/><SP WIDTH="26" VPOS="608" HPOS="861"/>
							<String ID="string_53" HPOS="887" VPOS="606" WIDTH="111" HEIGHT="21" WC="0.0" CONTENT="otettuna"/>
						</TextLine>
					</TextBlock>
					<TextBlock ID="block_10" HPOS="347" VPOS="640" WIDTH="652" HEIGHT="25">
						<TextLine ID="line_14" HPOS="347" VPOS="640" WIDTH="652" HEIGHT="25">
							<String ID="string_54" HPOS="347" VPOS="642" WIDTH="55" HEIGHT="19" WC="0.96" CONTENT="samt"/><SP WIDTH="22" VPOS="642" HPOS="402"/>
							<String ID="string_55" HPOS="424" VPOS="642" WIDTH="32" HEIGHT="19" WC="0.95" CONTENT="att"/><SP WIDTH="21" VPOS="642" HPOS="456"/>
							<String ID="string_56" HPOS="477" VPOS="640" WIDTH="25" HEIGHT="21" WC="0.96" CONTENT="de"/><SP WIDTH="28" VPOS="640" HPOS="502"/>
							<String ID="string_57" HPOS="530" VPOS="646" WIDTH="73" HEIGHT="15" WC="0.89" CONTENT="senare"/><SP WIDTH="30" VPOS="646" HPOS="603"/>
							<String ID="string_58" HPOS="633" VPOS="640" WIDTH="171" HEIGHT="22" WC="0.96" CONTENT="förekommande"/><SP WIDTH="23" VPOS="640" HPOS="804"/>
							<String ID="string_59" HPOS="827" VPOS="640" WIDTH="66" HEIGHT="21" WC="0.91" CONTENT="orden"/><SP WIDTH="19" VPOS="640" HPOS="893"/>
							<String ID="string_60" HPOS="912" VPOS="656" WIDTH="5" HEIGHT="9" WC="0.57" CONTENT=","/><SP WIDTH="3" VPOS="656" HPOS="917"/>
							<String ID="string_61" HPOS="920" VPOS="640" WIDTH="79" HEIGHT="25" WC="0.57" CONTENT="taikka"/>
						</TextLine>
					</TextBlock>
					<TextBlock ID="block_11" HPOS="347" VPOS="674" WIDTH="652" HEIGHT="61">
						<TextLine ID="line_15" HPOS="347" VPOS="674" WIDTH="652" HEIGHT="27">
							<String ID="string_62" HPOS="347" VPOS="676" WIDTH="43" HEIGHT="19" WC="0.95" CONTENT="että"/><SP WIDTH="20" VPOS="676" HPOS="390"/>
							<String ID="string_63" HPOS="410" VPOS="680" WIDTH="27" HEIGHT="15" WC="0.93" CONTENT="on"/><SP WIDTH="15" VPOS="680" HPOS="437"/>
							<String ID="string_64" HPOS="452" VPOS="674" WIDTH="143" HEIGHT="27" WC="0.88" CONTENT="laiminlyöty**"/><SP WIDTH="16" VPOS="674" HPOS="595"/>
							<String ID="string_65" HPOS="611" VPOS="674" WIDTH="68" HEIGHT="22" WC="0.92" CONTENT="blefve"/><SP WIDTH="16" VPOS="674" HPOS="679"/>
							<String ID="string_66" HPOS="695" VPOS="674" WIDTH="92" HEIGHT="22" WC="0.96" CONTENT="ändrade"/><SP WIDTH="16" VPOS="674" HPOS="787"/>
							<String ID="string_67" HPOS="803" VPOS="674" WIDTH="32" HEIGHT="21" WC="0.93" CONTENT="till"/><SP WIDTH="17" VPOS="674" HPOS="835"/>
							<String ID="string_68" HPOS="852" VPOS="690" WIDTH="10" HEIGHT="10" WC="0.40" CONTENT=","/><SP WIDTH="4" VPOS="690" HPOS="862"/>
							<String ID="string_69" HPOS="866" VPOS="674" WIDTH="73" HEIGHT="26" WC="0.40" CONTENT="taikka"/><SP WIDTH="16" VPOS="674" HPOS="939"/>
							<String ID="string_70" HPOS="955" VPOS="675" WIDTH="44" HEIGHT="20" WC="0.96" CONTENT="että"/>
						</TextLine>
						<TextLine ID="line_16" HPOS="522" VPOS="708" WIDTH="303" HEIGHT="27">
							<String ID="string_71" HPOS="522" VPOS="708" WIDTH="94" HEIGHT="21" WC="0.96" CONTENT="muutoin"/><SP WIDTH="17" VPOS="708" HPOS="616"/>
							<String ID="string_72" HPOS="633" VPOS="708" WIDTH="27" HEIGHT="21" WC="0.93" CONTENT="oli"/><SP WIDTH="15" VPOS="708" HPOS="660"/>
							<String ID="string_73" HPOS="675" VPOS="708" WIDTH="150" HEIGHT="27" WC="0.47" CONTENT="laiminlyöty*&#39;."/>
						</TextLine>
					</TextBlock>
				</ComposedBlock>
				<ComposedBlock ID="cblock_13" HPOS="347" VPOS="769" WIDTH="652" HEIGHT="28">
					<TextBlock ID="block_12" HPOS="347" VPOS="769" WIDTH="652" HEIGHT="28">
						<TextLine ID="line_17" HPOS="347" VPOS="769" WIDTH="652" HEIGHT="28">
							<String ID="string_74" HPOS="347" VPOS="769" WIDTH="111" HEIGHT="22" WC="0.91" CONTENT="Utskottet"/><SP WIDTH="22" VPOS="769" HPOS="458"/>
							<String ID="string_75" HPOS="480" VPOS="769" WIDTH="39" HEIGHT="22" WC="0.93" CONTENT="har"/><SP WIDTH="19" VPOS="769" HPOS="519"/>
							<String ID="string_76" HPOS="538" VPOS="769" WIDTH="68" HEIGHT="22" WC="0.92" CONTENT="funnit"/><SP WIDTH="22" VPOS="769" HPOS="606"/>
							<String ID="string_77" HPOS="628" VPOS="769" WIDTH="40" HEIGHT="22" WC="0.96" CONTENT="den"/><SP WIDTH="23" VPOS="769" HPOS="668"/>
							<String ID="string_78" HPOS="691" VPOS="769" WIDTH="69" HEIGHT="22" WC="0.96" CONTENT="finska"/><SP WIDTH="22" VPOS="769" HPOS="760"/>
							<String ID="string_79" HPOS="782" VPOS="771" WIDTH="71" HEIGHT="20" WC="0.92" CONTENT="texten"/><SP WIDTH="22" VPOS="771" HPOS="853"/>
							<String ID="string_80" HPOS="875" VPOS="769" WIDTH="67" HEIGHT="28" WC="0.92" CONTENT="tydlig"/><SP WIDTH="19" VPOS="769" HPOS="942"/>
							<String ID="string_81" HPOS="961" VPOS="769" WIDTH="38" HEIGHT="22" WC="0.96" CONTENT="och"/>
						</TextLine>
					</TextBlock>
				</ComposedBlock>
				<ComposedBlock ID="cblock_14" HPOS="331" VPOS="803" WIDTH="668" HEIGHT="24">
					<TextBlock ID="block_13" HPOS="331" VPOS="803" WIDTH="668" HEIGHT="24">
						<TextLine ID="line_18" HPOS="331" VPOS="803" WIDTH="668" HEIGHT="24">
							<String ID="string_82" HPOS="331" VPOS="812" WIDTH="1" HEIGHT="5" WC="0.75" CONTENT="|"/><SP WIDTH="16" VPOS="812" HPOS="332"/>
							<String ID="string_83" HPOS="348" VPOS="803" WIDTH="186" HEIGHT="22" WC="0.51" CONTENT="öfverensstämmä"/><SP WIDTH="20" VPOS="803" HPOS="534"/>
							<String ID="string_84" HPOS="554" VPOS="804" WIDTH="47" HEIGHT="21" WC="0.96" CONTENT="med"/><SP WIDTH="23" VPOS="804" HPOS="601"/>
							<String ID="string_85" HPOS="624" VPOS="804" WIDTH="39" HEIGHT="21" WC="0.96" CONTENT="den"/><SP WIDTH="23" VPOS="804" HPOS="663"/>
							<String ID="string_86" HPOS="686" VPOS="803" WIDTH="97" HEIGHT="24" WC="0.93" CONTENT="svenska,"/><SP WIDTH="20" VPOS="803" HPOS="783"/>
							<String ID="string_87" HPOS="803" VPOS="803" WIDTH="86" HEIGHT="22" WC="0.96" CONTENT="hvarför"/><SP WIDTH="22" VPOS="803" HPOS="889"/>
							<String ID="string_88" HPOS="911" VPOS="803" WIDTH="35" HEIGHT="21" WC="0.93" CONTENT="vid"/><SP WIDTH="14" VPOS="803" HPOS="946"/>
							<String ID="string_89" HPOS="960" VPOS="803" WIDTH="39" HEIGHT="21" WC="0.92" CONTENT="Ut-"/>
						</TextLine>
					</TextBlock>
				</ComposedBlock>
				<ComposedBlock ID="cblock_15" HPOS="459" VPOS="837" WIDTH="427" HEIGHT="22">
					<TextBlock ID="block_14" HPOS="459" VPOS="837" WIDTH="427" HEIGHT="22">
						<TextLine ID="line_19" HPOS="459" VPOS="837" WIDTH="427" HEIGHT="22">
							<String ID="string_90" HPOS="459" VPOS="838" WIDTH="90" HEIGHT="21" WC="0.90" CONTENT="skottets"/><SP WIDTH="15" VPOS="838" HPOS="549"/>
							<String ID="string_91" HPOS="564" VPOS="838" WIDTH="135" HEIGHT="21" WC="0.92" CONTENT="betänkande"/><SP WIDTH="14" VPOS="838" HPOS="699"/>
							<String ID="string_92" HPOS="713" VPOS="838" WIDTH="62" HEIGHT="21" WC="0.93" CONTENT="torde"/><SP WIDTH="17" VPOS="838" HPOS="775"/>
							<String ID="string_93" HPOS="792" VPOS="837" WIDTH="21" HEIGHT="22" WC="0.93" CONTENT="fä"/><SP WIDTH="15" VPOS="837" HPOS="813"/>
							<String ID="string_94" HPOS="828" VPOS="838" WIDTH="58" HEIGHT="21" WC="0.92" CONTENT="bero."/>
						</TextLine>
					</TextBlock>
				</ComposedBlock>
				<ComposedBlock ID="cblock_16" HPOS="527" VPOS="1001" WIDTH="292" HEIGHT="28">
					<TextBlock ID="block_15" HPOS="527" VPOS="1001" WIDTH="292" HEIGHT="28">
						<TextLine ID="line_20" HPOS="527" VPOS="1001" WIDTH="292" HEIGHT="28">
							<String ID="string_95" HPOS="527" VPOS="1001" WIDTH="160" HEIGHT="23" WC="0.92" CONTENT="Ständerbeslut"/><SP WIDTH="14" VPOS="1001" HPOS="687"/>
							<String ID="string_96" HPOS="701" VPOS="1001" WIDTH="118" HEIGHT="28" WC="0.90" CONTENT="föreligger."/>
						</TextLine>
					</TextBlock>
				</ComposedBlock>
				<ComposedBlock ID="cblock_17" HPOS="117" VPOS="1519" WIDTH="850" HEIGHT="26">
					<TextBlock ID="block_16" HPOS="117" VPOS="1519" WIDTH="850" HEIGHT="26">
						<TextLine ID="line_21" HPOS="117" VPOS="1519" WIDTH="850" HEIGHT="26">
							<String ID="string_97" HPOS="117" VPOS="1519" WIDTH="49" HEIGHT="23" WC="0.90" CONTENT="Lag-"/><SP WIDTH="12" VPOS="1519" HPOS="166"/>
							<String ID="string_98" HPOS="178" VPOS="1520" WIDTH="31" HEIGHT="18" WC="0.93" CONTENT="och"/><SP WIDTH="13" VPOS="1520" HPOS="209"/>
							<String ID="string_99" HPOS="222" VPOS="1520" WIDTH="136" HEIGHT="18" WC="0.92" CONTENT="Ekonomiutsk."/><SP WIDTH="13" VPOS="1520" HPOS="358"/>
							<String ID="string_100" HPOS="371" VPOS="1522" WIDTH="261" HEIGHT="23" WC="0.91" CONTENT="sammanjemkningsförslag"/><SP WIDTH="12" VPOS="1522" HPOS="632"/>
							<String ID="string_101" HPOS="644" VPOS="1522" WIDTH="9" HEIGHT="17" WC="0.91" CONTENT="i"/><SP WIDTH="11" VPOS="1522" HPOS="653"/>
							<String ID="string_102" HPOS="664" VPOS="1522" WIDTH="37" HEIGHT="18" WC="0.91" CONTENT="anl."/><SP WIDTH="14" VPOS="1522" HPOS="701"/>
							<String ID="string_103" HPOS="715" VPOS="1522" WIDTH="23" HEIGHT="22" WC="0.93" CONTENT="af"/><SP WIDTH="13" VPOS="1522" HPOS="738"/>
							<String ID="string_104" HPOS="751" VPOS="1522" WIDTH="92" HEIGHT="18" WC="0.96" CONTENT="Utskottets"/><SP WIDTH="13" VPOS="1522" HPOS="843"/>
							<String ID="string_105" HPOS="856" VPOS="1522" WIDTH="32" HEIGHT="18" WC="0.94" CONTENT="bet."/><SP WIDTH="12" VPOS="1522" HPOS="888"/>
							<String ID="string_106" HPOS="900" VPOS="1522" WIDTH="37" HEIGHT="18" WC="0.96" CONTENT="N:o"/><SP WIDTH="13" VPOS="1522" HPOS="937"/>
							<String ID="string_107" HPOS="950" VPOS="1522" WIDTH="17" HEIGHT="17" WC="0.97" CONTENT="2."/>
						</TextLine>
					</TextBlock>
				</ComposedBlock>
				<GraphicalElement ID="cblock_18" HPOS="1007" VPOS="268" WIDTH="6" HEIGHT="1243"></GraphicalElement >
				<GraphicalElement ID="cblock_19" HPOS="1134" VPOS="747" WIDTH="8" HEIGHT="1036"></GraphicalElement >
			</PrintSpace>
		</Page>
	</Layout>
</alto>
