1142 1803
250 194 28 21 40
446 194 30 22 U.
491 194 29 22 B.

580 194 76 28 Prop.
672 194 45 22 N:o
733 195 22 21 1.

429 258 83 27 nådiga
532 258 137 27 reglementet
691 258 29 27 af
735 258 42 20 den
798 258 29 20 15
848 258 48 28 maj
915 258 67 27 1848,

430 292 111 28 angående
565 292 164 21 landtmäteriet
748 292 50 21 med
815 299 66 20 mera,
898 294 31 19 än
944 292 36 28 äf-

430 334 39 13 ven
493 326 58 21 hvad
572 326 9 21 i
596 326 68 28 öfrigt
678 326 35 21 uti
728 326 141 22 sistnämnda
884 326 40 21 och
939 333 42 14 an-

430 362 41 19 dra
488 360 164 28 författningar
667 362 92 19 rörande
775 361 90 27 delning
881 360 29 27 af
916 360 65 28 jord-

431 395 122 27 lägenheter
575 395 12 20 ä
605 395 73 20 landet
693 397 26 18 är
733 395 102 27 stadgadt
849 396 46 20 mot
909 395 74 20 denna

430 429 131 27 förordning
585 429 118 26 stridande,
728 429 129 27 härigenom
884 428 99 28 undergå

430 463 103 26 ändring.

295 566 137 20 Beträffande
455 566 103 26 förslaget
581 567 31 19 till
634 567 132 26 förordning,
786 566 91 20 rörande
893 566 90 26 ändring

224 600 24 20 af
271 606 11 20 3
305 600 41 21 och
363 605 25 21 27
406 600 25 26 $$
447 602 6 18 i
469 600 78 27 nådiga
563 600 152 27 förordningen
731 601 24 19 af
767 600 42 21 den
827 606 24 14 12
868 600 115 20 december

226 634 61 26 1864,
311 634 112 27 angående
446 634 123 27 skyldighet
592 635 32 20 för
647 642 64 19 egare
735 634 50 21 eller
808 634 138 21 innehafvare
962 634 25 20 af

222 668 50 27 jord
288 672 32 17 att
335 672 46 17 mot
397 669 119 26 ersättning
531 669 89 27 upplåta
636 669 60 20 mark
711 669 32 20 för
759 669 88 20 allmänt
858 668 73 25 behof,
945 668 38 20 har

224 702 169 21 vidkommande
409 702 12 27 $
438 708 10 20 3
466 702 107 21 anmärkts
589 706 32 17 att
633 703 122 26 jordegare,
773 703 60 20 öfver
849 703 63 20 hvars
923 702 61 20 mark

224 736 102 27 telegraf-
345 736 51 21 eller
410 736 154 21 telefontrådar
579 737 121 24 framledas,
717 737 68 20 borde
801 736 65 21 blifva
881 739 68 18 ersatt
965 736 18 26 ej

224 770 91 25 allenast
336 770 33 21 för
390 771 42 20 den
453 770 74 25 skada,
550 771 81 20 honom
653 778 80 20 genom
749 771 121 26 stolparnes
887 770 97 27 uppstäl-

224 805 65 20 lande
305 805 42 20 och
362 805 119 20 anstaltens
496 805 197 20 vidmakthållande
709 805 164 26 tillskyndades,
890 808 51 17 utan
953 805 31 20 äf-

224 846 43 13 ven
280 839 36 20 för
331 839 42 20 den
389 839 115 26 olägenhet
516 839 42 20 och
573 839 74 25 skada,
658 840 81 20 honom
750 839 143 21 öfverhufvud
905 846 80 20 genom

225 873 119 21 anstaltens
356 873 147 27 upprättande
514 873 42 20 och
564 873 196 21 vidmakthållande
769 873 135 21 åsamkades.
920 873 65 20 Hvad

226 907 67 27 angår
308 907 14 27 $
338 912 26 21 27
381 908 6 19 i
402 907 103 27 förslaget
520 907 39 20 har
574 907 47 21 skäl
636 907 31 21 till
682 907 141 27 anmärkning
837 909 6 19 i
859 907 65 27 öfrigt
937 907 48 21 icke

225 941 139 20 förekommit
386 944 60 18 utom
468 945 31 17 att
515 942 62 21 ordet
600 941 150 28 ,densamma"
767 943 6 19 i
789 941 67 22 första
871 943 114 25 meningen

224 975 32 21 till
272 975 136 21 undvikande
426 975 25 20 af
462 976 149 21 missförstånd
627 976 84 27 utbytts
733 979 59 18 emot
816 983 95 21 ,samma
929 975 55 21 del”.

297 1009 115 21 Utskottet
428 1009 28 21 får
474 1009 58 27 förty
547 1010 110 21 vördsamt
673 1010 86 21 föreslå:

434 1079 32 18 att
488 1077 85 20 landets
592 1076 117 28 höglofliga
727 1077 94 20 Ständer
836 1077 32 20 uti
883 1077 37 20 sitt
936 1083 50 14 svar

366 1111 13 20 å
396 1111 173 28 ifrågavarande
585 1111 82 27 nådiga
679 1111 140 27 proposition
834 1111 50 20 ville
897 1111 89 20 anmäla

366 1147 32 18 att
422 1144 124 22 Ständerna
565 1145 42 28 för
622 1146 35 20 sin
673 1145 34 21 del
723 1145 86 27 antagit
825 1152 25 13 en
865 1145 121 28 sålydande

642 1219 121 30 Förordning,
796 1218 79 25 rörande
905 1219 82 29 ändring

573 1254 21 23 af
612 1254 11 23 8
647 1254 33 24 och
699 1253 22 24 27
737 1255 24 26 8$
777 1253 7 24 i
799 1253 70 29 nådiga
883 1253 104 24 förordnin-

573 1295 34 22 gen
629 1288 20 24 af
667 1290 34 22 den
717 1288 20 23 12
753 1287 94 24 december
862 1287 53 28 1864,
931 1289 56 26 angå-

573 1322 44 24 ende
639 1322 108 30 skyldighet
762 1322 30 24 för
807 1328 56 22 egare
879 1321 44 24 eller
939 1321 48 24 inne-

575 1356 76 25 hafvare
674 1357 21 24 af
715 1356 42 31 jord
777 1356 32 24 att
823 1356 40 24 mot
877 1355 110 29 ersättning

574 1391 80 30 upplåta
669 1391 52 24 mark
737 1391 29 24 för
781 1390 81 24 allmänt
877 1389 60 25 behof.

494 1452 51 22 Med
567 1453 96 27 ändring
685 1453 9 20 i
716 1453 60 21 vissa
798 1453 61 20 delar
878 1452 29 28 af
920 1453 15 20 3
949 1452 39 21 och

438 1488 31 20 27
484 1488 30 25 $$
528 1487 10 20 i
552 1486 83 28 nådiga
649 1486 161 28 förordningen
822 1486 29 28 af
858 1486 42 21 den
910 1487 29 20 12
949 1486 36 21 de-

298 1526 48 23 Lag-
359 1526 32 18 och
404 1526 181 18 Ekonomiutskottets
598 1526 110 18 betänkande
719 1526 38 17 N:o
770 1526 15 17 1.
