1142 1803
332 181 82 23 Ständ.
431 181 37 23 Sv.
484 194 26 3 —
527 181 72 27 Prop.
615 182 41 21 N:o
671 181 22 22 9.
848 182 12 20 3

132 247 41 21 och
188 247 130 21 beträffande
333 247 97 21 särskildt
440 246 162 28 tillämpningen
614 247 22 21 af
648 246 139 22 förenämnda
798 247 91 21 bestäm-

132 281 76 27 ningar
222 281 7 21 i
244 281 140 28 Kyrkolagen,
400 281 60 21 torde
476 282 12 20 å
502 282 72 20 landet
589 281 56 21 olika
659 281 158 27 förfaringssätt
827 281 63 21 hafva

132 315 144 21 förekommit.
306 316 10 20 I
336 316 72 27 regeln
425 315 39 21 har
482 316 32 20 väl
528 316 157 27 presterskapet
700 316 107 20 derstädes
823 316 67 21 tillde-

133 350 40 20 lats
195 352 67 19 röster
282 350 53 21 efter
352 350 46 21 sina
412 350 46 21 bols
474 350 86 27 mantal,
576 358 51 13 men
642 350 96 27 exempel
754 350 66 27 gifvas
836 350 55 21 dock

133 384 62 21 äfven
210 385 69 27 derpä,
296 385 31 20 att
342 385 57 26 prest
413 384 109 21 uteslutits
536 384 47 21 från
598 384 131 27 rättigheten
744 386 32 19 att
791 385 101 27 deltaga
882 380 15 36 i

134 419 90 26 prestval
246 420 27 26 på
295 419 68 27 grund
385 418 64 27 deraf,
466 420 32 19 att
519 420 66 26 något
604 419 74 27 bidrag
697 419 47 20 icke
759 420 72 27 utgått
845 419 47 21 från

134 454 156 27 presterskapet
304 453 32 21 till
351 453 185 28 prestaflöningen.
559 453 34 21 Då
607 453 112 21 osäkerhet
730 453 87 22 sålunda
827 454 64 21 onek-

134 487 58 28 ligen
206 488 60 21 råder
280 489 27 27 på
322 488 58 21 detta
395 488 93 26 område,
503 488 66 21 skulle
583 488 41 21 den
635 488 77 27 nådiga
721 488 171 27 propositionens

135 522 135 28 bestämning
290 523 6 20 i
317 524 71 19 ämnet
407 522 131 21 åtminstone
556 523 73 20 kunna
643 522 108 21 föranleda
767 523 56 20 olika
838 523 54 21 tolk-

135 556 81 28 ningar.
246 557 40 21 Att
308 557 160 27 propositionen
488 556 65 21 afsett
572 558 32 19 att
621 557 46 20 helt
681 557 41 20 och
737 557 65 21 hållet
817 557 76 27 fritaga

135 591 155 27 presterskapet
305 590 47 22 från
366 590 281 28 kyrkobyggnadsbesväret,
661 591 38 20 har
714 590 34 22 för
763 591 64 28 öfrigt
840 592 52 20 kun-

136 627 38 19 nat
188 633 62 20 synas
265 625 112 27 sannolikt,
394 626 49 20 enär
458 625 37 21 det
509 626 34 20 för
556 625 160 28 propositionen
731 625 32 21 till
777 626 68 27 grund
855 626 38 27 lig-

136 660 68 27 gande
223 660 188 27 komitéförslaget,
432 660 69 20 såvidt
521 662 64 26 angår
604 660 112 28 byggande
737 660 22 20 af
773 660 72 28 kyrka,
860 662 33 19 ut-

136 694 119 28 tryckligen
269 696 109 26 upptager,
388 696 30 19 att
434 696 115 26 presterne,
565 694 164 22 vidkommande
743 695 68 21 denna
821 696 72 26 tunga,

136 736 50 14 vore
200 729 97 20 likstälda
312 729 48 20 med
373 728 66 28 öfrige
450 728 281 28 församlingsmedlemmar,
742 736 49 14 men
801 729 93 21 bestäm-

136 763 81 28 ningen
231 763 74 21 härom
320 763 46 21 från
381 763 162 28 propositionen
558 763 68 21 blifvit
640 763 113 21 utesluten.

207 798 9 21 I
231 798 67 21 likhet
312 798 49 21 med
376 798 104 26 komitén,
497 805 47 14 som
558 798 107 21 förberedt
680 797 135 22 förevarande
829 798 65 27 fråga,

137 833 56 20 hålla
208 833 117 21 Ständerna
340 832 116 21 emellertid
471 832 34 21 för
520 833 33 21 sin
568 833 33 20 del
615 832 52 27 före,
679 834 32 19 att
721 833 26 20 då
754 833 24 27 ju
788 834 107 27 presterne

138 867 62 21 äfven
218 869 36 19 äro
268 867 280 27 församlingsmedlemmar,
564 869 67 26 något
645 867 45 21 skäl
705 867 46 21 icke
767 874 61 21 synes
841 867 54 21 före-

138 902 88 20 komma
241 903 31 19 att
282 901 33 21 för
325 901 49 21 dem
384 901 74 28 stadga
469 909 27 13 en
507 901 58 28 dylik
574 901 226 28 undantagsställning,
811 901 85 21 hvilken

138 936 166 28 uppenbarligen
319 936 107 21 dessutom
442 936 68 21 skulle
524 936 89 21 försätta
627 937 86 26 presten
727 936 8 21 i
750 936 56 21 skeft
819 936 76 21 förhål-

138 971 62 20 lande
218 971 32 20 till
267 971 151 27 församlingen
432 970 8 21 i
455 971 26 20 de
496 970 44 27 fall,
556 971 26 20 då
598 971 35 20 det
649 971 60 27 gälde
725 971 32 20 att
771 970 74 28 pröfva
860 970 36 21 be-

139 1005 131 28 höfligheten
290 1005 22 21 af
328 1005 273 28 kyrkobyggnadsarbeten.
633 1005 53 21 Stöd
701 1005 7 20 i
723 1005 35 27 lag
775 1005 59 21 torde
850 1005 47 21 icke

138 1040 66 21 heller
223 1040 68 21 finnas
310 1039 33 22 för
361 1041 31 20 ett
410 1040 112 27 undantag
536 1039 22 22 af
571 1039 157 28 ifrågavarande
744 1039 152 26 beskaffenhet,

140 1074 40 21 och
196 1074 7 20 i
218 1074 72 27 sjelfva
305 1074 71 21 verket
391 1074 38 21 har
443 1074 158 27 presterskapet
616 1074 61 21 äfven
693 1074 104 20 härintills
806 1073 91 27 bidragit

139 1108 33 21 till
191 1109 92 20 nämnda
302 1110 72 26 tunga.
406 1108 126 27 Ständerna,
548 1115 46 14 som
610 1109 49 20 med
675 1108 98 21 afseende
786 1108 50 21 härä
852 1115 45 14 om-

139 1142 65 21 fattat
223 1143 40 21 den
278 1143 92 28 mening,
388 1144 31 19 att
434 1143 158 27 presterskapet
607 1143 64 20 borde
687 1144 50 25 taga
751 1142 33 21 del
798 1142 7 21 i
820 1142 77 27 kyrko-

140 1177 211 28 byggnadsbesväret,
367 1177 63 21 hafva
444 1177 70 21 tillika
530 1179 69 19 ansett
616 1179 69 19 såsom
700 1176 198 28 fördelningsgrund

140 1211 52 22 böra
213 1211 118 28 fastställas,
352 1213 31 20 att
402 1213 64 26 prest,
482 1219 49 14 som
546 1212 104 21 innehade
665 1211 124 21 mantalsatt
803 1211 94 26 boställe,

140 1246 85 27 deltoge
246 1247 43 20 deri
309 1246 53 21 efter
380 1247 68 20 bolets
464 1247 88 25 mantal,
568 1246 77 21 medan
660 1246 96 21 deremot
771 1245 66 28 öfrige
853 1253 45 20 pre-

141 1282 43 19 ster
199 1281 65 21 skulle
279 1281 86 27 bidraga
379 1281 32 20 till
423 1280 160 28 ifrägavarande
593 1281 74 20 besvär
677 1280 54 21 efter
741 1287 80 14 samma
831 1279 68 28 grund

141 1322 47 14 som
204 1315 64 21 andra
282 1323 100 20 personer
396 1317 52 19 utan
462 1315 45 21 fast
524 1315 111 27 egendom.

211 1349 50 22 Skäl
280 1350 32 21 till
330 1349 140 28 anmärkning
486 1351 61 20 emot
561 1349 238 27 författningsförslaget
814 1349 38 20 har
867 1348 34 21 för

142 1384 65 28 öfrigt
228 1384 138 21 förekommit
386 1384 74 21 endast
480 1384 133 21 beträffande
633 1384 126 27 stadgandet
775 1384 78 26 derom,
869 1384 32 20 att

142 1419 67 27 kyrka
224 1419 40 20 och
279 1419 130 27 klockstapel
425 1418 60 21 skola
500 1418 34 21 uti
550 1418 76 21 allmän
641 1417 260 27 brandstodsinrättning
890 1413 13 37 i

142 1453 89 21 Finland
250 1454 59 20 emot
328 1452 97 22 eldskada
440 1452 115 21 försäkras.
584 1452 174 27 Propositionens
773 1452 128 27 ordalydelse

142 1494 62 20 synes
228 1487 49 27 afse,
298 1488 32 20 att
351 1486 148 28 försäkringen
523 1486 56 28 finge
602 1486 37 21 ske
660 1486 74 21 endast
750 1487 31 20 uti
797 1486 105 21 allmänna
