1142 1803
270 188 26 19 44

437 186 87 22 Ständ.
541 185 37 23 Sv.
595 198 26 2 —
637 186 72 26 Prop.
725 185 42 22 N:o
783 185 21 22 9.

518 252 38 26 1:o)
581 250 99 23 tillhålles
702 252 129 27 afträdaren
853 253 32 20 att
903 252 97 21 redovisa

447 287 35 26 för
504 286 26 21 de
551 286 72 26 medel,
647 286 72 21 hvilka
742 286 45 22 han
808 285 143 29 tilläfventyrs
966 286 35 28 för

448 320 94 22 bostället
559 320 113 28 uppburit;

517 356 42 26 2:0)
581 356 48 20 med
651 355 90 28 ledning
764 356 27 26 af
804 355 124 27 protokollet
943 355 57 27 öfver

447 392 84 19 senaste
547 390 32 27 af-
595 390 38 21 och
649 389 146 28 tillträdessyn
814 389 35 22 och
866 389 134 22 ekonomiska

448 424 122 28 besigtniny
585 425 13 20 &
614 424 101 27 bostället,
731 424 90 27 afsynas
835 424 36 21 och
883 424 116 21 antecknas

448 459 8 21 i
478 459 56 21 hvad
561 460 51 20 män
634 459 28 21 dä
685 458 132 28 föreskrifna
837 458 160 28 nybyggnader,

447 493 158 28 förbättringar
635 493 36 22 och
702 493 71 22 andra
803 493 102 28 åtgärder
930 493 70 27 blifvit

449 528 119 21 verkstälda
573 535 7 20 ;

518 563 40 27 3:0)
574 563 121 21 bestämmes
711 563 42 21 den
769 563 127 26 ersättning,
912 569 44 14 som
967 563 32 25 af-

449 597 109 27 trädaren,
575 597 53 27 efter
642 597 57 21 hvad
717 596 6 21 i
738 597 31 20 22
780 596 15 28 $
809 598 64 26 sagts,
890 596 42 22 kan
947 603 52 14 vara

448 631 84 28 skyldig
556 631 81 28 utgifva
659 631 35 28 för
716 631 27 27 af
754 631 77 21 honom
846 630 72 22 vällad
933 631 67 21 skada

448 667 12 20 å
477 666 104 21 boställets
596 666 49 26 laga
661 666 40 21 hus
717 666 50 20 ellev
781 666 35 27 för
831 666 103 21 åsidosatt
948 666 51 20 vård

448 701 28 27 af
488 701 58 26 dem;

518 735 42 27 4:0)
583 734 126 27 uppskattas
731 735 118 21 kostnaden
871 735 35 26 för
921 734 78 28 afhjel-

446 769 74 27 pande
535 770 27 26 af
574 769 44 21 alla
633 769 70 21 under
718 776 69 20 synen
803 770 13 20 &
831 769 104 21 boställets
951 776 48 20 eyor

449 804 115 21 anmärkta
582 803 82 26 brister,
683 804 35 27 för
736 803 72 22 hvilka
828 804 127 27 afträdaren
975 806 25 19 är

448 839 114 26 ansvarig;

518 873 41 23 5:0)
579 873 101 26 slutligen
699 873 88 27 pröfvas
806 874 69 26 äfven,
891 873 108 21 huruvida

448 907 38 21 och
501 907 47 22 med
563 907 56 21 hvad
635 907 72 27 belopp
724 907 137 22 tillträdaren
869 907 37 21 bör
913 907 85 22 kännas

447 941 85 28 skyldig
555 943 32 20 att
607 941 32 22 till
660 941 128 28 afträdaren
803 941 64 28 gälda
883 942 70 21 sådan
969 949 30 13 er-

448 976 106 27 sättniny,
569 976 87 21 hvarom
673 976 8 21 i
696 977 28 20 12
737 976 37 21 och
790 976 30 21 32
832 976 30 28 $$
876 977 93 27 stadgas.

518 1011 34 20 På
573 1011 74 26 yrund
669 1011 28 26 af
715 1010 56 22 hvad
785 1010 94 21 sälunda
895 1010 103 27 bestämts,

450 1047 119 25 upprättas,
593 1052 32 14 om
640 1046 23 20 så
679 1045 116 27 erfordras,
809 1044 90 22 emellan
915 1045 31 27 af-
962 1045 37 21 och

450 1079 136 21 tillträdaren
605 1079 72 26 ligvid,
697 1079 114 21 utvisande
831 1079 55 21 hvad
905 1080 41 20 den
961 1085 38 14 ene

449 1113 49 21 eller
513 1113 68 21 andre
597 1113 75 27 blifver
687 1113 84 27 skyldig
786 1112 49 22 eller
850 1113 37 27 för
899 1113 32 21 till
939 1113 58 28 godo.

693 1183 30 19 60
737 1183 20 25 8.

522 1222 40 21 Vid
577 1223 32 26 af-
626 1221 35 21 och
680 1221 144 28 tillträdessyn
840 1221 36 21 bör
884 1221 114 22 domstolen

450 1255 59 26 tillse,
526 1257 32 20 att
571 1256 98 21 kronans
683 1257 57 20 samt
753 1255 102 28 kyrkans,
869 1256 129 27 presterska-

445 1291 48 26 pets
516 1290 36 21 och
573 1290 168 27 församlingens
765 1292 44 19 rätt
832 1292 31 24 är,
885 1290 7 21 i
907 1290 92 27 enlighet

448 1324 48 21 med
510 1324 56 21 hvad
581 1324 36 28 lag
631 1325 145 27 föreskrifver,
793 1324 98 21 bevakad.

517 1358 31 28 Ej
562 1359 35 20 må
613 1359 162 27 förrättningen
793 1358 124 27 uppehållas
931 1359 66 26 deraf,

449 1394 31 19 utt
502 1393 113 28 behörigen
637 1393 73 22 kallad
732 1393 101 28 sakegare
853 1393 50 21 eller
914 1392 85 28 publikt

449 1427 75 21 ombud
540 1427 111 27 uteblifvit.
