1142 1803
285 188 13 19 2
590 188 43 24 N:o
655 190 21 22 6.

256 256 78 20 seende
350 256 13 20 &
378 262 90 20 egornas
485 256 48 21 vidd
550 256 40 21 och
606 257 149 21 beskaffenhet
771 257 96 27 uppfylla
875 258 72 21 derom
956 258 55 22 före-

256 290 81 21 skrifna
356 290 75 21 vilkor.
462 290 86 22 Smärre
562 291 176 27 jordlägenheter
755 292 46 20 med
819 293 76 20 endast
910 295 31 19 ett
957 293 53 21 eller

256 326 66 26 några
338 325 45 27 slag
399 324 24 22 af
436 332 52 20 egor
503 326 78 26 kunna,
598 326 37 20 der
651 326 26 20 de
687 326 46 21 icke
744 328 45 20 mot
800 328 211 26 mantalsförhöjning

255 360 53 20 eller
324 360 92 26 stadgad
431 362 61 19 ränta
508 366 61 15 anses
585 360 55 21 helst
655 361 53 20 böra
723 362 48 20 med
783 362 157 26 närgränsande
952 362 59 21 hem-

256 401 49 14 man
321 394 126 27 införlifvas,
464 395 76 20 endast
556 395 99 26 upplåtas
671 395 27 26 på
714 395 96 21 arrende.

327 429 125 22 Emellertid
476 436 63 20 synas
556 429 141 22 förenämnda
713 430 78 21 former
806 430 33 21 för
855 431 154 27 kronojordens

256 464 129 27 upplåtande
400 464 33 21 till
450 464 94 21 enskildt
559 464 54 21 bruk
629 471 89 14 numera
734 465 6 20 i
756 465 51 21 flere
822 465 36 21 fall
876 466 45 20 icke
937 465 73 22 vidare

256 505 51 15 vara
329 499 129 27 tillämpliga
482 499 52 20 eller
556 499 49 21 leda
624 499 32 21 till
677 499 36 21 det
729 500 86 20 dermed
831 499 97 28 åsyftade
944 501 66 20 ända-

255 535 73 21 målet.
358 535 106 21 Särskildt
487 534 39 21 har
550 534 35 21 det
605 534 54 21 visat
675 534 31 27 sig
723 537 32 18 att
771 535 135 27 odlingsbara
922 541 87 20 mossar,

254 575 46 15 som
316 569 23 21 af
352 569 82 21 kronan
451 569 49 21 med
516 571 59 19 stora
591 569 151 21 omkostnader
756 569 101 27 torrlagts
868 570 38 20 och
917 570 92 20 indelats

255 604 6 20 i
277 604 71 25 lotter,
364 603 99 21 stundom
478 603 69 21 under
562 603 65 27 länga
638 603 55 21 tider
705 603 102 21 förblifvit
819 604 89 20 oodlade
920 604 89 20 emedan

255 639 49 25 inga
327 638 137 27 spekulanter
488 638 93 21 infunnit
603 638 33 27 sig
659 638 32 21 till
715 638 25 21 de
756 638 119 27 auktioner,
892 638 38 22 der
945 639 64 21 dessa

255 674 64 20 lotter
341 673 106 27 utbjudits
470 672 27 28 pä
520 673 96 21 arrende.
647 673 96 21 Orsaken
762 673 73 21 härtill
855 673 110 27 uppgifves
981 673 28 21 ha

255 708 55 21 varit
332 710 33 19 att
388 708 26 20 de
429 708 105 26 utbjudna
549 708 243 26 arrendelägenheterna
808 708 57 26 legat
881 708 58 26 längt
954 707 54 21 ifrän

254 742 112 27 bebyggda
390 743 58 20 orter
471 743 55 20 samt
542 743 31 20 att
589 742 62 20 deras
667 742 72 26 odling
755 741 38 22 och
810 741 50 21 häfd
877 741 84 22 derföre
976 748 32 14 er-

254 775 84 22 fordrat
353 777 33 20 att
402 776 100 21 odlarene
518 775 74 27 sjelfve
608 776 69 21 skulle
693 776 86 21 bosätta
794 776 33 27 sig
837 776 7 21 i
855 776 102 21 närheten
970 776 38 21 och

253 810 91 27 uppföra
360 810 22 21 ät
398 811 31 26 sig
444 811 78 26 nödiga
538 810 130 27 boningshus
684 811 38 20 och
739 811 66 20 andra
819 811 128 27 byggnader,
959 817 48 15 men

253 847 33 19 att
302 845 26 20 de
343 845 88 21 härmed
448 845 101 20 förenade
565 845 145 21 kostnaderna
726 844 106 22 befunnits
849 847 68 19 större
933 847 26 19 än
975 847 32 19 att

253 879 26 21 de
302 881 82 19 ansetts
406 879 72 21 kunna
501 881 110 25 uppvägas
634 879 23 21 af
679 886 25 14 en
719 879 154 27 jemförelsevis
889 879 48 21 kort
953 882 55 19 samt

254 914 72 21 dertill
345 916 57 19 ännu
418 920 44 15 mer
478 914 52 21 eller
546 914 81 21 mindre
643 914 77 21 osäker
735 914 123 27 besittning,
875 916 51 19 utan
941 914 67 27 utsigt

253 948 24 21 af
290 948 102 21 framtida
408 949 126 26 eganderätt
549 949 34 20 till
599 949 41 21 den
656 949 120 26 uppodlade
792 949 93 21 marken.

324 983 48 21 Med
396 983 114 26 anledning
533 983 63 20 häraf
610 983 38 21 och
665 983 27 21 dä
707 983 94 27 önskligt
816 985 23 19 är
855 985 32 19 att
903 983 12 21 &
930 983 77 22 krono-

250 1018 102 27 jordarne
368 1017 116 28 befintliga,
500 1018 137 27 odlingsbara
652 1018 91 26 marker,
760 1018 73 21 hvilka
849 1018 46 21 icke
911 1018 95 21 befinnas

252 1052 138 21 användbara
407 1053 51 20 eller
474 1052 106 26 behötliga
595 1052 33 21 för
644 1053 93 20 kronans
749 1052 124 27 skogsvärd,
884 1053 69 20 blefve
963 1053 44 20 till-

252 1087 100 26 gängliga
371 1086 33 21 för
423 1087 79 26 kultur,
520 1087 136 26 hvarigenom
673 1087 102 20 särskildt
790 1087 61 20 äfven
868 1087 39 20 den
924 1086 82 21 förmän

252 1120 69 21 skulle
338 1120 76 21 vinnas
429 1122 32 19 att
477 1121 39 20 den
532 1121 79 20 talrika
627 1121 114 21 obesuttna
752 1121 153 26 befolkningen
915 1121 7 20 i
934 1121 73 20 landet

252 1155 104 21 bereddes
375 1155 85 21 tillfälle
476 1157 32 19 att
524 1155 107 21 förvärfva
647 1156 31 25 sig
693 1161 55 21 egna
763 1155 56 21 fasta
828 1155 177 26 boningsplatser,

251 1189 39 21 har
312 1189 60 21 Hans
392 1189 120 27 Kejserliga
532 1189 105 27 Majestät,
655 1190 47 20 med
718 1189 99 21 afseende
834 1189 13 21 ä
863 1195 25 15 en
904 1189 101 21 tillärnad

250 1224 92 21 revision
359 1223 22 22 af
396 1224 183 27 ofvanäberopade
596 1224 157 27 författningar,
763 1224 57 21 velat
831 1224 33 20 till
876 1223 130 22 Ständernas

250 1258 99 27 pröfning
365 1258 109 27 förelägga
488 1258 104 27 följande:

457 1334 83 27 Förslag
557 1333 28 22 till
602 1333 116 27 förordning
735 1333 106 27 angäende
853 1333 121 27 upplätande
983 1333 22 22 ät

388 1374 91 21 enskilda
503 1379 98 22 personer
617 1374 21 21 af
653 1374 56 21 vissa
725 1374 45 27 slag
787 1374 20 21 af
825 1374 75 21 kronan
917 1374 86 27 tillhörig

387 1413 52 27 jord.

319 1464 84 20 Mossar
428 1464 38 21 och
487 1465 57 26 kärr,
561 1465 72 21 hvilka
648 1464 27 27 pä
690 1465 95 21 kronans
800 1464 120 22 bekostnad
935 1464 70 22 blifvit

247 1498 119 27 torrlagda,
382 1498 109 22 äfvensom
506 1498 49 22 frän
572 1499 167 27 kronojordarna
748 1499 33 21 till
793 1499 71 26 odling
875 1498 130 22 afsöndrade
