1142 1803
0 204 2 12 |

443 29 13 2 —
474 29 3 1 e
495 13 21 28 -——
525 27 75 6 wm
609 13 66 28 —e-—
686 25 71 7 wm
788 23 202 14 um"

253 222 27 20 42
488 220 25 22 U.
528 220 24 22 B.
569 220 62 28 Prop.
648 220 41 23 N:o
707 223 19 20 9.

294 284 35 20 Då
352 290 50 14 man
424 284 77 20 uttalat
522 285 34 26 sig
577 284 32 20 för
632 284 128 27 presbolens
775 282 210 22 bortarrenderande

224 318 43 20 och
282 318 126 26 afskiljande
423 318 45 20 frän
484 318 175 27 presterskapets
675 318 136 26 förvaltning,
827 318 64 20 torde
907 317 77 21 sädant

224 352 65 20 hafva
312 352 58 21 skett
390 352 148 27 förnämligast
561 352 25 21 af
603 352 38 21 det
656 352 71 21 skälet
742 355 39 22 att,
797 352 39 20 der
850 351 66 21 bolen
929 352 56 19 varit

224 386 47 20 smä
294 386 42 20 och
358 386 52 27 föga
424 386 109 27 gifvande,
549 386 81 21 värden
646 393 36 14 om
698 386 111 21 desamma
825 385 33 21 för
872 388 113 25 presterne

224 419 81 22 kunnat
328 420 66 21 blifva
416 420 130 27 betungade,
570 421 42 20 och
635 420 100 21 särskildt
758 420 64 21 torde
845 419 61 22 detta
921 419 63 21 hafva

224 453 54 28 gällt
300 454 28 21 de
351 454 81 21 mindre
450 454 183 27 kapellansbolen.
664 454 84 21 Mindre
771 454 88 21 allmänt
877 453 55 21 lärer
947 454 38 26 pä-

224 488 100 21 stäendet
340 488 64 21 hafva
418 490 56 19 varit
489 489 75 20 derom
579 492 32 17 att
627 492 118 24 presterne,
763 488 27 21 dä
807 488 27 21 de
849 487 67 22 tillika
927 489 57 19 inne-

224 521 46 22 haft
282 521 228 27 jordbruksboställen,
526 523 68 20 skulle
609 523 33 20 för
657 523 111 20 desamma
784 522 64 21 hafva
859 521 125 22 försummat

224 557 37 19 sitt
284 557 108 27 egentliga
414 557 42 21 kall
476 557 50 21 eller
541 561 32 17 att
589 557 64 21 bolen
669 558 6 20 i
690 560 91 18 motsatt
797 556 103 20 händelse
915 555 69 21 blifvit

224 590 151 22 försummade.

293 624 93 28 Sälänge
400 625 152 27 kapellanerne
567 627 55 19 varit
634 625 101 27 skyldige
745 628 33 18 att
789 631 109 14 ensamme
908 624 74 26 bygga

223 658 43 21 och
281 659 123 21 underhälla
419 661 45 19 sina
480 660 42 25 bol,
538 660 38 20 har
587 659 166 21 innehafvandet
764 659 25 20 af
797 659 110 21 desamma
920 658 63 20 äfven

222 692 82 22 kunnat
319 693 66 21 blifva
400 694 130 27 betungade,
545 701 49 13 men
611 694 70 20 denna
696 697 66 23 tunga
779 693 56 20 afser
851 692 42 21 den
904 692 79 27 nädiga

223 729 166 24 propositionen
404 735 27 13 nu
446 731 32 18 att
494 728 60 21 lätta.
584 718 94 40 Äsigten
693 730 33 18 att
741 727 98 21 skötseln
854 726 25 21 af
891 729 32 18 ett
933 726 50 21 med

220 760 104 26 jordbruk
340 761 99 22 förenadt
454 762 91 21 boställe
560 762 68 21 skulle
643 761 49 21 leda
705 765 100 24 prestens
820 761 44 27 häg
873 761 46 20 frän
929 760 53 21 hans

223 795 57 21 rätta
294 795 49 26 kall,
360 803 64 19 synes
440 796 47 21 icke
501 803 52 14 vara
568 796 87 25 hällbar,
673 796 41 20 och
730 795 17 27 ej
764 795 67 21 heller
839 795 63 21 torde
911 795 71 20 kunna

222 831 58 19 visas
304 833 32 18 att
354 834 87 23 presten
457 831 32 21 för
504 833 36 19 sitt
554 830 103 27 jordbruk
673 831 106 20 äsidosatt
795 831 45 19 sina
855 829 79 28 pligter
949 829 33 20 sä-

222 871 52 20 som
294 864 138 27 själasörjare.
462 866 98 20 Fastmer
580 865 90 20 erhäller
692 868 88 24 presten
802 865 131 26 derigenom,
949 866 32 18 att

222 897 42 21 han
280 899 138 26 sysselsätter
432 901 34 26 sig
480 900 50 21 med
546 903 31 18 ett
593 900 75 26 dylikt,
685 906 26 13 en
723 899 126 27 ytterligare
861 898 121 26 berörings-

222 933 69 26 punkt
314 933 49 21 med
386 935 32 19 sin
439 934 130 27 församling,
592 933 82 22 hvilket
693 934 93 26 mängen
801 933 58 27 gäng
873 932 42 21 kan
930 939 51 13 vara

222 967 82 26 egnadt
319 971 32 18 att
366 968 46 21 föra
427 968 81 21 honom
522 969 97 20 närmare
635 968 31 21 till
681 969 46 19 sina
738 967 190 26 församlingsboar
939 965 42 21 och

222 1001 124 26 dymedelst
366 1003 121 21 underlätta
507 1003 33 20 för
562 1003 81 20 honom
661 1009 27 14 en
703 1002 34 21 för
751 1002 44 21 den
809 1002 57 20 rätta
881 1000 100 27 själavär-

222 1035 42 21 den
280 1036 124 27 nödvändig
419 1037 123 21 kännedom
557 1044 35 14 om
607 1036 230 27 församlingsboarnes
849 1034 132 27 ständpunkt

222 1069 42 20 och
289 1070 71 20 behof.
390 1070 70 21 Deraf
473 1074 31 17 att
520 1074 88 23 presten
622 1070 51 21 med
688 1072 31 19 nit
733 1070 78 27 fullgör
826 1070 45 19 sina
887 1068 95 27 äliggan-

222 1103 42 20 den
280 1104 72 20 säsom
367 1103 133 27 själasörjare
516 1105 103 20 behöfver
635 1105 18 26 ej
669 1104 66 21 heller
750 1103 168 26 nödvändigtvis
931 1102 50 26 följa

221 1140 33 18 att
276 1137 76 21 bolens
374 1138 82 21 skötsel
471 1139 75 20 blifver
561 1139 137 20 försummad.
729 1138 42 20 Väl
787 1138 24 20 är
826 1137 37 21 det
878 1139 48 18 sant
941 1139 39 22 att,

220 1171 28 20 dä
270 1175 100 23 prestens
392 1173 130 26 disposition
545 1173 61 20 öfver
628 1173 61 20 bolet
704 1173 23 20 är
742 1171 123 28 begränsad
881 1171 31 21 till
927 1171 53 21 hans

220 1205 112 26 tjenstetid
352 1207 58 20 inom
431 1207 157 27 församlingen,
606 1207 128 26 jordbruket
758 1207 12 20 å
792 1206 120 20 detsamma
927 1207 6 18 i
949 1213 32 13 re-

220 1239 50 27 geln
286 1240 47 20 icke
348 1239 42 22 kan
409 1241 79 20 erhålla
504 1248 80 13 samma
601 1242 116 23 intensitet,
733 1247 48 13 som
796 1240 13 20 å
825 1247 26 13 en
867 1246 69 14 annan
951 1239 30 20 lä-

220 1274 82 26 genhet
317 1274 23 20 är
355 1274 79 27 möjlig,
450 1281 55 19 men,
522 1276 72 19 säsom
609 1275 136 21 motionären
760 1273 51 27 sjelf
823 1273 63 21 äfven
895 1275 84 23 erinrar,

220 1307 78 21 saknas
315 1308 57 20 dock
390 1309 115 26 ingalunda
520 1309 102 27 exempel
637 1309 74 27 derpä,
728 1312 32 18 att
775 1308 126 28 prestbolen
917 1308 64 20 äfven

220 1343 30 19 uti
272 1342 62 21 detta
355 1342 103 21 afseende
479 1343 80 21 kunnat
581 1343 59 21 mäta
663 1345 34 25 sig
717 1343 50 20 med
789 1343 29 20 de
836 1343 49 20 bäst
901 1342 79 21 odlade

220 1375 127 27 lägenheter
370 1377 6 20 i
396 1377 92 25 trakten,
512 1377 42 20 och
572 1377 105 20 erkännas
693 1377 39 20 bör
747 1380 32 18 att
795 1376 132 28 prestbolen,
944 1383 36 14 om

220 1409 67 21 ocksä
302 1410 48 21 icke
365 1411 59 20 alltid
440 1411 50 21 med
505 1418 81 14 samma
602 1415 49 23 steg
667 1418 48 14 som
729 1411 67 20 andra
812 1410 132 27 lägenheter,
956 1411 25 20 sä

220 1443 57 21 dock
293 1444 126 27 beständigt
434 1445 120 21 fortskridit
569 1447 6 19 i
587 1445 79 27 odling.
683 1445 131 27 Jordbruket
827 1446 28 26 pä
868 1448 32 18 ett
911 1448 70 23 prest-

219 1477 37 21 bol
272 1478 23 20 är
311 1478 47 20 icke
373 1478 74 28 längre
463 1480 120 20 detsamma
598 1486 48 14 som
661 1480 34 20 för
707 1480 115 20 decennier
830 1478 94 25 tillbaka,
938 1478 42 20 och

219 1512 58 20 hvad
300 1512 38 21 det
360 1520 27 13 nu
410 1513 29 25 är,
460 1514 24 20 är
506 1514 36 20 det
559 1514 46 20 icke
620 1514 74 20 vidare
710 1514 55 20 efter
779 1520 83 14 samma
877 1512 101 27 tidrymd.

290 1552 48 21 Lag-
351 1552 31 16 och
395 1552 182 18 Ekonomiutskottets
589 1552 110 18 betänkande
712 1553 36 17 N:o
761 1554 15 16 4.
