1142 1803
336 184 82 23 Ständ.
435 184 38 23 Sv.
490 197 26 2 —
532 184 73 28 Prop.
621 184 42 22 N:o
680 184 21 22 9.
853 186 25 19 15

149 250 132 28 trädessyner
302 250 49 21 med
374 250 36 21 det
424 250 68 21 första
507 250 86 27 möjliga
607 250 52 20 böra
673 250 101 27 försiggå,
791 250 69 26 likväl,
877 250 32 21 till

150 284 157 28 förebyggande
323 284 22 21 af
358 284 109 28 praktiska
482 284 141 28 olägenheter,
633 291 47 14 som
695 284 40 21 lätt
743 284 72 21 kunna
823 285 85 27 uppstå,

150 319 70 21 derest
238 326 88 20 synerna
348 320 68 20 måste
431 319 122 21 verkställas
567 318 59 22 inom
641 320 36 19 två
691 318 102 21 månader
809 318 54 22 efter
879 318 29 22 af-

149 354 117 26 trädandet,
283 355 69 19 ansett
367 354 41 20 den
423 354 6 19 i
446 361 72 13 senare
532 354 120 20 momentet
667 352 22 21 af
703 354 27 19 56
747 353 12 28 $
775 353 36 28 (58
822 353 13 28 $
847 353 8 20 i
867 354 41 20 den

150 387 22 21 af
196 387 116 22 Ständerna
338 389 92 26 antagna
452 387 223 29 författningstexten)
699 387 72 21 härför
796 387 113 21 bestämda

150 423 58 21 tiden
224 423 50 20 böra
288 423 118 20 utsträckas
420 422 33 21 till
468 424 32 19 tre
516 423 106 20 månader.

218 457 95 21 Emedan
328 457 66 21 orden
410 457 45 26 ,,till
465 457 288 28 boställsbyggnadskassan''
770 457 6 20 i
787 458 12 19 3
810 457 98 27 punkten

150 491 22 21 af
186 493 26 20 57
229 491 46 30 (59)
298 491 12 29 &
332 491 108 21 befunnits
463 491 146 27 vilseledande,
632 491 50 21 med
697 491 99 21 afseende
812 491 49 21 derä
877 492 31 19 att

150 526 118 28 ersättning
289 525 33 22 för
344 526 89 21 vanvård
452 526 67 27 enligt
534 527 27 20 42
577 526 12 28 &
604 526 43 21 kan
662 526 87 21 komma
765 527 31 19 att
812 525 95 28 erläggas

149 561 32 20 till
204 561 156 26 efterträdaren,
382 560 64 20 hafva
462 561 94 20 nämnda
571 560 37 21 ord
623 560 69 20 blifvit
707 560 114 20 uteslutna.
853 559 53 21 Der-

147 595 67 27 jemte
236 595 38 21 har
295 594 47 22 hela
364 595 51 21 sista
436 596 120 20 momentet
579 594 22 21 af
617 594 126 28 paragrafen
759 596 80 19 ansetts
856 594 51 21 böra

150 629 103 27 bortfalla,
273 629 26 21 då
314 630 36 20 det
364 630 7 20 i
386 630 26 20 de
426 629 62 21 flesta
502 629 36 21 fall
553 629 60 21 torde
628 629 65 21 blifva
708 630 56 20 svårt
780 630 32 20 att
827 636 80 20 genom

150 664 87 20 allmänt
253 664 114 27 stadgande
382 664 103 20 fastställa
500 664 32 20 till
549 664 54 21 huru
618 665 45 19 stor
679 664 33 20 del
727 664 90 20 utdömd
833 664 73 20 ersätt-

149 698 53 27 ning
216 698 39 21 bör
269 698 81 21 tillfalla
364 698 196 27 tjenstförrättande
576 700 58 25 prest
650 698 49 20 eller
710 698 127 21 arrendator.
854 697 52 21 Här-

150 733 49 20 med
214 733 38 20 har
266 733 54 21 dock
336 733 134 21 efterträdare
486 733 113 27 ingalunda
614 733 93 27 betagits
721 732 131 27 rättigheten
868 733 37 25 att,

149 767 7 20 i
171 767 99 21 händelse
294 767 16 28 ej
332 775 80 13 samma
428 767 118 28 ersättning
560 767 115 28 bevisligen
690 766 71 21 blifvit
776 767 82 20 använd
872 766 35 21 för

150 801 110 22 boställets
280 801 90 28 räkning
391 801 40 21 och
446 801 31 21 uti
493 801 36 21 det
544 801 98 21 afseende
659 801 36 21 ske
711 801 54 27 bort,
782 801 21 20 af
817 801 88 20 företrä-

150 835 64 22 daren
229 835 96 22 utkräfva
335 837 66 20 större
412 836 49 21 eller
471 836 82 21 mindre
564 836 33 21 del
608 835 21 22 af
639 836 36 20 det
684 835 103 21 utdömda
797 835 107 28 beloppet.

218 870 96 21 Emedan
328 870 163 28 bestämningen
507 871 30 20 uti
554 872 25 19 62
596 870 47 29 (64)
659 870 12 29 &
687 870 74 21 derom
778 871 37 26 att,
831 870 27 21 dä
873 869 33 22 til-

149 905 138 28 lämpningen
310 905 21 21 af
351 905 96 22 faststäld
463 905 105 28 reglering
583 905 22 21 af
619 905 260 28 byggnadsskyldigheten
895 906 12 19 å

150 939 88 21 boställe
254 940 94 27 vidtager
362 940 7 20 i
383 939 130 28 församling,
531 940 115 21 boställena
662 940 107 20 derstädes
785 940 59 21 skola
859 947 48 13 vara

150 974 31 21 uti
196 974 218 21 öfverensstämmelse
428 975 49 20 med
494 991 4 10 ,
501 974 64 27 förut
580 975 96 27 gällande
692 974 163 27 stadganden"
848 970 12 36 i
871 974 35 21 be-

150 1009 72 27 hörigt
236 1009 62 20 stånd
312 1008 95 27 försatta,
422 1009 47 21 icke
484 1009 61 21 torde
562 1009 62 20 exakt
639 1009 102 27 återgifva
755 1009 55 20 hvad
821 1009 86 20 dermed

151 1043 74 21 afsetts
247 1043 40 21 och
309 1043 47 21 dess
378 1043 128 28 ordalydelse
524 1043 6 21 i
545 1043 71 28 hvarje
638 1043 100 21 händelse
755 1043 17 27 ej
789 1043 67 27 gifver
871 1043 35 20 vid

150 1077 85 21 handen
250 1085 26 13 en
291 1078 87 27 lämplig
400 1078 118 27 anordning
534 1078 22 20 af
570 1078 142 27 öfvergången
727 1077 47 21 från
791 1078 24 19 de
830 1077 76 20 hittills

151 1112 88 21 varande
261 1112 158 21 förhållandena
440 1112 32 21 till
494 1113 26 20 de
535 1120 47 20 nya,
598 1112 38 21 har
651 1111 124 28 paragrafen
792 1111 113 28 undergått

151 1154 25 13 en
192 1147 82 20 mindre
289 1147 180 27 omformulering.

219 1181 50 21 Med
284 1181 98 21 afseende
397 1183 12 19 å
424 1181 54 21 hvad
494 1181 119 22 Ständerna
627 1182 7 20 i
650 1181 35 21 det
700 1181 127 28 föregående
837 1180 64 21 fram-

150 1215 60 21 hållit
224 1215 22 21 få
262 1215 117 22 Ständerna
393 1216 7 20 i
415 1216 168 27 underdänighet
599 1216 93 21 anmäla:

426 1287 31 19 att
480 1285 124 22 Ständerna
630 1285 96 28 godkänt
752 1285 41 21 den
823 1285 83 27 nådiga

354 1319 162 28 propositionen
538 1320 47 21 med
606 1319 109 22 särskilda
730 1319 124 28 ändringar
869 1319 37 22 och

357 1355 8 20 i
380 1354 54 27 följd
454 1354 65 28 deraf
538 1354 87 28 antagit
643 1355 31 20 tre
688 1354 119 27 sålydande
822 1354 83 27 förord-

356 1389 93 28 ningar:
