1142 1803
254 194 26 20 16
446 192 30 23 U.
493 192 27 22 B.
582 192 76 29 Prop.
673 192 46 23 N:o
734 193 21 21 1.

224 256 162 27 bruksingeniör
408 259 32 18 att
463 255 116 21 verkställa
594 256 74 26 dylika
683 256 152 27 förrättningar
850 256 59 27 gifva
924 259 59 18 anta-

224 291 30 20 let
276 290 25 21 af
319 290 27 21 de
369 297 110 21 personer,
496 290 71 20 hvilka
583 290 32 20 för
631 290 141 27 parcellering
787 290 71 21 kunde
873 290 110 21 användas

225 328 33 18 ett
273 332 45 20 nog
332 324 110 28 behöfligt,
460 331 37 13 om
512 324 66 21 ocksä
592 324 117 21 tillsvidare
724 326 61 25 ringa
795 324 98 21 tillskott.
912 324 72 28 Agro-

225 365 103 15 nomerne
344 358 41 21 och
400 358 275 27 landtbruksingeniörerne
690 359 86 20 besutte
791 359 64 20 äfven
867 359 28 20 de
905 359 80 27 nödiga

224 393 180 27 fackkunskaper,
420 392 74 21 hvilka
504 392 33 21 för
546 392 160 21 verkställande
717 393 24 20 af
745 392 176 28 jordafsöndring
930 400 54 13 voro

226 427 147 27 erforderliga.
404 427 50 20 Alla
476 433 54 14 vore
553 427 27 20 de
595 427 94 20 bekante
704 427 50 20 med
769 427 159 21 landtmäteriet
943 427 42 20 och

226 461 102 21 särskildt
354 461 57 20 hade
438 461 28 20 de
491 461 133 20 sistnämnde
646 468 80 20 genom
756 461 140 20 föreskrifven
922 461 63 28 prak-

226 496 32 21 tik
272 496 41 20 hos
334 495 143 21 landtmätare
499 495 57 27 gjort
574 496 34 26 sig
625 495 35 20 väl
677 495 111 27 förtrogne
805 495 50 21 med
875 496 29 27 pä
922 495 63 21 desse

228 530 159 21 ankommande
412 529 158 27 förrättningar,
599 529 147 21 hvarförutom
770 529 56 21 både
851 529 135 22 landtbruks-

227 564 149 27 ingeniörerne
394 564 41 20 och
450 571 157 20 agronomerne
621 563 104 21 inhemtat
740 563 123 21 kännedom
879 571 36 13 om
927 564 59 26 jord-

228 602 91 17 arterna.
349 598 35 20 De
407 598 57 27 egde
486 598 83 20 således
585 597 163 21 sakkännedom
762 604 45 20 nog
823 601 32 17 att
870 598 115 21 verkställa

228 632 182 28 egograderingar
433 632 42 21 och
493 632 184 27 skattläggningar
693 632 56 24 eller,
765 632 73 20 såsom
853 634 6 19 i
875 632 60 28 fråga
950 639 36 14 om

226 666 178 28 jordafsöndring
419 666 142 25 erfordrades,
577 666 115 27 uträkning
706 666 25 20 af
742 666 192 28 afgäldsbeloppet
941 667 46 21 från

229 701 86 27 parcell.
349 695 73 27 Äfven
437 701 57 20 hvad
510 700 151 27 kartläggning
676 700 126 25 beträffade,
825 708 53 13 voro
894 701 93 21 nämnde

228 735 129 26 tjenstemän
384 734 42 21 lika
454 734 141 27 kompetente
620 737 33 18 att
675 734 70 21 utföra
767 734 155 27 afsöndringar,
945 735 42 20 och

228 769 72 20 kunde
323 769 72 27 någon
413 769 45 20 fara
474 769 23 20 så
512 769 88 26 mycket
615 769 82 20 mindre
712 769 81 26 uppstå
807 769 26 20 af
844 772 32 17 att
891 769 96 20 anförtro

230 803 110 20 desamma
349 804 22 20 åt
380 810 128 20 agronomer
521 803 42 20 och
575 803 252 27 landtbruksingeniörer,
840 810 48 13 som
895 803 23 27 ju
930 803 57 21 läne-

229 837 159 21 landtmätaren
403 839 7 19 i
426 837 94 27 enlighet
535 837 50 21 med
600 837 12 28 $
628 843 28 20 24
671 837 19 28 (8
705 837 34 26 22)
755 837 86 20 komme
854 841 31 17 att
896 837 92 28 granska

230 872 162 27 förrättningen.
404 884 27 3 —
444 871 117 21 Gentemot
576 871 37 21 allt
630 871 60 21 detta
705 871 38 21 har
751 871 24 21 af
781 871 124 22 Utskottets
921 871 68 22 flertal

230 905 120 22 emellertid
372 905 110 21 anmärkts
504 909 33 17 att
559 906 77 20 endast
658 905 22 21 af
701 905 143 22 landtmätare
864 906 125 21 verkstälda

231 940 73 26 dylika
326 940 152 27 förrättningar
501 939 64 27 bjuda
583 939 42 20 den
641 941 89 25 garanti,
747 947 47 13 som
809 940 36 20 vid
857 940 132 26 jorddelnin-

230 981 55 20 gens
307 974 112 27 frigörelse
434 974 24 20 är
473 981 27 13 en
515 973 99 27 oafvislig
629 973 169 28 nödvändighet.
828 974 73 27 Enligt
915 974 74 21 försla-

231 1011 38 24 get
284 1008 98 21 kommer
398 1008 186 27 egostyckningen
599 1008 43 20 och
654 1007 202 28 jordafsöndringen
869 1012 32 17 att
911 1012 79 23 ytterst

232 1042 58 21 hvila
312 1043 30 26 på
364 1049 82 14 samma
462 1043 89 26 princip,
573 1042 87 21 hvarför
675 1042 222 27 skattskyldighetens
913 1043 78 20 fördel-

232 1078 52 25 ning
306 1076 91 20 emellan
412 1076 28 20 de
455 1076 176 27 uppkommande
646 1076 154 27 lägenheterna
814 1077 37 20 vid
866 1076 125 27 afsöndring

232 1110 169 27 nödvändigtvis
417 1110 125 21 förutsätter
554 1117 81 14 samma
643 1110 157 27 tillförlitlighet
812 1117 47 14 som
871 1110 37 21 vid
918 1110 73 27 styck-

232 1146 58 25 ning.
320 1144 35 20 Då
378 1144 118 27 parcellens
519 1144 96 27 egovidd
639 1144 42 21 kan
703 1144 66 21 blifva
791 1144 69 21 större
883 1145 27 20 än
925 1147 66 18 stom-

233 1178 148 27 lägenhetens,
404 1178 24 20 är
444 1178 37 21 det
496 1178 26 21 af
532 1178 110 27 synnerlig
656 1179 46 26 vigt
717 1182 32 17 att
764 1178 152 27 afsöndringen
931 1178 61 21 verk-

233 1212 74 21 ställes
331 1212 51 21 med
404 1215 93 24 yttersta
520 1219 88 20 omsorg
626 1212 134 21 beträffande
775 1212 60 21 såväl
849 1212 143 21 uträknandet

234 1246 25 21 af
270 1246 102 27 afgälden
387 1253 48 14 som
449 1246 185 27 kartläggningen.
653 1246 38 21 Fel
705 1248 7 19 i
727 1247 180 26 förrättningarne
921 1246 71 21 kunna

233 1280 55 21 vålla
304 1281 29 20 de
349 1281 158 26 betänkligaste
529 1281 130 26 rubbningar
673 1282 30 19 uti
718 1281 49 20 hela
783 1281 37 20 det
834 1280 109 21 kamerala
957 1287 36 20 sy-

234 1318 79 17 stemet
329 1315 42 20 och
386 1315 144 21 karteverket.
560 1315 71 20 Dessa
647 1315 28 20 fel
691 1315 36 20 äro
743 1315 107 27 nemligen
865 1315 26 20 af
902 1315 42 20 den
956 1315 37 20 be-

234 1348 122 21 skaffenhet
372 1352 32 18 att
420 1349 28 20 de
463 1349 39 21 lätt
517 1349 71 20 kunna
603 1350 88 25 qvarstå
706 1349 33 20 för
754 1349 27 20 all
797 1349 91 25 framtid,
907 1352 25 23 ty
947 1349 46 20 dels

234 1383 72 20 kunna
326 1383 57 20 felen
398 1383 70 27 undgå
490 1383 142 27 granskarens
648 1383 198 27 uppmärksamhet,
862 1383 46 20 dels
923 1383 70 20 kunna

235 1417 112 20 desamma
369 1417 67 21 också
458 1417 58 27 ligga
531 1418 24 20 så
575 1417 72 25 dolda,
663 1421 32 17 att
711 1417 28 20 de
753 1417 48 20 icke
816 1417 83 27 framgå
913 1424 24 14 ur
952 1417 42 20 för-

234 1451 270 27 rättningshandlingarna.
534 1451 78 21 Härtill
633 1451 97 21 kommer
751 1455 32 17 att
799 1451 76 21 endast
890 1451 104 21 landtmä-

235 1488 62 17 taren
316 1485 43 21 kan
379 1485 32 21 för
433 1492 26 14 en
480 1485 89 27 felaktig
583 1485 129 27 förrättning
727 1485 73 21 ställas
815 1485 32 21 till
861 1492 77 14 ansvar
953 1485 42 21 och

307 1524 49 22 Lag-
368 1524 33 18 och
412 1524 181 18 Ekonomiutskoitets
605 1524 110 18 betänkande
726 1524 38 18 N:o
776 1525 15 17 1.
