1142 1803
385 148 22 23 U.
425 148 22 23 B.
462 160 30 4 —
508 149 58 27 Prop.
583 149 36 22 N:o
635 148 20 23 3.
851 150 12 21 3

135 210 9 22 i
166 210 65 22 detta
253 209 42 23 fall
317 210 91 22 komme
431 212 35 20 att
487 210 63 29 gälla
571 218 29 14 en
615 210 118 30 fataljetid
748 211 26 22 af
787 212 108 29 tjugutvä

136 244 43 22 och
208 252 30 14 en
266 244 52 22 half
345 244 79 29 dagar,
454 244 42 22 har
525 245 128 27 Utskottet,
683 245 37 22 för
744 246 151 22 undvikande

137 278 26 22 af
197 286 29 14 en
255 278 71 22 sädan
359 278 112 29 olämplig
501 279 202 29 tidsbestämning,
727 282 75 19 utsatt
829 280 66 22 tiden

136 312 36 23 för
187 312 225 30 ändringssökandet
427 313 37 21 till
479 312 129 29 fyratiotvä
623 313 79 29 dagar,
718 314 57 21 eller
787 314 60 28 jämt
855 322 40 14 sex

136 348 92 21 veckor.
258 347 119 28 Därjämte
392 347 42 21 har
448 347 123 22 Utskottet
586 350 77 19 ansett
677 348 84 28 nödigt
776 350 35 19 att
826 349 8 21 i
849 349 46 21 för-

136 381 131 29 ordningen
282 381 96 28 angifva
393 381 39 21 det
448 381 45 21 den
508 381 179 29 ifrägavarande
702 381 147 30 fataljetiden
857 383 37 22 be-

136 416 85 22 räknas
243 415 53 22 frän
318 415 44 22 den
386 415 46 29 dag
454 415 46 22 den
522 416 147 29 motvädjade
685 416 84 21 domen
785 417 56 21 eller
856 417 39 21 det

137 449 165 30 ofverklagade
316 450 102 28 utslaget
433 450 59 29 gafs,
509 457 87 14 samma
612 450 46 29 dag
673 450 60 22 dock
749 451 109 22 oräknad.

204 485 36 21 De
262 484 83 21 ställen
367 485 9 20 i
398 492 32 13 nu
452 484 110 29 gällande
577 485 46 28 lag,
639 485 81 21 hvilka
735 485 27 21 af
775 485 44 22 den
833 485 61 22 före-

137 519 82 29 slagna
248 519 166 28 förordningen
435 519 101 26 beröras,
552 521 42 19 har
611 519 122 22 Utskottet
752 519 50 22 icke
819 522 76 19 ansett

135 554 57 21 böra
206 555 8 20 i
230 553 130 22 densamma
376 553 160 29 uttryckligen
552 553 113 29 angifvas.
695 554 72 22 Utom
783 554 27 21 de
826 555 8 20 i
843 561 51 21 pro-

136 588 144 29 positionens
302 587 243 29 författningsförslag
567 588 75 21 säsom
658 588 101 21 ändrade
775 590 119 27 upptagna

136 622 144 29 lagrummen
308 622 75 21 finnas
412 622 120 28 nämligen
561 622 56 21 flera
640 622 79 28 andra,
741 622 53 22 frän
813 622 80 22 hvilka

136 656 86 22 nämda
243 656 87 28 förslag
344 656 98 21 innebär
458 664 29 13 en
503 656 118 22 afvikelse.
652 656 93 22 Sädana
761 660 45 21 äro,
822 656 71 22 bland

138 691 79 28 andra,
234 692 10 20 1
262 690 42 22 och
320 692 12 20 3
348 692 26 27 $$
391 692 25 20 16
432 690 52 29 kap.
501 690 27 22 R.
544 691 34 27 B.,
595 690 44 22 den
655 690 62 22 förra
732 690 53 22 med
801 690 44 22 den
859 691 34 28 ly-

137 725 62 22 delse
221 725 132 21 densamma
368 725 42 21 har
424 725 8 21 i
447 725 87 28 nådiga
549 724 167 29 förordningen
731 725 45 21 den
791 726 26 21 27
835 725 58 28 april

140 762 60 19 1868.
230 759 47 21 Det
292 759 42 21 har
349 761 65 26 synts
428 759 124 22 Utskottet
566 759 135 28 lämpligast
716 761 35 19 att
766 759 45 21 alla
827 759 66 21 dessa

136 793 90 29 lagrum
242 793 204 22 sammanfattades
461 793 9 21 i
486 795 34 19 ett
535 793 104 28 generelt
653 793 101 28 uttryck.

206 827 116 29 Slutligen
344 827 42 22 har
402 827 123 22 Utskottet
540 828 8 21 i
563 827 266 29 författningsförslaget
843 827 50 21 vid-

139 862 60 29 tagit
214 862 44 22 den
277 861 272 29 redaktionsförändring
565 864 34 19 att
615 861 66 22 ordet
691 861 202 29 ,ändring*
825 857 10 38 i
847 857 48 38 bör-

136 897 42 28 jan
200 897 26 21 af
246 896 112 28 förslaget
377 896 91 28 utbytts
484 898 63 19 emot
562 896 39 21 det
617 896 143 29 egentligare
775 896 118 28 uttrycket

138 931 146 26 »afvikelse".

205 965 34 21 På
261 964 75 29 grund
358 964 25 22 af
402 964 167 22 ofvanstående
588 964 37 22 får
638 964 123 23 Utskottet
775 964 118 21 vördsamt

138 999 85 22 föreslå

342 1035 32 19 att
390 1033 126 20 Ständerna
532 1033 55 25 ville,
597 1034 48 20 med
656 1033 161 28 godkännande
828 1034 31 27 af
867 1034 26 20 de

275 1067 54 27 utaf
350 1066 103 21 Utskottet
472 1067 127 27 förordade
621 1068 125 27 ändringar
770 1068 8 19 i
795 1068 98 27 författ-

275 1101 179 28 ningsförslaget,
467 1101 44 27 för
526 1101 33 21 sin
577 1101 34 21 del
627 1104 81 25 antaga
723 1109 25 13 en
764 1102 25 20 så
800 1101 93 28 lydande

272 1135 136 28 förordning
424 1136 8 19 i
448 1137 85 19 ämnet:

344 1181 139 34 Förordning
512 1180 119 35 angående
653 1181 146 34 förlängning
819 1181 24 28 af
861 1181 30 28 ti-

276 1221 43 27 den
347 1228 6 19 i
380 1221 66 28 vissa
473 1221 53 39 fall
544 1221 37 28 för
600 1221 216 34 ändringssökande
840 1220 52 29 från

276 1261 193 28 häradsrätterne
490 1261 5 26 i
515 1261 86 28 Ålands
620 1261 119 34 domsaga.

344 1306 135 28 Härigenom
495 1307 78 20 varder
585 1307 140 27 förordnadt
741 1309 36 24 att,
794 1307 47 20 med
856 1307 38 27 aj-

276 1340 76 21 vikelse
363 1341 58 26 från
436 1340 57 21 hvad
508 1341 9 20 i
532 1340 118 21 allmänhet
665 1342 27 19 är
707 1341 102 26 stadgadt
825 1341 69 27 angå-

272 1375 52 20 ende
339 1374 85 21 besvärs
439 1374 39 21 och
494 1375 52 26 laga
562 1375 52 20 vads
620 1374 153 28 fullföljande
783 1375 8 20 i
801 1374 91 28 hofrätt,

276 1409 58 20 tiden
346 1409 42 27 för
403 1409 96 20 sökande
515 1409 31 27 af
558 1409 95 27 ändring
669 1409 8 20 i
693 1409 48 21 dom
752 1409 51 20 eller
813 1409 78 27 utslag,

276 1449 44 14 som
342 1442 127 21 häradsrätt
492 1443 8 19 i
523 1436 86 27 Ålands
631 1442 104 28 domsaga
754 1443 54 27 fält,
828 1442 64 26 skall,

210 1482 128 22 Lagutskottets
351 1482 109 17 betänkande
473 1481 39 17 N:o
526 1482 14 16 1.
