1142 1803
255 193 27 20 28

450 192 29 22 U.
495 192 28 22 B.
540 206 27 1 —
583 192 76 29 Prop.
675 192 45 23 N:o
736 194 21 21 1.

432 256 74 20 innan
522 256 141 27 rörläggning
678 256 117 28 försiggått
804 257 39 21 och
853 258 130 27 anteckning

434 297 33 13 om
485 290 57 27 bytet
555 290 68 27 gjorts
639 290 9 20 i
657 290 158 28 jordregistret.

681 365 14 26 $
710 365 31 20 14.

493 426 112 27 Rättighet
626 428 32 19 att
680 427 47 20 dela
751 427 98 27 lägenhet
863 427 30 28 af
903 427 80 28 frälse-

436 461 51 20 eller
516 461 137 20 skattenatur
683 461 131 20 tillkommer
843 461 46 21 dess
914 469 68 20 egare.

437 495 107 27 Derjemte
566 497 26 18 är
613 495 88 26 enhvar,
722 502 47 13 som
784 495 9 20 i
807 495 61 28 dylik
887 496 98 27 lägenhet

437 530 40 20 har
499 529 94 28 lagligen
615 529 96 21 bestämd
726 529 70 27 andel,
819 529 120 28 berättigad
953 532 33 19 att

438 564 44 20 låta
498 564 128 20 densamma
639 571 76 19 genom
733 564 103 27 klyfning
851 564 96 27 utbryta.

494 597 49 21 Har
564 598 72 27 någon
657 600 53 18 utan
725 598 133 27 föregången
874 598 49 27 laga
938 598 45 20 del-

438 632 54 27 ning
513 632 35 20 till
569 639 78 13 annan
665 632 110 28 öfrerlätit
790 632 54 21 visst
858 632 87 21 område
960 632 29 27 af

437 666 37 21 sin
500 666 99 28 lägenhet
624 668 33 19 att
676 666 72 21 såsom
769 667 94 21 särskild
882 667 104 27 fastighet

438 708 48 19 egas
508 701 36 21 och
566 701 93 26 besittas,
681 708 50 14 vare
747 701 85 27 jemväl
846 701 42 21 den
903 708 81 19 senare,

438 735 23 20 sä
478 735 62 26 länge
556 735 125 27 lägenheten
693 735 74 20 tillhör
778 735 147 27 öfverlätaren
935 735 51 20 eller

438 769 56 20 hans
510 769 101 27 arfvinge
626 769 51 20 eller
691 769 74 27 någon
779 776 47 14 som
836 769 150 27 öfrerlätelsen

436 803 101 26 godkänt,
554 803 86 28 behörig
655 805 33 19 att
703 803 45 21 läta
763 803 36 20 det
813 803 86 21 omräde
908 810 78 21 genom

438 837 115 28 styckning
573 838 58 26 eller,
656 837 34 21 då
705 837 8 21 i
735 837 249 28 öfverlätelseaf-

439 872 186 27 handlingen
641 871 31 21 så
688 871 149 28 bestämts,
855 879 78 20 genom
948 871 36 28 af-

439 906 104 27 söndring
564 906 126 27 fränskilja.
721 905 52 22 Men
789 906 19 27 ej
822 905 37 22 mä
874 906 52 26 han,
947 905 38 21 in-

439 948 47 13 nan
501 941 88 27 delning
605 941 59 26 skett,
679 940 72 21 såsom
766 947 61 21 egare
843 940 35 21 till
892 940 95 21 sålunda

440 975 111 27 öfverlätet
566 975 87 20 område
669 981 70 14 anses.

496 1002 20 27 Ä
542 1009 171 20 kronohemman
739 1016 35 20 ege
801 1011 95 25 antagen
917 1009 39 20 åbo
977 1009 10 20 i

440 1043 100 27 afseende
554 1043 14 20 å
583 1043 89 27 delning
687 1050 86 13 samma
789 1042 129 28 befogenhet,
940 1049 47 14 som

440 1077 133 27 beträffande
593 1077 80 27 frälse-
695 1077 38 20 och
747 1076 191 27 skattelägenheter
952 1076 10 20 i
975 1077 13 19 1

441 1118 64 14 mom.
522 1113 26 19 är
563 1118 62 19 egare
641 1111 38 20 och
694 1111 95 26 delegare
805 1110 128 25 tillerkänd;
949 1110 38 20 och

440 1153 50 13 vare
508 1145 58 21 åbon
587 1145 101 20 likaledes
710 1145 120 26 berättigad
849 1145 33 20 att
903 1143 84 28 egobyte

440 1180 82 20 mellan
537 1179 125 21 hemmanet
677 1179 38 21 och
729 1185 78 14 annan
819 1178 98 27 lägenhet
925 1178 60 27 ingå.

682 1253 15 26 $
711 1252 34 21 15.

500 1315 40 21 Om
561 1315 133 28 öfverlåtelse
715 1315 38 21 och
771 1315 83 27 lagfart
868 1314 29 27 af
907 1313 79 28 frälse-

441 1351 38 20 och
504 1349 196 28 skattelägenheter,
727 1356 46 13 som
798 1355 78 21 genom
899 1348 89 27 delning

440 1384 143 28 uppkommit,
599 1383 26 21 så
640 1384 37 20 ock
691 1390 35 14 om
740 1383 127 26 inteckning
882 1382 9 20 i
903 1382 85 21 sådana

441 1418 126 27 lägenheter,
587 1417 57 27 gälle
665 1417 57 21 hvad
741 1417 10 20 i
772 1417 62 20 dessa
853 1418 82 19 ämnen
949 1418 36 19 rö-

440 1452 68 20 rande
524 1452 53 27 jord
596 1451 14 21 å
632 1451 73 21 landet
724 1451 9 20 i
751 1450 122 21 allmänhet
886 1452 27 18 är
927 1450 59 20 stad-

438 1486 58 28 gadt,
517 1486 52 20 dock
589 1487 33 19 att
643 1485 81 27 lagfart
741 1484 14 21 &
766 1484 85 28 parcell
865 1484 123 21 verkställes

302 1525 47 23 Lag-
362 1526 32 17 och
406 1524 181 19 Ekonomiutskottets
599 1524 110 18 betänkande
721 1523 36 18 N:o
771 1524 15 17 1.
