1142 1803
0 1005 11 115 v
0 758 17 103 ATTI
0 31 11 684 SR

457 185 27 22 U.
500 186 22 20 B.
538 198 28 2 —
580 186 63 26 Prop.
660 186 41 20 N:o
717 186 19 20 9.

419 248 108 28 reglering
549 248 56 28 utaf
624 248 262 28 byggnadsskyldigheten
903 248 14 21 &
933 249 38 21 bo-

419 282 69 27 ställe,
511 282 92 21 hvarom
618 282 9 20 i
642 282 58 28 Kap.
718 282 43 20 III
771 284 28 19 är
813 282 68 28 sagdt,
897 282 74 22 vidta-

418 323 38 21 ger
472 316 11 20 i
496 316 140 28 församling,
651 316 61 21 skola
728 316 120 21 boställena
862 316 109 22 dcrstädes

420 357 60 20 vara,
503 350 11 21 i
535 350 222 27 öfverensstämmelse
772 350 49 21 med
835 350 74 27 förut
928 350 43 21 rä-

420 384 82 21 dande
522 384 201 27 förhällanden,
739 384 36 21 uti
790 384 97 27 behörigt
907 384 67 21 ständ

419 418 95 27 försatta
536 418 29 27 af
583 419 42 20 den
647 419 52 20 eller
719 419 55 26 dem,
789 425 48 14 som
853 418 120 28 byggandet

420 453 39 20 och
481 453 140 20 underhållet
643 453 30 27 af
684 453 70 20 husen
769 453 111 20 derintills
894 453 77 27 älegat,

420 487 52 20 dock
494 488 38 25 att,
556 487 38 20 der
617 487 198 27 boställshafvaren
831 493 76 14 ensam
922 487 50 28 haft

419 521 34 27 sig
474 521 233 28 byggnadsskyldighet
725 521 98 27 ähvälfd,
838 521 131 27 församlin-

418 562 42 20 gen
476 555 34 20 till
525 555 86 27 hälften
625 555 95 27 deltager
734 555 10 20 i
759 554 109 22 boställets
881 555 86 21 iständ-

419 589 106 21 sättande.

661 658 14 26 $
692 658 36 20 65.

489 696 16 21 I
523 697 74 27 hvarje
617 696 133 27 församling
771 697 62 26 skall,
849 697 67 20 sedan
932 697 36 21 bo-

419 731 267 27 ställsbyggnadskassans
701 730 160 27 kapitalbelopp
877 731 38 20 och
923 733 45 18 sät-

421 766 29 19 tet
479 765 35 26 för
541 765 46 20 dess
612 765 226 26 sammanbringande
867 765 104 27 slutligen

420 799 114 27 faststälts,
551 799 96 27 husesyn
662 799 14 20 å
691 799 172 27 församlingens
875 799 95 27 prestbol

419 833 112 27 förrättas,
554 833 10 20 i
585 833 50 20 stad
656 833 29 27 af
701 833 172 27 Rådstufvurätt
888 833 38 21 och
937 833 32 27 pä

420 867 74 20 landet
516 867 28 26 af
560 867 140 26 Häradsrätt,
717 867 49 20 med
781 867 82 20 biträde
878 867 29 27 af
917 867 51 21 sak-

420 901 102 27 kunnige,
545 908 35 13 om
602 901 26 20 sä
650 901 105 27 behöfves.
787 901 83 20 Dervid
891 901 78 21 under-

420 935 59 20 sökes
506 935 111 20 huruvida
647 935 162 27 vederbörande,
837 935 133 27 beträffande

420 968 122 27 byggandet
557 969 38 20 och
610 969 139 21 underhället
763 969 28 27 af
804 969 107 21 boställets
920 969 49 28 laga

419 1003 49 25 hus,
483 1002 101 28 fullgjort
599 1003 58 20 hvad
671 1003 48 21 dem
727 1003 69 28 enligt
803 1003 164 28 nästföregäen-

419 1037 25 20 de
465 1037 13 26 $
501 1037 77 26 älegat,
602 1037 51 20 eller
675 1037 10 20 i
707 1037 58 20 hvad
785 1037 54 20 män
854 1037 24 20 de
893 1037 76 21 häruti

420 1070 86 21 brustit.
542 1070 78 21 Vidare
636 1070 127 21 bestämmes
778 1071 50 20 med
843 1070 88 27 ledning
945 1071 28 26 af

419 1103 73 21 denna
512 1104 137 27 förordning,
673 1105 20 26 ej
714 1105 87 20 mindre
823 1105 84 20 antalet
931 1105 38 20 och

418 1137 42 20 den
476 1139 101 20 närmare
593 1138 172 27 beskaffenheten
781 1138 28 27 af
821 1139 24 20 de
861 1139 51 26 laga
920 1139 47 26 hus,

418 1178 46 14 som.
481 1171 51 21 böra
546 1172 108 27 uppföras
668 1172 14 21 ä
698 1172 103 27 bostället,
811 1174 30 19 än
851 1173 37 20 ock
895 1172 74 21 hvilka

419 1205 29 27 af
458 1205 25 21 de
498 1206 107 21 derstädes
615 1206 69 21 redan
693 1206 114 27 befintliga
815 1206 154 27 byggnaderna

418 1239 78 21 kunna
510 1240 10 19 i
534 1240 71 20 sådan
620 1240 107 27 egenskap
739 1241 135 26 godkännas,
889 1240 78 27 äfven-

420 1280 46 14 som
482 1273 74 21 hvilka
571 1275 48 26 torp
635 1274 60 21 skola
711 1274 120 21 bibehållas
846 1274 39 21 och
895 1275 74 20 hvilka

419 1307 149 28 tilläfventyrs
591 1308 37 20 mä
648 1308 137 27 igenläggas;
802 1309 38 20 och
854 1309 62 26 skall,
932 1309 37 20 der

418 1341 66 20 sedan
507 1341 134 28 nybyggnad
661 1342 14 20 å
698 1342 98 21 bostället
815 1343 96 20 kommer
934 1343 35 20 till

417 1375 124 27 utförande,
563 1376 42 20 den
627 1377 128 20 verkställas
776 1377 9 20 i
807 1376 95 27 enlighet
920 1377 49 21 med

417 1409 97 20 sälunda
530 1409 97 21 lemnade
642 1410 143 27 föreskrifter.

493 1442 41 21 Vid
555 1443 146 27 omförmälda
719 1444 137 27 förrättning
871 1444 38 21 mä
923 1444 45 20 icke

417 1476 25 20 de
464 1476 50 28 laga
536 1477 47 27 hus,
605 1484 47 14 som
673 1478 76 27 blifvit
769 1478 111 28 uppförda
895 1478 74 21 innan

280 1516 46 20 Lag-
339 1516 27 15 och
379 1516 168 16 Ekonomiutskottets
560 1518 103 16 betänkande
675 1518 34 16 N:o
722 1523 16 15 4.
