<?xml version="1.0" encoding="UTF-8"?>
<alto xmlns="http://www.loc.gov/standards/alto/ns-v3#" xmlns:xlink="http://www.w3.org/1999/xlink" xmlns:xsi="http://www.w3.org/2001/XMLSchema-instance" xsi:schemaLocation="http://www.loc.gov/standards/alto/ns-v3# http://www.loc.gov/alto/v3/alto-3-0.xsd">
	<Description>
		<MeasurementUnit>pixel</MeasurementUnit>
		<sourceImageInformation>
			<fileName>/tmp/tess_pl7br4nr_input.PNG</fileName>
		</sourceImageInformation>
		<OCRProcessing ID="OCR_0">
			<ocrProcessingStep>
				<processingSoftware>
					<softwareName>tesseract 5.3.4</softwareName>
				</processingSoftware>
			</ocrProcessingStep>
		</OCRProcessing>
	</Description>
	<Layout>
		<Page WIDTH="1142" HEIGHT="1803" PHYSICAL_IMG_NR="0" ID="page_0">
			<PrintSpace HPOS="0" VPOS="0" WIDTH="1142" HEIGHT="1803">
				<ComposedBlock ID="cblock_0" HPOS="392" VPOS="200" WIDTH="495" HEIGHT="26">
					<TextBlock ID="block_0" HPOS="392" VPOS="200" WIDTH="495" HEIGHT="26">
						<TextLine ID="line_0" HPOS="392" VPOS="200" WIDTH="495" HEIGHT="26">
							<String ID="string_0" HPOS="392" VPOS="200" WIDTH="26" HEIGHT="22" WC="0.91" CONTENT="U."/><SP WIDTH="16" VPOS="200" HPOS="418"/>
							<String ID="string_1" HPOS="434" VPOS="200" WIDTH="24" HEIGHT="21" WC="0.90" CONTENT="B."/><SP WIDTH="17" VPOS="200" HPOS="458"/>
							<String ID="string_2" HPOS="475" VPOS="212" WIDTH="27" HEIGHT="2" WC="0.91" CONTENT="—"/><SP WIDTH="16" VPOS="212" HPOS="502"/>
							<String ID="string_3" HPOS="518" VPOS="200" WIDTH="62" HEIGHT="26" WC="0.96" CONTENT="Prop."/><SP WIDTH="17" VPOS="200" HPOS="580"/>
							<String ID="string_4" HPOS="597" VPOS="200" WIDTH="41" HEIGHT="20" WC="0.96" CONTENT="N:o"/><SP WIDTH="17" VPOS="200" HPOS="638"/>
							<String ID="string_5" HPOS="655" VPOS="200" WIDTH="18" HEIGHT="20" WC="0.96" CONTENT="9."/><SP WIDTH="189" VPOS="200" HPOS="673"/>
							<String ID="string_6" HPOS="862" VPOS="200" WIDTH="25" HEIGHT="19" WC="0.96" CONTENT="21"/>
						</TextLine>
					</TextBlock>
				</ComposedBlock>
				<ComposedBlock ID="cblock_1" HPOS="156" VPOS="262" WIDTH="764" HEIGHT="481">
					<TextBlock ID="block_1" HPOS="156" VPOS="262" WIDTH="762" HEIGHT="111">
						<TextLine ID="line_1" HPOS="227" VPOS="262" WIDTH="691" HEIGHT="26">
							<String ID="string_7" HPOS="227" VPOS="263" WIDTH="40" HEIGHT="25" WC="0.91" CONTENT="3:0)"/><SP WIDTH="15" VPOS="263" HPOS="267"/>
							<String ID="string_8" HPOS="282" VPOS="263" WIDTH="120" HEIGHT="19" WC="0.96" CONTENT="bestämmes"/><SP WIDTH="16" VPOS="263" HPOS="402"/>
							<String ID="string_9" HPOS="418" VPOS="263" WIDTH="39" HEIGHT="19" WC="0.96" CONTENT="den"/><SP WIDTH="15" VPOS="263" HPOS="457"/>
							<String ID="string_10" HPOS="472" VPOS="262" WIDTH="117" HEIGHT="25" WC="0.96" CONTENT="ersättning."/><SP WIDTH="16" VPOS="262" HPOS="589"/>
							<String ID="string_11" HPOS="605" VPOS="268" WIDTH="44" HEIGHT="14" WC="0.93" CONTENT="som"/><SP WIDTH="16" VPOS="268" HPOS="649"/>
							<String ID="string_12" HPOS="665" VPOS="262" WIDTH="117" HEIGHT="23" WC="0.90" CONTENT="afträdaren,"/><SP WIDTH="18" VPOS="262" HPOS="782"/>
							<String ID="string_13" HPOS="800" VPOS="262" WIDTH="51" HEIGHT="20" WC="0.96" CONTENT="efter"/><SP WIDTH="14" VPOS="262" HPOS="851"/>
							<String ID="string_14" HPOS="865" VPOS="262" WIDTH="53" HEIGHT="19" WC="0.96" CONTENT="hvad"/>
						</TextLine>
						<TextLine ID="line_2" HPOS="156" VPOS="290" WIDTH="759" HEIGHT="26">
							<String ID="string_15" HPOS="156" VPOS="292" WIDTH="7" HEIGHT="18" WC="0.93" CONTENT="i"/><SP WIDTH="17" VPOS="292" HPOS="163"/>
							<String ID="string_16" HPOS="180" VPOS="292" WIDTH="10" HEIGHT="23" WC="0.72" CONTENT="$"/><SP WIDTH="18" VPOS="292" HPOS="190"/>
							<String ID="string_17" HPOS="208" VPOS="292" WIDTH="26" HEIGHT="18" WC="0.96" CONTENT="18"/><SP WIDTH="14" VPOS="292" HPOS="234"/>
							<String ID="string_18" HPOS="248" VPOS="293" WIDTH="61" HEIGHT="23" WC="0.96" CONTENT="sagts,"/><SP WIDTH="15" VPOS="293" HPOS="309"/>
							<String ID="string_19" HPOS="324" VPOS="292" WIDTH="39" HEIGHT="19" WC="0.96" CONTENT="kan"/><SP WIDTH="15" VPOS="292" HPOS="363"/>
							<String ID="string_20" HPOS="378" VPOS="298" WIDTH="46" HEIGHT="12" WC="0.96" CONTENT="vara"/><SP WIDTH="15" VPOS="298" HPOS="424"/>
							<String ID="string_21" HPOS="439" VPOS="291" WIDTH="81" HEIGHT="25" WC="0.93" CONTENT="skyldig"/><SP WIDTH="15" VPOS="291" HPOS="520"/>
							<String ID="string_22" HPOS="535" VPOS="291" WIDTH="78" HEIGHT="25" WC="0.93" CONTENT="utgifva"/><SP WIDTH="19" VPOS="291" HPOS="613"/>
							<String ID="string_23" HPOS="632" VPOS="291" WIDTH="30" HEIGHT="19" WC="0.93" CONTENT="till"/><SP WIDTH="15" VPOS="291" HPOS="662"/>
							<String ID="string_24" HPOS="677" VPOS="290" WIDTH="238" HEIGHT="26" WC="0.92" CONTENT="boställsbyggnadskas-"/>
						</TextLine>
						<TextLine ID="line_3" HPOS="158" VPOS="319" WIDTH="758" HEIGHT="25">
							<String ID="string_25" HPOS="158" VPOS="326" WIDTH="36" HEIGHT="13" WC="0.96" CONTENT="san"/><SP WIDTH="22" VPOS="326" HPOS="194"/>
							<String ID="string_26" HPOS="216" VPOS="320" WIDTH="30" HEIGHT="19" WC="0.96" CONTENT="för"/><SP WIDTH="20" VPOS="320" HPOS="246"/>
							<String ID="string_27" HPOS="266" VPOS="320" WIDTH="19" HEIGHT="19" WC="0.96" CONTENT="af"/><SP WIDTH="21" VPOS="320" HPOS="285"/>
							<String ID="string_28" HPOS="306" VPOS="320" WIDTH="74" HEIGHT="19" WC="0.93" CONTENT="honom"/><SP WIDTH="22" VPOS="320" HPOS="380"/>
							<String ID="string_29" HPOS="402" VPOS="320" WIDTH="66" HEIGHT="19" WC="0.91" CONTENT="vållad"/><SP WIDTH="21" VPOS="320" HPOS="468"/>
							<String ID="string_30" HPOS="489" VPOS="320" WIDTH="61" HEIGHT="19" WC="0.93" CONTENT="skada"/><SP WIDTH="15" VPOS="320" HPOS="550"/>
							<String ID="string_31" HPOS="565" VPOS="319" WIDTH="12" HEIGHT="19" WC="0.76" CONTENT="å"/><SP WIDTH="14" VPOS="319" HPOS="577"/>
							<String ID="string_32" HPOS="591" VPOS="319" WIDTH="104" HEIGHT="19" WC="0.92" CONTENT="boställets"/><SP WIDTH="16" VPOS="319" HPOS="695"/>
							<String ID="string_33" HPOS="711" VPOS="319" WIDTH="45" HEIGHT="25" WC="0.96" CONTENT="laga"/><SP WIDTH="14" VPOS="319" HPOS="756"/>
							<String ID="string_34" HPOS="770" VPOS="319" WIDTH="39" HEIGHT="19" WC="0.96" CONTENT="hus"/><SP WIDTH="16" VPOS="319" HPOS="809"/>
							<String ID="string_35" HPOS="825" VPOS="319" WIDTH="48" HEIGHT="19" WC="0.96" CONTENT="eller"/><SP WIDTH="14" VPOS="319" HPOS="873"/>
							<String ID="string_36" HPOS="887" VPOS="319" WIDTH="29" HEIGHT="20" WC="0.96" CONTENT="för"/>
						</TextLine>
						<TextLine ID="line_4" HPOS="159" VPOS="348" WIDTH="267" HEIGHT="25">
							<String ID="string_37" HPOS="159" VPOS="348" WIDTH="99" HEIGHT="19" WC="0.96" CONTENT="åsidosatt"/><SP WIDTH="15" VPOS="348" HPOS="258"/>
							<String ID="string_38" HPOS="273" VPOS="348" WIDTH="48" HEIGHT="19" WC="0.95" CONTENT="vård"/><SP WIDTH="15" VPOS="348" HPOS="321"/>
							<String ID="string_39" HPOS="336" VPOS="348" WIDTH="20" HEIGHT="19" WC="0.96" CONTENT="af"/><SP WIDTH="15" VPOS="348" HPOS="356"/>
							<String ID="string_40" HPOS="371" VPOS="348" WIDTH="55" HEIGHT="25" WC="0.96" CONTENT="dem;"/>
						</TextLine>
					</TextBlock>
					<TextBlock ID="block_2" HPOS="158" VPOS="375" WIDTH="761" HEIGHT="83">
						<TextLine ID="line_5" HPOS="227" VPOS="375" WIDTH="692" HEIGHT="27">
							<String ID="string_41" HPOS="227" VPOS="376" WIDTH="41" HEIGHT="26" WC="0.92" CONTENT="4:0)"/><SP WIDTH="16" VPOS="376" HPOS="268"/>
							<String ID="string_42" HPOS="284" VPOS="377" WIDTH="118" HEIGHT="24" WC="0.96" CONTENT="uppskattas"/><SP WIDTH="16" VPOS="377" HPOS="402"/>
							<String ID="string_43" HPOS="418" VPOS="377" WIDTH="112" HEIGHT="19" WC="0.96" CONTENT="kostnaden"/><SP WIDTH="16" VPOS="377" HPOS="530"/>
							<String ID="string_44" HPOS="546" VPOS="377" WIDTH="28" HEIGHT="18" WC="0.92" CONTENT="för"/><SP WIDTH="15" VPOS="377" HPOS="574"/>
							<String ID="string_45" HPOS="589" VPOS="376" WIDTH="125" HEIGHT="25" WC="0.92" CONTENT="afhjelpande"/><SP WIDTH="15" VPOS="376" HPOS="714"/>
							<String ID="string_46" HPOS="729" VPOS="375" WIDTH="20" HEIGHT="20" WC="0.96" CONTENT="af"/><SP WIDTH="11" VPOS="375" HPOS="749"/>
							<String ID="string_47" HPOS="760" VPOS="375" WIDTH="37" HEIGHT="20" WC="0.96" CONTENT="alla"/><SP WIDTH="13" VPOS="375" HPOS="797"/>
							<String ID="string_48" HPOS="810" VPOS="375" WIDTH="64" HEIGHT="20" WC="0.93" CONTENT="under"/><SP WIDTH="9" VPOS="375" HPOS="874"/>
							<String ID="string_49" HPOS="883" VPOS="381" WIDTH="36" HEIGHT="19" WC="0.91" CONTENT="sy-"/>
						</TextLine>
						<TextLine ID="line_6" HPOS="158" VPOS="404" WIDTH="760" HEIGHT="26">
							<String ID="string_50" HPOS="158" VPOS="411" WIDTH="40" HEIGHT="13" WC="0.93" CONTENT="nen"/><SP WIDTH="16" VPOS="411" HPOS="198"/>
							<String ID="string_51" HPOS="214" VPOS="404" WIDTH="11" HEIGHT="20" WC="0.82" CONTENT="å"/><SP WIDTH="15" VPOS="404" HPOS="225"/>
							<String ID="string_52" HPOS="240" VPOS="405" WIDTH="103" HEIGHT="19" WC="0.91" CONTENT="boställets"/><SP WIDTH="15" VPOS="405" HPOS="343"/>
							<String ID="string_53" HPOS="358" VPOS="411" WIDTH="48" HEIGHT="19" WC="0.92" CONTENT="egor"/><SP WIDTH="14" VPOS="411" HPOS="406"/>
							<String ID="string_54" HPOS="420" VPOS="405" WIDTH="103" HEIGHT="19" WC="0.93" CONTENT="anmärkta"/><SP WIDTH="14" VPOS="405" HPOS="523"/>
							<String ID="string_55" HPOS="537" VPOS="405" WIDTH="78" HEIGHT="24" WC="0.96" CONTENT="brister,"/><SP WIDTH="14" VPOS="405" HPOS="615"/>
							<String ID="string_56" HPOS="629" VPOS="405" WIDTH="30" HEIGHT="19" WC="0.96" CONTENT="för"/><SP WIDTH="14" VPOS="405" HPOS="659"/>
							<String ID="string_57" HPOS="673" VPOS="404" WIDTH="68" HEIGHT="19" WC="0.92" CONTENT="hvilka"/><SP WIDTH="22" VPOS="404" HPOS="741"/>
							<String ID="string_58" HPOS="763" VPOS="404" WIDTH="111" HEIGHT="19" WC="0.92" CONTENT="afträdaren"/><SP WIDTH="23" VPOS="404" HPOS="874"/>
							<String ID="string_59" HPOS="897" VPOS="406" WIDTH="21" HEIGHT="17" WC="0.96" CONTENT="är"/>
						</TextLine>
						<TextLine ID="line_7" HPOS="160" VPOS="433" WIDTH="98" HEIGHT="25">
							<String ID="string_60" HPOS="160" VPOS="433" WIDTH="98" HEIGHT="25" WC="0.96" CONTENT="ansvarig."/>
						</TextLine>
					</TextBlock>
					<TextBlock ID="block_3" HPOS="160" VPOS="461" WIDTH="759" HEIGHT="83">
						<TextLine ID="line_8" HPOS="229" VPOS="461" WIDTH="689" HEIGHT="26">
							<String ID="string_61" HPOS="229" VPOS="461" WIDTH="29" HEIGHT="20" WC="0.96" CONTENT="På"/><SP WIDTH="14" VPOS="461" HPOS="258"/>
							<String ID="string_62" HPOS="272" VPOS="462" WIDTH="66" HEIGHT="25" WC="0.96" CONTENT="grund"/><SP WIDTH="15" VPOS="462" HPOS="338"/>
							<String ID="string_63" HPOS="353" VPOS="462" WIDTH="19" HEIGHT="19" WC="0.96" CONTENT="af"/><SP WIDTH="14" VPOS="462" HPOS="372"/>
							<String ID="string_64" HPOS="386" VPOS="462" WIDTH="53" HEIGHT="19" WC="0.96" CONTENT="hvad"/><SP WIDTH="16" VPOS="462" HPOS="439"/>
							<String ID="string_65" HPOS="455" VPOS="461" WIDTH="85" HEIGHT="20" WC="0.96" CONTENT="sålunda"/><SP WIDTH="15" VPOS="461" HPOS="540"/>
							<String ID="string_66" HPOS="555" VPOS="462" WIDTH="103" HEIGHT="24" WC="0.95" CONTENT="bestämts,"/><SP WIDTH="15" VPOS="462" HPOS="658"/>
							<String ID="string_67" HPOS="673" VPOS="463" WIDTH="112" HEIGHT="24" WC="0.96" CONTENT="upprättas,"/><SP WIDTH="18" VPOS="463" HPOS="785"/>
							<String ID="string_68" HPOS="803" VPOS="467" WIDTH="32" HEIGHT="13" WC="0.96" CONTENT="om"/><SP WIDTH="16" VPOS="467" HPOS="835"/>
							<String ID="string_69" HPOS="851" VPOS="461" WIDTH="23" HEIGHT="19" WC="0.92" CONTENT="så"/><SP WIDTH="14" VPOS="461" HPOS="874"/>
							<String ID="string_70" HPOS="888" VPOS="467" WIDTH="30" HEIGHT="13" WC="0.92" CONTENT="er-"/>
						</TextLine>
						<TextLine ID="line_9" HPOS="160" VPOS="490" WIDTH="759" HEIGHT="25">
							<String ID="string_71" HPOS="160" VPOS="491" WIDTH="84" HEIGHT="24" WC="0.96" CONTENT="fordras,"/><SP WIDTH="15" VPOS="491" HPOS="244"/>
							<String ID="string_72" HPOS="259" VPOS="490" WIDTH="83" HEIGHT="20" WC="0.92" CONTENT="emellan"/><SP WIDTH="21" VPOS="490" HPOS="342"/>
							<String ID="string_73" HPOS="363" VPOS="490" WIDTH="27" HEIGHT="19" WC="0.92" CONTENT="af-"/><SP WIDTH="17" VPOS="490" HPOS="390"/>
							<String ID="string_74" HPOS="407" VPOS="490" WIDTH="37" HEIGHT="19" WC="0.93" CONTENT="och"/><SP WIDTH="15" VPOS="490" HPOS="444"/>
							<String ID="string_75" HPOS="459" VPOS="490" WIDTH="122" HEIGHT="19" WC="0.91" CONTENT="tillträdaren"/><SP WIDTH="22" VPOS="490" HPOS="581"/>
							<String ID="string_76" HPOS="603" VPOS="490" WIDTH="68" HEIGHT="25" WC="0.91" CONTENT="liqvid,"/><SP WIDTH="21" VPOS="490" HPOS="671"/>
							<String ID="string_77" HPOS="692" VPOS="490" WIDTH="106" HEIGHT="19" WC="0.90" CONTENT="utvisande"/><SP WIDTH="16" VPOS="490" HPOS="798"/>
							<String ID="string_78" HPOS="814" VPOS="490" WIDTH="52" HEIGHT="19" WC="0.95" CONTENT="hvad"/><SP WIDTH="15" VPOS="490" HPOS="866"/>
							<String ID="string_79" HPOS="881" VPOS="490" WIDTH="38" HEIGHT="19" WC="0.96" CONTENT="den"/>
						</TextLine>
						<TextLine ID="line_10" HPOS="160" VPOS="519" WIDTH="576" HEIGHT="25">
							<String ID="string_80" HPOS="160" VPOS="525" WIDTH="38" HEIGHT="14" WC="0.96" CONTENT="ene"/><SP WIDTH="15" VPOS="525" HPOS="198"/>
							<String ID="string_81" HPOS="213" VPOS="519" WIDTH="48" HEIGHT="19" WC="0.96" CONTENT="eller"/><SP WIDTH="14" VPOS="519" HPOS="261"/>
							<String ID="string_82" HPOS="275" VPOS="519" WIDTH="61" HEIGHT="19" WC="0.93" CONTENT="andre"/><SP WIDTH="15" VPOS="519" HPOS="336"/>
							<String ID="string_83" HPOS="351" VPOS="519" WIDTH="69" HEIGHT="19" WC="0.92" CONTENT="blifver"/><SP WIDTH="13" VPOS="519" HPOS="420"/>
							<String ID="string_84" HPOS="433" VPOS="519" WIDTH="81" HEIGHT="25" WC="0.96" CONTENT="skyldig"/><SP WIDTH="15" VPOS="519" HPOS="514"/>
							<String ID="string_85" HPOS="529" VPOS="519" WIDTH="48" HEIGHT="19" WC="0.96" CONTENT="eller"/><SP WIDTH="14" VPOS="519" HPOS="577"/>
							<String ID="string_86" HPOS="591" VPOS="519" WIDTH="30" HEIGHT="18" WC="0.96" CONTENT="får"/><SP WIDTH="15" VPOS="519" HPOS="621"/>
							<String ID="string_87" HPOS="636" VPOS="519" WIDTH="30" HEIGHT="19" WC="0.96" CONTENT="till"/><SP WIDTH="12" VPOS="519" HPOS="666"/>
							<String ID="string_88" HPOS="678" VPOS="519" WIDTH="58" HEIGHT="24" WC="0.96" CONTENT="godo."/>
						</TextLine>
					</TextBlock>
					<TextBlock ID="block_4" HPOS="161" VPOS="546" WIDTH="759" HEIGHT="197">
						<TextLine ID="line_11" HPOS="230" VPOS="546" WIDTH="689" HEIGHT="26">
							<String ID="string_89" HPOS="230" VPOS="547" WIDTH="189" HEIGHT="25" WC="0.91" CONTENT="Tjenstförrättande"/><SP WIDTH="15" VPOS="547" HPOS="419"/>
							<String ID="string_90" HPOS="434" VPOS="549" WIDTH="56" HEIGHT="23" WC="0.93" CONTENT="prest"/><SP WIDTH="16" VPOS="549" HPOS="490"/>
							<String ID="string_91" HPOS="506" VPOS="553" WIDTH="46" HEIGHT="14" WC="0.96" CONTENT="vare"/><SP WIDTH="15" VPOS="553" HPOS="552"/>
							<String ID="string_92" HPOS="567" VPOS="547" WIDTH="51" HEIGHT="20" WC="0.96" CONTENT="dock"/><SP WIDTH="20" VPOS="547" HPOS="618"/>
							<String ID="string_93" HPOS="638" VPOS="547" WIDTH="44" HEIGHT="20" WC="0.96" CONTENT="icke"/><SP WIDTH="22" VPOS="547" HPOS="682"/>
							<String ID="string_94" HPOS="704" VPOS="547" WIDTH="112" HEIGHT="25" WC="0.96" CONTENT="berättigad"/><SP WIDTH="21" VPOS="547" HPOS="816"/>
							<String ID="string_95" HPOS="837" VPOS="549" WIDTH="30" HEIGHT="17" WC="0.95" CONTENT="att"/><SP WIDTH="22" VPOS="549" HPOS="867"/>
							<String ID="string_96" HPOS="889" VPOS="546" WIDTH="30" HEIGHT="20" WC="0.95" CONTENT="till"/>
						</TextLine>
						<TextLine ID="line_12" HPOS="162" VPOS="575" WIDTH="757" HEIGHT="25">
							<String ID="string_97" HPOS="162" VPOS="578" WIDTH="63" HEIGHT="17" WC="0.96" CONTENT="större"/><SP WIDTH="22" VPOS="578" HPOS="225"/>
							<String ID="string_98" HPOS="247" VPOS="576" WIDTH="31" HEIGHT="19" WC="0.96" CONTENT="del"/><SP WIDTH="24" VPOS="576" HPOS="278"/>
							<String ID="string_99" HPOS="302" VPOS="576" WIDTH="88" HEIGHT="24" WC="0.96" CONTENT="uppbära"/><SP WIDTH="21" VPOS="576" HPOS="390"/>
							<String ID="string_100" HPOS="411" VPOS="576" WIDTH="138" HEIGHT="24" WC="0.96" CONTENT="ersättningen"/><SP WIDTH="23" VPOS="576" HPOS="549"/>
							<String ID="string_101" HPOS="572" VPOS="576" WIDTH="29" HEIGHT="18" WC="0.96" CONTENT="för"/><SP WIDTH="20" VPOS="576" HPOS="601"/>
							<String ID="string_102" HPOS="621" VPOS="575" WIDTH="61" HEIGHT="19" WC="0.96" CONTENT="sådan"/><SP WIDTH="21" VPOS="575" HPOS="682"/>
							<String ID="string_103" HPOS="703" VPOS="576" WIDTH="91" HEIGHT="24" WC="0.93" CONTENT="kostnad,"/><SP WIDTH="16" VPOS="576" HPOS="794"/>
							<String ID="string_104" HPOS="810" VPOS="575" WIDTH="109" HEIGHT="25" WC="0.91" CONTENT="hvarom,"/><SP WIDTH="-9" VPOS="575" HPOS="919"/>
							<String ID="string_105" HPOS="910" VPOS="571" WIDTH="13" HEIGHT="34" WC="0.96" CONTENT="i"/>
						</TextLine>
						<TextLine ID="line_13" HPOS="162" VPOS="604" WIDTH="757" HEIGHT="25">
							<String ID="string_106" HPOS="162" VPOS="610" WIDTH="58" HEIGHT="14" WC="0.96" CONTENT="mom."/><SP WIDTH="19" VPOS="610" HPOS="220"/>
							<String ID="string_107" HPOS="239" VPOS="605" WIDTH="13" HEIGHT="18" WC="0.96" CONTENT="4"/><SP WIDTH="15" VPOS="605" HPOS="252"/>
							<String ID="string_108" HPOS="267" VPOS="606" WIDTH="22" HEIGHT="17" WC="0.93" CONTENT="är"/><SP WIDTH="15" VPOS="606" HPOS="289"/>
							<String ID="string_109" HPOS="304" VPOS="604" WIDTH="64" HEIGHT="25" WC="0.92" CONTENT="sagdt,"/><SP WIDTH="15" VPOS="604" HPOS="368"/>
							<String ID="string_110" HPOS="383" VPOS="606" WIDTH="25" HEIGHT="17" WC="0.97" CONTENT="än"/><SP WIDTH="16" VPOS="606" HPOS="408"/>
							<String ID="string_111" HPOS="424" VPOS="605" WIDTH="29" HEIGHT="18" WC="0.97" CONTENT="att"/><SP WIDTH="15" VPOS="605" HPOS="453"/>
							<String ID="string_112" HPOS="468" VPOS="604" WIDTH="40" HEIGHT="19" WC="0.96" CONTENT="han"/><SP WIDTH="15" VPOS="604" HPOS="508"/>
							<String ID="string_113" HPOS="523" VPOS="604" WIDTH="38" HEIGHT="19" WC="0.96" CONTENT="kan"/><SP WIDTH="20" VPOS="604" HPOS="561"/>
							<String ID="string_114" HPOS="581" VPOS="604" WIDTH="86" HEIGHT="19" WC="0.96" CONTENT="förutses"/><SP WIDTH="15" VPOS="604" HPOS="667"/>
							<String ID="string_115" HPOS="682" VPOS="604" WIDTH="63" HEIGHT="18" WC="0.96" CONTENT="hinna"/><SP WIDTH="14" VPOS="604" HPOS="745"/>
							<String ID="string_116" HPOS="759" VPOS="604" WIDTH="64" HEIGHT="19" WC="0.96" CONTENT="under"/><SP WIDTH="16" VPOS="604" HPOS="823"/>
							<String ID="string_117" HPOS="839" VPOS="604" WIDTH="31" HEIGHT="19" WC="0.93" CONTENT="sin"/><SP WIDTH="15" VPOS="604" HPOS="870"/>
							<String ID="string_118" HPOS="885" VPOS="604" WIDTH="34" HEIGHT="19" WC="0.87" CONTENT="be-"/>
						</TextLine>
						<TextLine ID="line_14" HPOS="162" VPOS="632" WIDTH="757" HEIGHT="26">
							<String ID="string_119" HPOS="162" VPOS="632" WIDTH="126" HEIGHT="25" WC="0.92" CONTENT="sittningstid"/><SP WIDTH="22" VPOS="632" HPOS="288"/>
							<String ID="string_120" HPOS="310" VPOS="632" WIDTH="6" HEIGHT="19" WC="0.96" CONTENT="i"/><SP WIDTH="23" VPOS="632" HPOS="316"/>
							<String ID="string_121" HPOS="339" VPOS="632" WIDTH="140" HEIGHT="20" WC="0.96" CONTENT="motsvarande"/><SP WIDTH="23" VPOS="632" HPOS="479"/>
							<String ID="string_122" HPOS="502" VPOS="632" WIDTH="46" HEIGHT="20" WC="0.93" CONTENT="mån"/><SP WIDTH="20" VPOS="632" HPOS="548"/>
							<String ID="string_123" HPOS="568" VPOS="632" WIDTH="85" HEIGHT="26" WC="0.90" CONTENT="afhjelpa"/><SP WIDTH="15" VPOS="632" HPOS="653"/>
							<String ID="string_124" HPOS="668" VPOS="632" WIDTH="103" HEIGHT="20" WC="0.94" CONTENT="bristerna."/><SP WIDTH="30" VPOS="632" HPOS="771"/>
							<String ID="string_125" HPOS="801" VPOS="632" WIDTH="37" HEIGHT="20" WC="0.93" CONTENT="För"/><SP WIDTH="15" VPOS="632" HPOS="838"/>
							<String ID="string_126" HPOS="853" VPOS="632" WIDTH="66" HEIGHT="20" WC="0.92" CONTENT="såvidt"/>
						</TextLine>
						<TextLine ID="line_15" HPOS="161" VPOS="660" WIDTH="759" HEIGHT="26">
							<String ID="string_127" HPOS="161" VPOS="661" WIDTH="82" HEIGHT="19" WC="0.96" CONTENT="berörda"/><SP WIDTH="22" VPOS="661" HPOS="243"/>
							<String ID="string_128" HPOS="265" VPOS="661" WIDTH="134" HEIGHT="25" WC="0.94" CONTENT="ersättningar"/><SP WIDTH="23" VPOS="661" HPOS="399"/>
							<String ID="string_129" HPOS="422" VPOS="660" WIDTH="84" HEIGHT="20" WC="0.96" CONTENT="sålunda"/><SP WIDTH="20" VPOS="660" HPOS="506"/>
							<String ID="string_130" HPOS="526" VPOS="661" WIDTH="19" HEIGHT="19" WC="0.96" CONTENT="af"/><SP WIDTH="15" VPOS="661" HPOS="545"/>
							<String ID="string_131" HPOS="560" VPOS="661" WIDTH="73" HEIGHT="19" WC="0.96" CONTENT="honom"/><SP WIDTH="14" VPOS="661" HPOS="633"/>
							<String ID="string_132" HPOS="647" VPOS="661" WIDTH="44" HEIGHT="19" WC="0.91" CONTENT="icke"/><SP WIDTH="14" VPOS="661" HPOS="691"/>
							<String ID="string_133" HPOS="705" VPOS="661" WIDTH="108" HEIGHT="25" WC="0.91" CONTENT="uppburits"/><SP WIDTH="16" VPOS="661" HPOS="813"/>
							<String ID="string_134" HPOS="829" VPOS="660" WIDTH="91" HEIGHT="25" WC="0.91" CONTENT="öfvergår"/>
						</TextLine>
						<TextLine ID="line_16" HPOS="161" VPOS="689" WIDTH="758" HEIGHT="25">
							<String ID="string_135" HPOS="161" VPOS="690" WIDTH="120" HEIGHT="24" WC="0.96" CONTENT="rättigheten"/><SP WIDTH="22" VPOS="690" HPOS="281"/>
							<String ID="string_136" HPOS="303" VPOS="690" WIDTH="7" HEIGHT="18" WC="0.96" CONTENT="i"/><SP WIDTH="22" VPOS="690" HPOS="310"/>
							<String ID="string_137" HPOS="332" VPOS="690" WIDTH="92" HEIGHT="19" WC="0.93" CONTENT="afseende"/><SP WIDTH="22" VPOS="690" HPOS="424"/>
							<String ID="string_138" HPOS="446" VPOS="689" WIDTH="12" HEIGHT="19" WC="0.92" CONTENT="å"/><SP WIDTH="20" VPOS="689" HPOS="458"/>
							<String ID="string_139" HPOS="478" VPOS="690" WIDTH="46" HEIGHT="19" WC="0.96" CONTENT="dem"/><SP WIDTH="15" VPOS="690" HPOS="524"/>
							<String ID="string_140" HPOS="539" VPOS="690" WIDTH="62" HEIGHT="24" WC="0.96" CONTENT="enligt"/><SP WIDTH="15" VPOS="690" HPOS="601"/>
							<String ID="string_141" HPOS="616" VPOS="690" WIDTH="103" HEIGHT="19" WC="0.95" CONTENT="enahanda"/><SP WIDTH="15" VPOS="690" HPOS="719"/>
							<String ID="string_142" HPOS="734" VPOS="690" WIDTH="65" HEIGHT="24" WC="0.95" CONTENT="grund"/><SP WIDTH="16" VPOS="690" HPOS="799"/>
							<String ID="string_143" HPOS="815" VPOS="689" WIDTH="30" HEIGHT="19" WC="0.93" CONTENT="till"/><SP WIDTH="15" VPOS="689" HPOS="845"/>
							<String ID="string_144" HPOS="860" VPOS="689" WIDTH="59" HEIGHT="19" WC="0.92" CONTENT="efter-"/>
						</TextLine>
						<TextLine ID="line_17" HPOS="162" VPOS="718" WIDTH="411" HEIGHT="25">
							<String ID="string_145" HPOS="162" VPOS="718" WIDTH="92" HEIGHT="19" WC="0.92" CONTENT="trädaren"/><SP WIDTH="15" VPOS="718" HPOS="254"/>
							<String ID="string_146" HPOS="269" VPOS="718" WIDTH="6" HEIGHT="18" WC="0.96" CONTENT="i"/><SP WIDTH="15" VPOS="718" HPOS="275"/>
							<String ID="string_147" HPOS="290" VPOS="718" WIDTH="135" HEIGHT="25" WC="0.95" CONTENT="besittningen"/><SP WIDTH="15" VPOS="718" HPOS="425"/>
							<String ID="string_148" HPOS="440" VPOS="718" WIDTH="20" HEIGHT="19" WC="0.93" CONTENT="af"/><SP WIDTH="14" VPOS="718" HPOS="460"/>
							<String ID="string_149" HPOS="474" VPOS="718" WIDTH="99" HEIGHT="19" WC="0.91" CONTENT="bostället."/>
						</TextLine>
					</TextBlock>
				</ComposedBlock>
				<ComposedBlock ID="cblock_2" HPOS="512" VPOS="781" WIDTH="60" HEIGHT="23">
					<TextBlock ID="block_5" HPOS="512" VPOS="781" WIDTH="60" HEIGHT="23">
						<TextLine ID="line_18" HPOS="512" VPOS="781" WIDTH="60" HEIGHT="23">
							<String ID="string_150" HPOS="512" VPOS="781" WIDTH="10" HEIGHT="23" WC="0.89" CONTENT="$"/><SP WIDTH="17" VPOS="781" HPOS="522"/>
							<String ID="string_151" HPOS="539" VPOS="781" WIDTH="33" HEIGHT="18" WC="0.90" CONTENT="42."/>
						</TextLine>
					</TextBlock>
				</ComposedBlock>
				<ComposedBlock ID="cblock_3" HPOS="163" VPOS="825" WIDTH="757" HEIGHT="140">
					<TextBlock ID="block_6" HPOS="163" VPOS="825" WIDTH="756" HEIGHT="82">
						<TextLine ID="line_19" HPOS="232" VPOS="825" WIDTH="687" HEIGHT="25">
							<String ID="string_152" HPOS="232" VPOS="825" WIDTH="38" HEIGHT="20" WC="0.93" CONTENT="Vid"/><SP WIDTH="16" VPOS="825" HPOS="270"/>
							<String ID="string_153" HPOS="286" VPOS="826" WIDTH="27" HEIGHT="19" WC="0.91" CONTENT="af-"/><SP WIDTH="16" VPOS="826" HPOS="313"/>
							<String ID="string_154" HPOS="329" VPOS="826" WIDTH="37" HEIGHT="19" WC="0.92" CONTENT="och"/><SP WIDTH="16" VPOS="826" HPOS="366"/>
							<String ID="string_155" HPOS="382" VPOS="826" WIDTH="138" HEIGHT="24" WC="0.91" CONTENT="tillträdessyn"/><SP WIDTH="15" VPOS="826" HPOS="520"/>
							<String ID="string_156" HPOS="535" VPOS="827" WIDTH="34" HEIGHT="18" WC="0.96" CONTENT="bör"/><SP WIDTH="15" VPOS="827" HPOS="569"/>
							<String ID="string_157" HPOS="584" VPOS="825" WIDTH="112" HEIGHT="20" WC="0.96" CONTENT="domstolen"/><SP WIDTH="19" VPOS="825" HPOS="696"/>
							<String ID="string_158" HPOS="715" VPOS="825" WIDTH="59" HEIGHT="24" WC="0.95" CONTENT="tillse,"/><SP WIDTH="14" VPOS="825" HPOS="774"/>
							<String ID="string_159" HPOS="788" VPOS="827" WIDTH="30" HEIGHT="18" WC="0.96" CONTENT="att"/><SP WIDTH="15" VPOS="827" HPOS="818"/>
							<String ID="string_160" HPOS="833" VPOS="825" WIDTH="86" HEIGHT="19" WC="0.95" CONTENT="kronans"/>
						</TextLine>
						<TextLine ID="line_20" HPOS="164" VPOS="853" WIDTH="755" HEIGHT="26">
							<String ID="string_161" HPOS="164" VPOS="856" WIDTH="52" HEIGHT="17" WC="0.96" CONTENT="samt"/><SP WIDTH="14" VPOS="856" HPOS="216"/>
							<String ID="string_162" HPOS="230" VPOS="854" WIDTH="95" HEIGHT="25" WC="0.93" CONTENT="kyrkans,"/><SP WIDTH="15" VPOS="854" HPOS="325"/>
							<String ID="string_163" HPOS="340" VPOS="855" WIDTH="159" HEIGHT="24" WC="0.91" CONTENT="presterskapets"/><SP WIDTH="17" VPOS="855" HPOS="499"/>
							<String ID="string_164" HPOS="516" VPOS="855" WIDTH="36" HEIGHT="18" WC="0.96" CONTENT="och"/><SP WIDTH="15" VPOS="855" HPOS="552"/>
							<String ID="string_165" HPOS="567" VPOS="854" WIDTH="152" HEIGHT="25" WC="0.95" CONTENT="församlingens"/><SP WIDTH="21" VPOS="854" HPOS="719"/>
							<String ID="string_166" HPOS="740" VPOS="855" WIDTH="40" HEIGHT="18" WC="0.95" CONTENT="rätt"/><SP WIDTH="14" VPOS="855" HPOS="780"/>
							<String ID="string_167" HPOS="794" VPOS="856" WIDTH="27" HEIGHT="22" WC="0.96" CONTENT="är,"/><SP WIDTH="15" VPOS="856" HPOS="821"/>
							<String ID="string_168" HPOS="836" VPOS="854" WIDTH="6" HEIGHT="19" WC="0.93" CONTENT="i"/><SP WIDTH="15" VPOS="854" HPOS="842"/>
							<String ID="string_169" HPOS="857" VPOS="853" WIDTH="62" HEIGHT="25" WC="0.92" CONTENT="enlig-"/>
						</TextLine>
						<TextLine ID="line_21" HPOS="163" VPOS="882" WIDTH="462" HEIGHT="25">
							<String ID="string_170" HPOS="163" VPOS="882" WIDTH="33" HEIGHT="21" WC="0.95" CONTENT="het"/><SP WIDTH="15" VPOS="882" HPOS="196"/>
							<String ID="string_171" HPOS="211" VPOS="883" WIDTH="45" HEIGHT="18" WC="0.96" CONTENT="med"/><SP WIDTH="14" VPOS="883" HPOS="256"/>
							<String ID="string_172" HPOS="270" VPOS="883" WIDTH="54" HEIGHT="18" WC="0.96" CONTENT="hvad"/><SP WIDTH="14" VPOS="883" HPOS="324"/>
							<String ID="string_173" HPOS="338" VPOS="883" WIDTH="33" HEIGHT="24" WC="0.93" CONTENT="lag"/><SP WIDTH="14" VPOS="883" HPOS="371"/>
							<String ID="string_174" HPOS="385" VPOS="883" WIDTH="131" HEIGHT="24" WC="0.91" CONTENT="föreskrifver,"/><SP WIDTH="16" VPOS="883" HPOS="516"/>
							<String ID="string_175" HPOS="532" VPOS="882" WIDTH="93" HEIGHT="20" WC="0.96" CONTENT="bevakad."/>
						</TextLine>
					</TextBlock>
					<TextBlock ID="block_7" HPOS="164" VPOS="910" WIDTH="756" HEIGHT="55">
						<TextLine ID="line_22" HPOS="232" VPOS="910" WIDTH="688" HEIGHT="26">
							<String ID="string_176" HPOS="232" VPOS="911" WIDTH="22" HEIGHT="24" WC="0.96" CONTENT="Ej"/><SP WIDTH="16" VPOS="911" HPOS="254"/>
							<String ID="string_177" HPOS="270" VPOS="911" WIDTH="32" HEIGHT="19" WC="0.96" CONTENT="må"/><SP WIDTH="15" VPOS="911" HPOS="302"/>
							<String ID="string_178" HPOS="317" VPOS="911" WIDTH="144" HEIGHT="25" WC="0.93" CONTENT="förrättningen"/><SP WIDTH="15" VPOS="911" HPOS="461"/>
							<String ID="string_179" HPOS="476" VPOS="911" WIDTH="118" HEIGHT="25" WC="0.92" CONTENT="uppehållas"/><SP WIDTH="16" VPOS="911" HPOS="594"/>
							<String ID="string_180" HPOS="610" VPOS="911" WIDTH="59" HEIGHT="24" WC="0.96" CONTENT="deraf,"/><SP WIDTH="22" VPOS="911" HPOS="669"/>
							<String ID="string_181" HPOS="691" VPOS="913" WIDTH="30" HEIGHT="17" WC="0.96" CONTENT="att"/><SP WIDTH="15" VPOS="913" HPOS="721"/>
							<String ID="string_182" HPOS="736" VPOS="911" WIDTH="105" HEIGHT="24" WC="0.96" CONTENT="behörigen"/><SP WIDTH="15" VPOS="911" HPOS="841"/>
							<String ID="string_183" HPOS="856" VPOS="910" WIDTH="64" HEIGHT="19" WC="0.96" CONTENT="kallad"/>
						</TextLine>
						<TextLine ID="line_23" HPOS="164" VPOS="939" WIDTH="457" HEIGHT="26">
							<String ID="string_184" HPOS="164" VPOS="939" WIDTH="93" HEIGHT="25" WC="0.92" CONTENT="sakegare"/><SP WIDTH="15" VPOS="939" HPOS="257"/>
							<String ID="string_185" HPOS="272" VPOS="939" WIDTH="47" HEIGHT="20" WC="0.96" CONTENT="eller"/><SP WIDTH="15" VPOS="939" HPOS="319"/>
							<String ID="string_186" HPOS="334" VPOS="940" WIDTH="78" HEIGHT="25" WC="0.95" CONTENT="publikt"/><SP WIDTH="14" VPOS="940" HPOS="412"/>
							<String ID="string_187" HPOS="426" VPOS="940" WIDTH="74" HEIGHT="19" WC="0.93" CONTENT="ombud"/><SP WIDTH="16" VPOS="940" HPOS="500"/>
							<String ID="string_188" HPOS="516" VPOS="940" WIDTH="105" HEIGHT="19" WC="0.91" CONTENT="uteblifvit."/>
						</TextLine>
					</TextBlock>
				</ComposedBlock>
				<ComposedBlock ID="cblock_4" HPOS="512" VPOS="1003" WIDTH="60" HEIGHT="24">
					<TextBlock ID="block_8" HPOS="512" VPOS="1003" WIDTH="60" HEIGHT="24">
						<TextLine ID="line_24" HPOS="512" VPOS="1003" WIDTH="60" HEIGHT="24">
							<String ID="string_189" HPOS="512" VPOS="1004" WIDTH="10" HEIGHT="23" WC="0.93" CONTENT="s"/><SP WIDTH="17" VPOS="1004" HPOS="522"/>
							<String ID="string_190" HPOS="539" VPOS="1003" WIDTH="33" HEIGHT="19" WC="0.94" CONTENT="43."/>
						</TextLine>
					</TextBlock>
				</ComposedBlock>
				<ComposedBlock ID="cblock_5" HPOS="164" VPOS="1047" WIDTH="758" HEIGHT="133">
					<TextBlock ID="block_9" HPOS="164" VPOS="1047" WIDTH="758" HEIGHT="133">
						<TextLine ID="line_25" HPOS="234" VPOS="1047" WIDTH="686" HEIGHT="25">
							<String ID="string_191" HPOS="234" VPOS="1047" WIDTH="60" HEIGHT="19" WC="0.96" CONTENT="Sökes"/><SP WIDTH="16" VPOS="1047" HPOS="294"/>
							<String ID="string_192" HPOS="310" VPOS="1048" WIDTH="36" HEIGHT="18" WC="0.96" CONTENT="hos"/><SP WIDTH="16" VPOS="1048" HPOS="346"/>
							<String ID="string_193" HPOS="362" VPOS="1048" WIDTH="92" HEIGHT="24" WC="0.96" CONTENT="domstol,"/><SP WIDTH="15" VPOS="1048" HPOS="454"/>
							<String ID="string_194" HPOS="469" VPOS="1048" WIDTH="50" HEIGHT="19" WC="0.96" CONTENT="efter"/><SP WIDTH="15" VPOS="1048" HPOS="519"/>
							<String ID="string_195" HPOS="534" VPOS="1050" WIDTH="22" HEIGHT="22" WC="0.96" CONTENT="ty"/><SP WIDTH="16" VPOS="1050" HPOS="556"/>
							<String ID="string_196" HPOS="572" VPOS="1048" WIDTH="6" HEIGHT="19" WC="0.96" CONTENT="i"/><SP WIDTH="17" VPOS="1048" HPOS="578"/>
							<String ID="string_197" HPOS="595" VPOS="1049" WIDTH="24" HEIGHT="23" WC="0.96" CONTENT="$$"/><SP WIDTH="17" VPOS="1049" HPOS="619"/>
							<String ID="string_198" HPOS="636" VPOS="1049" WIDTH="12" HEIGHT="17" WC="0.95" CONTENT="3"/><SP WIDTH="17" VPOS="1049" HPOS="648"/>
							<String ID="string_199" HPOS="665" VPOS="1048" WIDTH="36" HEIGHT="18" WC="0.95" CONTENT="och"/><SP WIDTH="12" VPOS="1048" HPOS="701"/>
							<String ID="string_200" HPOS="713" VPOS="1048" WIDTH="26" HEIGHT="18" WC="0.96" CONTENT="35"/><SP WIDTH="12" VPOS="1048" HPOS="739"/>
							<String ID="string_201" HPOS="751" VPOS="1049" WIDTH="22" HEIGHT="17" WC="0.93" CONTENT="är"/><SP WIDTH="10" VPOS="1049" HPOS="773"/>
							<String ID="string_202" HPOS="783" VPOS="1047" WIDTH="63" HEIGHT="25" WC="0.91" CONTENT="sagdt,"/><SP WIDTH="10" VPOS="1047" HPOS="846"/>
							<String ID="string_203" HPOS="856" VPOS="1047" WIDTH="64" HEIGHT="19" WC="0.91" CONTENT="förän-"/>
						</TextLine>
						<TextLine ID="line_26" HPOS="166" VPOS="1076" WIDTH="755" HEIGHT="24">
							<String ID="string_204" HPOS="166" VPOS="1076" WIDTH="58" HEIGHT="24" WC="0.91" CONTENT="dring"/><SP WIDTH="14" VPOS="1076" HPOS="224"/>
							<String ID="string_205" HPOS="238" VPOS="1076" WIDTH="6" HEIGHT="18" WC="0.96" CONTENT="i"/><SP WIDTH="16" VPOS="1076" HPOS="244"/>
							<String ID="string_206" HPOS="260" VPOS="1076" WIDTH="24" HEIGHT="19" WC="0.96" CONTENT="de"/><SP WIDTH="15" VPOS="1076" HPOS="284"/>
							<String ID="string_207" HPOS="299" VPOS="1076" WIDTH="126" HEIGHT="24" WC="0.95" CONTENT="föreskrifter,"/><SP WIDTH="26" VPOS="1076" HPOS="425"/>
							<String ID="string_208" HPOS="451" VPOS="1082" WIDTH="43" HEIGHT="13" WC="0.96" CONTENT="som"/><SP WIDTH="15" VPOS="1082" HPOS="494"/>
							<String ID="string_209" HPOS="509" VPOS="1076" WIDTH="53" HEIGHT="19" WC="0.96" CONTENT="förut"/><SP WIDTH="15" VPOS="1076" HPOS="562"/>
							<String ID="string_210" HPOS="577" VPOS="1076" WIDTH="109" HEIGHT="19" WC="0.96" CONTENT="meddelats"/><SP WIDTH="16" VPOS="1076" HPOS="686"/>
							<String ID="string_211" HPOS="702" VPOS="1076" WIDTH="122" HEIGHT="19" WC="0.96" CONTENT="beträffande"/><SP WIDTH="15" VPOS="1076" HPOS="824"/>
							<String ID="string_212" HPOS="839" VPOS="1076" WIDTH="24" HEIGHT="18" WC="0.95" CONTENT="de"/><SP WIDTH="14" VPOS="1076" HPOS="863"/>
							<String ID="string_213" HPOS="877" VPOS="1076" WIDTH="44" HEIGHT="23" WC="0.95" CONTENT="laga"/>
						</TextLine>
						<TextLine ID="line_27" HPOS="164" VPOS="1103" WIDTH="758" HEIGHT="26">
							<String ID="string_214" HPOS="164" VPOS="1104" WIDTH="66" HEIGHT="19" WC="0.93" CONTENT="husen"/><SP WIDTH="15" VPOS="1104" HPOS="230"/>
							<String ID="string_215" HPOS="245" VPOS="1103" WIDTH="12" HEIGHT="20" WC="0.90" CONTENT="&amp;"/><SP WIDTH="14" VPOS="1103" HPOS="257"/>
							<String ID="string_216" HPOS="271" VPOS="1104" WIDTH="89" HEIGHT="24" WC="0.90" CONTENT="boställe,"/><SP WIDTH="16" VPOS="1104" HPOS="360"/>
							<String ID="string_217" HPOS="376" VPOS="1104" WIDTH="55" HEIGHT="24" WC="0.96" CONTENT="skall,"/><SP WIDTH="16" VPOS="1104" HPOS="431"/>
							<String ID="string_218" HPOS="447" VPOS="1105" WIDTH="33" HEIGHT="18" WC="0.96" CONTENT="vid"/><SP WIDTH="15" VPOS="1105" HPOS="480"/>
							<String ID="string_219" HPOS="495" VPOS="1105" WIDTH="146" HEIGHT="24" WC="0.96" CONTENT="behandlingen"/><SP WIDTH="16" VPOS="1105" HPOS="641"/>
							<String ID="string_220" HPOS="657" VPOS="1104" WIDTH="19" HEIGHT="19" WC="0.96" CONTENT="af"/><SP WIDTH="15" VPOS="1104" HPOS="676"/>
							<String ID="string_221" HPOS="691" VPOS="1104" WIDTH="72" HEIGHT="19" WC="0.96" CONTENT="sådant"/><SP WIDTH="14" VPOS="1104" HPOS="763"/>
							<String ID="string_222" HPOS="777" VPOS="1104" WIDTH="78" HEIGHT="24" WC="0.96" CONTENT="ärende,"/><SP WIDTH="14" VPOS="1104" HPOS="855"/>
							<String ID="string_223" HPOS="869" VPOS="1103" WIDTH="53" HEIGHT="19" WC="0.95" CONTENT="hvad"/>
						</TextLine>
						<TextLine ID="line_28" HPOS="165" VPOS="1132" WIDTH="756" HEIGHT="26">
							<String ID="string_224" HPOS="165" VPOS="1132" WIDTH="30" HEIGHT="19" WC="0.92" CONTENT="uti"/><SP WIDTH="15" VPOS="1132" HPOS="195"/>
							<String ID="string_225" HPOS="210" VPOS="1132" WIDTH="164" HEIGHT="25" WC="0.91" CONTENT="nästföregående"/><SP WIDTH="16" VPOS="1132" HPOS="374"/>
							<String ID="string_226" HPOS="390" VPOS="1134" WIDTH="10" HEIGHT="23" WC="0.71" CONTENT="$"/><SP WIDTH="18" VPOS="1134" HPOS="400"/>
							<String ID="string_227" HPOS="418" VPOS="1133" WIDTH="90" HEIGHT="25" WC="0.92" CONTENT="stadgats"/><SP WIDTH="15" VPOS="1133" HPOS="508"/>
							<String ID="string_228" HPOS="523" VPOS="1133" WIDTH="6" HEIGHT="19" WC="0.96" CONTENT="i"/><SP WIDTH="17" VPOS="1133" HPOS="529"/>
							<String ID="string_229" HPOS="546" VPOS="1133" WIDTH="115" HEIGHT="25" WC="0.96" CONTENT="tillämpliga"/><SP WIDTH="16" VPOS="1133" HPOS="661"/>
							<String ID="string_230" HPOS="677" VPOS="1133" WIDTH="54" HEIGHT="19" WC="0.93" CONTENT="delar"/><SP WIDTH="14" VPOS="1133" HPOS="731"/>
							<String ID="string_231" HPOS="745" VPOS="1132" WIDTH="58" HEIGHT="20" WC="0.92" CONTENT="lända"/><SP WIDTH="16" VPOS="1132" HPOS="803"/>
							<String ID="string_232" HPOS="819" VPOS="1132" WIDTH="29" HEIGHT="19" WC="0.93" CONTENT="till"/><SP WIDTH="15" VPOS="1132" HPOS="848"/>
							<String ID="string_233" HPOS="863" VPOS="1132" WIDTH="58" HEIGHT="19" WC="0.92" CONTENT="efter-"/>
						</TextLine>
						<TextLine ID="line_29" HPOS="164" VPOS="1161" WIDTH="87" HEIGHT="19">
							<String ID="string_234" HPOS="164" VPOS="1161" WIDTH="87" HEIGHT="19" WC="0.96" CONTENT="rättelse."/>
						</TextLine>
					</TextBlock>
				</ComposedBlock>
				<ComposedBlock ID="cblock_6" HPOS="514" VPOS="1214" WIDTH="60" HEIGHT="23">
					<TextBlock ID="block_10" HPOS="514" VPOS="1214" WIDTH="60" HEIGHT="23">
						<TextLine ID="line_30" HPOS="514" VPOS="1214" WIDTH="60" HEIGHT="23">
							<String ID="string_235" HPOS="514" VPOS="1214" WIDTH="10" HEIGHT="23" WC="0.88" CONTENT="8"/><SP WIDTH="18" VPOS="1214" HPOS="524"/>
							<String ID="string_236" HPOS="542" VPOS="1214" WIDTH="32" HEIGHT="18" WC="0.95" CONTENT="44."/>
						</TextLine>
					</TextBlock>
				</ComposedBlock>
				<ComposedBlock ID="cblock_7" HPOS="164" VPOS="1257" WIDTH="759" HEIGHT="54">
					<TextBlock ID="block_11" HPOS="164" VPOS="1257" WIDTH="759" HEIGHT="54">
						<TextLine ID="line_31" HPOS="233" VPOS="1257" WIDTH="690" HEIGHT="26">
							<String ID="string_237" HPOS="233" VPOS="1258" WIDTH="207" HEIGHT="25" WC="0.91" CONTENT="Häradssynerättens"/><SP WIDTH="15" VPOS="1258" HPOS="440"/>
							<String ID="string_238" HPOS="455" VPOS="1259" WIDTH="74" HEIGHT="19" WC="0.96" CONTENT="arvode"/><SP WIDTH="15" VPOS="1259" HPOS="529"/>
							<String ID="string_239" HPOS="544" VPOS="1259" WIDTH="50" HEIGHT="19" WC="0.93" CONTENT="skall"/><SP WIDTH="15" VPOS="1259" HPOS="594"/>
							<String ID="string_240" HPOS="609" VPOS="1259" WIDTH="69" HEIGHT="24" WC="0.92" CONTENT="gäldas"/><SP WIDTH="21" VPOS="1259" HPOS="678"/>
							<String ID="string_241" HPOS="699" VPOS="1259" WIDTH="43" HEIGHT="18" WC="0.92" CONTENT="utaf"/><SP WIDTH="15" VPOS="1259" HPOS="742"/>
							<String ID="string_242" HPOS="757" VPOS="1259" WIDTH="28" HEIGHT="18" WC="0.91" CONTENT="af-"/><SP WIDTH="15" VPOS="1259" HPOS="785"/>
							<String ID="string_243" HPOS="800" VPOS="1259" WIDTH="37" HEIGHT="18" WC="0.93" CONTENT="och"/><SP WIDTH="16" VPOS="1259" HPOS="837"/>
							<String ID="string_244" HPOS="853" VPOS="1257" WIDTH="70" HEIGHT="20" WC="0.91" CONTENT="tillträ-"/>
						</TextLine>
						<TextLine ID="line_32" HPOS="164" VPOS="1286" WIDTH="338" HEIGHT="25">
							<String ID="string_245" HPOS="164" VPOS="1287" WIDTH="52" HEIGHT="24" WC="0.96" CONTENT="dare,"/><SP WIDTH="16" VPOS="1287" HPOS="216"/>
							<String ID="string_246" HPOS="232" VPOS="1286" WIDTH="29" HEIGHT="19" WC="0.96" CONTENT="till"/><SP WIDTH="15" VPOS="1286" HPOS="261"/>
							<String ID="string_247" HPOS="276" VPOS="1287" WIDTH="76" HEIGHT="19" WC="0.96" CONTENT="hälften"/><SP WIDTH="15" VPOS="1287" HPOS="352"/>
							<String ID="string_248" HPOS="367" VPOS="1287" WIDTH="19" HEIGHT="19" WC="0.96" CONTENT="af"/><SP WIDTH="14" VPOS="1287" HPOS="386"/>
							<String ID="string_249" HPOS="400" VPOS="1287" WIDTH="102" HEIGHT="19" WC="0.95" CONTENT="hvardera."/>
						</TextLine>
					</TextBlock>
				</ComposedBlock>
				<ComposedBlock ID="cblock_8" HPOS="163" VPOS="1345" WIDTH="762" HEIGHT="176">
					<TextBlock ID="block_12" HPOS="163" VPOS="1345" WIDTH="762" HEIGHT="176">
						<TextLine ID="line_33" HPOS="515" VPOS="1345" WIDTH="60" HEIGHT="22">
							<String ID="string_250" HPOS="515" VPOS="1345" WIDTH="11" HEIGHT="22" WC="0.88" CONTENT="8"/><SP WIDTH="16" VPOS="1345" HPOS="526"/>
							<String ID="string_251" HPOS="542" VPOS="1345" WIDTH="33" HEIGHT="18" WC="0.96" CONTENT="45."/>
						</TextLine>
						<TextLine ID="line_34" HPOS="233" VPOS="1379" WIDTH="692" HEIGHT="30">
							<String ID="string_252" HPOS="233" VPOS="1379" WIDTH="91" HEIGHT="30" WC="0.96" CONTENT="Ändring"/><SP WIDTH="15" VPOS="1379" HPOS="324"/>
							<String ID="string_253" HPOS="339" VPOS="1384" WIDTH="6" HEIGHT="19" WC="0.93" CONTENT="i"/><SP WIDTH="17" VPOS="1384" HPOS="345"/>
							<String ID="string_254" HPOS="362" VPOS="1383" WIDTH="172" HEIGHT="26" WC="0.78" CONTENT="synerättsutslag"/><SP WIDTH="23" VPOS="1383" HPOS="534"/>
							<String ID="string_255" HPOS="557" VPOS="1383" WIDTH="57" HEIGHT="20" WC="0.96" CONTENT="sökes"/><SP WIDTH="15" VPOS="1383" HPOS="614"/>
							<String ID="string_256" HPOS="629" VPOS="1389" WIDTH="73" HEIGHT="19" WC="0.96" CONTENT="genom"/><SP WIDTH="21" VPOS="1389" HPOS="702"/>
							<String ID="string_257" HPOS="723" VPOS="1383" WIDTH="38" HEIGHT="19" WC="0.94" CONTENT="vad"/><SP WIDTH="14" VPOS="1383" HPOS="761"/>
							<String ID="string_258" HPOS="775" VPOS="1383" WIDTH="7" HEIGHT="19" WC="0.93" CONTENT="i"/><SP WIDTH="15" VPOS="1383" HPOS="782"/>
							<String ID="string_259" HPOS="797" VPOS="1383" WIDTH="85" HEIGHT="24" WC="0.77" CONTENT="Nofrätt,"/><SP WIDTH="16" VPOS="1383" HPOS="882"/>
							<String ID="string_260" HPOS="898" VPOS="1382" WIDTH="27" HEIGHT="25" WC="0.97" CONTENT="pä"/>
						</TextLine>
						<TextLine ID="line_35" HPOS="164" VPOS="1411" WIDTH="419" HEIGHT="26">
							<String ID="string_261" HPOS="164" VPOS="1413" WIDTH="40" HEIGHT="18" WC="0.93" CONTENT="sätt"/><SP WIDTH="16" VPOS="1413" HPOS="204"/>
							<String ID="string_262" HPOS="220" VPOS="1411" WIDTH="68" HEIGHT="20" WC="0.92" CONTENT="derom"/><SP WIDTH="15" VPOS="1411" HPOS="288"/>
							<String ID="string_263" HPOS="303" VPOS="1412" WIDTH="6" HEIGHT="19" WC="0.93" CONTENT="i"/><SP WIDTH="15" VPOS="1412" HPOS="309"/>
							<String ID="string_264" HPOS="324" VPOS="1412" WIDTH="108" HEIGHT="19" WC="0.92" CONTENT="allmänhet"/><SP WIDTH="15" VPOS="1412" HPOS="432"/>
							<String ID="string_265" HPOS="447" VPOS="1414" WIDTH="21" HEIGHT="17" WC="0.93" CONTENT="är"/><SP WIDTH="16" VPOS="1414" HPOS="468"/>
							<String ID="string_266" HPOS="484" VPOS="1412" WIDTH="99" HEIGHT="25" WC="0.92" CONTENT="stadgadt."/>
						</TextLine>
						<TextLine ID="line_36" HPOS="233" VPOS="1439" WIDTH="692" HEIGHT="26">
							<String ID="string_267" HPOS="233" VPOS="1440" WIDTH="75" HEIGHT="19" WC="0.92" CONTENT="Besvär"/><SP WIDTH="14" VPOS="1440" HPOS="308"/>
							<String ID="string_268" HPOS="322" VPOS="1441" WIDTH="55" HEIGHT="18" WC="0.93" CONTENT="öfver"/><SP WIDTH="15" VPOS="1441" HPOS="377"/>
							<String ID="string_269" HPOS="392" VPOS="1439" WIDTH="116" HEIGHT="20" WC="0.92" CONTENT="Guvernörs"/><SP WIDTH="17" VPOS="1439" HPOS="508"/>
							<String ID="string_270" HPOS="525" VPOS="1441" WIDTH="67" HEIGHT="24" WC="0.92" CONTENT="utslag"/><SP WIDTH="15" VPOS="1441" HPOS="592"/>
							<String ID="string_271" HPOS="607" VPOS="1440" WIDTH="6" HEIGHT="18" WC="0.93" CONTENT="i"/><SP WIDTH="15" VPOS="1440" HPOS="613"/>
							<String ID="string_272" HPOS="628" VPOS="1441" WIDTH="78" HEIGHT="23" WC="0.92" CONTENT="ärende,"/><SP WIDTH="16" VPOS="1441" HPOS="706"/>
							<String ID="string_273" HPOS="722" VPOS="1446" WIDTH="43" HEIGHT="13" WC="0.96" CONTENT="som"/><SP WIDTH="11" VPOS="1446" HPOS="765"/>
							<String ID="string_274" HPOS="776" VPOS="1441" WIDTH="39" HEIGHT="18" WC="0.96" CONTENT="han"/><SP WIDTH="9" VPOS="1441" HPOS="815"/>
							<String ID="string_275" HPOS="824" VPOS="1440" WIDTH="25" HEIGHT="25" WC="0.96" CONTENT="pä"/><SP WIDTH="9" VPOS="1440" HPOS="849"/>
							<String ID="string_276" HPOS="858" VPOS="1439" WIDTH="67" HEIGHT="25" WC="0.96" CONTENT="grund"/>
						</TextLine>
						<TextLine ID="line_37" HPOS="163" VPOS="1468" WIDTH="762" HEIGHT="25">
							<String ID="string_277" HPOS="163" VPOS="1468" WIDTH="19" HEIGHT="18" WC="0.96" CONTENT="af"/><SP WIDTH="16" VPOS="1468" HPOS="182"/>
							<String ID="string_278" HPOS="198" VPOS="1468" WIDTH="65" HEIGHT="19" WC="0.93" CONTENT="denna"/><SP WIDTH="15" VPOS="1468" HPOS="263"/>
							<String ID="string_279" HPOS="278" VPOS="1468" WIDTH="115" HEIGHT="25" WC="0.93" CONTENT="förordning"/><SP WIDTH="15" VPOS="1468" HPOS="393"/>
							<String ID="string_280" HPOS="408" VPOS="1468" WIDTH="96" HEIGHT="24" WC="0.91" CONTENT="slutligen"/><SP WIDTH="16" VPOS="1468" HPOS="504"/>
							<String ID="string_281" HPOS="520" VPOS="1468" WIDTH="76" HEIGHT="25" WC="0.91" CONTENT="afgjort,"/><SP WIDTH="23" VPOS="1468" HPOS="596"/>
							<String ID="string_282" HPOS="619" VPOS="1469" WIDTH="78" HEIGHT="19" WC="0.92" CONTENT="anföras"/><SP WIDTH="22" VPOS="1469" HPOS="697"/>
							<String ID="string_283" HPOS="719" VPOS="1468" WIDTH="6" HEIGHT="19" WC="0.93" CONTENT="i"/><SP WIDTH="25" VPOS="1468" HPOS="725"/>
							<String ID="string_284" HPOS="750" VPOS="1468" WIDTH="67" HEIGHT="25" WC="0.92" CONTENT="vanlig"/><SP WIDTH="22" VPOS="1468" HPOS="817"/>
							<String ID="string_285" HPOS="839" VPOS="1468" WIDTH="86" HEIGHT="24" WC="0.96" CONTENT="ordning"/>
						</TextLine>
						<TextLine ID="line_38" HPOS="163" VPOS="1496" WIDTH="438" HEIGHT="25">
							<String ID="string_286" HPOS="163" VPOS="1496" WIDTH="37" HEIGHT="20" WC="0.93" CONTENT="hos"/><SP WIDTH="16" VPOS="1496" HPOS="200"/>
							<String ID="string_287" HPOS="216" VPOS="1496" WIDTH="98" HEIGHT="20" WC="0.92" CONTENT="Senatens"/><SP WIDTH="16" VPOS="1496" HPOS="314"/>
							<String ID="string_288" HPOS="330" VPOS="1496" WIDTH="108" HEIGHT="20" WC="0.92" CONTENT="Ekonomie"/><SP WIDTH="15" VPOS="1496" HPOS="438"/>
							<String ID="string_289" HPOS="453" VPOS="1496" WIDTH="148" HEIGHT="25" WC="0.91" CONTENT="Departement."/>
						</TextLine>
					</TextBlock>
				</ComposedBlock>
				<ComposedBlock ID="cblock_9" HPOS="233" VPOS="1535" WIDTH="493" HEIGHT="21">
					<TextBlock ID="block_13" HPOS="233" VPOS="1535" WIDTH="493" HEIGHT="21">
						<TextLine ID="line_39" HPOS="233" VPOS="1535" WIDTH="493" HEIGHT="21">
							<String ID="string_290" HPOS="233" VPOS="1537" WIDTH="47" HEIGHT="19" WC="0.86" CONTENT="Lag-"/><SP WIDTH="14" VPOS="1537" HPOS="280"/>
							<String ID="string_291" HPOS="294" VPOS="1535" WIDTH="32" HEIGHT="17" WC="0.93" CONTENT="och"/><SP WIDTH="12" VPOS="1535" HPOS="326"/>
							<String ID="string_292" HPOS="338" VPOS="1535" WIDTH="186" HEIGHT="17" WC="0.91" CONTENT="Ekonomiutskottets"/><SP WIDTH="13" VPOS="1535" HPOS="524"/>
							<String ID="string_293" HPOS="537" VPOS="1535" WIDTH="110" HEIGHT="17" WC="0.96" CONTENT="betänkande"/><SP WIDTH="12" VPOS="1535" HPOS="647"/>
							<String ID="string_294" HPOS="659" VPOS="1535" WIDTH="37" HEIGHT="17" WC="0.96" CONTENT="N:o"/><SP WIDTH="13" VPOS="1535" HPOS="696"/>
							<String ID="string_295" HPOS="709" VPOS="1536" WIDTH="17" HEIGHT="16" WC="0.96" CONTENT="4."/>
						</TextLine>
					</TextBlock>
				</ComposedBlock>
				<GraphicalElement ID="cblock_10" HPOS="1139" VPOS="790" WIDTH="3" HEIGHT="348"></GraphicalElement >
			</PrintSpace>
		</Page>
	</Layout>
</alto>
