1142 1803
369 189 30 22 U.
414 189 28 23 B.
459 202 27 2 —
503 189 75 28 Prop.
594 190 45 22 N:o
655 190 23 22 9.

418 592 66 28 Lag-
518 592 52 23 och
599 593 302 24 Ekonomiutskottets

348 627 181 21 betänkande
548 626 45 23 N:o
608 627 35 22 4i
655 628 134 28 anledning
802 622 29 38 af
841 629 60 21 Hans

348 660 136 28 Kejserliga
506 660 122 29 Majestäts
643 661 90 28 nådiga
747 662 155 28 proposition

348 694 124 28 angående
499 695 127 27 byggande
651 696 46 22 och
719 696 133 22 underhåll
876 696 28 22 af

348 729 78 27 kyrka
446 729 47 22 och
515 729 128 28 prestgård
665 729 10 22 i
690 729 97 23 landets
802 736 99 21 evange-

348 762 185 22 lisk-lutherska
566 762 175 29 församlingar
770 764 63 22 samt
861 764 40 22 bo-

349 796 177 28 ställsordning
540 796 41 23 för
595 797 142 28 prestbolen
752 797 9 22 i
776 797 93 23 landet.

212 916 166 27 Ifrågavarande
393 916 79 27 nådiga
488 918 137 25 proposition
641 917 39 20 har
695 917 26 20 af
731 917 100 26 samtliga
838 917 63 21 stånd

145 950 152 21 öfverlemnats
319 950 31 21 till
372 950 57 27 Lag-
452 951 41 20 och
514 951 222 25 Ekonomiutskottet,
757 958 46 13 som
823 958 80 20 genom

144 984 201 27 protokollsutdrag
367 984 66 21 tillika
456 985 83 20 erhållit
554 985 35 20 del
604 985 25 20 af
641 985 28 20 de
684 985 130 25 uttalanden,
831 985 71 20 hvilka

142 1019 37 20 vid
204 1019 101 20 ärendets
328 1020 74 19 remiss
424 1019 69 20 blifvit
514 1019 77 26 gjorda
613 1020 30 19 uti
662 1019 83 21 Preste-
761 1019 41 20 och
818 1019 85 20 Bonde-

144 1053 98 20 stånden.
272 1053 71 25 Jemte
359 1054 166 26 propositionen
548 1053 63 20 hafva
636 1053 31 21 till
693 1053 90 21 stånden
809 1053 94 21 utdelats

143 1086 87 27 tryckta
245 1086 112 27 exemplar
372 1086 25 21 af
409 1087 37 20 det
461 1086 111 21 utlåtande
587 1087 42 20 och
644 1087 81 26 förslag
740 1088 6 19 i
761 1087 79 24 ämnet,
856 1093 47 14 som

144 1120 96 27 afgifvits
260 1121 24 20 af
303 1128 26 13 en
345 1121 71 20 derför
430 1121 76 20 tillsatt
521 1121 88 24 komit6,
626 1121 94 20 hvarhos
736 1121 122 24 Utskottet,
875 1121 28 26 pä

144 1155 104 25 anhållan,
265 1155 45 20 från
325 1155 121 26 Kejserliga
461 1154 107 21 Senatens
578 1155 116 20 Allmänna
704 1155 69 20 kansli
783 1155 41 20 fått
835 1157 68 18 emot-

144 1192 52 23 taga
218 1189 100 26 samtliga
344 1189 146 20 Guvernörers
516 1189 42 20 och
583 1189 152 27 Domkapitels
758 1189 116 26 yttranden
897 1190 6 19 i

144 1223 118 26 anledning
284 1223 25 20 af
328 1223 92 20 berörda
438 1222 82 27 förslag
535 1222 112 21 äfvensom
663 1223 78 26 utdrag
757 1230 23 13 ur
796 1222 107 21 Senatens

144 1257 38 20 vid
204 1257 100 20 ärendets
325 1257 151 26 föredragning
497 1256 63 21 förda
574 1256 117 27 protokoll,
707 1257 141 27 upptagande
863 1257 42 20 den

145 1291 75 20 dervid
236 1291 110 20 förefallna
362 1291 140 26 omröstning.

214 1325 10 20 I
238 1325 156 26 sammanhang
410 1325 51 20 med
477 1325 43 20 den
534 1324 79 27 nådiga
628 1325 166 26 propositionen
809 1325 39 20 har
864 1324 41 21 Ut-

146 1359 83 21 skottet
248 1359 31 20 till
301 1359 131 26 behandling
446 1360 102 25 upptagit
564 1361 31 18 ett
611 1360 58 19 inom
684 1359 163 26 Ridderskapet
863 1357 42 21 och
925 1374 3 3 .

146 1393 73 20 Adeln
241 1393 67 20 väckt
331 1393 41 20 och
394 1393 32 20 till
440 1392 117 21 Utskottet
572 1393 135 20 remitteradt
729 1391 176 28 motionsförslag

147 1427 25 20 af
183 1426 94 27 följande
292 1427 92 25 lydelse:

218 1523 46 21 Lag-
276 1521 33 18 och
321 1521 181 18 Ekonomiutskottets
516 1521 109 17 betänkande
637 1520 38 18 N:o
687 1521 17 17 4.
