1142 1803
392 191 26 22 U.
434 189 23 23 B:
474 204 27 2 —
516 190 65 28 Prop.
597 190 40 22 N:o
653 192 20 20 9.
861 191 24 20 61

154 253 178 29 kontraktsprost
354 254 40 21 hos
417 254 145 28 domkapitlet
580 254 70 21 väcka.
669 254 81 27 förslag
765 260 36 14 om
817 253 100 27 åtgärder

156 288 136 22 beträffande
316 289 128 25 boställena,
468 289 89 27 fungera
579 289 73 20 såsom
673 288 111 27 angifvare
805 290 112 25 gentemot

155 322 197 22 boställshafvaren
374 330 27 14 m.
422 330 27 14 m.
479 323 80 27 Någon
573 322 131 27 fördelaktig
719 322 101 21 inverkan
836 322 28 27 pä
880 322 37 20 det

155 356 117 27 tillbörliga
288 357 142 20 förhällandet
445 357 78 20 mellan
539 356 133 27 själasörjare
687 356 43 21 och
745 356 90 21 ähörare
849 356 68 20 skulle

157 391 64 20 deraf
239 391 48 20 icke
302 391 70 20 kunna
388 391 98 27 härflyta.
518 391 49 20 Och
582 397 48 14 som
645 397 27 14 en
687 390 60 27 dylik
762 390 120 27 anordning
897 389 24 21 af

156 425 102 26 tillsynen
273 425 61 21 öfver
349 425 120 21 boställena
484 425 18 26 ej
519 425 66 21 heller
601 425 23 20 är
639 425 26 20 af
676 425 67 27 nägot
758 424 107 28 päkallad,
880 424 38 21 har

158 459 116 22 Utskottet
293 463 54 17 trott
362 461 33 25 sig
410 459 54 21 böra
478 459 80 21 föreslä
572 460 67 26 nägra
654 459 135 27 väsentligen
805 458 114 21 afvikande

158 493 161 28 bestämningar
335 495 5 20 i
356 494 78 25 ämnet,
451 494 140 27 hvarigenom
607 494 50 20 med
673 493 123 21 beaktande
807 493 24 20 af
838 500 81 20 propo-

158 529 104 20 sitionens
278 528 58 27 syfte
351 528 59 21 säväl
425 528 97 21 vilkoren
534 528 32 21 för
576 535 27 14 en
613 527 170 27 ändamälsenlig
793 527 72 26 tillsyn
872 534 47 13 som

159 562 164 27 församlingens
338 563 42 19 rätt
396 563 62 19 torde
474 562 72 20 kunna
562 562 155 27 erforderligen
732 561 135 27 tillgodoses.

228 596 74 26 Enligt
325 596 125 21 Utskottets
472 596 66 21 tanke
562 596 74 25 borde,
657 596 50 20 med
723 595 150 21 bibehällande
888 595 31 21 för

159 630 66 27 öfrigt
248 632 6 18 i
277 630 121 27 möjligaste
419 631 68 21 måtto
503 630 24 21 af
540 632 177 26 propositionens
733 630 136 27 stadganden
885 636 36 14 om

160 672 28 13 en
202 664 171 21 bostäilsnämnd
386 664 42 21 och
443 664 142 22 ekonomiska
600 665 154 27 besigtningar,
771 664 64 20 dessa
851 664 70 20 öfver-

161 697 81 22 lemnas
258 699 22 20 ät
296 706 26 13 en
338 702 59 18 utom
408 698 153 27 församlingen
575 699 91 21 stäende
681 698 135 27 synenämnd
831 698 42 20 och
883 698 38 20 bo-

161 732 180 21 stälisnämndens
357 733 87 26 uppgift
459 733 125 20 inskränkas
599 733 32 20 till
646 736 32 17 att
693 733 13 20 å
721 739 40 14 ena
777 732 61 21 sidan
848 739 73 20 repre-

162 769 86 18 sentera
270 767 151 27 församlingen
443 767 37 20 vid
500 767 92 20 nämnda
608 767 147 27 besigtningar
771 767 41 20 och
827 767 12 20 ä
855 766 66 21 andra

161 801 62 20 sidan
245 801 66 20 blifva
334 801 41 21 den
397 801 131 28 beständiga
546 801 131 28 delegation,
693 801 86 20 hvilken
794 800 67 21 skulle
877 807 44 14 om-

162 835 85 26 besörja
262 835 28 20 de
306 835 94 25 arbeten,
412 842 48 14 som
475 836 29 27 pä
520 835 181 21 boställskassans
717 835 122 20 bekostnad
853 835 69 20 borde

162 869 88 25 utföras,
264 869 68 26 jemte
347 870 37 20 det
400 869 198 22 boställsnämnden
613 869 68 21 skulle
697 876 40 20 ega
753 873 32 17 att
797 869 31 20 till
843 869 79 26 kyrko-

162 903 104 20 stämmas
282 904 161 27 handläggning
458 904 81 21 bereda
548 904 80 21 sädana
637 903 94 21 ärenden
743 903 113 27 angäende
868 903 55 26 byg-

162 937 73 27 gande
246 938 42 20 och
303 938 110 21 underhäll
428 939 26 20 af
465 938 99 25 boställe,
580 945 48 14 som
643 939 29 26 pä
687 938 117 21 stämmans
819 937 104 27 handläg-

164 973 51 25 ning
237 971 121 22 ankomma.
388 972 189 21 Boställsnämden
599 972 68 21 skulle
687 972 89 21 sälunda
791 971 72 27 äligga
878 977 45 14 om-

165 1005 139 27 besörjandet
319 1007 25 20 af
355 1007 79 27 nödiga
450 1007 159 27 nybyggnader
625 1006 42 21 och
681 1005 242 22 remontarbeten
860 1001 14 37 ä
885 1001 41 37 bo-

164 1040 97 25 ställena,
285 1041 67 26 draga
375 1041 85 27 försorg
482 1048 37 13 om
541 1041 78 21 husens
642 1040 196 26 brandförsäkring,
859 1039 64 21 hafva

164 1075 91 26 uppsigt
273 1074 61 21 öfver
356 1075 80 20 sädana
460 1075 163 26 förbättringars
642 1074 120 25 utförande,
779 1080 47 14 som
842 1074 29 27 pä
886 1074 38 19 bo-

164 1107 151 22 ställskassans
338 1109 122 20 bekostnad
482 1109 68 20 skulle
569 1108 134 25 verkställas,
720 1108 64 20 hafva
800 1107 73 27 tillsyn
888 1107 36 20 vid

165 1141 125 28 försäljning
305 1143 25 20 af
341 1143 56 27 skog
412 1143 60 20 öfver
483 1143 166 26 afverkningens
657 1142 160 21 verkställande
825 1141 42 21 och
875 1141 50 21 sko-

165 1183 54 20 gens
228 1178 100 26 rensning
336 1181 56 17 samt
398 1179 30 19 uti
436 1177 157 27 ifrägakomma
601 1177 118 20 afseenden
726 1176 120 21 utanordna
854 1175 71 21 medel

164 1210 47 21 från
234 1211 92 20 nämnda
348 1211 70 21 kassa.
449 1211 9 20 I
474 1211 225 21 öfverensstämmelse
714 1211 50 20 med
779 1210 146 27 kyrkolagens

166 1249 39 22 335
224 1245 12 26 $
252 1245 67 20 skulle
334 1246 163 25 synenämnden
513 1249 58 17 utses
587 1246 12 19 ä
614 1245 163 26 kyrkostämma
793 1244 32 21 för
836 1244 47 27 fyra
903 1245 22 20 är

165 1278 113 21 äfvensom
301 1280 130 20 ordförande
453 1281 59 19 inom
534 1279 107 21 nämnden
659 1279 32 21 för
707 1279 36 21 tvä
759 1280 28 19 är.
817 1279 35 20 De
867 1278 60 21 funk-

165 1314 77 24 tioner,
266 1320 48 14 som
336 1314 200 21 boställsnämnden
558 1314 89 20 sälunda
666 1313 67 21 skulle
757 1313 86 24 erhälla,
859 1313 68 20 borde

165 1347 49 20 icke
237 1347 70 21 kunna
330 1348 74 27 bringa
430 1349 63 20 ästad
515 1349 67 26 nägot
597 1348 192 25 missförhällande,
805 1347 56 21 helst
877 1347 51 20 den-

166 1388 82 14 samma
264 1383 57 26 egde
336 1383 78 20 handla
430 1383 56 21 blott
498 1383 54 21 efter
560 1383 100 26 behörigt
668 1382 260 27 beslut
753 1378 9 36 ä
774 1382 154 27 kyrkostämma

168 1415 52 21 eller
241 1417 37 20 vid
301 1417 128 21 ekonomisk
452 1417 129 27 besigtning.
612 1417 52 20 Men
683 1417 29 27 pä
728 1417 37 20 det
781 1420 32 17 att
829 1416 100 21 boställs-

167 1449 110 26 hafvaren,
294 1451 38 20 der
347 1451 42 20 han
404 1458 53 13 vore
476 1451 103 26 missnöjd
593 1451 51 20 med
659 1451 119 20 nämndens
794 1450 135 27 ätgöranden

167 1483 53 21 eller
241 1486 67 26 ansåg
324 1485 124 21 densamma
465 1485 116 21 försumma
597 1486 46 19 sina
658 1485 155 27 skyldigheter,
830 1484 48 21 icke
893 1484 36 20 be-

237 1523 47 23 Lag-
298 1524 31 17 och
342 1524 183 18 Ekonomiutskottets
538 1524 110 18 betänkande
662 1524 37 17 N:o
712 1524 17 17 4.
