1142 1803
0 642 8 341 RR
0 103 14 528 NR

464 216 26 21 U.
507 216 23 21 B.
547 229 28 2 —
590 216 63 27 Prop.
669 216 40 22 N:o
726 218 19 20 9.

431 278 55 27 efter
498 278 37 21 det
549 279 81 21 kassan
639 279 97 27 uppnått
746 279 41 21 sitt
795 279 136 28 föreskrifna
940 280 39 20 ka-

428 312 141 28 pitalbelopp.
601 312 114 22 Likaledes
733 313 58 21 skall
804 313 63 21 såväl
875 314 104 28 jordega-

430 353 52 14 rens
496 347 66 20 andel
576 347 29 27 af
615 347 188 28 skadeersättning
819 347 38 21 vid
864 347 117 22 åverkan
970 343 14 36 å

432 380 94 27 boställe,
541 387 48 14 som
604 381 37 21 ock
653 381 160 28 afkastningen
823 381 63 28 från
896 382 83 21 derstä-

431 414 37 21 des
482 415 102 27 olofligen
599 415 84 21 brukad
691 416 52 21 sved
753 415 92 28 tillfalla
857 415 122 29 byggnads-

431 448 81 21 kassan
526 449 73 21 såsom
613 449 11 21 i
638 450 126 27 skogslagen
779 452 27 19 är
819 450 107 27 stadgadt.

499 483 51 21 Den
571 483 35 21 del
627 483 30 28 af
672 483 187 29 kapitalbeloppet,
874 491 47 14 som
936 485 45 20 icke

430 516 96 22 sålunda
551 517 121 28 erhålles,
687 518 195 28 sammanbringas
902 525 79 21 genom

432 551 76 27 bidrag
533 551 29 27 af
582 551 161 29 församlingen
765 552 38 21 och
823 553 158 27 presterskapet

432 585 68 27 enligt
514 586 25 20 de
552 586 98 27 grunder
664 586 42 21 här
720 586 77 22 nedan
811 586 95 28 stadgas.

673 649 16 25 $
703 650 34 20 15.

499 688 159 21 Förhållandet
701 690 75 20 mellan
809 689 171 27 församlingens

431 722 39 21 och
488 722 171 27 presterskapets
681 723 76 28 bidrag
779 723 35 20 till
836 723 101 20 bildande
955 723 28 26 af

432 756 281 28 boställsbyggnadskassan
726 757 127 21 bestämmes
863 757 9 20 i
879 757 43 20 den
929 757 50 20 ord-

430 791 56 27 ning
501 791 15 27 $
531 792 28 20 16
573 791 95 28 stadgar,
683 791 105 21 särskildt
801 791 36 28 för
847 791 75 28 hvarje
931 791 48 27 för-

431 825 103 27 samling,
549 825 49 21 med
611 825 141 28 iakttagande
764 825 69 28 deraf,
844 827 33 19 att
883 827 95 26 prester-

432 859 85 27 skapets
532 859 76 28 bidrag
623 860 21 27 ej
655 859 38 28 får
704 860 118 27 öfverstiga
837 867 32 13 en
884 860 95 27 tredje-

432 893 40 21 del
486 893 29 28 af
525 893 178 28 församlingens.
735 893 69 22 Såväl
812 894 168 27 presterskapets

431 934 48 14 som
500 927 173 28 församlingens
695 928 76 27 bidrag
786 928 195 27 sammanbringas

430 968 79 21 genom
532 961 73 28 årliga
627 962 172 27 inbetalningar,
825 962 156 27 uppgående

432 995 49 21 till
506 997 19 24 4,
548 996 82 27 högst
646 997 14 20 5
675 997 28 26 /,
719 997 29 26 af
761 997 36 20 det
813 996 166 27 kapitalbelopp,

432 1029 93 22 hvartill
558 1030 81 21 kassan
674 1031 57 20 skall
760 1030 149 28 uppbringas;
942 1030 38 21 och

431 1064 61 20 skola
527 1064 25 21 de
584 1064 73 27 ärliga
685 1064 204 27 inbetalningarna,
919 1063 62 21 såväl

431 1097 37 27 för
496 1097 172 28 församlingens
696 1098 66 21 andel
791 1105 47 14 som
867 1097 37 28 för
926 1104 52 21 pre-

432 1132 134 27 sterskapets,
587 1131 74 28 fortgä
683 1132 62 21 intill
765 1132 47 21 dess
831 1131 87 27 kassan,
933 1139 47 14 som

432 1166 71 20 under
525 1166 59 21 tiden
606 1166 39 27 får
665 1166 36 27 för
715 1166 40 21 sitt
769 1165 107 21 ändamål
891 1165 89 27 anlitas,

431 1200 97 27 uppnått
542 1200 39 21 sitt
595 1200 59 27 fulla
669 1200 166 28 kapitalbelopp.

501 1234 50 21 Har
560 1234 132 28 församling
701 1241 79 20 genom
791 1234 132 21 konvention
931 1233 48 22 äta-

430 1268 34 27 git
484 1268 34 27 sig
541 1270 33 19 att
597 1275 76 14 ensam
695 1269 52 20 eller
769 1268 38 21 ock
827 1268 61 27 eljest
907 1268 10 20 i
931 1268 49 21 vid-

430 1303 120 20 sträcktare
566 1302 61 27 män,
643 1304 31 19 än
697 1303 34 26 lag
755 1302 81 27 bjuder,
861 1301 68 28 bygga
944 1302 39 21 och

431 1337 133 20 underhålla
587 1337 69 20 husen
678 1337 14 20 å
708 1337 95 26 boställe,
820 1343 51 14 vare
885 1336 96 27 försam-

435 1371 53 27 ling,
504 1371 25 20 så
546 1371 61 27 länge
614 1373 89 25 presten
720 1371 51 20 eller
788 1371 57 20 hans
859 1370 122 21 rättsinne-

431 1405 92 27 hafvare
556 1405 98 21 bostället
683 1405 92 26 besitter,
806 1404 85 28 skyldig
914 1405 32 20 att
973 1403 10 21 i

430 1439 154 20 motsvarande
601 1439 52 20 mån
673 1439 66 27 gälda
755 1439 57 20 hans
826 1438 66 20 andel
906 1437 29 27 af
947 1437 32 21 bi-

431 1472 76 28 draget
522 1472 35 21 till
572 1472 199 28 byggnadskassan.

294 1546 47 21 Lag-
354 1544 32 17 och
402 1545 182 18 Ekonomiutskottets
596 1545 110 18 betänkande
718 1546 36 16 N:o
767 1546 17 16 4.
