1142 1803
364 204 30 22 U.
409 204 29 22 B.
454 217 28 3 —
497 203 76 29 Prop.
588 204 47 23 N:o
650 204 39 22 10.
856 204 27 21 65

452 577 159 29 Reservation.

221 652 29 20 På
265 652 69 27 grund
349 652 25 21 af
386 652 27 20 de
428 651 53 27 skäl,
497 659 48 14 som
560 653 13 20 å
588 659 65 20 pagg.
670 658 85 21 20—23
770 654 7 19 i
785 652 126 22 Utskottets

153 686 138 21 betänkande
313 686 81 21 anförts
416 690 59 17 emot
492 686 189 27 bestämningarna
699 694 37 13 om
750 686 162 22 minimiantalet

154 720 128 27 bolagsmän
296 722 7 19 i
318 720 130 27 aktiebolag,
466 720 42 21 och
523 721 51 20 enär
590 720 64 21 dessa
669 720 47 21 skäl
731 721 48 20 icke
794 727 65 20 synas
875 727 36 14 oss

153 754 66 21 hafva
234 754 70 21 blifvit
322 754 26 21 af
358 754 126 21 Utskottets
500 754 107 27 majoritet
622 754 139 27 vederlagda,
777 755 21 20 få
812 756 21 19 vi
849 755 64 20 vörd-

154 791 56 18 samt
232 788 84 26 föreslå,
340 791 32 18 att
395 790 25 23 $$
439 795 7 14 I
465 789 42 20 och
522 788 14 21 6
551 790 6 19 i
572 789 42 20 den
629 788 122 27 föreslagna
766 789 64 26 lagen
845 789 68 20 måtte

154 822 81 21 erhålla
250 822 94 27 följande
358 823 92 26 lydelse:

159 1326 57 17 samt
231 1325 32 18 att

616 891 13 26 8
643 891 18 20 1.

430 947 55 28 De,
511 955 61 14 som
597 947 85 28 vilja
709 947 50 22 med
783 947 128 22 hvarandra

363 982 63 27 lägga
436 982 62 27 bolag
506 982 50 21 med
562 981 71 21 sädan
642 981 122 28 begränsad
771 981 140 28 ansvarighet

362 1015 36 28 för
410 1016 94 28 bolagets
518 1017 93 26 skulder,
627 1023 47 14 som
688 1016 10 20 i
713 1017 73 20 denna
801 1016 35 27 lag
851 1015 60 21 med-

361 1050 77 28 gifves,
462 1058 20 13 o.
506 1058 16 13 s.
543 1058 20 12 v.
587 1051 67 26 enligt
676 1050 127 21 Utskottets
825 1049 88 27 förslag.

615 1107 10 26 8
644 1107 19 20 6.

432 1151 54 28 De,
508 1159 63 14 som
593 1151 83 28 vilja
699 1152 63 27 lägga
787 1151 126 27 aktiebolag,

363 1193 51 14 men
421 1185 76 28 sjelfve
505 1185 113 28 öfvertaga
626 1186 77 20 endast
710 1193 28 14 en
744 1185 68 28 delaf
815 1185 100 21 aktierna

364 1220 38 21 och
425 1220 46 21 läta
495 1220 25 21 de
543 1219 74 28 öfriga
639 1219 54 28 efter
714 1220 61 21 hand
790 1220 86 20 tecknas
891 1218 28 28 af

364 1254 78 26 andra,
462 1254 183 27 öfverenskomme
660 1253 125 28 skriftligen
800 1254 33 27 sig
849 1253 64 21 emel-

365 1289 44 26 lan,
440 1296 20 13 o.
490 1296 18 13 s.
538 1296 20 13 v.
584 1289 66 26 enligt
676 1288 126 21 Utskottets
827 1287 88 27 förslag,

432 1357 16 26 $
464 1357 31 20 39
510 1356 67 21 måtte
592 1356 55 27 från
662 1357 64 26 lagen
741 1356 44 21 helt
804 1356 38 21 och
865 1355 50 22 häl-

366 1391 27 20 let
408 1390 58 27 utgå,

157 1424 44 20 och
216 1427 32 18 att
263 1426 6 18 i
284 1424 104 20 händelse
404 1425 63 20 dessa
482 1425 81 26 förslag
579 1425 102 19 omfattas

434 1464 141 28 lagförslaget
589 1463 67 21 mätte
672 1464 36 20 till
723 1463 104 21 Utskottet
834 1463 81 21 äterre-

365 1498 100 21 mitteras
482 1497 37 28 för
536 1498 132 27 vidtagande
683 1497 28 27 af
723 1504 27 14 en
763 1504 78 21 genom
857 1497 61 21 dessa

230 1536 48 23 Lag-
291 1537 32 17 och
335 1536 183 18 Ekonomiutskottets
530 1536 110 18 betänkande
651 1536 38 18 N:o
701 1537 18 17 2.
885 1536 10 17 5
