1142 1803
261 192 27 19 32
469 190 29 22 U.
516 191 26 21 B.
559 204 27 2 —
603 191 68 28 Prop.
687 191 44 21 N:o
747 192 19 20 9.

228 253 44 25 det,
288 254 51 20 med
347 254 71 20 hvilka
425 254 168 21 innehafvandet
603 254 178 27 afjordlägenhet
790 254 47 21 icke
849 255 23 20 är
883 255 106 21 förenadt.

227 288 53 20 Men
295 288 27 21 då
338 288 126 21 Utskottets
479 288 69 21 flertal
563 288 68 21 funnit
646 292 32 17 att
693 289 38 20 det
747 292 62 17 extra
825 290 164 26 presterskapet

226 322 66 20 likväl
314 322 39 21 tör
367 322 79 21 befrias
462 323 45 21 från
524 323 69 21 denna
608 326 67 24 tunga
691 323 41 20 och
747 323 32 21 till
796 323 83 21 förmån
894 324 33 20 för
942 324 46 20 det-

226 363 84 13 samma
333 356 88 21 föreslår
444 360 32 17 ett
498 357 245 26 undantagsstadgande
760 358 7 19 i
783 357 60 21 detta
859 358 64 25 syfte,
939 358 50 20 sker

226 390 78 21 sådant
319 391 50 20 med
384 391 103 20 afseende
502 391 11 20 å
530 391 28 20 de
573 391 115 26 onekligen
703 391 116 20 ömmande
827 392 162 27 omständighe-

226 427 39 22 ter,
282 424 71 21 hvilka
368 425 44 21 tala
427 425 78 21 härför.
531 425 35 20 Af
577 425 128 26 tjenstemän
722 425 29 27 på
765 425 74 21 landet
854 426 90 27 ombyta
960 426 27 20 de

227 463 62 17 extra
312 464 112 23 presterne
446 463 51 18 utan
517 460 75 21 tvifvel
608 459 69 22 oftare
693 460 27 20 än
736 460 67 20 andra
817 460 131 21 vistelseort.
979 460 8 20 I

227 494 104 21 afseende
353 495 12 20 å
387 495 157 20 löneförmåner
566 495 38 20 äro
623 494 28 20 de
663 494 81 26 jemväl
759 493 130 28 ojemförligt
905 495 82 20 mindre

227 527 90 28 lyckligt
333 529 83 20 lottade
432 529 27 21 än
474 529 66 20 andre
556 528 134 27 tjenstemän,
707 528 85 21 hvartill
807 528 98 21 kommer
919 532 32 17 att
960 529 27 19 då

226 563 28 19 de
267 563 108 27 ofrivilligt
390 563 84 27 nödgas
490 563 171 26 omhändertaga
676 563 81 19 vården
773 569 35 13 om
824 563 42 24 bol,
883 569 47 14 som
945 562 42 20 till-

226 596 111 27 äfventyrs
356 597 73 26 åtfölja
448 597 41 21 den
504 597 65 27 tjenst
584 597 28 20 de
627 596 86 25 förestå,
731 597 28 20 de
774 596 120 21 merendels
909 600 77 24 genast

225 630 37 21 vid
285 630 75 27 början
381 631 25 21 af
426 633 32 19 sin
480 631 111 26 tjenstetid
614 630 51 21 råka
688 632 31 19 uti
741 638 26 13 en
788 630 83 21 mindre
894 638 92 20 gynsam

228 665 127 21 ekonomisk
370 665 138 27 belägenhet.
539 665 43 21 Om
598 668 31 18 ett
645 665 246 27 undantagsstadgande
907 666 30 20 uti
949 665 36 21 det

227 699 164 26 ifrågavarande
414 700 112 20 afseendet
549 699 66 21 också
634 699 47 21 icke
697 706 52 13 vore
765 699 122 27 principielt
905 700 80 26 riktigt,

224 739 66 20 synes
313 733 126 27 billigheten
455 733 74 21 främst
553 733 54 20 böra
627 733 63 24 afses,
707 733 42 20 och
765 733 61 20 detta
841 733 64 21 torde
921 733 64 20 blifva

226 767 84 26 möjligt
332 767 77 22 endast
432 774 79 20 genom
530 774 26 13 en
574 767 138 27 bestämning
731 769 30 19 uti
777 767 93 20 berörda
885 767 99 27 riktning.

296 801 32 20 En
344 808 69 14 annan
429 801 59 27 fråga
504 801 26 20 af
538 801 47 20 icke
596 801 82 20 mindre
689 801 108 27 väsentlig
807 801 119 26 betydelse,
938 809 47 12 som

225 837 6 19 i
247 835 52 25 följd
315 835 25 20 af
352 835 36 21 det
404 837 6 19 i
426 837 164 26 propositionen
601 835 107 27 ingående
719 835 132 27 stadgandet
862 843 36 13 om
905 835 79 27 kyrko-

225 869 229 27 byggnadsbesvärets
476 869 121 27 utgörande
618 869 127 21 framställer
765 871 34 25 sig
820 870 23 20 är
859 870 48 25 den,
923 870 62 20 huru-

224 903 51 21 vida
298 903 47 21 icke
366 903 115 21 dissenters
500 903 68 21 borde
583 903 45 21 helt
644 903 42 20 och
701 903 66 21 hållet
782 903 89 27 fritagas
887 904 98 21 derifrån.

224 937 76 27 Enligt
323 938 153 27 förordningen
498 937 25 21 af
540 938 42 20 den
600 943 21 14 11
640 938 125 20 November
790 939 59 25 1889,
873 939 112 26 angående

224 972 82 20 kristna
321 972 200 27 religionssamfund
537 973 6 19 i
554 972 91 20 Finland
655 972 26 20 af
687 979 70 13 annan
765 972 157 27 protestantisk
930 976 55 17 tros-

224 1001 51 29 lära,
296 1006 28 20 än
340 1006 41 20 den
397 1005 250 28 evangelisk-lutherska,
663 1006 38 20 äro
717 1013 110 20 personer,
843 1013 48 13 som
901 1006 84 21 tillhöra

224 1041 6 19 i
246 1039 74 22 landet
335 1040 118 21 bestående
468 1040 169 26 kyrkosamfund
653 1040 24 20 af
685 1047 69 13 annan
765 1040 157 26 protestantisk
929 1043 54 18 tros-

224 1073 138 25 bekännelse,
380 1073 111 21 frikallade
510 1074 45 20 från
570 1074 28 19 all
613 1074 100 26 personel
729 1074 62 26 afgift
806 1074 32 20 till
853 1074 133 27 presterska-

224 1111 39 23 pet
278 1109 61 18 inom
354 1107 100 21 samfund
469 1107 25 20 af
506 1114 69 14 annan
591 1107 136 20 bekännelse.
758 1107 77 20 Denna
851 1107 135 28 bestämning

223 1142 88 20 komme
336 1142 64 20 äfven
422 1145 33 17 att
474 1141 63 21 lända
553 1142 117 20 dissenters
685 1141 32 21 till
732 1141 100 21 befrielse
848 1141 45 21 från
908 1142 79 26 kyrko-

224 1175 210 27 bygnadsbesväret,
450 1176 71 20 såvidt
537 1176 120 20 detsamma
673 1175 68 20 skulle
756 1175 89 27 utgöras
860 1176 55 21 efter
925 1183 62 20 grun-

225 1209 67 20 derna
315 1209 32 20 för
371 1209 28 20 de
424 1209 114 27 personela
556 1209 125 27 afgifternas
701 1209 132 27 erläggande
849 1209 31 21 till
893 1213 94 24 prester-

224 1243 88 27 skapet,
329 1243 113 21 hvaremot
458 1244 116 21 dissenters
590 1245 7 19 i
612 1243 65 27 öfrigt
693 1243 72 21 blefve
775 1243 101 21 likstilda
886 1244 51 20 med
945 1244 42 21 den

224 1277 110 22 lutherska
347 1278 163 27 församlingens
520 1278 145 20 medlemmar.
687 1278 9 20 I
709 1278 67 21 likhet
787 1278 50 20 med
846 1278 63 21 desse
920 1279 67 20 skulle

226 1311 118 21 dissenters
368 1312 63 21 äfven
453 1312 87 21 komma
564 1315 32 18 att
617 1312 32 20 för
665 1313 45 19 sina
723 1311 178 28 jordlägenheter
915 1313 72 20 skatta

224 1345 32 21 till
270 1346 94 20 nämnda
379 1349 73 24 tunga,
468 1346 42 21 och
526 1353 48 14 som
589 1349 32 18 ett
637 1345 70 27 dylikt
722 1346 123 27 stadgande
855 1346 48 21 icke
913 1350 74 23 syntes

224 1381 35 19 stå
268 1380 36 20 väl
314 1380 140 21 tillsammans
466 1380 50 21 med
527 1380 58 21 hvad
596 1380 125 27 billigheten
731 1380 42 21 och
783 1381 105 20 rättvisan
905 1381 82 23 kräfde,

227 1414 53 20 enär
302 1414 49 20 dem
368 1414 90 21 faktiskt
472 1414 89 21 sålunda
576 1414 111 21 åhvälfdes
710 1421 26 14 en
762 1414 80 21 dubbel
864 1415 125 26 byggnads-

228 1447 134 27 skyldighet,
387 1449 6 19 i
417 1448 42 20 den
481 1455 56 20 egna
561 1448 42 20 och
622 1449 6 19 i
645 1448 42 20 den
711 1448 110 20 lutherska
830 1448 157 27 församlingen,

226 1481 39 21 har
288 1482 26 20 af
332 1489 27 14 en
374 1483 109 19 minoritet
498 1483 58 19 inom
572 1482 116 20 Utskottet
703 1482 82 26 yrkats,
801 1485 32 18 att
849 1482 117 21 dissenters
982 1484 6 19 i

298 1520 48 23 Lag-
360 1520 32 18 och
406 1520 183 18 Ekonomiutskottets
601 1520 110 18 betänkande
723 1520 38 18 N:o
773 1521 18 17 4.
