1142 1803
382 212 27 22 U.
425 212 23 22 B.
465 224 28 4 —
508 212 63 28 Prop.
586 212 41 22 N:o
643 214 20 20 9.
848 202 27 32 55

141 276 88 27 genhet,
254 276 51 21 enär
329 276 38 20 det
391 276 135 26 naturligtvis
556 276 187 20 öfverensstämde
768 276 63 20 äfven
854 276 50 21 med

142 310 54 20 hans
218 312 105 19 intressen
346 313 32 17 att
400 310 35 20 väl
457 310 67 20 häfda
538 310 61 20 bolet
615 310 41 20 och
672 310 32 20 för
720 310 65 26 öfrigt
801 310 28 20 all
843 310 59 25 brist,

142 351 49 13 som
214 346 5 18 i
242 344 60 21 detta
318 344 124 20 hänseende
458 344 104 27 uppstod,
576 343 83 27 jemlikt
675 343 12 28 $
702 349 27 20 42
746 344 69 20 borde
830 344 25 20 af
865 344 39 21 ho-

143 385 51 14 nom
217 378 99 21 ersättas.
348 378 48 21 Och
419 378 101 27 slutligen
543 385 36 13 om
594 378 27 20 än
636 377 197 22 boställshafvaren
848 378 56 21 blott

143 412 57 21 efter
218 412 120 27 ansökning
360 412 56 27 finge
439 412 93 27 föryttra
554 412 113 25 sträfoder,
685 419 54 13 vore
754 412 37 21 det
807 412 97 21 fullkom-

144 446 39 27 ligt
203 447 194 26 oändamälsenligt
416 450 32 17 att
464 447 107 20 bibehälla
587 447 41 20 den
644 447 95 26 omgäng
755 447 32 20 för
803 454 26 13 en
845 447 60 26 dylik

144 481 72 27 frägas
232 481 203 27 behandling,
390 477 45 35 som
450 482 167 26 propositionen
633 481 98 24 innehöll,
749 481 92 20 emedan
855 488 49 13 man

143 515 22 26 ju
191 515 47 21 icke
261 516 28 27 pä
312 515 91 21 förhand
428 515 72 20 kunde
522 515 34 21 för
578 515 73 26 hvarje
671 515 59 27 gäng
752 514 70 22 känna
847 516 57 20 ärets

146 549 38 21 hö-
207 550 41 20 och
264 549 120 27 halmäring
399 553 51 17 utan
466 549 54 21 först
536 549 54 21 efter
605 549 71 21 slutad
692 549 75 21 slätter
782 550 41 20 och
839 550 66 20 skörd

146 584 120 20 bestämma
282 585 34 25 sig
331 583 33 21 för
379 590 27 14 en
422 583 60 27 dylik
496 583 126 27 ansökning,
640 583 85 21 hvilken
740 584 50 20 med
803 584 102 20 afseende

146 618 13 20 å
175 618 100 20 ärendets
294 618 58 26 gång
367 618 119 20 emellertid
501 619 7 19 i
523 618 78 26 många
617 617 35 21 fall
667 617 72 21 blefve
755 618 149 20 ändamälslös.

147 651 127 21 Utskottets
294 652 109 26 pluralitet
428 652 38 20 har
492 652 118 20 emellertid
635 652 48 20 icke
698 655 71 17 ansett
785 654 32 25 sig
835 652 70 20 kunna

146 686 75 26 frångå
237 687 178 26 propositionens
431 686 29 27 på
476 686 42 20 den
533 686 131 27 föregående
680 686 162 28 lagstiftningen
852 688 6 19 i
869 686 36 21 all-

147 720 88 21 mänhet
251 720 111 27 grundade
378 720 137 27 stadganden
530 722 6 18 i
552 721 64 19 dessa
631 720 118 21 afseenden
765 721 41 20 och
814 721 36 20 vill
858 721 47 20 här-

146 754 38 21 vid
204 754 87 27 påpeka
306 757 32 18 att
354 754 115 27 föryttring
484 754 26 21 af
520 754 56 25 kalk,
593 754 86 21 hvilken
695 754 18 26 ej
729 754 66 21 heller
810 755 96 26 uttryck-

148 788 58 27 ligen
220 788 104 21 härintills
340 790 6 19 i
361 788 35 27 lag
406 790 55 19 varit
472 789 129 26 medgifven,
614 792 50 17 utan
674 788 75 21 tvifvel
757 789 114 20 innefattar
880 796 26 13 en

148 823 143 26 minskning
281 818 14 35 i
315 822 113 21 boställets
451 822 156 27 kapitalvärde,
631 823 86 20 hvarför
739 823 28 20 de
788 823 36 20 vid
847 823 60 26 dylik

149 856 124 27 försäljning
288 857 118 26 inflytande
418 857 86 20 medlen
516 857 68 20 borde
597 858 102 25 antingen
709 857 87 28 komma
806 857 100 20 boställs-

148 890 80 21 kassan
242 891 31 20 till
288 891 60 27 godo
364 891 50 20 eller
429 891 111 20 användas
556 891 69 20 direkt
641 891 31 20 till
686 891 113 21 boställets
815 891 91 21 förbätt-

148 925 73 25 rande,
238 928 32 17 att
286 925 100 26 gällande
401 925 160 27 bestämningar
576 932 35 13 om
627 925 82 21 fodrets
725 925 129 27 disposition
875 929 32 17 ut-

150 959 52 27 göra
227 966 27 13 en
276 959 100 20 verksam
398 960 84 25 garanti
503 959 32 20 för
558 963 31 17 att
611 959 138 21 växtkraften
772 960 12 20 å
805 959 102 21 bostället

148 993 78 20 varder
242 993 122 20 bibehållen
380 993 41 20 och
436 996 33 18 att
484 993 101 28 slutligen
596 993 193 21 boställshafvaren
800 994 37 20 vid
849 993 58 21 ökad

149 1027 154 27 fodertillgång
323 1027 23 20 är
361 1029 6 19 i
383 1027 82 21 tillfälle
480 1031 33 18 att
528 1028 92 21 förstora
635 1029 33 19 sin
683 1028 110 27 ladugård,
808 1028 99 27 hvarige-

150 1068 51 13 nom
221 1061 81 26 jemväl
324 1068 26 14 en
373 1061 70 21 direkt
461 1065 62 22 nytta
544 1061 89 21 tillföres
649 1062 81 20 honom
743 1062 24 20 af
779 1062 42 20 den
836 1061 71 21 ökade

150 1094 187 27 fodertillgången.
368 1095 75 21 Under
465 1097 58 18 vissa
546 1095 176 27 förutsättningar
743 1095 43 21 kan
808 1095 35 20 väl
865 1095 42 20 för-

150 1129 90 27 säljning
262 1129 60 21 deraf
345 1129 65 21 blifva
432 1129 131 28 nödvändig,
587 1137 49 13 men
651 1137 48 13 som
713 1129 195 22 boställshafvaren

149 1163 64 21 torde
232 1170 52 14 vara
300 1164 104 26 obetaget
420 1167 32 17 att
467 1163 75 28 bifoga
557 1165 32 19 sin
604 1164 120 27 ansökning
739 1171 36 13 om
791 1163 60 27 dylik
866 1163 41 21 för-

150 1197 91 27 säljning
256 1197 42 21 den
314 1199 6 19 i
335 1197 33 28 8:n
384 1198 115 20 omnämda
507 1198 210 21 boställsnämndens
728 1199 107 26 yttrande,
845 1198 63 21 torde

148 1231 80 26 jemväl
243 1231 28 21 all
286 1231 84 22 fruktan
385 1232 33 20 för
433 1232 106 21 ärendens
554 1232 25 21 af
585 1232 163 27 ifrågavarande
759 1232 149 21 beskaffenhet

151 1265 138 27 fördröjande
307 1273 51 14 vara
380 1266 120 27 ogrundad.
531 1267 51 20 Men
605 1273 37 14 om
658 1266 126 21 Utskottets
799 1266 109 27 pluralitet

150 1300 90 20 sälunda
249 1300 67 21 ocksä
328 1300 98 27 godkänt
435 1302 167 25 propositionen
610 1302 30 19 uti
649 1301 140 20 förevarande
797 1301 110 24 afseende,

151 1334 39 21 har
204 1334 117 21 Utskottet
336 1335 57 20 dock
408 1334 48 21 icke
470 1338 55 17 trott
540 1336 33 25 sig
588 1335 53 20 böra
656 1335 106 20 bibehälla
778 1335 131 27 stadgandet

152 1369 75 20 derom
249 1371 33 18 att
302 1369 58 20 hvad
382 1375 48 14 som
452 1369 33 20 för
501 1369 116 26 föryttradt
633 1369 62 20 foder
709 1369 85 26 inflyter
809 1369 54 20 skall
878 1369 31 21 till

149 1402 139 27 jordbrukets
311 1403 147 26 befrämjande
482 1403 30 27 pä
534 1403 102 20 bostället
653 1403 110 20 användas
779 1416 26 3 —
822 1403 48 21 icke
885 1405 24 19 sä

151 1443 49 14 som
214 1436 117 22 Utskottet
346 1437 18 25 ej
373 1437 67 20 skulle
453 1437 65 20 hafva
530 1437 101 20 omfattat
643 1437 42 20 den
696 1437 56 26 äsigt
764 1441 32 17 att
806 1438 25 20 sä
841 1438 68 20 borde

152 1471 45 25 ske,
220 1474 52 18 utan
292 1470 90 21 emedan
398 1470 197 22 Utskottet.häller
610 1470 46 21 före
671 1474 32 17 att
718 1470 156 22 efterlefnaden
889 1472 25 20 af

152 1505 71 20 denna
244 1505 144 26 bestämning,
411 1511 48 14 som
474 1504 33 21 för
522 1504 65 27 öfrigt
599 1504 81 26 jemväl
694 1504 77 27 tyckes
786 1506 34 20 stä
835 1507 6 19 i
857 1506 53 21 strid

221 1544 48 21 Lag-
283 1544 33 17 och
328 1543 182 18 Ekönomiutskottets
522 1543 109 17 betänkande
644 1545 37 15 N:o
694 1544 16 16 4.
