1142 1803
333 204 84 22 Ständ.
434 204 38 23 Sv.
489 218 27 2 —
538 204 75 28 Prop.
628 204 45 22 N:o
689 204 21 22 1.
844 204 26 20 11

418 267 30 28 Ej
470 267 38 21 må
530 274 79 20 genom
631 267 116 28 styckning
773 267 75 21 bildad
869 273 31 22 ny

350 302 99 27 lägenhet
464 302 58 20 bestå
532 302 29 27 af
571 302 51 27 flere
637 303 30 19 än
678 303 31 19 tre
719 301 73 21 skilda
803 303 96 26 egostyc-

350 336 46 27 ken,
411 336 87 21 mindre
514 336 87 21 holmar
615 336 140 20 oberäknade.

599 399 15 20 3
628 399 22 26 8.

419 443 63 22 Från
497 444 80 27 frälse-
593 444 52 21 eller
660 443 175 28 skattelägenhet,
853 450 48 15 som

351 478 68 28 enligt
440 479 12 20 1
466 479 15 26 $
495 478 38 27 får
548 478 92 28 klyfvas,
661 485 51 14 vare
722 478 85 27 jemväl
823 477 80 22 tillåtet

351 514 39 25 att,
413 514 57 19 utan
484 513 126 27 fördelning
632 512 29 28 af
675 513 88 20 mantal
777 512 40 22 och
838 512 63 26 skatt,

352 547 35 21 till
399 547 177 27 parcellägenhet
585 547 49 21 med
649 546 209 28 afgäldsskyldighet
868 546 35 21 till

351 583 109 19 stommen
474 581 10 20 i
498 581 73 21 nedan
579 581 92 27 stadgad
686 580 94 28 ordning
796 580 107 28 afsöndra

351 617 69 19 större
435 616 52 20 eller
501 616 87 20 mindre
604 615 93 27 omräde,
718 622 52 14 vare
784 614 34 28 sig
833 614 69 27 mark,

352 649 112 28 sirömfall
478 650 52 20 eller
544 650 93 27 skiftadt
651 650 134 27 fiskevatten.

422 683 110 28 Afgälden
548 684 37 20 bör
599 686 112 18 motsvara
726 684 59 20 hvad
794 683 29 27 af
833 685 68 19 stom-

353 725 62 14 mens
437 718 117 21 allmänna
577 718 111 28 utskylder
713 718 38 21 och
776 718 75 20 besvär
871 716 33 29 pä

350 753 113 27 parcellen
484 752 34 28 sig
542 753 84 27 belöper
647 752 54 27 efter
727 752 118 21 hvarderas
867 751 39 21 vid

353 787 118 27 delmingen
492 786 119 28 faststälda
629 786 151 21 storhetsmätt
794 785 9 21 i
817 785 86 28 förhäl-

355 821 64 20 lande
435 821 35 20 till
483 821 247 28 jordebokshemmanet.
762 820 105 27 Beloppet
880 819 29 28 af

354 855 73 28 ärliga
448 855 104 28 afgälden
566 855 107 21 uträknas
695 855 39 21 och
755 854 127 21 bestämmes
896 853 11 21 i

352 889 128 28 penningar
491 889 32 28 pä
538 891 44 19 sätt
600 889 5 21 i
621 890 32 20 27
667 889 40 21 och
723 889 32 21 28
769 889 30 27 $$
808 890 57 26 sägs.

424 923 31 28 Ej
474 923 37 21 mä
526 923 51 28 flere
592 924 125 27 egostycken
733 923 35 21 till
782 930 27 14 en
821 922 86 29 parcell

355 957 171 28 sammanföras,
550 958 48 21 med
611 958 87 21 mindre
716 957 129 28 synnerliga
859 957 48 20 skäl

355 992 75 21 dertill
443 994 45 19 äro.

606 1061 51 26 48.

424 1111 59 27 Eger
507 1111 86 20 kronan
617 1111 52 20 eller
693 1111 105 20 kommun
817 1110 88 28 jordlä-

354 1145 79 28 genhet
447 1145 29 28 af
487 1145 42 21 den
543 1145 10 20 i
567 1146 12 20 1
593 1147 15 24 $
618 1145 100 20 nämnda
732 1146 69 19 natur
816 1145 39 20 och
871 1144 35 21 be-

356 1179 126 28 skaffenhet,
498 1187 52 13 vare
561 1179 121 28 berättigad
695 1181 32 19 att
737 1179 114 27 öfvertaga
860 1179 48 20 dess

356 1214 118 21 allmänna
496 1214 111 27 utskylder
622 1214 39 21 och
677 1213 74 21 besvär
769 1215 60 19 samt
842 1213 10 20 i
866 1213 43 20 den

357 1248 101 27 ordning,
469 1255 48 14 som
531 1248 36 27 för
578 1247 185 28 jordafsöndring
774 1249 26 19 är
809 1247 99 27 stadgad,

357 1282 48 21 dela
416 1283 49 20 hela
478 1283 126 26 lägenheten
613 1282 10 20 i
630 1282 114 27 parceller,
760 1282 83 21 enhvar
860 1281 50 20 med

357 1317 153 20 motsvarande
533 1316 210 27 afgäldsskyldighet
765 1315 35 22 till
823 1315 86 21 kronan

357 1351 52 21 eller
423 1351 140 20 kommunen.

608 1420 15 19 5
637 1419 20 27 8.

427 1464 87 21 Parcell
535 1464 38 20 mä
587 1464 60 20 delas
661 1464 10 20 i
685 1463 51 28 flere
755 1463 153 28 parcellägen-

358 1498 65 27 heter,
440 1498 83 20 enhvar
539 1498 50 20 med
597 1497 154 21 motsvarande
761 1496 147 28 afgäldsskyl-
