1142 1803
265 211 13 21 8
431 210 85 23 Ständ.
532 210 39 23 Sv.
588 223 27 3 —
630 210 75 28 Prop.
721 210 46 23 N:o
782 210 21 22 1.

235 273 30 21 uti
288 273 57 21 detta
368 274 102 20 formulär
491 274 41 20 den
555 273 74 21 hittills
651 273 107 27 iakttagna
776 272 181 29 klassificeringen
972 272 22 22 af

235 313 51 22 egor
300 308 39 20 och
355 308 147 27 egoförmäner
518 308 66 21 borde
599 307 110 21 vidhällas.
738 307 34 21 Dä
787 307 74 27 skulle,
877 307 64 21 bland
956 314 37 14 an-

234 344 42 24 nat,
290 342 47 21 icke
352 342 94 27 förbises,
462 344 30 19 att
506 342 110 21 skilnaden
632 342 79 21 mellan
727 342 50 20 äker
792 342 39 21 och
846 343 41 26 äng
903 342 18 27 ej
933 341 59 22 alltid

234 377 24 19 är
279 375 100 28 betingad
401 376 21 21 af
437 376 152 27 odlingssättet,
605 378 51 19 utan
673 376 41 21 kan
730 375 63 22 hafva
808 376 33 21 sin
857 375 61 22 orsak
933 376 7 20 i
955 382 37 15 na-

233 410 77 27 turliga
325 410 153 27 förhållanden,
492 410 72 21 hvilka
580 411 18 26 ej
619 410 74 21 kunna
715 416 76 21 genom
814 409 73 28 odling
909 409 82 22 ändras.

301 443 48 22 Den
365 445 31 20 uti
411 445 27 20 35
454 445 42 26 (33)
513 445 13 26 &
541 445 101 27 vidtagna
664 444 246 28 redaktionsförändring
931 444 60 21 torde

233 478 18 27 ej
267 478 84 27 päkalla
365 479 71 27 nägon
451 479 132 27 motivering.

302 513 42 20 Vid
359 513 121 21 införandet
496 513 21 21 af
532 519 27 15 en
574 513 131 28 obegränsad
721 513 192 28 parcelleringsrätt
927 513 63 21 hafva

232 546 118 22 Ständerna
364 547 72 22 funnit
454 547 36 21 det
504 554 50 14 vara
569 547 22 21 af
605 547 77 27 nöden,
698 549 29 19 att
742 547 126 27 stadgandet
883 547 7 20 i
906 548 25 20 37
947 547 42 27 (35)

232 581 12 27 $
260 581 79 27 derom,
354 583 30 19 att
399 581 78 28 parcell
492 582 46 20 icke
554 584 51 18 utan
621 588 89 21 egarens
725 581 108 27 samtycke
849 581 32 21 får
890 581 99 27 indragas

230 615 8 20 i
254 616 184 28 skiftesreglering,
457 616 8 20 i
480 616 118 27 möjligaste
621 616 65 21 mätto
701 616 130 20 inskränkes.
861 615 37 22 Ett
915 616 74 20 sädant

231 650 116 27 stadgande
370 650 77 27 kunde,
470 650 62 21 äfven
555 650 46 21 frän
624 656 30 14 nu
676 650 98 28 gällande
792 650 45 27 lags
853 649 135 28 ständpunkt,

230 684 66 21 blifva
318 684 32 21 till
368 687 53 18 stort
436 685 76 21 hinder
526 684 33 21 för
574 684 271 28 egosammandragningar,
861 684 38 21 och
914 684 7 20 i
936 684 51 21 hän-

230 718 58 21 delse
307 724 26 15 en
352 719 78 26 parcell
449 719 107 20 användes
571 719 33 20 för
619 718 110 21 enahanda
744 718 98 21 ändamäl
858 724 45 15 som
919 718 68 21 öfver-

229 752 82 21 hufvud
332 752 66 21 andra
420 753 175 27 jordlägenheter,
615 752 114 21 förefinnes
745 753 18 26 ej
780 752 67 21 heller
861 752 64 27 nägot
940 752 46 21 skäl

229 787 30 20 att
279 786 33 21 för
334 786 123 21 densamma
480 787 105 20 bibehålla
606 793 27 14 en
651 787 60 27 dylik
726 786 259 28 undantagsbestämning.

228 819 50 22 Men
294 820 28 21 dä
336 820 13 21 å
364 821 66 20 andra
444 821 60 20 sidan
520 821 102 27 parceller
636 821 73 20 kunna
724 821 75 27 uppstå
817 821 61 20 äfven
898 821 33 20 för
949 827 36 14 an-

228 854 38 21 dra
274 855 103 26 ändamål,
388 855 69 20 såsom
468 855 125 21 industriela
603 855 159 27 anläggningar,
773 855 131 27 tomtplatser
914 861 27 14 m.
951 861 34 20 m.,

228 889 39 20 och
290 889 71 20 denna
383 889 61 21 deras
464 889 147 22 bestämmelse
634 889 69 22 blefve
725 889 88 21 alldeles
835 889 95 27 förfelad,
952 889 33 20 sä-

226 923 64 21 framt
310 923 73 27 dylika
403 923 103 28 parceller
527 923 56 28 finge
599 924 31 21 uti
645 923 180 28 skiftesreglering
840 923 99 28 indragas
954 923 30 20 vi-

227 957 50 21 dare
292 959 28 19 än
335 957 31 21 till
382 957 41 22 den
440 958 39 25 del,
495 964 46 15 som
556 958 33 21 för
603 958 71 21 denna
689 957 148 22 bestämmelse
852 957 47 21 icke
914 959 23 19 är
952 964 32 15 er-

226 991 106 28 forderlig,
356 993 38 20 har
416 993 26 20 37
466 993 42 26 (35)
532 993 13 26 &
567 992 22 21 af
610 992 243 27 författningsförslaget,
869 992 7 21 i
891 992 93 27 enlighet

225 1025 49 22 med
288 1026 57 21 hvad
360 1026 90 21 sälunda
464 1029 82 24 yttrats,
561 1027 69 20 blifvit
652 1026 171 21 omformulerad.

294 1060 57 20 Enär
374 1061 42 20 den
432 1061 31 20 uti
479 1061 27 20 38
522 1061 41 26 (36)
579 1061 12 26 &
607 1061 172 26 lägenhetsegare
801 1060 125 21 tillerkända
941 1060 42 21 för-

223 1093 50 21 män
296 1099 63 21 synes
382 1094 51 21 böra
448 1094 119 21 tillkomma
589 1094 63 21 äfven
667 1094 138 21 innehafvare
820 1093 22 21 af
856 1093 126 23 kronohem-

223 1133 57 21 man,
298 1127 39 22 har
353 1128 125 27 paragrafen
498 1129 8 20 i
525 1128 219 21 öfverensstämmelse
774 1128 87 21 härmed
891 1127 91 28 ändrats,

221 1161 66 27 jemte
310 1161 36 22 det
367 1162 33 21 för
418 1162 110 21 vinnande
544 1163 21 20 af
579 1162 181 27 samstämmighet
775 1162 32 21 uti
822 1161 161 28 uttryckssättet

222 1195 61 22 ordet
304 1196 138 27 »fjerdedels»
463 1197 81 26 utbytts
566 1199 45 18 mot
635 1197 117 26 »tjugufem
774 1196 207 21 etthundradedels».

290 1230 75 21 Andra
380 1231 116 27 meningen
511 1231 31 21 uti
560 1231 26 21 39
607 1231 42 27 (37)
666 1231 13 27 &
694 1231 74 26 tyckes
790 1231 47 21 icke
860 1237 51 14 vara
933 1230 49 21 fullt

221 1263 77 28 tydlig;
322 1264 54 21 dock
392 1265 56 20 afses
467 1265 87 21 dermed
569 1265 127 28 antagligen,
712 1267 35 25 att,
763 1265 87 21 säframt
863 1265 48 20 icke
926 1264 55 22 bäde

221 1299 117 20 stommens
359 1298 181 27 kronoutskylder
564 1299 39 21 och
625 1299 98 28 afgälden
745 1299 47 21 frän
815 1299 108 28 parcellen
944 1299 35 20 vid

220 1332 125 27 uppbörden
360 1333 79 27 gäldas,
454 1333 58 21 säväl
528 1335 116 19 stommens
663 1339 46 15 som
731 1333 119 28 parcellens
872 1339 62 22 egare
957 1335 23 18 är

220 1366 143 22 underkastad
379 1367 121 28 utmätning
516 1367 33 21 för
564 1367 40 21 den
620 1367 107 22 bristande
743 1367 98 28 afgälden
857 1367 58 27 eller,
929 1367 50 21 med

219 1400 67 21 andra
302 1401 44 26 ord,
362 1403 30 19 att
410 1401 225 28 utmätningsmannen
650 1408 51 21 eger
715 1401 70 22 vända
800 1402 33 27 sig
847 1401 132 22 omedelbart

218 1436 45 19 mot
277 1435 139 21 hvilkendera
432 1441 46 15 som
494 1435 59 21 helst.
582 1435 64 21 Detta
661 1435 116 28 stadgande
791 1435 60 21 finna
861 1435 117 22 Ständerna

218 1468 46 21 icke
283 1475 51 14 vara
356 1469 231 21 öfverensstämmande
610 1470 48 20 med
682 1470 129 26 billigheten.
842 1469 49 21 Med
914 1469 64 21 deni

218 1502 56 21 vissa
293 1502 118 22 afseenden
435 1503 115 21 utsträckta
572 1504 198 27 parcelleringsrätt,
793 1510 46 14 som
855 1503 66 28 enligt
935 1503 42 21 för-
