1142 1803
303 186 13 18 4
506 184 28 22 U.
551 184 27 22 B.
594 196 29 4 —
637 184 72 28 Prop.
726 184 41 22 N:o
781 184 22 22 6.

275 249 77 22 celler"
370 249 109 27 beträffar,
498 250 94 27 framgår
607 250 23 22 af
643 250 155 27 motiveringen
813 251 32 21 till
861 251 78 27 nådiga
955 256 77 22 propo-

274 280 100 30 sitionen,
398 286 33 19 att
454 284 89 22 därmed
565 284 56 22 afses
639 284 81 22 sådana
733 285 158 27 jordområden,
908 285 71 21 hvilka
994 287 38 19 äro

274 318 88 27 tjenliga
384 318 33 22 för
440 319 79 27 odling,
542 326 49 14 men
614 318 77 22 hvaraf
709 320 111 26 nybyggen
842 320 52 21 eller
914 320 117 26 kronotorp

274 352 56 21 dock
345 352 47 22 icke
407 353 74 21 kunna
496 353 76 21 bildas.

342 387 47 21 Den
405 387 79 26 nådiga
499 387 174 27 propositionens
689 387 99 27 syftemål
803 386 67 23 finner
882 388 106 21 utskottet
999 387 32 22 för

273 420 33 21 sin
322 421 35 21 del
373 421 137 27 synnerligen
525 421 176 22 beaktansvärdt.
723 421 127 27 Isynnerhet
865 421 67 22 borde
944 422 26 21 de
981 422 51 21 kärr

274 455 40 21 och
334 461 89 20 mossar,
443 455 34 22 för
493 456 82 21 hvilkas
592 456 146 27 torrläggning
755 455 106 22 allmänna
877 457 69 21 medel
962 456 69 22 blifvit

273 490 104 25 använda,
393 490 25 21 så
432 489 44 22 fort
491 496 47 15 som
554 490 83 27 möjligt
652 490 113 27 uppodlas.
796 490 47 21 Och
859 490 28 21 då
902 491 81 26 hänsyn
998 493 32 18 ta-

273 530 37 20 ges
335 524 31 21 till
388 524 41 21 den
448 526 60 19 stora
524 525 112 26 betydelse
652 525 151 26 kärrodlingen
819 525 40 21 och
874 525 156 26 boskapssköt-

273 558 46 21 seln
336 558 62 21 hafva
414 559 32 21 för
462 559 38 21 vår
514 559 205 26 landthushällning,
735 559 62 21 torde
813 559 46 21 skäl
871 559 114 21 förefinnas
998 559 32 20 till

273 592 37 21 det
326 593 128 26 antagande,
469 595 32 19 att
516 592 85 27 hugade
618 593 139 27 spekulanter
772 593 47 21 icke
835 593 84 21 komme
935 595 32 19 att
983 592 48 22 sak-

272 632 45 20 nas,
333 626 7 22 i
356 626 104 22 händelse
483 627 132 27 lägenheter,
638 627 87 21 bildade
744 626 23 22 af
780 627 125 22 förberörda
919 627 110 27 kronojor-

272 661 44 24 dar,
332 661 72 21 kunde
420 661 50 21 med
485 661 39 21 full
540 662 128 26 eganderätt
683 661 124 27 förvärfvas,
824 662 143 26 synnerligast
983 662 46 25 där,

271 695 88 21 hvarest
382 695 52 22 flera
458 696 71 26 dylika
552 696 127 26 lägenheter
693 696 72 21 kunde
781 696 69 21 bildas
867 696 6 20 i
889 696 103 21 närheten
1009 696 22 20 af

271 729 127 26 hvarandra,
418 730 136 27 hvarigenom
571 730 32 21 för
619 731 62 20 deras
697 730 137 22 innehafvare
851 731 142 26 anläggandet
1009 729 23 22 af

271 764 80 27 nödiga
367 767 65 24 vägar
447 765 41 21 och
501 765 80 27 jämväl
597 765 118 21 ernåendet
730 765 23 21 af
766 765 67 21 andra
850 765 131 26 betingelser
996 764 33 21 för

272 798 62 21 deras
350 799 97 20 utkomst
462 799 169 21 underlättades.
657 799 82 21 Genom
756 799 41 21 den
813 805 28 15 nu
852 799 121 26 föreslagna
988 799 41 21 för-

272 833 119 27 ändringen
412 833 70 21 skulle
502 834 41 21 den
559 834 116 21 obesuttna
690 833 149 27 befolkningen
855 834 8 21 i
877 833 74 22 landet
966 833 63 22 bere-

273 867 38 21 das
327 867 7 21 i
350 867 69 27 någon
443 868 49 21 mån
513 868 66 21 ökadt
594 867 84 22 tillfälle
694 869 32 20 att
741 868 106 21 förvärfva
863 868 33 27 sig
912 874 53 21 egen
979 867 50 27 jord

272 901 40 22 och
333 901 58 22 fasta
409 902 180 27 boningsplatser.
621 902 76 21 Tillika
712 909 81 14 vunnes
809 904 32 19 att
857 908 26 15 en
900 902 34 21 del
949 901 22 22 af
985 903 44 19 sta-

270 937 49 20 tens
336 936 82 27 egande
431 936 49 27 jord
496 936 70 21 blefve
581 936 110 27 uppodlad
707 937 39 20 och
762 937 27 26 på
807 938 32 19 ett
849 942 60 15 mera
919 936 108 21 ändamål-

271 969 80 28 senligt
374 972 45 19 sätt
442 972 27 19 än
489 970 106 22 härintills
611 971 158 26 tillgodogjord,
785 970 93 21 hvarhos
894 971 81 20 kronan
991 976 36 21 ge-

270 1010 50 15 nom
343 1003 126 28 försäljning
491 1004 23 21 af
535 1005 71 26 dylika
626 1005 125 26 lägenheter
767 1005 39 20 och
821 1004 47 21 från
885 1005 64 20 dessa
963 1004 64 21 fram-

270 1038 60 22 deles
353 1039 109 26 utgående
485 1039 83 21 skatter
589 1039 56 22 hade
667 1041 33 19 att
722 1039 96 27 påräkna
841 1039 84 21 direkta
943 1039 85 20 inkom-

270 1075 52 18 ster.
353 1072 76 27 Någon
446 1073 114 26 olägenhet
575 1072 34 22 för
624 1076 83 18 statens
723 1073 204 26 skogshushällning
943 1078 50 15 vore
1009 1073 17 26 ej

269 1106 68 21 heller
360 1108 32 20 att
415 1107 79 26 befara,
511 1113 34 16 om
566 1107 40 22 den
623 1107 78 27 nådiga
716 1107 162 27 propositionen
894 1106 133 27 godkändes,

269 1143 29 24 ty,
314 1141 72 21 såsom
403 1140 63 22 ofvan
482 1141 133 26 framhållits,
632 1141 57 22 afser
709 1142 123 21 densamma
846 1140 131 27 upplåtande
991 1147 36 14 en-

269 1174 51 21 dast
336 1175 22 21 af
372 1175 68 21 sådan
453 1175 57 27 jord,
519 1181 46 15 som
581 1177 24 19 är
617 1175 33 22 för
660 1175 94 22 kronans
767 1175 203 26 skogshushällning
981 1181 46 14 um-

270 1209 76 26 bärlig.
376 1209 42 21 För
440 1211 33 19 att
496 1209 119 22 emellertid
638 1209 96 26 aflägsna
755 1209 74 27 hvarje
851 1209 151 21 missförstånd
1021 1209 7 20 i

269 1243 62 21 detta
354 1243 108 26 afseende,
486 1243 39 21 har
544 1243 108 22 utskottet
671 1243 117 27 föreslagit,
804 1245 33 19 att
852 1243 7 21 i
874 1243 153 26 förordningen

269 1277 130 22 hänvisades
426 1277 32 22 till
490 1277 6 28 $
519 1279 13 20 2
556 1278 6 21 i
585 1278 135 27 skogslagen,
741 1278 86 27 jämlikt
849 1277 85 22 hvilken
957 1283 70 15 annan

269 1311 58 27 slags
348 1312 49 27 jord
420 1311 48 22 icke
490 1311 33 22 fär
546 1312 31 21 till
601 1312 145 27 odlingsmark
769 1312 105 27 utbrytas.
905 1312 72 26 Enligt
993 1313 34 19 ut-

268 1345 96 22 skottets
380 1346 58 21 äsikt
453 1345 114 22 förefinnes
583 1346 48 21 icke
647 1346 46 21 skäl
709 1348 33 19 att
756 1345 99 27 förvägra
871 1345 110 28 Styrelsen
995 1347 33 19 att

269 1380 29 26 pä
321 1379 118 27 föreslaget
462 1382 44 19 sätt
529 1381 114 26 disponera
659 1379 59 22 öfver
733 1380 149 27 kronojorden,
903 1379 125 27 isynnerhet

269 1419 47 16 som
331 1414 77 21 värdet
423 1414 23 21 af
460 1415 42 21 den
518 1415 167 26 statsegendom,
701 1421 46 15 som
759 1414 76 21 härvid
845 1414 96 21 kommer
952 1413 75 28 ifräga,

268 1449 25 19 är
306 1447 158 28 jämförelsevis
480 1448 60 28 ringa
556 1448 39 22 och
611 1448 126 27 lägenheter
753 1448 78 21 endast
845 1448 7 21 i
868 1447 159 27 undantagsfall

337 1486 195 19 Ekonomiutskottets
544 1487 117 18 betänkande
673 1488 36 17 N:o
720 1488 17 17 2.
