1142 1803
285 194 27 20 36
470 193 29 22 U.
516 193 28 22 B.
561 206 26 2 —
604 193 76 28 Prop.
696 193 45 22 N:o
758 193 38 22 10.

255 256 89 21 säframt
360 256 129 27 delegarene
505 259 6 18 i
527 256 89 27 bolaget
631 256 48 21 icke
693 256 91 21 beredes
800 256 42 20 rätt
864 259 38 21 att,
928 258 6 18 i
961 256 51 20 hän-

256 290 60 20 delse
332 290 24 20 af
368 290 141 21 aktierättens
524 290 121 27 öfvergäng
660 292 29 25 pä
703 298 70 13 annan
789 294 59 17 utom
863 290 89 27 bolaget
970 291 40 20 stä-

256 324 56 21 ende
328 331 86 20 person,
430 325 70 20 utlösa
516 325 75 20 denne.
622 325 79 20 Derför
721 325 38 20 har
774 324 77 24 jemväl
866 326 6 18 i
885 324 127 27 lagstiftnin-

254 365 68 20 garne
348 360 88 25 intagits
463 359 137 26 bestämning
615 359 76 20 derom
709 362 38 21 att,
771 360 6 19 i
805 358 34 21 fall
864 359 77 20 sådant
971 358 42 21 för-

254 391 72 21 behäll
341 393 6 20 i
369 392 170 27 bolagsordning
560 393 69 20 blifvit
644 393 78 26 gjordt,
739 393 56 20 aktie
811 393 39 20 bör
870 393 36 20 vid
922 392 90 21 öfverlä-

255 425 56 21 telse
325 425 32 21 till
371 426 170 27 bolagsmännen
556 427 132 26 hembjudas.
700 427 43 20 Väl
754 427 23 20 är
790 427 41 20 den
839 427 96 20 enskilde
941 421 13 37 i
972 426 40 21 till-

255 459 50 21 fälle
321 463 31 17 att
368 467 24 13 ur
407 460 178 27 bolagsregistret
601 461 79 20 erhälla
695 461 132 26 upplysning
842 467 35 14 om
893 461 57 19 hvad
965 460 47 20 här-

255 495 87 19 utinnan
357 495 37 20 vid
409 495 100 26 bolagets
524 495 101 20 bildande
641 495 42 20 kan
697 501 52 14 vara
764 495 96 24 aftaladt,
881 501 49 14 men
955 501 56 13 eme-

256 528 42 20 dan
320 535 26 13 en
368 528 59 27 dylik
450 529 138 27 lösningsrätt
611 531 6 18 i
647 529 40 21 alla
710 529 36 20 fall
768 529 63 27 utgör
853 532 31 17 ett
903 529 109 26 undantag

254 562 46 20 från
330 563 41 20 den
401 563 105 21 allmänna
536 563 73 27 regeln
639 571 36 12 om
714 563 140 21 aktierättens
894 563 118 26 öfvergäng

254 599 57 17 samt
333 596 144 22 allmänheten
494 597 50 20 med
563 597 114 27 anledning
695 598 64 20 häraf
773 597 80 27 jemväl
877 597 38 20 lätt
940 597 71 20 kunde

254 630 80 20 förbise
350 634 32 17 att
396 634 52 24 taga
464 632 97 20 närmare
576 632 124 20 kännedom
715 638 36 14 om
766 632 86 20 hvilken
873 631 80 21 verkan
980 630 31 21 öf-

254 664 128 21 verlåtelsen
398 666 26 19 af
436 666 58 20 aktie
510 667 5 19 i
531 666 72 26 hvarje
619 666 100 20 särskildt
735 666 35 20 fall
785 666 42 20 kan
846 666 103 24 medföra,
976 672 35 20 sy-

254 705 38 13 nes
308 698 125 27 billigheten
448 700 73 20 fordra
536 704 32 17 att
584 700 104 21 förbehåll
703 708 36 13 om
759 700 43 21 rätt
827 700 30 20 till
883 700 82 20 inlösen
989 699 26 20 af

254 731 64 26 aktie,
340 733 33 20 för
398 737 32 17 att
456 734 63 26 gälla,
536 734 39 20 bör
593 736 6 19 i
615 734 143 21 aktiebrefvet
773 736 90 25 intagas.
893 734 8 20 I
917 733 94 27 enlighet

254 766 50 20 med
329 767 57 20 hvad
402 767 88 21 sålunda
505 768 124 21 framhållits
645 769 38 20 har
699 776 26 13 en
748 769 66 20 sådan
830 768 180 27 tilläggsbestäm-

254 801 51 26 ning
315 800 69 21 blifvit
395 801 52 28 uti
440 796 12 38 $
462 808 24 20 32
504 801 20 29 ($
541 802 34 27 31)
591 803 76 20 införd.

324 834 12 28 8
363 841 25 21 33
416 835 21 28 ($
466 838 32 24 32)
520 837 53 20 lider
588 837 35 20 väl
639 837 24 20 af
675 844 27 13 en
718 837 148 27 oegentlighet
882 838 5 19 i
903 837 24 20 så
942 838 68 19 måtto

255 871 32 18 att
303 869 88 27 bolaget
406 870 42 20 kan
464 871 52 26 göra
542 871 93 27 anspråk
661 872 29 26 på
715 871 187 27 skadeersättning
928 871 31 20 för
985 879 26 12 en

254 906 46 17 mot
328 902 12 28 $
359 909 23 14 21
416 903 21 28 ($
459 904 37 26 20)
526 905 109 20 stridande
659 906 110 27 utdelning
791 906 55 21 blott
869 908 6 18 i
897 906 42 20 den
960 906 50 20 hän-

254 936 60 21 delse
330 941 32 16 att
378 938 42 20 den
435 938 125 27 härigenom
575 939 126 27 uppkomna
717 940 81 20 bristen
813 940 48 20 icke
883 940 66 20 redan
965 940 46 21 blif-

253 971 31 20 vit
300 975 73 17 ersatt.
404 972 34 20 Då
454 972 118 21 emellertid
589 981 26 12 en
631 973 60 26 dylik
706 974 111 27 utdelning
833 974 44 21 ofta
893 981 44 20 nog
959 974 51 20 hän-

254 1004 33 20 för
312 1006 33 25 sig
367 1005 32 21 till
417 1013 26 13 en
459 1007 156 26 jämförelsevis
631 1008 60 27 långt
706 1009 95 26 aflägsen
817 1009 37 24 tid,
871 1009 139 26 hvarigenom

253 1038 112 26 praktiska
380 1041 134 25 svårigheter
529 1041 67 21 skulle
611 1049 48 13 resa
674 1044 34 24 sig
723 1045 59 18 emot
805 1043 204 26 anhängiggörande

253 1072 26 19 af
297 1072 258 29 skadeersättningstalan
580 1077 30 18 uti
633 1076 92 20 berörda
749 1076 109 24 afseende,
884 1083 65 19 synes
964 1076 45 28 &:ns

253 1105 123 27 stadgande
386 1107 65 20 likväl
466 1108 52 20 böra
533 1108 124 25 bibehållas,
674 1109 56 21 helst
745 1109 175 28 bolagsmännen,
937 1110 72 21 hvilka

251 1138 93 28 bidragit
359 1140 32 21 till
406 1148 26 13 en
448 1141 113 28 lagstridig
575 1143 117 28 utdelning,
701 1144 80 26 jemväl
791 1145 6 20 i
809 1145 71 26 någon
891 1145 49 20 mån
952 1145 57 26 gjort

250 1174 34 25 sig
299 1174 117 21 ursäktade
431 1183 79 20 genom
526 1177 91 21 bristens
637 1178 130 21 ersättande.

320 1208 8 19 I
344 1208 74 27 hvarje
433 1210 125 28 aktiebolag
572 1212 86 20 inträffa
673 1213 76 20 nästan
765 1213 102 26 dagligen
891 1215 117 26 penninge-

250 1241 158 22 transaktioner
424 1244 25 19 af
461 1244 57 21 olika
532 1245 53 27 slag,
602 1246 42 20 och
659 1253 48 14 som
722 1247 99 26 bolagets
837 1247 113 27 tillgångar
961 1248 46 20 icke

252 1274 60 21 alltid
327 1275 71 21 kunna
413 1284 51 13 vara
480 1279 128 26 disponibla,
626 1280 120 21 framkallas
762 1281 64 20 häraf
837 1281 50 20 med
912 1281 96 21 nödvän-

250 1309 76 26 dighet
341 1310 87 21 fordran
444 1312 29 26 på
488 1313 103 26 rättighet
607 1313 32 20 för
655 1315 105 25 styrelsen
773 1318 32 17 att
821 1317 6 18 i
837 1315 100 27 bolagets
944 1323 63 13 namn

244 1342 76 25 ikläda
336 1345 34 25 sig
384 1346 250 27 penningeförbindelser
650 1348 24 20 af
687 1349 41 20 den
744 1353 56 16 mest
825 1349 119 21 olikartade
971 1350 36 20 be-

247 1376 128 22 skaffenhet.
406 1379 106 22 Särskildt
527 1381 66 26 gäller
609 1382 61 21 detta
686 1383 125 27 aktiebolag
825 1383 50 20 med
891 1391 58 13 mera
960 1385 46 20 vidt

247 1411 119 26 utgrenade
382 1413 83 20 affärer.
496 1414 58 21 Utan
570 1416 43 20 rätt
628 1417 134 26 exempelvis
778 1420 33 18 att
826 1417 71 21 ikläda
923 1419 32 25 sig
970 1425 36 13 ve-

247 1444 180 22 xelförbindelser
442 1447 68 21 skulle
525 1449 107 25 styrelsen
648 1450 45 20 ofta
708 1457 45 21 nog
767 1450 71 21 kunna
854 1451 65 21 blifva
941 1452 64 20 allde-

246 1476 32 21 les
294 1478 105 22 förlamad
415 1481 5 19 i
436 1482 32 19 sin
483 1481 144 27 verksamhet,
643 1490 49 14 men
708 1484 64 21 äfven
797 1485 66 20 andra
888 1481 117 35 penninge-

314 1516 53 24 Lag-
380 1518 31 18 och
425 1519 181 20 Ekonomiutskottets
619 1522 110 18 betänkande
741 1523 38 17 N:o
792 1524 17 16 2.
