1142 1803
396 203 28 22 U.
439 204 24 22 B.
482 216 22 3 —
522 203 63 27 Prop.
601 202 40 23 N:o
658 205 19 20 9.
864 205 26 20 57

159 268 75 20 trettio
249 268 30 24 år,
302 267 38 21 har
355 274 27 14 en
403 266 176 28 omformulering
593 266 25 21 af
629 266 35 28 &n
679 268 6 19 i
700 266 62 22 detta
778 266 58 27 syfte
850 266 70 23 blifvit

160 301 110 27 vidtagen.

229 335 137 27 Stadgandet
388 336 31 20 uti
442 342 76 14 senare
540 341 65 15 mom.
624 334 25 21 af
660 335 13 26 &
691 340 22 21 31
732 335 45 21 står
792 336 6 19 i
813 335 108 27 väsentlig

161 369 226 22 öfverensstämmelse
409 369 51 22 med
481 375 13 20 9
510 368 96 28 punkten
621 370 7 19 i
643 368 177 28 presterskapets
835 369 85 27 privile-

160 405 51 26 gier,
236 403 57 22 dock
315 407 39 22 att,
376 403 52 22 enär
448 403 217 27 hushållningsmålen
680 403 32 21 till
727 403 70 21 större
812 403 63 22 delen
890 403 30 22 af-

160 438 76 27 lyftats
251 438 47 21 frän
313 437 153 26 domstolarna,
480 437 94 27 jemväli
587 437 142 21 förevarande
739 438 12 25 $
762 437 157 27 ,;tingsrätten"'

160 475 79 18 ersatts
262 472 50 21 med
334 471 107 28 guvernör
464 472 72 20 såsom
558 471 129 27 myndighet
709 471 33 21 för
765 471 118 27 afgörande
898 471 27 21 af

159 506 207 28 torpanläggningar
381 507 13 20 å
409 505 175 28 prestboställen.
609 506 67 21 Emot
691 509 119 19 momentet
825 506 38 20 har
878 507 42 20 vis-

160 541 93 27 serligen
268 540 109 21 anmärkts
392 543 39 22 att,
447 547 37 14 om
498 540 196 21 boställshafvaren
710 540 71 21 blefve
796 540 124 27 berättigad

160 574 31 21 till
206 574 74 27 dylika
296 574 155 27 anläggningar
466 575 63 20 innan
552 574 51 27 plan
619 574 32 20 för
666 574 136 27 hushållning
816 574 50 20 med
881 574 39 21 bo-

161 608 83 21 ställets
268 608 56 27 skog
344 608 69 21 blifvit
429 608 106 25 faststäld,
556 608 260 27 hushållningsplanernas
831 615 89 21 genom-

161 642 90 21 förande
267 642 126 28 derigenom
408 644 6 19 i
429 642 108 28 väsentlig
552 649 50 14 mon
617 642 68 21 skulle
701 642 110 26 fördröjas,
828 649 49 14 men
892 643 28 20 då

160 677 14 20 å
188 677 68 20 andra
277 677 62 20 sidan
354 684 26 13 en
396 676 83 28 rundlig
496 676 33 22 tid
543 676 64 22 torde
622 677 58 27 åtgå,
697 678 64 19 innan
776 677 63 21 dessa
855 677 64 21 hinna

160 710 134 25 verkställas,
311 711 42 20 och
375 710 207 21 boställshafvarens
605 711 43 20 rätt
667 710 32 21 till
713 711 208 27 torpanläggningar

162 744 106 21 derunder
289 751 52 14 vore
364 745 88 20 alldeles
475 745 112 25 åsidosatt,
605 745 72 20 derest
693 745 125 20 densamma
833 745 87 27 gjordes

161 779 111 20 beroende
287 779 25 20 af
323 779 93 20 nämnda
431 779 75 25 vilkor,
523 779 80 21 hvilket
619 780 46 20 åter
681 779 87 20 komme
783 781 6 19 i
804 779 53 21 strid
869 778 51 21 med

161 813 127 27 åberopade
304 813 67 27 punkt
387 815 6 19 i
409 813 175 28 presterskapets
600 813 129 28 privilegier,
746 813 37 21 har
794 813 126 21 Utskottets

161 847 109 27 pluralitet
285 851 71 18 ansett
371 849 34 25 sig
420 847 48 21 icke
482 847 71 21 kunna
567 847 74 21 förena
657 849 33 26 sig
706 854 36 14 om
756 847 93 21 nämnda
857 848 62 26 åsigt.

159 881 36 21 Då
216 882 68 27 några
306 881 120 22 ledamöter
448 883 58 20 inom
522 882 115 21 Utskottet
652 881 120 22 emellertid
787 882 58 21 velat
860 881 60 21 bibe-

160 915 57 22 hålla
239 923 65 14 mom.
328 916 128 27 fullkomligt
479 916 146 25 oförändradt,
649 916 39 21 har
711 915 126 22 Utskottets
853 915 68 22 flertal

161 949 58 21 dock
240 950 18 26 ej
282 950 80 21 kunnat
381 950 75 21 förena
478 952 34 25 sig
532 950 82 21 härom.
645 950 78 21 Såsom
737 957 64 14 mom.
818 952 6 19 i
840 957 81 20 propo-

162 985 92 20 sitionen
278 985 23 20 är
324 985 145 25 formuleradt,
485 984 72 21 kunde
572 985 50 20 dess
638 985 161 27 bestämningar
813 984 108 21 måhända

162 1018 72 21 tolkas
250 1018 81 21 derhän
346 1022 32 17 att
392 1019 142 27 guvernören,
551 1025 36 14 om
602 1019 42 20 han
657 1019 42 20 ock
717 1026 52 13 vore
780 1019 78 27 pligtig
867 1019 54 20 höra

162 1052 153 28 församlingen
337 1052 60 21 öfver
420 1053 206 21 boställshafvarens
646 1053 121 27 ansökning
782 1060 36 13 om
833 1056 88 24 torpan-

161 1086 110 27 läggning,
288 1086 64 21 likväl
367 1087 48 20 icke
424 1094 52 13 vore
492 1087 119 20 förbunden
623 1090 32 17 att
667 1087 56 20 fästa
733 1087 74 21 vidare
818 1086 103 23 afseende

161 1121 13 20 å
196 1120 163 28 församlingens
381 1121 109 26 yttrande.
520 1121 45 20 När
588 1128 65 13 mom.
670 1121 71 21 derför
757 1121 162 26 omredigerats,

161 1155 39 20 har
222 1155 90 20 dermed
327 1155 47 21 icke
392 1159 91 23 utsagts,
500 1159 32 17 att
547 1155 163 27 församlingens
725 1155 96 22 tillstånd
835 1155 31 22 till
881 1154 40 27 dy-

160 1189 43 21 lika
226 1189 155 28 anläggningar
403 1196 53 13 vore
471 1189 111 28 behöfligt,
601 1193 52 17 utan
668 1193 32 18 att
715 1189 151 27 församlingen
881 1189 40 20 bör

162 1229 51 14 vara
236 1223 124 27 berättigad
382 1227 33 17 att
429 1227 114 23 gentemot
558 1223 195 21 boställshafvaren
768 1224 29 27 på
811 1226 33 18 ett
858 1222 62 21 verk-

160 1257 44 21 sätt
226 1258 47 19 visa
296 1257 37 21 det
356 1257 27 21 de
402 1257 177 27 förutsättningar
602 1257 33 21 för
650 1261 63 24 torps
728 1257 128 25 inrättande,
872 1263 48 15 som

161 1297 65 14 mom.
242 1291 104 27 angifver,
362 1291 48 22 icke
426 1291 38 21 äro
479 1291 126 22 förhanden.

228 1325 76 22 Skälet
319 1325 31 22 till
365 1325 100 28 tillägget
481 1327 30 20 uti
526 1333 76 13 senare
617 1332 65 14 mom.
699 1325 22 21 af
733 1325 12 27 &
759 1331 24 21 32
794 1325 64 22 torde
869 1328 51 17 utan

159 1358 77 22 vidare
251 1359 127 28 utläggning
392 1366 52 14 vara
460 1359 87 28 tydligt.

228 1393 9 20 I
266 1393 60 28 fråga
353 1400 37 14 om
414 1393 152 28 stadgandena
587 1395 9 20 i
620 1393 12 29 8
660 1400 25 21 33
711 1394 39 21 har
775 1394 88 21 uttalats
887 1396 33 18 att

160 1427 111 23 desamma
286 1427 75 21 främst
377 1428 49 20 bort
440 1428 88 21 affattas
544 1429 24 19 sä
575 1428 94 25 allmänt,
681 1431 32 18 att
723 1429 42 19 den
773 1428 110 21 blifvande
891 1427 30 21 la-

158 1468 42 20 gen
216 1468 37 14 om
268 1461 49 27 lega
332 1461 25 21 af
366 1461 50 27 jord
431 1462 29 26 pä
476 1461 80 26 landet,
572 1468 36 14 om
623 1462 64 20 hvars
703 1462 142 21 utarbetande
857 1461 64 21 Stän-

158 1495 67 21 derna
240 1495 37 21 vid
289 1495 145 21 innevarande
449 1495 105 28 landtdag
564 1496 87 21 beslutit
661 1496 120 25 hemställa,
792 1495 72 21 kunde
875 1502 45 14 om-

226 1534 49 22 Lag-
288 1534 32 17 och
332 1534 184 21 Ekonomiutskottets
528 1534 110 20 betänkande
650 1536 37 16 N:o
699 1535 18 17 4.
