1142 1803
373 185 29 22 U.
419 185 27 21 B.
463 197 28 3 —
508 184 74 28 Prop.
598 184 45 22 N:o
659 185 22 22 8.
858 188 12 18 3

138 248 56 20 ännu
210 248 32 20 för
258 255 27 13 en
300 248 31 20 tid
346 247 88 21 kvarstå
451 249 7 19 i
473 247 99 27 tjensten,
589 248 108 26 nämligen
713 248 28 20 då
757 248 61 21 detta
826 248 73 22 befun-

138 289 38 13 nes
199 282 33 20 för
255 282 122 20 läroverket
401 282 151 27 ,synnerligen
574 282 132 26 gagneligt",
730 282 39 20 har
784 282 115 22 Utskottet

139 319 72 18 ansett
234 316 64 20 altför
320 316 138 26 begränsadt,
476 316 28 20 då
520 316 132 26 stadgandet
668 316 75 20 härom
759 316 68 21 skulle
842 317 58 27 gifva

140 350 116 26 anledning
277 350 32 20 till
331 350 145 20 afskedandet
494 350 81 25 jämväl
597 350 26 20 af
641 350 81 20 sådana
737 350 72 27 gamla
824 350 75 26 lärare,

140 384 83 21 hvilkas
246 383 136 21 verksamhet
405 384 55 20 ännu
482 391 53 13 vore
557 383 45 22 fullt
624 384 42 20 lika
689 385 72 26 nyttig
776 384 33 21 för
823 384 76 21 skolan

140 425 48 14 som
211 417 102 21 flertalets
336 418 25 20 af
380 418 68 27 öfriga
471 417 75 26 lärare,
569 418 66 20 ehuru
650 418 48 20 icke
713 418 25 20 af
750 425 27 14 en
791 419 24 20 sä
831 419 69 20 öfver-

140 453 102 26 vägande
267 452 120 26 betydelse,
414 455 32 18 att
469 452 131 25 densamma,
621 455 107 24 noggrant
754 452 81 27 afvägd
859 453 42 20 och

141 487 171 26 kategoriserad,
333 487 92 26 ansåges
441 486 53 21 böra
510 486 118 21 betecknas
644 487 73 20 såsom
732 486 33 21 för
779 487 123 21 läroverket

144 520 146 28 ,Synnerligen
312 520 123 27 gagnelig".
465 520 78 21 Redan
566 521 51 20 med
640 520 117 27 anspråket
779 524 33 18 att
834 521 67 21 sådan

142 555 80 20 lärares
238 555 51 19 eller
304 554 116 20 lärarinnas
435 555 144 20 kvarstående
595 556 6 18 i
616 554 99 26 tjensten,
732 555 33 20 för
780 558 33 18 att
825 555 77 27 ifråga-

142 588 94 25 komma,
252 588 54 21 skall
321 588 94 21 befinnas
432 588 137 28 ,gagneligt"
585 588 64 21 torde
665 588 124 27 syftemålet
799 590 50 20 med
860 589 42 21 den

143 622 123 27 föreslagna
287 622 62 27 lagen
365 635 27 2 —
408 622 32 21 för
456 623 71 20 såvidt
542 622 37 22 det
595 623 28 27 på
639 623 70 21 denna
724 623 44 27 väg
782 623 42 21 kan
840 624 61 20 ernås

146 669 23 2 —
186 664 52 13 vara
253 660 85 18 vunnet.

213 691 34 20 11
266 690 12 29 8
294 691 38 21 har
347 691 115 21 Utskottet
478 691 111 21 dessutom
604 691 68 21 funnit
687 691 76 27 nödigt
779 694 31 18 att
826 692 76 26 utbyta

145 725 63 21 ordet
223 725 103 26 ,bevilja”
344 728 46 18 mot
406 725 114 28 ,erbjuda*
538 725 32 20 för
585 729 32 17 att
633 725 89 21 sålunda
737 725 108 27 tydligare
857 726 46 20 vid-

145 759 151 27 handengifva,
318 759 38 21 det
378 759 43 21 rätt
446 763 32 17 att
500 759 131 21 kvarstanna
653 761 7 19 i
682 759 149 27 befattningen
855 759 48 22 icke

145 793 73 21 blefve
233 794 109 20 beroende
358 793 25 21 af
394 793 127 27 ansökning,
537 797 51 17 utan
603 793 75 25 borde,
695 793 124 21 oberoende
835 794 24 20 af
870 795 33 19 så-

146 828 49 25 dan,
222 827 24 20 af
262 827 164 21 vederbörande
451 827 128 27 myndighet
603 827 138 21 tillerkännas
764 827 68 21 lärare
853 827 51 22 eller

145 862 111 25 lärarinna,
279 862 63 20 hvars
365 862 144 20 kvarstående
532 862 91 27 ansåges
645 862 118 27 gagneligt.
799 861 53 21 Med
877 869 27 14 en

146 896 68 21 sådan
230 896 119 27 anordning
365 908 27 3 —
407 896 107 21 måhända
530 895 63 21 äfven
609 896 86 26 åsyftad
711 897 6 19 i
733 897 170 26 propositionen,

146 930 66 21 ehuru
228 931 62 20 detta
304 930 47 21 icke
366 930 80 27 tydligt
461 930 93 27 framgår
569 929 26 21 af
606 930 50 20 dess
672 930 137 26 ordalydelse
827 942 24 3 —
867 930 37 21 be-

147 964 79 21 friades
249 965 42 20 den
313 965 193 27 afgångsskyldige
528 964 82 21 läraren
632 964 46 21 från
693 965 42 20 den
750 965 154 26 motbjudande

146 999 192 27 nödvändigheten
360 1003 32 17 att
412 999 50 26 sjelf
478 999 68 21 uttala
561 999 37 20 det
613 999 138 20 bedömande
766 999 25 20 af
801 1001 33 18 sin
849 1005 56 21 egen

146 1033 145 25 verksamhet,
308 1040 47 13 som
371 1041 27 13 en
412 1033 25 21 af
449 1033 81 20 honom
545 1033 62 27 gjord
623 1033 96 20 ansökan
735 1036 32 18 att
782 1033 21 20 få
817 1033 88 20 kvarstå

148 1068 6 19 i
168 1068 94 25 tjensten
276 1067 60 21 alltid
352 1067 66 20 skulle
434 1067 102 20 innebära
552 1067 41 20 och
601 1074 48 13 som
657 1070 51 17 utan
716 1066 75 21 tvifvel
799 1066 66 21 skulle
874 1066 31 20 af-

148 1101 57 21 hålla
220 1103 98 25 mången,
334 1101 81 20 kanske
431 1101 74 20 främst
521 1101 42 20 den
577 1100 138 27 skickligaste
725 1101 41 20 och
777 1103 55 18 mest
843 1107 62 20 gran-

149 1135 49 27 laga
214 1135 88 25 läraren,
318 1135 45 21 från
378 1135 124 27 ingifvande
518 1135 24 20 af
554 1135 67 20 sådan
636 1134 102 21 ansökan.

217 1170 61 20 Inom
293 1169 115 22 Utskottet
423 1169 38 20 har
476 1169 64 20 äfven
552 1169 130 26 ifrågasatts,
695 1169 104 20 huruvida
810 1169 37 20 det
858 1168 47 21 icke

149 1205 124 26 lämpligast
291 1205 67 20 borde
382 1204 20 21 få
425 1204 114 20 ankomma
554 1204 13 19 å
583 1197 175 32 Öfverstyrelsen
773 1203 33 20 för
820 1202 85 21 skolvä-

150 1239 76 20 sendet
248 1242 32 17 att
303 1238 125 21 tillerkänna
451 1237 179 28 afgångsskyldig
652 1237 68 20 lärare
736 1237 51 20 eller
802 1237 103 20 lärarinna

150 1274 43 21 rätt
209 1277 31 17 att
256 1275 43 19 viss
314 1273 31 21 tid
360 1273 87 20 kvarstå
460 1274 6 19 i
478 1272 99 27 tjensten.
607 1272 52 20 Men
671 1271 92 21 emedan
773 1271 36 21 vid
819 1274 87 18 senaste

150 1307 148 22 ständermöte
314 1311 31 17 ett
361 1307 69 27 dylikt
446 1306 189 27 ändringsförslag,
649 1313 47 13 som
712 1306 28 20 då
751 1305 126 21 förordades
885 1305 25 20 af

151 1341 142 28 lagutskottet
315 1343 5 18 i
336 1341 50 20 dess
402 1340 137 21 betänkande
555 1342 5 19 i
575 1340 81 27 frågan,
673 1339 47 21 icke
735 1347 57 12 vann
807 1339 99 20 ständer-

151 1376 115 28 pluralitet,
289 1376 38 20 har
350 1375 126 21 Utskottets
499 1374 69 21 flertal
583 1374 48 21 icke
647 1377 70 18 ansett
733 1375 33 25 sig
781 1373 52 20 böra
849 1374 57 25 ånyo

151 1414 98 24 upptaga
266 1411 125 20 detsamma.

220 1445 66 19 Emot
309 1450 11 14 2
344 1443 12 27 &
378 1445 6 19 i
400 1443 103 26 förslaget
519 1442 31 21 till
566 1442 124 26 förordning
705 1442 38 20 har
759 1441 114 21 Utskottet
889 1440 18 26 ej

152 1479 46 21 haft
214 1480 66 25 något
296 1482 32 17 att
343 1478 108 20 anmärka.

222 1518 130 22 Lagutskottets
364 1517 61 17 andra
437 1516 111 18 betänkande
560 1515 37 17 N:o
609 1515 18 17 2.
