1142 1803
375 196 29 22 U.
420 196 26 21 B.
464 208 24 4 —
505 196 68 29 Prop.
589 196 44 22 N:o
648 198 19 20 9.
855 201 26 19 35

148 257 69 21 blifvit
232 259 166 27 omredigeradt.
428 259 78 21 Tillika
522 260 42 20 och
579 260 28 21 då
625 266 24 14 12
665 268 22 20 p.
704 262 6 19 i
725 261 84 21 Adelns
825 265 56 18 samt
896 267 13 22 7

148 298 22 20 p.
186 293 6 19 i
207 292 175 28 presterskapets
397 295 55 25 priv.
468 301 80 20 genom
563 294 43 21 den
621 294 123 28 föreslagna
756 295 153 28 förordningen

148 325 86 21 komme
250 330 32 17 att
296 327 96 27 undergä
408 328 97 26 ändring,
521 328 39 20 har
575 328 77 22 sädant
664 332 84 18 ansetts
759 329 52 21 böra
824 330 86 27 utryck-

148 360 57 26 ligen
227 361 126 20 omnämnas
376 363 30 19 uti
421 363 111 25 ingressen
550 362 32 21 till
600 363 160 27 förordningen.
790 363 35 21 De
841 364 68 27 öfriga

148 393 46 21 deri
217 395 103 26 vidtagna
343 395 114 28 ändringar
479 396 64 21 torde
566 396 75 21 härvid
662 397 49 20 icke
726 397 94 21 behöfva
835 399 74 20 vidare

148 428 107 27 päpekas.

217 497 112 28 Principen
352 501 31 18 att
406 498 41 20 alla
470 498 34 25 de,
529 505 47 14 som
598 500 31 19 uti
649 499 154 28 församlingen
821 500 88 27 erlägga

148 531 174 28 presterskapets
345 532 99 27 aflöning,
466 532 81 27 jemväl
569 533 62 20 skola
651 533 85 21 biträda
752 537 112 24 presterne
879 537 30 19 uti

148 564 118 28 byggande
281 566 42 20 och
337 566 111 21 underhäll
463 567 25 19 af
500 567 62 20 deras
578 567 164 27 embetsgärdar
752 569 57 19 inom
820 569 89 20 försam-

147 598 78 27 lingen,
241 600 81 21 afviker
337 602 30 19 uti
382 607 46 14 mer
443 601 27 20 än
486 604 32 18 ett
533 601 103 21 afseende
651 601 46 21 frän
713 602 42 20 den
770 609 27 13 nu
807 602 101 28 gällande

148 634 82 20 rättens
251 634 160 28 bestämningar
432 636 7 19 i
457 635 79 21 ämnet.
567 635 68 21 Utom
651 639 32 17 att
699 636 70 20 denna
784 636 124 28 byggnads-

148 667 130 27 skyldighet,
302 669 66 27 enligt
390 676 28 14 nu
433 669 101 27 gällande
557 670 41 26 lag,
621 670 78 21 endast
713 670 101 21 hänförer
829 673 33 25 sig
877 671 31 21 till

148 702 181 26 kyrkoherdebol,
345 704 67 19 hvilar
424 704 130 25 densamma,
567 704 94 20 fränsedt
675 704 160 21 förhällandena
845 706 5 19 i
859 705 50 21 stad

149 735 42 21 och
206 736 64 21 ofvan
290 737 111 21 anmärkta
416 738 123 26 stadgande
554 745 37 13 om
606 738 121 26 gvarnverk
743 739 41 20 och
799 739 59 25 bruk,
875 739 32 20 för

148 769 135 22 närvarande
298 771 136 22 uteslutande
449 773 30 26 pä
494 772 42 20 den
547 772 138 21 mantalsatta
694 772 77 26 jorden
779 774 58 19 inom
845 773 63 21 sock-

148 811 41 14 nen
198 804 42 21 och
247 805 48 20 icke
311 813 37 13 ens
364 806 27 20 all
404 806 70 20 denna
480 805 50 27 jord
539 806 82 21 skattar
629 806 76 21 härtill.
726 807 73 26 Enligt
807 809 101 25 proposi-

147 839 74 20 tionen
244 839 98 22 deremot
364 840 104 21 omfattar
490 840 218 27 byggnadsbesväret
724 841 18 26 ej
758 841 55 21 blott
828 841 79 26 kyrko-

148 872 132 21 herdebolen
291 877 50 18 utan
351 877 72 24 prests
432 874 139 27 embetsgärd
579 874 150 25 öfverhufvud,
739 875 42 20 och
788 876 29 26 pä
825 882 82 14 samma

147 907 58 27 gäng
216 907 269 28 byggnadsskyldigheten
502 909 22 20 är
540 908 109 21 inskränkt
660 909 32 20 till
702 909 73 26 hvarje
783 909 125 28 församling

147 936 33 25 för
194 943 39 25 sig,
250 942 87 27 utgöres
353 943 92 20 berörda
460 942 127 27 skyldighet
602 943 50 20 med
667 943 136 27 tillämpning
813 943 25 20 af
845 950 62 20 grun-

147 975 66 21 derna
235 976 32 20 för
290 977 141 27 erläggandet
454 977 24 20 af
494 977 184 27 prestaflöningen
693 980 52 18 utan
759 977 110 27 undantag
885 978 25 20 af

146 1009 28 21 all
189 1011 6 19 i
210 1011 80 20 manta]
304 1014 44 18 satt
360 1011 56 26 jord,
431 1018 50 13 men
497 1011 104 26 derjemte
616 1011 26 20 af
652 1011 141 27 inrättningar
809 1011 42 21 och
859 1019 48 20 per-

146 1051 70 17 soner,
232 1044 72 21 hvilka
319 1045 45 20 frän
380 1045 199 27 byggnadstungan
595 1045 56 20 förut
666 1047 55 19 varit
737 1045 102 21 befriade.

216 1078 176 27 Propositionens
414 1079 162 26 bestämningar
599 1080 6 19 i
627 1079 80 24 ämnet,
726 1079 181 20 sammanfattade

146 1113 30 20 uti
192 1115 32 18 ett
239 1112 101 21 särskildt
355 1113 81 27 förslag
447 1113 32 21 till
491 1113 132 26 förordning,
632 1113 113 27 angäende
755 1113 152 27 skyldigheten

146 1149 32 18 att
194 1147 87 26 deltaga
296 1148 7 19 i
318 1147 118 27 byggande
451 1147 43 20 och
509 1147 110 21 underhäll
633 1147 25 20 af
671 1148 115 26 prestgärd
801 1149 6 19 i
823 1147 84 21 landets

146 1181 243 26 evangelisk-lutherska
413 1182 156 27 församlingar,
593 1181 46 21 afse
661 1182 90 20 sålunda
769 1185 32 18 att
816 1183 7 19 i
837 1185 70 18 mesta

145 1215 87 26 möjliga
242 1216 50 19 män
301 1215 53 21 lätta
366 1216 41 21 den
419 1216 69 21 börda
497 1215 101 22 särskildt
606 1216 152 27 kapellanerne
767 1216 41 21 och
817 1215 90 22 sockne-

146 1249 140 26 adjunkterne
301 1249 65 27 enligt
382 1250 36 27 lag
432 1250 48 21 haft
496 1252 34 25 sig
544 1250 81 27 pälagd
637 1250 24 21 af
669 1250 148 27 ifrägakomna
832 1253 73 24 tunga,

145 1290 49 13 men
217 1283 64 20 äfven
302 1287 32 17 att
355 1283 68 22 tillika
438 1284 152 21 ästadkomma
605 1285 131 20 ätminstone
752 1291 27 14 en
793 1285 114 20 rättvisare

146 1317 120 27 fördelning
281 1317 49 21 utaf
342 1318 190 27 församlingarnas
547 1322 77 23 anpart
639 1319 31 20 uti
680 1318 224 27 byggnadsbesväret.

145 1351 111 26 Derjemte
271 1351 67 21 skulle
354 1352 66 21 ocksä
435 1352 128 27 tillämpliga
578 1352 94 27 grunder
687 1352 33 21 för
732 1351 175 28 byggnadsskyl-

146 1385 114 27 dighetens
275 1386 120 26 utgörande
410 1387 7 20 i
432 1386 50 21 stad
498 1387 46 20 äter
559 1387 86 20 införas.

214 1419 54 21 Lika
284 1420 225 21 öfverenstämmande
524 1420 50 21 med
590 1420 125 26 billigheten
731 1427 47 14 som
790 1420 39 21 det
839 1420 23 19 är
875 1422 32 18 att

145 1453 125 27 kapellaner
293 1454 41 20 och
356 1454 197 26 sockneadjunkter
575 1454 89 26 fritagas
685 1454 46 20 frän
755 1453 154 27 skyldigheten

146 1490 32 18 att
189 1494 109 14 ensamme
308 1488 123 20 underhälla
442 1489 46 19 sina
499 1488 43 25 bol,
551 1488 42 20 lika
601 1488 60 26 billig
669 1495 66 19 synes
745 1488 164 26 bestämningen

214 1526 48 22 Lag-
275 1526 33 18 och
320 1526 188 18 Ekonomiutskoiteis
520 1526 111 18 betänkande
641 1526 38 18 N:o
691 1528 17 16 4.

1131 261 11 27 W
