1142 1803
373 173 30 23 U.
420 174 28 22 B.
464 186 29 3 —
507 173 75 28 Prop.
598 174 43 22 N:o
655 173 22 22 2.

400 618 252 23 Ekonomiutskottets
665 618 150 22 betänkande
826 618 43 22 N:o
881 618 20 27 1,

352 652 10 22 i
384 652 130 28 anledning
537 652 28 22 af
581 652 67 22 Hans
670 652 137 28 Kejserliga
831 652 70 28 Maje-

352 687 62 21 stäts
434 686 89 28 nådiga
541 687 161 28 proposition,
719 686 120 28 angående
852 686 49 23 för-

353 721 91 21 ändrad
460 721 90 26 lydelse
566 721 27 22 af
606 721 15 28 $
636 720 27 22 12
679 721 9 21 i
703 720 88 28 nädiga
805 721 96 22 förord-

353 755 89 27 ningen
464 761 38 16 om
524 755 135 27 personella
674 755 166 27 utskylderna,
857 755 45 27 gif-

351 795 43 16 ven
410 789 45 22 den
470 789 30 22 20
515 789 119 22 Februari
650 789 63 22 1865.

216 887 149 21 Förevarande
380 886 81 27 nädiga
479 887 134 26 proposition
633 886 39 22 har
687 887 23 21 af
724 887 99 27 samtliga
838 887 65 22 ständ

146 921 7 20 i
170 920 104 22 afseende
290 921 13 21 å
317 920 157 22 förberedande
490 921 161 28 handläggning
662 921 131 22 remitterats
805 921 32 22 till
848 921 55 22 Eko-

146 955 173 26 nomiutskottet,
344 961 46 15 som
413 955 95 22 därefter
530 955 47 22 från
600 955 121 27 Kejserliga
745 955 94 22 Senaten
861 955 42 22 fått

147 991 110 25 emottaga
280 989 106 22 särskilda
408 990 35 21 vid
459 990 103 22 ärendets
577 990 118 27 beredning
711 990 110 21 tillkomna
836 990 67 21 hand-

146 1024 68 27 lingar
230 1026 56 19 samt
301 1024 141 22 meddelande
458 1025 82 26 därom,
556 1026 32 20 att
603 1025 35 21 vid
653 1024 86 28 frågans
755 1025 148 26 behandling
893 1020 14 36 i

146 1058 94 22 Senaten
263 1058 70 27 någon
356 1059 133 26 omröstning
514 1059 48 21 icke
589 1059 108 21 förefallit.
728 1059 112 21 Utskottet
865 1059 39 21 har

144 1092 81 27 jämväl
240 1092 92 21 medelst
346 1093 202 26 protokollsutdrag
563 1093 86 22 erhållit
665 1093 34 22 del
715 1093 22 21 af
747 1093 39 21 den
798 1093 35 21 vid
842 1095 61 19 ären-

148 1127 48 21 dets
212 1127 76 21 remiss
303 1127 6 20 i
325 1127 172 27 Borgarståndet
512 1127 153 27 försiggångna
681 1127 157 22 diskussionen.

216 1161 31 21 På
262 1162 44 20 sätt
322 1161 22 21 af
357 1161 109 22 utskottet
477 1161 179 22 tillhandahållna
670 1161 127 27 handlingar
805 1160 99 28 framgår,

147 1194 39 21 har
208 1194 162 27 ifrågavarande
392 1195 80 27 nådiga
494 1195 133 27 proposition
650 1195 119 22 föranledts
785 1195 23 22 af
822 1201 26 16 en
864 1195 41 21 till-

147 1229 63 21 tänkt
224 1235 27 21 ny
266 1228 124 28 förordning
414 1229 112 27 angående
547 1229 204 27 mantalsskrifning,
766 1230 58 21 hvari
840 1230 65 26 nödig

148 1263 96 21 ansedda
265 1263 149 27 förändringar
428 1264 7 21 i
450 1263 164 22 föreskrifterna
636 1264 92 21 rörande
749 1264 156 21 mantalsskrif-

147 1297 125 26 ningsorten
288 1298 47 21 icke
351 1300 83 19 ansetts
451 1298 73 21 kunna
539 1298 98 27 vidtagas
652 1300 51 19 utan
721 1297 129 28 föregående
868 1301 37 18 än-

147 1331 63 26 dring
225 1331 22 22 af
263 1333 25 20 12
304 1331 10 28 8
329 1333 7 20 i
352 1331 152 28 förordningen
520 1332 23 21 af
557 1333 39 21 den
613 1334 27 19 20
657 1332 100 22 Februari
775 1334 60 25 1865,
852 1333 53 20 hvil-

146 1365 42 22 ken
204 1365 126 22 tillkommit
345 1373 77 20 genom
438 1367 133 21 Ständernas
587 1367 136 21 medverkan.

216 1406 48 22 Den
287 1407 101 27 tidigaste
412 1407 164 27 bestämningen
597 1407 111 27 angäende
724 1407 145 27 upprättande
885 1407 23 22 af

146 1439 162 28 förteckningar
324 1441 59 21 öfver
398 1441 160 27 befolkningen,
575 1441 40 21 och
631 1441 41 22 den
689 1447 45 15 som
745 1441 41 21 kan
798 1447 62 15 anses
872 1443 33 19 ut-

145 1475 54 26 göra
214 1474 99 27 grunden
328 1475 33 21 till
376 1476 124 21 nuvarande
516 1475 202 27 mantalsskrifning,
734 1474 103 28 päträffas
853 1475 53 21 alla-

215 1513 192 19 Ekonomiutskottets
420 1514 117 18 betänkande
549 1515 38 17 N:o
600 1516 16 16 1.
