1142 1803
480 188 45 22 N:o
546 189 21 21 1.
850 188 24 20 15

492 254 12 28 8
520 256 34 19 34.

219 294 31 20 På
266 293 92 21 Senaten
374 294 124 21 ankommer
518 296 32 19 att
565 295 98 21 meddela
678 297 99 19 närmare
792 295 111 22 föreskrif-

146 330 34 19 ter
196 328 108 26 angående
326 328 159 27 jordregistrets
501 329 124 21 inrättande
640 330 40 21 och
695 330 89 21 förande
799 332 57 20 samt
871 333 33 19 att

146 362 109 21 fastställa
270 362 102 21 formulär
388 363 33 20 till
436 363 108 26 registret.

427 460 30 21 IV
472 460 148 21 KAPITLET.

386 517 114 23 Särskilda
515 518 149 22 föreskrifter.

493 575 11 27 $
521 576 33 20 35.

217 615 33 21 Då
270 615 148 27 jordlägenhet
438 615 66 27 delas,
521 616 54 20 skall
591 615 12 21 å
618 616 75 27 hvarje
709 616 74 21 dervid
797 617 105 27 uppkom-

145 650 77 21 mande
238 649 101 27 lägenhet
354 651 66 19 sättas
436 650 66 21 skildt
518 656 65 14 namn
599 650 40 21 och
654 650 198 27 registernummer.

218 684 70 21 Sådan
310 684 111 26 lägenhets
444 684 209 22 andelsförhållande
675 685 34 21 till
722 685 179 27 jordebokshem-

145 720 73 19 manet
234 718 40 21 och
289 718 107 21 storleken
412 718 23 21 af
449 718 48 21 dess
514 720 83 20 mantal
610 719 109 26 uttryckes
730 720 7 20 i
748 720 89 26 tionde-,
849 720 53 21 hun-

146 752 82 27 drade-,
244 752 97 21 tusende-
358 752 38 21 och
411 753 190 21 tiotusendedelar.

491 809 11 28 8
519 811 35 20 36.

216 849 47 21 Har
278 849 86 27 uppbud
378 849 52 21 eller
445 849 56 22 fasta
516 850 118 21 meddelats
649 851 13 20 &
673 851 42 20 viss
727 851 63 21 andel
801 851 24 20 af
834 851 65 21 oskif-

145 884 38 21 tad
205 884 106 27 lägenhet,
336 884 52 21 eller
410 886 24 19 är
456 884 123 27 inteckning
601 884 7 21 i
627 884 68 21 sädan
712 885 63 21 andel
791 885 107 26 faststäld,

145 919 40 20 och
207 919 76 20 varder
306 918 126 27 lägenheten
455 919 66 20 sedan
543 919 92 27 klufven,
659 925 50 15 vare
725 919 36 21 det
777 920 23 21 sä
817 920 82 26 ansedt,

144 959 45 15 som
213 959 34 15 om
270 952 106 27 lagfarten
398 953 52 21 eller
464 953 153 27 inteckningen
632 954 77 26 angätt
725 953 42 22 den
783 953 22 22 af
820 954 26 21 de
862 961 37 20 ny-

143 987 87 21 bildade
245 987 159 27 lägenheterna,
420 993 45 15 som
481 987 104 22 utbrutits
601 989 23 20 ät
639 994 78 21 egaren
733 987 23 22 af
771 988 40 21 den
820 988 80 27 ifräga-

143 1021 94 21 varande
253 1021 97 21 andelen.

489 1050 11 27 8
518 1051 34 20 37.

215 1089 25 27 Ej
256 1089 34 21 mä
305 1089 81 26 parcell
400 1092 52 19 utan
468 1096 92 21 egarens
575 1089 126 27 samtycke
688 1085 12 36 i
715 1089 184 28 skiftesreglering

143 1123 108 27 indragas.

490 1153 11 27 8
518 1153 34 20 38.

213 1187 44 26 Äro
280 1193 58 20 inom
362 1199 26 14 en
408 1193 166 20 landskommun
589 1192 52 22 flere
658 1193 124 26 lägenheter
797 1193 103 22 förenade

141 1226 7 21 i
172 1233 26 14 en
217 1233 74 20 egares
306 1227 57 20 hand
379 1227 39 21 och
433 1227 81 21 brukas
532 1227 25 21 de
573 1227 150 26 tillsammans,
739 1227 56 22 skall
810 1227 37 22 vid
863 1227 36 22 de-

140 1261 94 26 bitering
257 1261 23 21 af
294 1261 92 27 afgifter,
402 1267 46 16 som
464 1261 56 22 efter
534 1261 72 22 röktal
621 1261 58 28 utgå,
695 1262 74 27 hvarje
784 1261 114 28 fjerdedels

140 1295 82 22 mantal
237 1295 23 22 af
273 1295 164 27 lägenheternas
454 1296 162 27 sammanlagda
631 1296 104 22 skattetal
752 1302 64 15 anses
827 1296 71 21 såsom

140 1336 26 15 en
188 1330 156 26 hemmansrök,
368 1330 55 21 dock
448 1332 32 19 att
502 1330 51 21 flere
575 1330 65 21 rökar
660 1330 18 27 ej
699 1330 35 21 må
749 1330 107 22 beräknas
872 1332 27 19 än

140 1365 81 21 antalet
236 1364 132 27 lägenheter.

211 1399 57 26 Eger
282 1399 39 21 och
337 1399 79 21 brukar
431 1398 70 27 någon
516 1398 51 22 flere
582 1398 131 27 lägenheter,
731 1404 44 16 som
791 1398 55 21 höra
864 1398 33 21 till

140 1439 82 15 samma
237 1433 215 27 hemmansnummer,
470 1439 62 15 anses
549 1433 26 21 de
590 1433 71 21 såsom
678 1439 26 15 en
719 1433 47 21 rök.

210 1467 42 21 För
274 1467 106 27 lägenhet,
404 1473 45 15 som
472 1467 69 27 enligt
558 1468 25 20 14
598 1467 11 27 8
625 1466 95 28 åtnjuter
735 1466 110 28 frihetsär,
861 1473 32 15 er-

138 1502 74 27 läggas
228 1501 47 22 icke
290 1502 87 26 afgifter
392 1501 71 22 såsom
479 1501 35 22 för
530 1501 91 22 särskild
636 1502 46 20 rök.
