1142 1803
254 195 26 19 16
464 193 27 22 U.
507 193 24 21 B.
547 205 28 3 —
590 193 64 27 Prop.
669 192 41 22 N:o
727 194 20 20 9.

575 257 10 23 8
603 256 33 20 18.

293 302 168 20 Boställshafvare
484 308 46 14 vare
553 302 81 24 skyldig
648 303 30 18 att
693 301 32 20 väl
740 301 62 19 värda
817 301 12 20 ä
843 302 94 19 bostället
951 302 32 19 be-

225 330 78 26 fintliga
317 330 45 26 laga
376 331 45 19 hus.
450 330 32 20 All
498 330 66 25 skada,
577 336 44 14 som
636 336 72 19 genom
723 329 75 26 uppsät
813 330 48 20 eller
875 330 54 25 groft
941 330 42 19 väl-

225 359 59 19 lande
304 359 20 18 af
344 359 73 19 honom
438 358 12 20 &
466 358 72 20 sådant
553 359 39 19 hus
608 359 63 24 timar,
687 358 50 19 skall
752 358 20 19 af
785 358 75 19 honom
875 358 30 19 till
920 359 63 24 bygg-

224 387 126 20 nadskassan
364 389 92 18 ersättas.

574 445 10 22 8
603 444 32 19 19.

293 489 107 20 Boställets
410 489 45 26 laga
470 489 38 20 hus
524 489 47 20 böra
585 489 98 20 försäkras
699 490 42 18 mot
756 489 94 19 eldskada
867 489 30 19 uti
909 489 73 19 allmän

224 517 232 26 brandstodsinrättning
471 518 7 19 i
492 518 74 19 landet.
584 517 87 26 Afgiften
687 517 29 20 för
730 517 136 25 försäkringen
883 517 50 20 skall
941 517 40 25 gäl-

224 546 36 19 das
276 553 24 12 ur
315 547 186 25 byggnadskassan.

537 659 36 19 IV
595 659 71 20 KAP.

475 737 43 22 Om
533 737 119 23 hboställes
667 737 69 22 häfd.

574 802 10 23 s
602 801 32 20 20.

294 847 167 19 Boställshafvare
476 852 46 14 vare
537 847 81 24 skyldig
632 848 29 18 att
676 848 61 23 ängar
752 847 37 19 och
803 847 61 25 hagar
878 847 54 25 rödja
944 847 37 19 och

225 875 62 19 värda
302 877 52 18 samt
368 875 72 25 nödiga
454 875 59 20 diken
528 875 69 25 gräfva
612 875 37 20 och
663 875 147 20 vidmakthälla.

575 938 10 23 8
603 938 32 19 21.

293 975 19 26 Ä
325 982 127 25 embetsgärd
467 982 88 25 befintlig
576 981 93 26 trädgärd
689 982 50 19 skall
754 982 179 20 boställshafvaren
948 982 32 20 väl

224 1010 62 20 värda
300 1011 38 19 och
352 1010 146 20 vidmakthälla.

294 1039 76 20 Saknas
386 1039 11 19 ä
412 1039 66 24 dylikt
491 1039 84 20 boställe
590 1039 99 25 trädgärd,
704 1039 35 19 bör
754 1039 183 24 boställshafvaren,
948 1045 32 14 om

224 1067 34 19 det
272 1067 46 19 med
332 1067 62 19 fördel
409 1067 39 19 kan
464 1067 40 24 ske,
520 1067 62 19 sädan
597 1067 88 25 anlägga.

571 1130 11 23 s
599 1129 34 19 22.

294 1174 58 19 Hvad
373 1174 83 19 boställe
478 1174 66 19 tillhör
559 1174 48 19 eller
621 1173 44 20 från
679 1174 47 19 dess
742 1180 47 19 egor
803 1176 22 17 är
840 1174 89 19 hemtadt
944 1175 37 18 och

224 1202 43 19 icke
288 1202 40 19 kan
351 1203 29 18 till
395 1203 47 19 dess
458 1202 61 25 ärliga
534 1203 114 24 afkastning
662 1203 78 24 räknas,
755 1202 32 19 mä
803 1202 178 20 boställshafvaren

224 1230 17 25 ej
264 1231 86 19 afhända
371 1231 59 19 bolet.
460 1230 72 20 Gödsel
554 1231 29 19 får
604 1231 43 19 icke
669 1231 96 19 bortföras
787 1230 44 20 från
846 1231 89 24 boställe,
951 1231 30 19 till

224 1259 77 19 hvilket
323 1259 47 19 höra
391 1259 75 20 sädana
487 1265 53 19 egor,
561 1261 29 17 att
612 1259 83 25 gödseln
712 1259 29 20 för
756 1259 57 20 deras
828 1259 52 19 bruk
894 1259 39 19 kan
947 1259 34 20 be-

278 1293 29 13 as.

295 1315 39 19 Vill
356 1316 98 19 afträdare
470 1316 20 19 af
511 1315 89 25 boställe,
621 1317 36 18 när
671 1315 68 26 fardag
754 1317 21 18 är
790 1315 52 25 inne,
858 1315 48 26 sälja
921 1315 60 24 foder,

223 1343 107 26 hembjude
352 1344 34 19 det
408 1344 141 19 efterträdaren
571 1344 28 19 för
621 1343 12 20 &
655 1345 56 18 orten
732 1343 97 26 gångbart
844 1344 48 25 pris.
921 1344 61 19 Löser

224 1371 39 20 den
286 1372 125 19 sistnämnde
432 1372 18 25 ej
475 1373 115 24 detsamma,
605 1378 36 19 ege
655 1372 112 19 afträdaren
781 1372 90 19 deröfver
885 1372 44 19 fritt
943 1372 38 19 för-

224 1400 52 25 foga.

293 1428 73 25 Bryter
381 1429 163 19 boställshafvare
563 1430 54 18 emot
631 1429 52 18 hvad
702 1434 29 13 nu
745 1430 22 18 är
782 1429 64 24 sagdt,
861 1429 78 19 straffes
954 1429 27 19 ef-

224 1457 31 18 ter
276 1456 74 20 allmän
372 1456 33 26 lag
429 1457 37 19 och
481 1462 47 14 vare
543 1456 72 26 pligtig
629 1458 29 18 att
673 1456 30 20 till
718 1456 264 26 boställsbyggnadskassan

224 1484 79 25 utgifva
318 1485 112 25 ersättning
445 1485 29 19 för
489 1485 52 19 hvad
556 1485 39 19 han
610 1484 45 20 låtit
669 1484 44 20 från
728 1484 53 20 bolet
796 1485 91 19 bortföra.

293 1524 49 21 Zag-
355 1523 33 17 och
399 1523 182 17 Ekonomiutskottets
593 1523 110 18 betänkande
715 1524 36 16 N:o
763 1524 17 16 4.
