1142 1803
407 226 25 21 U.
448 226 23 20 B.
488 238 27 2 —
531 226 62 26 Prop.
609 226 42 21 N:o
668 228 19 19 9.
875 228 22 19 11

172 294 79 14 samma
273 289 51 19 kraft
345 295 44 13 som
411 289 59 19 dessa
488 289 30 19 till
534 289 46 20 dess
603 289 166 25 grundlagsenlig
786 290 85 25 ändring
885 290 44 19 här-

172 317 85 19 utinnan
272 318 51 19 sker.

378 406 77 29 Förslag
477 406 32 25 till
530 406 111 29 förordning
663 405 95 53 angående
773 406 121 53 presterskap
899 407 30 24 eta

309 435 7 24 i
341 435 22 24 de
384 435 214 29 evangelisk-lutherska
620 435 159 29 församlingarna
801 435 30 24 uti
853 435 77 24 Finland

310 463 99 25 boställen.

498 561 9 19 I
530 562 71 18 KAP.

396 645 132 22 Allmänna
542 645 162 28 stadganden.

531 704 46 23 81

241 743 92 24 Boställe,
353 743 62 19 hvarä
430 743 66 19 denna
510 743 115 25 förordning
641 743 49 20 skall
706 743 104 26 tillämpas,
826 745 21 18 är
862 743 67 25 hvarje

172 772 98 25 lägenhet,
292 772 81 19 hvilken
395 771 21 20 ät
438 771 129 25 kyrkoherde,
582 772 93 25 kapellan
689 772 48 19 eller
751 778 66 13 annan
832 772 97 19 ordinarie

172 802 56 23 prest
243 800 96 25 anslagits
356 799 66 20 såsom
438 800 131 25 embetsgärd,
585 800 31 19 till
631 802 92 23 prestens
740 800 76 25 stadiga
831 801 76 19 bostad.

241 829 123 19 Beträffande
384 828 24 19 de
422 828 55 19 inom
492 829 138 25 Lappmarken
645 829 84 24 belägna
743 829 136 19 ecklesiastika
894 829 34 19 bo-

172 857 78 24 ställen,
266 863 32 13 om
312 857 68 19 hvilka
395 857 97 19 särskilda
508 857 124 25 stadganden
647 859 34 17 äro
691 857 109 24 utfärdade,
813 857 56 20 skola
879 857 50 19 dock

173 891 76 14 samma
264 885 123 25 stadganden
403 885 41 19 tills
460 885 67 20 vidare
542 885 58 20 lända
615 885 30 20 till
661 885 136 20 efterrättelse.

526 943 10 23 8
554 942 17 19 2.

241 975 27 26 Ät
283 982 97 19 ordinarie
395 983 55 24 prest
459 981 13 20 ä
481 981 68 20 landet
564 981 50 20 skall
630 981 93 25 upplätas
734 982 125 25 boningshus
869 981 60 26 jemte

173 1010 73 25 nödiga
267 1010 69 24 uthus,
358 1010 76 19 sädana
455 1016 44 13 som
514 1011 6 18 i
536 1010 19 19 II
575 1010 50 25 Kap.
640 1010 29 19 för
684 1010 57 24 dylik
755 1010 126 25 embetsgärd
896 1011 32 18 be-

173 1040 102 22 stämmas,
291 1039 38 18 ved
344 1039 30 18 till
389 1038 83 24 bränsle,
489 1039 12 18 2
517 1039 91 19 hektarer
621 1038 45 25 jord
680 1038 56 19 invid
749 1039 100 24 bostaden,
860 1039 68 18 äfven-

174 1072 43 13 som
233 1067 130 18 sommarbete
379 1067 28 19 för
422 1072 25 13 en
462 1066 46 19 häst
524 1067 36 19 och
572 1066 35 19 tvä
622 1066 41 19 kor.

242 1094 102 20 Ordinarie
364 1096 55 24 prest
433 1095 7 18 i
455 1095 173 24 stadsförsamling
643 1094 51 19 skall
709 1094 74 19 erhälla
797 1094 131 25 hyresmedel.

490 1197 28 20 II
540 1197 71 20 KAP.

418 1281 43 22 Om
476 1281 138 22 boställens
629 1281 56 22 hus.

529 1340 10 23 s
551 1339 23 24 3.

242 1378 72 25 Hvarje
336 1377 127 26 embetsgärd
480 1378 27 25 pä
522 1378 67 19 landet
604 1379 34 18 bör
650 1379 62 19 förses
729 1379 44 19 med
788 1379 23 19 de
826 1379 45 22 hus,
887 1384 43 13 som

172 1408 34 18 äro
222 1407 72 24 nödiga
308 1407 31 18 till
354 1407 72 19 bostad
440 1406 21 19 ät
475 1407 143 19 innehafvaren
633 1407 38 19 och
682 1407 29 19 för
721 1407 50 19 hans
782 1407 73 19 behof
845 1402 9 34 i
866 1407 64 24 öfrigt.

242 1435 63 19 Dessa
325 1435 105 19 boställets
445 1435 45 24 laga
504 1435 40 19 hus
559 1441 46 19 eger
620 1435 118 19 Häradsrätt
753 1437 34 22 att,
802 1435 64 19 under
880 1435 49 18 iakt-

173 1463 85 25 tagande
280 1463 20 19 af
321 1463 53 29 hvad
395 1463 36 19 här
452 1463 66 19 nedan
534 1463 133 21 föreskrifves,
681 1463 31 19 till
727 1463 74 19 antalet
816 1464 115 19 bestämma,

172 1491 84 19 likasom
271 1491 113 19 domstolen
399 1491 36 19 ock
452 1491 120 19 tillkommer
587 1493 29 17 att
631 1492 92 18 förordna
738 1491 101 25 angäende
854 1491 76 19 husens

172 1519 60 25 plats,
253 1520 79 23 storlek,
354 1519 149 25 byggnadssätt
526 1520 36 19 och
587 1520 107 24 inredning
709 1521 52 18 samt
776 1520 24 19 de
815 1519 115 25 byggnads-

242 1558 47 21 Lag-
302 1557 32 17 och
347 1557 183 18 Ekonomiutskottets
543 1557 110 18 betänkande
664 1557 37 17 N:o
714 1558 17 16 4.
