1142 1803
250 202 43 21 XII

466 202 25 21 U.
508 202 25 21 B.
549 214 24 3 —
589 202 63 26 Prop.
668 202 40 20 N:o
726 203 18 19 9.

429 265 120 21 dokommit
573 265 134 26 densamma,
724 264 39 21 och
778 264 41 21 har
834 264 91 21 kassans
939 264 39 21 ka-

426 299 61 27 pital
510 298 73 21 tillika
606 298 97 28 uppnått
719 298 113 28 faststäldt
847 298 80 28 belopp,
943 298 38 21 mä

430 332 74 22 vidare
519 332 140 28 inbetalning
675 332 54 28 från
739 333 64 20 deras
812 332 49 21 sida
871 332 107 28 upphöra.

430 366 53 21 Men
498 366 43 21 har
556 366 80 21 kassan
649 373 79 20 genom
744 366 131 27 betydligare
889 365 92 28 utgifter

430 400 36 27 för
487 400 132 27 nybyggnad
641 400 51 21 eller
713 400 105 27 förluster
832 400 47 21 äter
893 399 89 28 nedgätt

430 435 71 20 under
523 434 90 21 berörda
634 434 81 27 belopp,
737 435 56 20 skall
817 434 81 21 bristen
913 434 68 27 fyllas

430 475 78 20 genom
530 468 127 28 ytterligare
679 468 76 28 bidrag
777 468 10 21 i
807 468 62 27 förut
889 468 92 27 stadgad

434 502 94 27 ordning
544 502 29 27 af
588 502 161 27 församlingen
765 503 38 20 och
815 502 164 28 presterskapet.

500 536 104 27 Befinnes
627 537 91 20 kassans
737 537 84 27 kapital
837 535 141 28 ursprungli-

430 578 43 20 gen
488 571 68 27 hafva
571 571 110 27 faststälts
701 571 64 27 lägre,
781 572 30 19 än
827 572 32 19 att
873 572 108 19 räntorna

432 604 51 22 derä
498 604 69 28 förslä
583 604 34 21 till
633 604 136 22 bestridande
785 604 28 28 af
824 605 24 20 de
861 604 72 28 ärliga
943 606 36 18 ut-

431 638 104 28 gifterna,
550 639 57 20 skall
626 640 50 26 nytt
691 639 82 27 förslag
789 646 36 14 om
839 639 92 20 kassans
945 638 36 21 ka-

430 673 134 27 pitalbelopp
587 675 110 25 uppgöras
720 673 39 21 och
779 672 122 28 fastställas
916 672 10 21 i
941 672 40 21 den

434 706 93 27 ordning
543 708 15 24 $
572 708 28 19 16
614 706 147 27 föreskrifver.

675 770 15 25 $
705 769 34 20 18.

508 808 37 21 Uti
567 809 138 26 erläggandet
725 808 29 27 af
763 809 168 27 presterskapets
947 808 33 20 bi-

434 843 53 26 drag
503 842 35 21 till
554 842 191 27 byggnadskassan
759 843 60 20 skola
835 842 99 27 samtlige
945 849 35 14 or-

434 876 86 21 dinarie
540 878 84 25 prester
645 877 62 20 inom
723 877 160 26 församlingen
897 877 85 26 deltaga

434 911 82 20 enhvar
531 910 9 21 i
555 910 138 27 förhällande
709 911 35 20 till
754 911 57 20 hans
819 910 54 27 frän
885 910 96 27 försam-

435 945 74 27 lingen
524 944 106 27 utgående
646 944 162 27 löneförmäner
817 945 68 26 jemte
895 944 86 27 förmä-

434 986 44 13 nen
499 979 29 27 af
543 979 94 20 boställe.
675 979 73 20 Under
765 979 93 26 ledighet
872 978 29 27 af
909 980 72 25 prest-

436 1013 64 28 tjenst
524 1013 82 27 åligger
629 1013 71 20 sådan
722 1013 122 27 skyldighet
869 1013 42 20 den
933 1013 50 20 eller

434 1048 54 25 dem,
505 1047 73 20 hvilka
593 1047 124 21 inkomsten
731 1047 38 20 vid
779 1047 92 27 tjensten
882 1047 99 26 tillgodo-

434 1081 101 20 kommer.

503 1114 118 28 Angående
643 1115 24 20 de
686 1115 103 26 grunder,
815 1114 68 27 enligt
909 1113 74 21 hvilka

434 1149 35 20 det
486 1149 32 27 på
536 1149 160 27 församlingen
711 1148 160 21 ankommande
887 1148 98 27 bidraget

436 1183 34 20 till
492 1183 79 20 kassan
593 1183 57 20 skall
671 1182 29 27 af
719 1183 24 20 de
763 1181 220 28 betalningsskyldige

434 1218 95 26 utgöras,
552 1219 27 18 är
599 1223 78 21 genom
698 1216 95 21 särskild
812 1216 131 27 förordning
959 1215 28 27 af

435 1251 69 20 denne
518 1251 42 27 dag
574 1251 107 27 stadgadt.

677 1321 14 24 $
706 1320 34 19 19.

503 1358 200 28 Byggnadskassan
723 1357 108 28 förvaltas
865 1357 14 27 af
893 1357 90 27 kyrko-

434 1393 98 20 värden
554 1393 84 20 under
652 1391 175 28 kyrkorådets
843 1391 102 28 tillsyn,
953 1390 32 28 på

434 1428 45 18 sätt
493 1433 34 13 om
543 1426 95 27 kyrkans
653 1426 74 20 kassor
742 1427 27 19 är
783 1425 107 27 stadgadt.

297 1532 48 23 Lag-
358 1533 31 18 och
402 1533 181 18 Ekonomiutskottets
597 1533 108 17 betänkande
718 1533 37 17 N:o
767 1534 17 16 4.
