1142 1803
368 228 26 22 U.
410 229 24 21 B.
450 241 28 3 —
493 229 64 27 Prop.
572 228 41 22 N:o
629 230 19 20 9.
834 230 27 20 53

130 292 92 28 samling
242 292 42 20 och
306 292 140 27 presterskap
462 292 33 21 för
510 292 141 27 opåräknade
665 293 154 26 uttaxeringar.
850 292 40 21 Ut-

131 327 94 20 skottets
240 326 110 27 pluralitet
364 326 39 20 har
418 326 58 20 dock
492 326 68 21 funnit
575 333 26 13 en
617 326 60 26 dylik
693 326 136 27 bestämning
838 326 51 21 obe-

130 360 72 27 höflig,
226 361 28 20 dä
276 360 37 21 det
331 360 23 26 ju
370 360 22 21 är
407 360 164 21 vederbörande
587 360 105 27 obetaget
707 363 32 18 att
755 360 44 21 från
816 360 74 26 början

131 394 106 21 fastställa
252 394 38 21 det
304 394 150 27 ursprungliga
461 393 107 28 kapitalet
578 394 25 21 sä
612 393 60 28 högt,
684 397 32 18 att
727 394 71 27 nägon
809 401 82 14 reserv-

132 428 52 21 fond
199 428 48 21 icke
262 428 77 21 varder
355 428 24 21 af
390 428 79 21 nöden.

201 462 81 22 Senare
297 469 65 14 mom.
378 463 24 20 af
414 463 13 26 $
443 468 24 15 21
486 462 38 21 har
536 462 116 27 undergätt
665 462 67 21 sådan
743 463 90 27 ändring
843 469 48 14 som

132 497 107 27 päkallats
255 497 25 20 af
292 497 187 26 omredigeringen
494 496 49 21 utaf
556 497 12 26 &
586 502 31 15 12.

200 531 46 22 Vid
260 531 174 28 genomgäendet
450 531 25 20 af
486 531 12 27 $
514 537 26 14 22
556 531 72 20 kunde
643 537 50 14 man
705 531 86 20 komma
804 531 32 21 till
849 531 42 21 den

133 565 145 27 uppfattning,
301 569 32 17 att
348 565 195 21 boställshafvaren
561 572 52 13 vore
636 565 87 26 skyldig
739 565 80 21 ersätta
835 565 56 21 blott

134 599 66 21 skada
223 600 12 20 ä
250 599 50 27 laga
321 599 47 25 hus,
391 606 48 14 som
459 606 81 20 genom
558 600 80 26 uppsät
653 598 51 21 eller
719 598 58 28 groft
791 599 100 21 vällande

134 633 25 21 af
170 634 80 20 honom
266 633 139 25 förorsakats,
422 633 28 21 dä
464 634 6 20 i
486 632 44 29 &:ns
546 633 56 20 förra
617 634 87 26 mening
714 634 67 26 något
791 633 100 27 äfventyr

134 668 47 20 icke
204 668 23 20 är
250 671 67 18 utsatt
332 668 33 20 för
384 668 43 20 den
445 668 110 25 händelse,
572 672 32 17 att
619 668 196 22 boställshafvaren
830 669 61 26 eljest

134 702 75 21 visade
224 704 34 25 sig
272 702 110 27 försumlig
397 704 7 19 i
419 704 33 19 sin
466 702 53 21 värd
535 709 36 13 om
583 702 65 21 dessa
659 703 46 20 hus.
735 703 51 20 Men
795 703 96 26 vidjem-

135 736 78 21 förelse
235 736 51 21 med
308 737 164 26 bestämningen
490 738 6 19 i
512 737 12 25 &
539 742 28 19 42
583 737 63 20 torde
669 736 88 27 framgå,
777 741 32 17 att
830 737 61 21 detta

136 770 56 21 dock
207 770 48 21 icke
270 770 115 21 är'afsedt.
415 770 109 27 Naturligt
540 771 23 20 är
571 771 73 24 också,
656 774 32 17 att
698 771 194 21 boställshafvaren

135 805 39 20 bör
190 805 81 20 ersätta
286 805 28 20 all
328 811 79 20 genom
422 805 54 20 hans
492 805 149 20 försummelse
655 805 147 26 uppkommen
816 805 75 25 skada,

135 843 25 22 ty
175 841 6 18 i
196 842 91 18 motsatt
302 839 104 20 händelse
420 839 68 20 skulle
503 839 31 20 till
550 839 82 20 förmån
642 839 32 20 för
683 839 81 20 honom
772 839 120 28 uppställas

136 880 26 13 en
177 874 91 26 princip,
284 879 48 14 som
347 874 30 20 uti
392 875 50 25 inga
458 873 66 20 andra
536 873 147 20 förhällanden
695 880 51 20 eger
757 875 32 19 sin
798 873 95 28 tillämp-

136 907 74 27 lighet.
240 907 52 21 Med
315 907 70 21 denna
407 907 140 27 uppfattning
569 907 74 21 trädes
666 907 18 26 ej
707 907 66 21 heller
793 907 32 21 för
841 908 53 20 nära

136 943 176 25 propositionens
335 941 136 27 -stadganden
494 942 75 20 derom
592 945 39 21 att,
650 941 28 21 dä
697 941 196 22 boställshafvaren

137 975 101 27 bidrager
258 975 31 22 till
304 975 206 28 byggnadskassans
526 975 107 25 bildande,
649 975 43 21 han
707 976 64 20 äfven
787 976 22 20 är
825 976 25 21 fri
865 976 28 20 all

137 1010 73 20 vidare
226 1009 125 28 skyldighet
366 1009 135 22 beträffande
512 1009 138 26 underhället,
663 1010 50 20 enär
724 1010 37 21 allt
772 1010 57 21 hvad
841 1014 52 17 utan

137 1043 53 21 hans
212 1044 148 20 försummelse
381 1044 51 20 eller
452 1043 99 21 vällande
572 1044 93 20 förfaller
682 1044 22 26 ju
719 1044 39 20 bör
773 1045 121 26 godtgöras

138 1085 23 12 ur
176 1078 85 20 kassan.
291 1078 43 20 För
349 1081 32 18 att
396 1078 296 26 förstnämnda
548 1074 12 35 $
575 1078 117 26 emellertid
700 1078 47 20 icke
755 1079 67 20 måtte
835 1078 58 27 gifva

138 1111 114 28 anledning
267 1111 31 22 till
313 1111 156 28 misstolkning,
485 1111 39 21 har
539 1111 44 28 &:ns
600 1111 56 21 förra
671 1113 87 26 mening
769 1112 82 21 afskilts
861 1112 33 21 till

138 1149 32 18 ett
185 1146 101 21 särskildt
300 1149 103 17 moment.

204 1180 138 21 Beträffande
357 1179 143 28 anledningen
516 1179 31 22 till
562 1179 42 21 den
619 1179 180 28 omformulering,
817 1187 48 13 som
881 1179 12 28 &

137 1219 27 21 23
187 1214 121 27 undergätt,
322 1214 31 20 fär
373 1213 115 22 Utskottet
510 1213 56 22 blott
585 1214 88 20 hänvisa
689 1214 31 21 till
735 1214 58 21 hvad
807 1214 65 21 ofvan
887 1215 7 20 i

137 1248 60 27 fräga
220 1255 36 13 om
275 1248 117 27 byggande
408 1248 42 20 och
465 1248 110 21 underhäll
590 1248 25 20 af
626 1248 69 26 kyrka
710 1248 69 21 blifvit
794 1248 99 25 uttaladt,

138 1282 56 21 dock
216 1286 32 17 att
270 1283 136 20 minoriteten
428 1283 58 20 inom
510 1282 115 21 Utskottet
643 1285 72 18 ansett
730 1282 163 27 församlingens

137 1317 43 20 rätt
201 1316 32 21 till
254 1316 119 27 fullkomlig
394 1316 64 21 frihet
480 1316 36 21 vid
538 1316 59 21 valet
619 1316 23 21 af
661 1316 232 27 försäkringsanstalt
882 1312 16 35 i

137 1351 141 20 förevarande
300 1350 36 21 fall
358 1351 24 20 sä
403 1350 89 27 mycket
514 1357 59 14 mera
593 1350 128 25 motiverad,
737 1357 47 14 som
801 1351 36 20 det
856 1351 39 20 här

136 1385 65 26 gälde
216 1384 108 27 betydligt
339 1385 82 20 mindre
436 1385 133 20 kostsamma
584 1384 40 21 hus
640 1384 26 21 än
683 1391 26 14 en
724 1384 75 27 kyrka.

206 1419 118 20 Gentemot
338 1419 164 26 bestämningen
518 1419 6 20 i
540 1425 75 14 senare
631 1419 114 25 meningen
761 1419 24 20 af
794 1419 14 26 &
820 1425 29 19 24
856 1419 39 20 har

137 1452 108 21 anmärkts
260 1456 33 17 att
308 1452 132 27 stadgandet
456 1452 18 26 ej
490 1452 56 21 blott
560 1459 53 13 vore
629 1452 128 26 fulikomligt
768 1452 125 27 obehöfligt,

138 1486 50 20 enär
203 1486 193 21 boställshafvaren
411 1493 45 20 nog
471 1486 85 20 förutan
571 1493 27 13 en
609 1486 60 26 dylik
679 1486 136 27 bestämning
826 1488 6 19 i
845 1488 50 19 män

137 1520 24 20 af
180 1522 32 19 sin
235 1520 97 26 förmäga
347 1520 67 20 skulle
430 1520 89 26 utvidga
532 1519 127 27 jordbruket
674 1520 29 26 pä
719 1520 107 25 bostället,
844 1524 51 17 utan

205 1560 47 21 Lag-
265 1559 32 17 och
309 1558 179 18 Ekonomiutskottets
500 1558 111 18 betänkande
623 1559 36 16 N:o
671 1559 17 16 4.
