1142 1803
235 191 12 19 2
427 189 29 22 U.
473 189 27 21 B.
516 202 28 2 —
560 189 75 28 Prop.
651 189 44 22 N:o
712 189 22 21 8.

482 252 36 20 det
540 252 165 24 Bondeståndet,
725 252 52 20 med
783 252 144 27 frångående
941 252 31 27 af

412 286 38 20 sitt
472 286 9 20 i
499 286 66 20 saken
581 286 92 27 fattade
688 285 71 25 beslut,
777 286 50 20 ville
835 287 84 26 förena
934 286 35 26 sig

414 328 32 12 om
462 320 40 20 den
518 322 27 25 af
559 320 25 20 de
599 320 74 27 öfriga
695 320 92 20 stånden
798 320 121 27 godkända
935 321 32 26 af-

405 354 128 27 fattningen
548 355 29 26 af
588 360 12 13 1
615 355 18 24 S
648 354 9 20 i
670 354 90 20 berörda
769 355 91 26 förslag
878 354 36 20 till
919 355 47 24 för-

413 388 97 27 ordning.

274 513 53 20 Med
342 513 115 27 anledning
473 513 25 20 af
510 513 37 20 det
562 514 7 19 i
584 513 42 20 den
641 513 79 27 nådiga
729 514 166 25 propositionen
904 513 61 20 Stän-

205 547 66 20 derna
296 547 32 21 till
354 547 132 27 upplysning
508 547 129 20 meddelade
660 547 104 26 förslaget
786 547 32 20 till
836 546 129 27 kungörelse

205 581 65 20 hafva
292 581 162 27 Ridderskapet
477 581 42 20 och
541 581 73 20 Adeln
637 584 56 17 samt
711 580 185 27 Borgareståndet
912 580 53 27 god-

205 614 53 21 känt
274 615 36 21 det
326 615 25 20 af
362 615 116 21 Utskottet
493 615 122 27 föreslagna
631 615 127 24 uttalandet,
782 614 113 21 hvaremot
917 615 48 20 Pre-

205 649 122 21 steståndet
352 649 87 21 beslutit
466 652 37 22 att,
530 649 67 26 jämte
619 649 133 26 underdånig
767 648 100 21 anmälan
882 656 36 13 om
933 652 32 18 att

207 683 87 21 ståndet
309 683 48 21 icke
372 683 45 21 haft
432 684 68 26 något
515 687 32 17 att
564 684 67 20 erinra
646 686 46 18 mot
707 682 93 21 berörda
825 683 87 27 förslag,
933 687 32 16 ut-

206 717 44 20 tala
266 718 42 19 den
324 717 87 26 önskan,
428 721 32 17 att
476 718 28 19 de
519 718 29 26 på
563 717 68 27 grund
647 717 25 20 af
686 717 164 26 ifrågavarande
875 717 36 26 lag
935 717 30 20 af-

205 751 86 26 gångne
306 751 107 20 lärarenes
428 751 100 21 sterbhus
543 752 68 19 måtte
627 752 6 19 i
649 751 102 20 afseende
760 751 10 20 å
779 751 66 20 nådår
854 751 21 20 få
883 751 80 26 åtnjuta

206 792 82 13 samma
303 785 107 21 förmåner
425 793 48 13 som
488 785 99 21 sterbhus
604 785 54 20 efter
673 786 6 19 i
695 785 93 26 tjensten
803 785 78 20 aflidne
889 785 74 24 lärare,

206 823 56 17 samt
278 819 164 22 Bondeståndet
458 820 101 20 omfattat
582 819 37 20 det
635 819 80 26 förslag
730 819 31 20 till
777 819 110 20 uttalande
903 821 5 18 i
924 819 40 20 frå-

205 860 49 19 gan,
271 860 48 13 som
334 853 42 20 den
392 853 64 21 ofvan
473 853 109 21 omtalade
597 853 166 26 Lagutskottets
772 853 138 20 betänkande
918 853 45 20 vid-

205 887 82 27 fogade
302 889 161 19 reservationen
478 887 121 21 innehåller.

274 921 10 20 I
299 921 51 21 stöd
365 921 25 21 af
402 926 25 22 75
445 922 12 26 $
473 923 6 19 i
494 921 247 27 Landtdagsordningen
761 922 87 19 komma
864 921 99 27 samtliga

206 955 64 21 dessa
285 955 125 21 uttalanden
426 959 31 18 att
473 957 6 19 i
494 956 134 26 underdånig
646 955 173 21 svarsskrifvelse
835 955 60 20 Hans
911 955 52 26 Kej-

205 989 78 27 serliga
298 989 102 26 Majestät
416 986 129 30 föreläggas.

274 1046 136 27 Helsingfors
426 1047 42 19 den
484 1052 26 20 23
527 1047 40 25 maj
586 1047 59 25 1891.

361 1500 112 17 Helsingfors,
482 1500 107 17 Helsingfors
599 1499 159 18 Central-Tryckeri,
767 1500 38 14 1891.
