1142 1803
271 173 12 19 2
467 171 31 22 U.
513 171 27 22 B.

599 171 74 27 Prop.
689 171 42 23 N:o
747 172 21 21 2.

241 234 67 22 redan
324 235 6 21 i
346 234 182 28 fogdeordningen
548 234 32 22 för
595 234 90 22 Finland
703 234 22 22 af
739 236 24 20 år
780 236 61 20 1556.
872 235 127 21 Sedermera

241 268 123 27 föreskrefs,
381 270 32 20 att
428 269 108 21 särskilda
551 269 183 26 mantalslängder
753 270 70 21 skulle
839 271 112 25 upprättas
968 269 30 22 öf-

242 310 36 14 ver
294 309 110 21 personer,
419 310 46 15 som
481 309 51 15 voro
548 303 160 22 underkastade
724 303 137 27 utskrifning.
876 304 33 21 De
925 307 74 23 egent-

242 338 43 26 liga
302 338 106 21 allmänna
430 338 211 27 mantalslängderna
663 338 131 27 uppkommo
811 338 118 22 emellertid
945 338 54 22 först

241 372 29 27 pä
287 371 119 22 1600-talet
422 372 39 21 och
479 371 116 23 omfattade
611 372 33 21 till
660 379 26 14 en
701 372 74 27 början
792 373 77 21 endast
887 373 26 20 de
925 378 74 21 perso-

242 413 44 19 ner,
302 405 33 22 för
350 406 72 21 hvilka
437 407 6 20 i
459 406 115 27 anledning
594 407 23 21 af
634 408 32 20 ett
681 407 35 21 vid
735 409 52 19 1627
805 407 34 21 års
855 407 89 27 riksdag
958 406 41 21 fat-

242 441 48 21 tadt
305 441 73 21 beslut
392 441 211 27 mantalspenningar
619 441 66 22 borde
702 441 105 27 erläggas.
839 441 64 22 Först
923 447 76 21 genom

242 475 188 27 Kammarkollegii
453 475 93 22 cirkulär
566 475 22 21 af
607 475 40 22 den
664 477 27 19 20
707 475 58 22 Mars
787 477 53 20 1765
851 475 147 25 förordnades,

242 509 6 21 i
265 509 40 22 och
327 509 33 22 för
383 509 37 22 det
442 510 66 27 nägot
530 510 91 27 tidigare
644 510 109 21 inrättade
777 510 148 25 tabellverket,
945 510 54 21 att
988 505 15 36 i

242 544 212 27 mantalslängderna
470 544 68 21 skulle
554 547 105 24 upptagas
676 545 43 20 alla
733 550 104 21 personer
848 545 7 20 i
866 544 73 27 hvarje
951 544 48 21 stad

243 578 52 22 eller
310 578 87 26 socken,
419 578 24 22 sä
466 581 32 19 att
521 579 109 21 desamma
652 579 85 21 komme
761 581 33 19 att
809 578 90 22 omfatta
914 578 85 22 landets

243 613 49 21 hela
300 612 130 28 befolkning.
447 614 81 21 Genom
537 613 30 21 tid
577 613 54 22 efter
639 620 70 15 annan
718 614 114 21 utfärdade
843 612 156 28 författningar,

242 647 64 21 bland
330 650 66 18 annat
418 654 77 20 genom
519 648 120 27 Kejserliga
663 648 84 22 brefvet
769 648 22 21 af
808 648 41 22 den
868 650 21 18 11
909 648 91 25 Augusti

245 683 61 25 1826,
322 682 106 21 ordnades
445 682 122 22 sedermera
579 682 398 27 mantalsskrifningsförrättningarna,
993 682 7 20 i

243 716 56 27 syfte
322 719 33 18 att
377 717 210 26 mantalslängderna
609 716 86 22 komme
718 719 33 19 att
773 717 25 21 sä
818 718 120 25 noggrannt
954 722 45 15 som

243 750 83 27 möjligt
341 751 71 21 utvisa
427 751 85 21 landets
528 751 97 26 verkliga
641 751 291 27 befolkningsförhällanden.

312 785 10 21 I
338 784 101 23 afseende
454 786 14 21 å
482 785 271 28 mantalsskrifningsorten
773 785 94 26 iakttogs
887 785 40 21 den
943 785 56 26 prin-

244 819 68 27 cipen,
328 821 32 19 att
375 826 25 15 en
416 820 52 21 hvar
484 820 70 21 skulle
569 820 7 21 i
593 820 157 26 mantalslängd
767 821 106 26 upptagas
888 819 77 21 endast
973 819 28 27 på

244 860 25 15 en
286 856 40 23 ort,
343 854 38 21 och
398 854 7 21 i
421 853 146 28 tvifvelaktiga
583 854 37 21 fall
636 854 171 22 öfverlemnades
819 854 23 21 åt
853 854 41 21 den
905 853 96 22 enskilde

243 890 33 19 att
300 888 124 27 bestämma,
441 889 7 20 i
464 889 83 21 hvilken
562 889 23 21 af
598 889 27 21 de
643 889 132 25 kommuner,
791 894 46 15 som
853 888 6 21 i
875 888 79 21 sådant
969 887 32 22 af-

243 923 80 21 seende
346 923 71 21 kunde
432 923 85 21 komma
532 923 7 21 i
554 923 67 26 fråga,
642 923 41 21 han
700 923 49 21 ville
764 923 65 21 blifva
845 922 156 21 mantalsskrif-

243 963 47 16 ven.
321 957 49 21 Men
386 957 6 20 i
409 957 40 22 den
473 957 47 21 män
540 957 269 22 samhällsförhällandena
824 956 128 22 utvecklade
967 956 33 27 sig

244 991 40 21 och
300 991 69 22 blefvo
386 998 58 15 mera
458 992 158 27 komplicerade
633 994 55 19 samt
704 991 141 22 samfärdseln
861 991 96 27 lifligare,
969 991 31 20 in-

243 1025 91 22 träffade
359 1026 39 21 allt
421 1026 67 22 oftare
508 1028 33 20 att
556 1026 71 22 tvifvel
643 1027 94 26 uppstod
753 1033 35 15 om
804 1026 40 21 den
861 1028 40 24 ort,
919 1026 39 21 där
974 1031 25 15 en

243 1066 80 20 person
338 1061 68 21 skulle
423 1061 192 21 mantalsskrifvas.
645 1061 45 21 När
705 1062 68 20 sedan
788 1060 61 27 fråga
864 1061 88 21 väcktes
967 1066 33 15 om

244 1100 25 15 en
286 1095 77 21 allmän
380 1095 106 27 reglering
502 1095 22 22 af
539 1095 26 22 de
580 1095 125 27 personella
719 1095 146 28 utskylderna,
877 1095 39 21 och
927 1101 26 14 en
965 1094 36 21 nå-

244 1128 36 27 dig
295 1129 133 27 proposition
445 1129 73 22 därom
534 1129 107 22 förelades
660 1131 141 20 1863—1864
814 1129 34 21 års
858 1129 94 24 ständer,
964 1135 36 14 an-

244 1163 58 26 sågs,
318 1163 48 22 med
383 1164 115 27 anledning
512 1163 23 22 af
549 1164 40 21 den
605 1164 39 21 allt
660 1163 69 22 oftare
745 1163 160 22 framträdande
913 1163 88 21 osäker-

243 1197 65 22 heten
324 1203 35 16 om
374 1204 26 15 en
416 1204 89 21 persons
521 1200 57 19 rätta
593 1198 252 27 mantalsskrifningsort,
863 1200 30 19 ett
905 1199 96 19 närmare

244 1232 162 22 bestämmande
427 1233 73 21 härom
521 1239 76 20 genom
613 1235 32 19 ett
661 1233 103 21 särskildt
779 1232 120 27 stadgande
915 1238 50 15 vara
981 1231 22 21 af

244 1266 77 21 nöden.
352 1267 10 20 I
378 1267 36 21 det
437 1266 79 27 förslag
539 1267 32 20 till
593 1267 124 26 förordning
733 1273 34 15 om
783 1266 121 27 personella
921 1265 81 27 utskyl-

244 1300 73 26 derna,
334 1307 46 14 som
396 1301 70 26 ingick
482 1301 6 21 i
504 1301 66 26 sagda
585 1301 78 26 nådiga
679 1301 142 27 proposition,
832 1300 105 26 föreslogs
946 1299 55 28 jäm-

244 1335 33 20 väl
294 1335 40 21 den
350 1335 132 27 principiella
498 1335 142 26 bestämning,
657 1337 33 19 att
705 1335 53 21 hvar
773 1335 40 21 och
831 1341 25 15 en
872 1333 56 22 finsk
943 1334 58 21 med-

245 1369 90 26 borgare
352 1369 69 21 skulle
434 1370 67 27 jämte
524 1369 84 26 hustru,
626 1370 51 21 barn
694 1369 40 22 och
751 1369 69 26 öfriga
835 1369 32 20 till
883 1368 53 21 hans
953 1369 49 20 hus-

243 1403 45 21 folk
310 1404 114 26 rätteligen
446 1404 94 21 hörande
564 1410 103 21 personer
683 1404 6 21 i
705 1403 81 22 mantal
803 1405 106 25 upptagas
925 1404 56 20 samt
996 1403 6 20 i

244 1437 112 27 kyrkobok
373 1437 79 22 införas
468 1439 12 20 å
496 1439 40 20 den
557 1441 34 18 ort
607 1439 39 20 där
661 1439 41 20 han
719 1438 56 21 hade
791 1438 40 20 sitt
845 1437 28 21 bo
889 1437 39 21 och
945 1438 58 20 rätta

244 1471 98 26 hemvist,
366 1472 108 27 borgerlig
496 1472 81 22 rörelse
600 1472 52 22 eller
675 1478 69 16 annan
765 1472 76 26 näring
856 1471 79 21 idkade
951 1470 52 22 eller

313 1510 191 19 Ekonomiutskottets
516 1511 117 18 betänkande
645 1512 38 18 N:o
696 1513 15 16 1.
