1142 1803
265 216 27 21 28

428 215 76 23 Ständ
520 216 39 22 Sv.
574 229 28 3 —
617 216 75 29 Prop.
707 216 45 23 N:o
767 217 39 22 10.

686 281 29 20 32
729 280 22 27 $.

509 340 51 22 Har
581 341 114 27 utdelning
710 342 31 27 af
755 342 133 27 aktiebolags
903 343 88 27 tillgän-

438 381 43 20 gar
502 374 55 21 skett
578 375 9 20 i
609 375 57 21 strid
686 378 43 18 mot
743 377 30 20 20
788 376 21 27 $,
831 377 39 20 och
891 377 58 20 visas
971 377 22 27 ej

441 407 80 22 bristen
536 409 69 21 redan
620 416 54 14 vara
689 412 74 24 ersatt,
778 417 50 14 vare
843 410 97 28 samtlige
956 411 35 21 bo-

441 443 106 26 lagsmän,
568 450 45 14 som
629 443 34 21 till
678 443 89 22 beslutet
782 451 34 14 om
836 444 71 21 sädan
921 445 70 21 utdel-

440 477 53 27 ning
505 477 134 27 medverkat,
662 485 26 13 en
703 478 45 27 för
770 478 45 21 alla
831 478 38 21 och
883 479 46 20 alla
947 479 44 27 för

440 517 32 21 en,
492 511 99 28 skyldige
606 514 31 18 att
653 512 114 27 återgälda
789 511 34 22 det
841 512 100 21 utdelade
957 513 32 20 be-

440 545 72 27 loppet
534 545 48 21 med
597 547 66 20 ränta
678 546 55 26 efter
747 553 38 14 sex
795 547 44 26 för
853 546 87 22 hundra
956 553 33 14 om

440 579 47 20 året
502 581 56 18 samt
571 580 9 19 i
595 579 69 28 öfrigt
679 582 81 19 ersätta
776 580 82 28 bolaget
873 581 32 21 all
913 587 76 21 genom

440 613 140 27 utdelmingen
595 614 144 28 uppkommen
754 614 76 22 skada.

669 711 13 19 3
697 710 65 21 KAP.

542 765 43 23 Om
604 766 153 27 aktiebolags
772 766 111 28 styrelse.

681 829 30 20 33
725 829 20 27 $.

506 885 128 27 Aktiebolag
651 885 126 28 företrädes
791 887 44 19 mot
849 885 68 27 tredje
934 892 52 14 man

438 918 39 21 och
491 921 44 18 mot
550 919 85 21 enskild
649 919 121 28 aktieegare
785 919 31 27 af
827 919 41 20 den
887 919 50 20 eller
960 919 26 20 de

438 953 126 27 sysslomän,
585 959 45 14 som
646 955 76 25 utgöra
743 953 47 21 dess
810 953 94 28 styrelse,
926 955 59 19 utom

437 987 25 20 sä
474 987 46 20 vidt
534 987 9 20 i
557 989 15 20 2
586 987 49 27 kap.
649 987 52 20 eller
710 987 41 20 här
761 987 72 20 nedan
845 987 141 20 annörlunda

437 1023 55 25 sägs.
524 1021 107 28 Styrelsen
659 1021 41 20 har
726 1021 37 21 sitt
789 1023 45 18 säte
858 1021 9 20 i
891 1021 96 27 bolagets

437 1054 91 26 hemort;
550 1055 38 20 och
609 1055 57 21 skall
684 1055 113 27 styrelsens
805 1055 77 27 flertal
896 1056 90 26 utgöras

437 1089 31 27 af
473 1088 73 27 finske
561 1088 144 28 medborgare.

504 1122 16 21 I
533 1122 194 27 bolagsordningen
743 1123 36 20 må
796 1122 132 26 bestämmas,
951 1128 35 14 om

436 1156 38 21 och
489 1157 9 20 i
512 1157 57 20 hvad
584 1157 51 20 mån
650 1163 26 14 en
691 1157 52 20 eller
752 1156 57 27 flere
819 1156 30 27 af
856 1156 129 27 sysslomän-

436 1197 48 20 nen,
500 1193 53 18 utan
567 1191 26 20 de
603 1191 83 27 öfriges
697 1189 136 26 medverkan,
848 1197 39 20 ega
902 1189 83 21 handla

431 1225 45 26 för
491 1225 88 27 bolaget,
595 1225 52 20 eller
660 1225 161 27 sysslomännen
831 1224 30 27 få
876 1224 22 20 åt
913 1224 72 27 någon

436 1258 66 21 bland
524 1259 33 27 sig
573 1259 51 20 eller
639 1259 23 20 åt
677 1265 76 14 annan
771 1264 82 21 person
868 1257 117 28 uppdraga

434 1292 181 27 handhafvandet
636 1292 31 27 af
679 1292 26 21 de
720 1292 94 27 löpande
829 1292 110 20 ärendena
954 1291 31 21 el-

434 1327 32 20 ler
488 1327 51 26 eljes
558 1327 42 20 viss
615 1327 35 20 del
666 1327 31 27 af
707 1326 174 27 förvaltningen.

679 1412 29 19 34
722 1411 21 27 8.

502 1468 75 27 Afgär
591 1468 121 26 syssloman
727 1466 52 21 eller
794 1466 99 21 inträder
908 1472 75 14 annan

433 1502 126 28 syssloman,
575 1501 57 21 skall
648 1501 35 21 det
698 1500 29 28 af
738 1500 104 28 styrelsen
858 1502 76 26 genast
944 1506 39 14 an-
