1142 1803
48 244 92 30 —
235 244 95 30 2
333 244 6 30 +
373 244 3 30 "
379 244 9 30 -
405 244 3 30 >
413 244 3 30 ”
423 244 35 30 rr
493 244 48 30 Za”
556 244 4 30 2
578 244 7 30 ??
586 244 12 30 ?2?
603 244 12 30 ???
618 244 15 30 22?
648 244 14 30 AZ
668 244 3 30 X
674 244 70 30 ???2?2222?
753 244 4 30 ?
764 244 94 30 ?222222x=-8Z12=
865 244 3 30 "

128 302 133 18 Bondeståndet

380 194 30 22 U.
425 194 28 22 B.
470 206 27 3 —
512 194 76 28 Prop.
604 193 45 23 N:o
665 194 38 22 10.
959 195 25 21 21

586 301 98 18 Utskottets
696 301 71 23 förslag.

64 600 40 22 har
126 601 94 27 godkänt
252 600 88 23 Utskot-

64 637 43 20 tets
131 634 135 24 betänkande
287 636 7 20 i
310 635 29 22 öf-

64 670 42 26 rigt
121 671 59 20 utom
188 672 32 20 att
230 671 6 21 i
247 670 34 28 $:n
291 669 47 22 bor-

64 703 26 22 de
105 703 49 27 ingå
174 704 114 27 uttrycklig
302 703 38 22 be-

64 737 107 27 stämning
200 738 80 26 derom,
308 739 32 20 att

66 771 40 22 den
122 771 128 28 myndighet,
258 772 23 21 åt
288 771 52 21 hvil-

64 805 42 22 ken
126 801 18 36 —
156 805 184 28 bolagsregistrets

64 839 88 22 förande
170 839 112 26 anförtros,
302 839 38 22 bör

65 879 51 16 vara
152 875 139 20 sammansatt
320 873 23 22 af

86 907 94 27 lagfarne
196 907 122 22 ledamöter.

354 404 98 22 Föresläs
470 406 32 20 att
518 404 61 22 ordet
594 404 188 28 ,.yhtiöosakasta'
793 404 84 27 utbytes
885 407 57 19 emot
951 405 60 21 ordet

434 456 4 9 ,
442 439 122 25 osakasta'*
579 438 40 22 och
634 438 62 22 ordet
712 455 11 11 ,,
725 438 57 21 niin"
798 438 33 22 till
847 439 84 26 ,,kuin''.

356 502 112 22 Utskottet
481 501 90 22 föreslår
585 503 32 20 att
631 501 7 21 i
655 501 40 22 den
705 501 69 22 finska
784 502 72 21 texten
866 501 61 22 ordet
937 501 72 27 ,,ulos-

379 536 146 23 mitattaessa'*
542 535 85 29 utbytes
643 537 58 20 emot
717 535 62 22 ordet
794 535 198 27 ,,ulosotettaessa''.

357 601 34 22 Då
406 603 77 21 tvenne
498 602 62 21 stånd
575 599 138 24 oförändradt
728 599 95 29 godkänt
838 600 121 24 Utskottets
969 601 41 22 för-

358 636 46 27 slag
418 638 56 20 samt
489 636 36 22 det
540 636 98 21 ändamål
655 636 26 21 de
696 638 77 19 tvenne
786 636 66 21 andra
862 636 90 21 stånden
963 636 47 21 med

359 671 41 21 den
414 670 122 27 föreslagna
550 670 116 27 ändringen
681 670 84 27 åsyftat,
781 670 127 21 åtminstone
923 670 6 21 i
941 670 70 27 någon

358 711 49 15 mon
429 704 41 21 blir
492 704 137 27 tillgodosedt
651 710 41 20 om,
715 705 28 26 på
758 705 43 20 sätt
815 704 110 21 Utskottet
940 704 70 27 afsett,

358 739 31 21 uti
411 739 125 21 ständernas
558 737 157 23 svarskrifvelse
734 737 121 22 framhålles
873 739 32 20 att
920 744 26 15 en
959 738 52 26 juri-

359 773 57 22 diskt
438 772 72 22 bildad
530 779 77 21 person
630 772 67 21 borde
712 772 70 21 såsom
797 771 92 22 ledamot
905 771 84 28 deltaga
1004 774 6 18 i

360 807 310 27 registreringsmyndighetens
687 805 98 28 pröfning
799 805 23 22 af
835 805 70 28 frågor
920 806 91 22 rörande

360 841 126 27 aktiebolag,
511 847 61 16 anser
586 841 31 27 sig
632 840 112 22 Utskottet
758 840 53 21 böra
825 839 87 28 inbjuda
927 840 84 22 Preste-

359 875 39 22 och
413 875 162 22 Bondeständet
589 877 33 20 att
630 875 73 22 förena
711 875 31 26 sig
753 881 34 15 om
797 874 120 22 Utskottets
925 873 85 28 förslag.

358 1314 99 22 Föresläs
479 1315 33 21 att
527 1313 7 22 i
549 1313 40 22 den
604 1312 68 22 finska
687 1313 73 21 texten
775 1311 62 22 ordet
852 1311 160 28 ,,Kokoelman''

359 1350 68 20 rättas
449 1348 32 21 till
504 1347 146 28 ,Kokoelma*
672 1346 40 22 och
734 1345 61 23 ordet
819 1346 139 27 ,,ulosantaa'
980 1347 33 21 till

619 1380 134 28 »julkaista*.

359 1423 112 21 Utskottet
493 1421 88 23 föreslår
603 1423 32 20 att
658 1420 63 22 ordet
743 1419 108 27 ,varalla*
867 1420 7 21 i
889 1420 42 22 den
945 1420 68 23 finska

358 1459 73 20 texten
453 1456 86 28 utbytes
562 1456 59 21 emoti
637 1454 62 22 ordet
714 1455 149 25 ,saatavana*,
893 1453 120 29 Tryckfelet

373 1508 5 10 v
380 1490 99 29 Syyistä*
495 1490 61 22 torde
571 1489 33 21 för
621 1488 64 27 öfrigt
700 1487 53 22 böra
768 1488 67 21 rättas
851 1488 32 21 till
897 1489 100 27 ,,syistä*'.

129 1529 48 23 Lag-
190 1530 33 18 och
236 1530 138 19 Ekonomiutsk.
386 1528 261 24 sammanjemkningsförslag
660 1528 9 18 i
681 1527 39 19 anl.
733 1526 24 22 af
769 1526 93 18 Utskottets
874 1527 31 18 bet.
918 1529 37 17 N:o
967 1530 18 17 2.

1015 269 2 15 |
