1142 1803
266 195 13 20 2
459 194 31 22 U.
506 194 28 22 B.
550 207 28 2 —
594 194 75 28 Prop.
685 194 46 22 N:o
747 194 24 22 4.

308 256 80 22 Säsom
411 256 9 22 i
442 256 175 29 propositionen
633 256 113 29 angifves,
763 260 26 18 är
804 256 45 22 den
864 256 133 30 föreslagna

237 290 170 29 författningen
430 290 81 22 afsedd
533 292 36 20 att
590 290 108 22 befordra
721 290 73 29 syftet
814 291 53 21 med
882 291 115 22 särskilda

236 324 175 30 bestämningar
435 325 9 21 i
469 326 28 20 40
518 326 10 26 &
552 324 26 22 af
601 324 88 29 nådiga
708 324 237 30 hälsovärdsstadgan
960 326 37 22 för

235 358 110 27 Finland,
366 358 110 22 utfärdad
498 358 46 22 den
567 360 27 20 22
616 358 120 22 december
759 360 61 21 1879.
849 360 84 21 Första
948 367 47 14 mo-

236 394 90 20 mentet
341 393 24 22 af
379 393 85 21 nämda
481 393 18 28 $,
514 392 91 22 hvilket
627 393 130 21 innehåller
772 393 67 22 dessa
854 393 141 22 bestämnin-

236 434 50 21 gar,
300 426 43 22 har
357 427 103 29 följande
474 426 99 29 lydelse:
608 427 232 28 ,Begrafningsplats
855 428 38 21 mä
908 427 87 22 hädan-

236 460 60 22 efter
317 461 52 21 icke
392 461 112 28 anläggas
524 461 63 22 inom
609 461 94 28 bebygd
725 461 37 21 del
778 460 27 22 af
817 461 52 22 stad
885 461 56 22 eller
955 462 39 28 by,

235 497 58 19 utan
308 495 30 28 pä
353 495 109 29 lämpligt
476 495 93 22 afständ
585 495 109 22 därifrän.
724 495 87 29 Ligger
826 495 72 22 sädan
908 495 37 22 för
955 496 40 21 det

236 529 145 22 närvarande
396 529 63 22 inom
476 529 57 22 eller
548 529 141 22 omedelbart
703 529 67 22 invid
785 529 93 29 bebygd
894 532 42 25 ort,
952 530 42 21 bör

236 563 53 21 dess
304 563 153 29 begagnande
479 563 105 29 upphöra
599 566 78 19 senast
699 563 32 22 tio
747 564 26 21 är
788 563 59 22 efter
862 563 40 22 det
917 564 77 21 denna

235 597 222 29 hälsovärdsstadga
471 598 85 21 vunnit
570 597 109 29 gällande
693 597 84 22 kraft.

306 632 76 21 Sedan
397 632 180 28 tillämpningen
592 632 27 22 af
631 632 76 22 denna
715 632 138 28 förordning
860 632 81 29 vidtog
949 632 44 22 och

235 666 8 21 i
258 666 128 28 synnerhet
401 666 59 22 efter
476 666 44 22 den
537 668 10 20 1
561 666 45 29 juli
623 668 61 24 1890,
700 666 30 22 dä
745 666 148 29 församlings
903 668 90 20 rättatt

235 700 109 22 använda
366 700 218 29 begrafningsplats,
607 707 49 15 som
678 708 42 14 var
741 700 98 29 belägen
858 700 63 22 inom
937 700 56 22 eller

235 734 142 22 omedelbart
391 734 66 22 invid
472 734 94 29 bebygd
581 736 42 25 ort,
638 734 126 29 upphörde,
779 734 42 22 har
836 735 75 21 säsom
919 734 74 21 kändt

234 775 30 14 en
279 768 87 29 mängd
381 768 162 29 församlingar
564 768 99 29 nödgats
679 768 61 21 afstä
761 768 52 22 frän
829 768 164 29 begagnandet

235 803 27 21 af
274 803 52 21 sina
341 803 63 21 äldre
419 803 161 28 kyrkogärdar
595 803 43 21 och
652 803 87 21 inrätta
754 810 47 21 nya
816 803 87 21 sädana
912 803 31 28 pä
953 803 40 21 det

234 836 94 22 afständ
343 837 53 21 frän
411 837 93 28 bebygd
519 839 43 25 ort,
578 844 48 14 som
641 837 172 21 vederbörande
821 837 170 28 myndigheter,

234 871 53 21 med
303 871 108 21 afseende
427 871 13 21 å
455 871 129 28 hygienens
599 871 138 28 fordringar,
750 871 36 22 för
794 871 79 28 hvarje
881 871 111 21 särskildt

234 905 43 22 fall
292 905 94 28 pröfvat
400 905 88 28 skäligt
502 905 107 28 päbjuda.
632 905 137 22 Emellertid
784 905 71 22 hafva
870 905 121 28 deifräga-

233 939 103 22 varande
351 939 175 22 föreskrifterna
541 939 9 21 i
565 939 235 29 hälsovårdsstadgan
815 939 61 22 visat
893 939 36 28 sig
939 939 52 22 icke

233 981 57 14 vara
306 973 55 22 fullt
376 973 142 28 tillräckliga
534 973 36 21 för
585 973 39 21 det
639 973 96 22 afsedda
750 973 137 27 ändamålet,
903 973 21 22 d.
935 981 22 13 v.
973 981 17 14 s.

232 1007 188 29 förebyggandet
442 1007 27 22 af
488 1007 29 21 de
539 1008 100 21 sanitära
662 1007 73 22 vådor
758 1015 54 14 man
834 1007 91 22 befarat
939 1007 52 22 här-

231 1041 59 29 flyta
306 1041 27 22 af
345 1041 136 28 bosättning
495 1041 67 22 invid
576 1041 219 29 begrafningsplats.
816 1041 46 22 Det
877 1041 42 22 har
927 1045 63 18 näm-

232 1075 66 28 ligen
312 1075 112 25 inträffat,
441 1077 35 19 att
490 1075 7 20 i
513 1075 141 28 granskapet
669 1075 26 21 af
708 1082 29 14 en
752 1075 51 21 med
820 1078 63 18 stora
897 1075 93 21 kostna-

232 1109 42 22 der
295 1109 121 28 nyanlagd
437 1109 134 28 kyrkogård
591 1109 72 22 innan
685 1109 54 21 kort
753 1109 108 21 bostäder
876 1108 113 29 uppförts,

232 1143 44 22 och
291 1143 195 28 församlingarna
502 1147 40 18 äro
558 1143 97 21 sålunda
670 1143 105 28 ständigt
788 1145 89 19 utsatta
887 1143 37 21 för
933 1143 56 28 möj-

230 1177 107 29 ligheten
352 1179 35 20 att
402 1177 8 22 i
425 1177 53 22 stöd
493 1177 26 21 af
531 1177 235 28 hälsovårdsstadgan
775 1179 54 26 nytt
835 1176 85 22 förbud
928 1179 62 19 emot

231 1211 155 29 begagnande
408 1211 26 22 af
454 1211 65 22 deras
541 1211 238 29 begrafningsplatser
796 1211 93 21 komme
904 1213 35 19 att
954 1213 35 19 ut-

230 1245 86 28 färdas,
332 1248 57 19 utan
404 1247 35 20 att
454 1245 28 22 de
497 1245 37 22 till
549 1245 42 22 sitt
605 1245 75 28 skydd
695 1245 71 22 hafva
781 1252 78 15 annan
871 1247 80 26 utväg,
959 1249 30 17 än

232 1282 34 19 ett
289 1279 119 22 anlitande
436 1279 26 22 af
484 1279 72 22 sådan
581 1279 8 21 i
605 1279 28 22 de
650 1279 67 22 flesta
731 1279 42 22 fall
788 1279 53 22 med
856 1279 133 28 betydande

230 1313 282 30 penningeuppoffringar
538 1313 97 22 förenad
663 1313 154 29 lösningsrätt
843 1313 37 22 till
905 1313 84 28 själfva

231 1348 46 22 den
292 1347 182 29 kringliggande
488 1347 104 28 marken,
608 1355 49 14 som
672 1347 317 29 expropriationsförordnin-

230 1390 47 21 gen
297 1382 152 21 tillerkänner
471 1382 59 21 dem.
561 1381 48 22 Och
635 1382 9 21 i
667 1382 28 21 de
715 1382 30 29 på
760 1381 162 29 landsbygden
937 1382 52 21 icke

229 1417 115 28 sällsynta
366 1416 48 27 fall,
438 1416 41 21 där
502 1418 34 19 ett
556 1415 93 22 fortsatt
664 1415 152 29 begagnande
832 1415 27 22 af
872 1415 63 22 äldre
950 1415 38 22 be-

229 1450 185 29 grafningsplats
430 1449 133 23 erfordrade
585 1450 200 22 undanskaffande
801 1449 27 23 af
841 1450 98 21 allenast
954 1452 35 19 ett

228 1484 57 22 eller
300 1486 73 20 annat
388 1484 142 28 boningshus
545 1484 9 21 i
567 1484 104 28 platsens
685 1484 84 22 närhet
783 1483 94 29 erbjöde
885 1485 103 27 utvägen

296 1524 134 22 Lagutskottets
444 1523 109 18 betänkande
565 1523 37 18 N:o
614 1524 17 17 4.
