1142 1803
391 185 26 21 U.
434 185 23 21 B.
474 197 27 2 —
517 184 63 26 Prop.
596 184 41 21 N:o
653 186 19 20 9.
830 184 53 22 XIII

601 248 14 24 $
630 247 38 21 20.

436 286 37 21 Uti
496 286 193 27 byggnadskassan
713 286 109 27 befintligt
839 286 70 27 öfver-

361 320 55 21 skott
431 320 87 27 utöfver
532 320 36 20 det
580 320 81 27 belopp,
678 320 92 20 hvartill
784 320 128 21 densamma

361 354 109 27 faststälts
492 356 34 18 att
544 354 144 27 upplringas,
711 354 38 20 mä
767 354 34 27 pä
817 354 93 21 ansök-

361 388 67 27 ning
444 388 117 21 användas
578 388 101 27 främst
697 387 35 22 till
747 388 102 21 sädana
864 388 47 27 för-

363 422 123 27 bättringar
508 422 14 20 å
546 422 95 26 boställe,
657 429 47 14 som
723 421 142 22 Guvernören
879 422 32 27 ef-

363 458 31 19 ter
423 456 174 27 församlingens
625 456 96 20 hörande
746 456 167 27 godkänner,

362 492 68 19 samt
444 489 116 28 derefter
579 490 45 21 till
639 490 84 21 andra
738 490 107 21 sådana
859 490 52 21 eck-

364 524 142 21 lesiastika
528 524 126 21 ändamål
675 524 10 20 i
707 524 206 27 församlingen,

363 565 53 14 som
433 558 128 26 Senaten,
577 558 70 27 efter
657 558 77 21 såväl
749 558 163 27 församlin-

362 599 62 21 gens
446 599 55 14 som
524 592 186 21 Guvernörens
733 592 44 20 och
799 592 113 20 Domka-

361 626 95 28 pitlets
480 626 127 26 hörande,
633 633 80 13 anser
734 626 61 20 böra
818 626 95 26 tillgo-

364 660 78 21 doses.

607 722 16 27 $
639 723 33 19 21.

439 757 171 32 Öfverloppshus
628 753 14 40 —
650 768 47 20 eger
715 753 14 40 —
737 761 179 27 boställshafvare

366 795 118 28 hembjuda
507 795 37 20 sin
566 795 149 27 efterträdare.
756 795 43 21 Vill
813 795 70 21 denne
898 795 19 27 ej

367 829 72 21 inlösa
454 829 128 26 detsamma,
598 836 35 20 ege
649 829 112 27 afträdare
771 831 46 18 rätt
826 831 33 18 att
869 829 46 27 för-

368 865 59 26 yttra
443 863 35 21 det
492 863 24 21 ät
530 870 84 14 annan.
644 863 90 21 Förblir
749 863 62 21 huset
825 863 14 20 ä
853 863 65 21 bolets

368 897 68 27 mark,
460 897 95 27 erlägges
577 897 20 28 ej
616 897 122 27 ersättning
753 897 36 27 för
803 897 73 21 dertill
891 904 27 13 ur

369 931 64 21 bolets
448 931 50 27 skog
515 933 56 25 taget
586 931 72 26 virke;
674 938 51 14 men
735 931 75 28 flyttas
821 931 34 21 det
865 931 54 27 frän

370 965 102 26 bostället,
489 965 57 20 skall
560 965 70 21 virket
645 965 35 20 till
699 965 168 21 boställskassan
883 972 34 13 er-

368 1001 76 19 sättas.

444 1033 68 27 Virke,
536 1040 47 14 som
595 1033 54 27 från
665 1033 108 21 boställets
789 1034 49 27 skog
855 1033 64 28 tagits

370 1067 35 20 till
434 1067 116 27 äbyggnad
576 1067 14 20 &
621 1067 236 27 löningslägenhet
885 1067 32 20 el-

370 1101 40 20 ler
424 1101 26 20 sä
466 1101 119 26 beskaffadt
600 1103 53 25 torp,
670 1101 91 20 hvarom
776 1100 9 21 i
799 1102 15 25 $
828 1101 32 20 32
871 1101 47 26 för-

370 1135 73 26 mäles,
465 1135 51 20 eller
539 1135 34 20 till
595 1135 124 27 ängslador,
735 1137 26 18 är
777 1134 140 27 boställshaf-

370 1175 67 14 varen
451 1169 45 20 icke
518 1169 85 27 skyldig
618 1170 87 19 ersätta.
738 1168 80 28 Dylik
841 1168 78 27 äbyg-

370 1203 52 20 nad
444 1203 75 20 tillhör
538 1203 71 20 städse
631 1203 103 26 bostället,
757 1209 50 14 men
829 1203 90 26 ängsla-

371 1236 44 27 dor,
428 1237 36 26 för
478 1236 76 21 hvilka
569 1236 244 27 boställshafvaren
828 1236 40 21 vill
883 1238 36 18 ut-

370 1270 62 27 gifva
447 1270 128 27 ersättning,
593 1270 69 27 blifva
677 1271 57 20 hans
749 1277 62 20 egna.

613 1333 14 26 $
644 1333 36 20 22.

443 1371 186 27 Boställshafvare
651 1378 52 14 vare
725 1371 84 28 skyldig
833 1373 32 18 att
887 1371 36 20 väl

372 1406 69 20 vårda
456 1406 14 20 å
486 1405 97 21 bostället
599 1405 113 27 befintliga
727 1405 51 27 laga
793 1405 48 20 hus.

441 1440 38 20 All
500 1439 73 26 skada,
597 1445 48 15 som
665 1445 79 21 genom
771 1438 81 28 uppsåt
873 1438 51 20 eller

372 1474 59 26 groft
452 1473 101 21 vållande
575 1472 30 28 af
616 1473 81 20 honom
711 1472 14 20 å
740 1472 81 20 sådant
835 1472 42 20 hus
893 1470 29 21 ti-

236 1514 44 20 Lag-
294 1514 26 15 och
332 1513 167 16 Ekonomiutskottets
512 1513 105 15 betänkande
628 1512 35 16 N:o
675 1516 16 15 4.
