1142 1803
278 172 12 20 2
582 170 43 23 N:o
647 172 22 21 9.

246 245 34 15 om
305 238 133 27 prestbolens
462 238 112 26 byggande
595 238 39 20 och
654 237 111 21 underhåll
782 237 91 21 lemnats
889 237 118 21 tillsvidare

248 273 114 21 beroende.
385 273 33 20 Då
434 272 88 21 härmed
538 272 121 21 förbundits
667 272 78 26 jemväl
757 271 74 27 frågan
845 278 33 14 om
890 271 116 21 förändrad

248 307 134 27 lagstiftning
398 306 108 27 angående
522 306 111 26 byggande
650 306 38 20 och
705 305 112 21 underhåll
835 306 23 20 af
872 306 69 26 kyrka
951 308 56 18 samt

248 342 40 20 den
311 341 81 21 komité
415 340 23 22 af
459 341 133 26 sakkunniga
616 346 106 21 personer,
747 346 43 15 som
811 341 59 20 Hans
887 340 120 26 Kejserliga

248 375 102 26 Majestät
372 375 48 21 låtit
443 375 33 21 för
494 375 123 21 ändamålet
635 375 105 24 nedsätta,
755 375 79 26 jemväl
850 374 40 21 fått
907 374 33 27 sig
955 381 53 19 upp-

250 409 75 26 draget
348 412 32 18 att
403 409 100 21 utarbeta
523 409 78 26 förslag
618 409 31 21 till
667 415 26 14 en
708 409 100 26 tidsenlig
824 409 183 25 boställsordning

249 444 33 21 för
298 444 122 26 prestbolen
437 444 6 21 i
460 444 80 25 landet,
558 444 38 20 har
612 444 61 20 detta
689 444 78 20 ärende
784 443 106 21 erfordrat
907 449 25 14 en
948 443 59 26 lång-

249 477 106 27 varigare,
378 478 7 20 i
408 478 56 20 vissa
485 478 59 21 delar
563 477 45 21 helt
625 477 39 21 och
680 477 66 21 hållet
762 484 27 20 ny
805 477 123 27 beredning,
945 477 62 20 hvars

249 512 98 25 resultat,
372 512 64 21 sedan
456 511 171 22 vederbörandes
643 512 114 26 yttranden
776 511 58 21 öfver
851 512 106 20 komiténs
974 518 32 13 ar-

250 547 50 21 bete
323 547 116 20 inhemtats
459 549 53 18 samt
529 547 78 25 nödiga
623 546 115 26 ändringar
754 546 48 21 med
819 546 114 26 anledning
949 545 61 21 deraf

252 581 108 26 vidtagits,
380 587 88 14 numera
486 581 72 20 kunna
575 580 71 21 såsom
663 580 219 26 författningsförslag
899 580 31 20 till
947 580 61 20 Stän-

254 615 77 21 dernas
346 615 128 26 behandling
490 614 148 21 öfverlemnas.

322 649 46 20 Den
384 648 88 22 afsedda
483 655 41 20 nya
535 648 161 27 lagstiftningen
708 651 23 18 är
742 648 96 21 fördelad
849 648 27 27 på
888 651 31 18 tre
931 649 76 25 skilda,

254 684 66 20 ehuru
336 684 48 20 med
400 683 120 21 hvarandra
535 684 5 20 i
559 683 102 21 samband
676 683 88 21 stående
783 683 225 27 författningsförslag,

254 717 116 26 nemligen:

325 751 109 26 angående
450 751 147 27 skyldigheten
614 753 32 19 att
662 752 85 26 deltaga
766 752 7 20 i
789 752 112 26 byggande
917 752 37 20 och
971 758 37 14 un-

253 785 84 21 derhåll
353 785 23 21 af
390 785 78 27 kyrka;

326 820 110 26 angående
451 820 147 26 skyldigheten
616 823 32 18 att
664 821 85 26 deltaga
765 821 6 20 i
788 821 112 26 byggande
917 821 37 20 och
970 827 39 14 un-

254 854 82 21 derhåll
353 854 23 21 af
391 855 121 26 prestgård;
528 857 57 18 samt

327 889 109 26 angående
451 889 170 26 presterskapets
637 889 109 21 boställen.

326 923 10 20 I
352 923 25 20 de
393 926 75 18 tvenne
484 923 145 21 förstnämnda
645 923 23 21 af
677 923 63 21 dessa
750 923 221 27 författningsförslag
986 925 23 19 är

254 957 71 21 såsom
342 957 79 21 allmän
437 957 113 27 grundsats
565 957 118 28 faststäldt,
695 960 32 19 att
740 957 147 27 fördelningen
908 958 23 21 af
945 958 64 27 bygg-

256 991 152 21 nadsbesväret
424 992 49 21 sker
487 992 7 20 i
510 992 95 27 enlighet
620 993 48 20 med
685 993 25 20 de
726 993 161 26 bestämningar
897 999 46 14 som
953 993 57 26 gälla

254 1025 34 21 för
304 1026 129 26 erläggande
449 1026 24 21 af
486 1026 91 27 aflöning
593 1027 34 20 till
642 1027 165 26 presterskapet,
825 1027 39 20 och
880 1027 39 20 har
930 1027 35 20 vid
976 1027 34 21 så-

255 1059 51 21 dant
317 1059 134 22 förhållande
462 1061 40 20 den
513 1061 98 20 befrielse
623 1061 47 20 från
682 1061 76 26 kyrko-
770 1062 38 20 och
820 1061 191 26 prestgårdsbygg-

254 1093 183 26 nadsskyldighet,
456 1100 46 15 som
520 1095 28 25 på
564 1095 67 26 grund
647 1094 23 21 af
684 1095 196 26 ståndsprivilegier
895 1095 66 20 delvis
976 1098 35 23 egt

255 1133 54 20 rum,
326 1127 48 21 bort
390 1127 33 21 för
438 1127 114 22 framtiden
568 1129 103 26 upphöra.

333 1161 9 21 I
352 1161 36 21 det
396 1162 131 21 sistnämnda
536 1162 246 27 författningsförslaget,
794 1169 43 14 som
850 1163 116 21 innefattar
977 1164 36 20 bo-

256 1195 154 27 ställsordning
426 1195 33 22 för
474 1197 128 26 prestbolen,
619 1199 43 24 äro,
679 1197 32 20 till
727 1197 109 21 ordnande
852 1198 39 20 och
904 1198 108 20 underlät-

255 1229 65 21 tande
336 1229 23 20 af
372 1229 192 28 byggnadstungan
580 1233 55 18 samt
652 1231 40 20 den
707 1233 99 19 närmare
823 1231 100 27 tillsynen
940 1232 23 21 af
976 1232 36 21 bo-

256 1263 102 21 ställenas
382 1263 52 21 häfd
457 1265 38 20 och
519 1265 117 25 underhåll,
657 1267 77 19 tvenne
755 1265 99 27 åtgärder
871 1266 22 21 af
907 1267 105 25 väsentlig

256 1297 109 26 betydelse
389 1297 130 28 föreslagna:
540 1299 110 21 bildandet
666 1299 21 20 af
703 1306 26 14 en
745 1300 154 21 boställskassa
915 1301 5 19 i
937 1301 74 25 hvarje

255 1330 129 27 församling
394 1334 55 19 samt
460 1332 141 21 tillsättandet
613 1333 21 20 af
645 1340 25 13 en
682 1333 175 21 boställsnämnd.
878 1333 135 22 Sistnämnda

255 1365 121 21 institution
400 1368 24 18 är
445 1366 74 21 afsedd
536 1369 37 23 att,
590 1369 51 19 utan
657 1367 91 27 ändring
764 1368 23 21 af
801 1368 25 21 de
842 1369 97 26 kyrkliga
955 1375 58 20 myn-

256 1399 138 26 digheternas
416 1400 127 27 befogenhet
566 1401 39 21 och
628 1401 145 26 skyldigheter
793 1403 66 26 enligt
875 1402 137 27 kyrkolagen,

255 1433 74 21 utöfva
345 1440 25 14 en
388 1435 87 25 ständig
490 1435 58 21 lokal
563 1435 95 21 kontroll
674 1436 59 20 öfver
749 1437 130 20 boställenas
896 1437 51 20 vård
958 1440 54 17 samt

254 1466 91 21 sålunda
368 1467 70 21 såvidt
461 1468 83 27 möjligt
566 1468 132 22 förekomma
721 1470 26 20 de
767 1470 32 20 för
818 1470 193 21 boställshafvaren
