1142 1803
285 174 27 21 26
592 175 45 24 N:o
657 176 22 23 9.

256 242 86 27 ärende,
358 242 57 22 hvad
429 243 32 21 uti
477 242 180 28 nästföregäende
672 243 13 29 &
701 244 99 26 stadgats
816 244 7 21 i
838 244 127 28 tillämpliga
980 246 36 20 de-

254 276 34 22 lar
302 276 66 22 lända
384 277 32 21 till
432 277 151 23 efterrättelse.

601 329 12 29 8
630 330 33 21 60.

327 362 224 29 Häradssynerättens
567 364 79 21 arvode
665 364 53 21 skall
735 364 74 27 gäldas
821 364 48 22 utaf
879 365 30 20 af-
920 365 39 22 och
970 365 42 21 till-

255 397 94 27 trädare,
365 397 33 22 till
413 397 81 22 hälften
511 397 23 22 af
546 398 112 21 hvardera.

599 455 14 28 8
630 457 33 20 61.

327 489 98 28 Andring
446 490 7 21 i
476 491 109 26 synerätts
608 489 72 28 utslag
698 491 63 20 sökes
783 497 76 20 genom
883 491 41 21 vad
939 492 7 20 i
961 491 52 22 Hof-

255 524 52 26 rätt,
322 524 30 26 pä
367 525 45 20 sätt
428 524 73 21 derom
516 525 7 20 i
539 524 116 21 allmänhet
672 526 23 19 är
711 525 109 26 stadeadt.

326 558 82 22 Besvär
431 559 59 21 öfver
513 559 123 21 Guvernörs
653 559 71 27 utslag
739 560 8 20 i
763 560 85 26 ärende,
865 566 45 14 som
926 560 41 21 han
984 561 26 25 pä

254 592 72 27 grund
341 592 23 22 af
378 593 70 21 denna
463 593 126 27 förordning
605 593 99 27 slutligen
721 593 85 27 afgjort,
823 594 86 21 anföras
924 595 7 20 i
941 594 71 26 vanlig

256 627 91 27 ordning
362 627 39 22 hos
416 627 105 22 Senatens
537 628 290 27 Ekonomie-Departement.

524 726 80 16 VII
628 727 112 19 Kap.

408 770 33 22 Om
458 771 149 26 tillämpningen
624 771 21 21 af
661 771 64 21 denna
741 771 124 27 förordning.

598 827 13 29 8
628 829 33 20 62.

326 863 34 20 Då
387 862 162 27 tillämpningen
576 861 23 22 af
621 862 67 21 sådan
711 862 102 21 faststäld
835 863 106 26 reglering
963 863 50 20 utaf

254 896 260 27 byggnadsskyldigheten
530 897 13 20 å
557 896 97 27 boställe,
670 897 89 20 hvarom
774 897 7 20 i
796 897 55 26 Kap.
863 897 32 20 III
906 899 23 18 är
940 897 69 26 sagdt,

253 931 100 27 vidtager
375 931 6 21 i
397 931 131 26 församling,
544 931 61 21 skola
620 931 121 21 boställena
757 931 110 21 derstädes
883 937 58 20 vara,
956 931 7 20 i
979 931 30 21 öf-

254 965 200 22 verensstämmelse
476 965 47 21 med
546 965 59 21 förut
625 965 99 26 gällande
740 965 142 27 stadganden,
898 965 32 20 uti
945 965 64 21 behö-

254 1000 44 27 rigt
313 1000 65 21 stånd
393 999 93 22 försatta
502 999 22 22 af
538 999 40 21 den
595 999 50 21 eller
661 999 53 27 dem,
731 1005 46 16 som
787 999 122 27 byggandet
921 999 38 21 och
970 1006 39 14 un-

255 1033 105 22 derhållet
383 1033 23 22 af
426 1034 68 21 husen
518 1033 104 22 derintills
639 1034 76 26 ålegat,
732 1034 55 21 dock
802 1035 38 25 att,
857 1034 38 21 der
909 1033 99 22 boställs-

254 1068 103 21 hafvaren
373 1074 73 14 ensam
461 1067 46 21 haft
522 1068 32 25 sig
569 1068 232 26 byggnadsskyldighet
817 1067 90 26 åhvälfd,
919 1067 89 21 försam-

253 1101 73 28 lingen
342 1101 32 22 till
389 1101 81 22 hälften
486 1101 95 27 deltager
596 1101 7 21 i
618 1101 112 22 boställets
746 1101 181 22 iståndsättande.

597 1152 13 29 8
627 1154 33 20 63.

326 1193 10 21 I
358 1193 73 27 hvarje
453 1192 124 27 församling
595 1193 60 26 skall,
675 1193 67 21 sedan
757 1192 250 27 boställsbyggnadskas-

253 1233 52 16 sans
320 1227 161 27 kapitalbelopp
498 1227 38 21 och
547 1228 67 20 sättet
624 1226 33 21 för
668 1227 48 21 dess
727 1226 217 27 sammanbringande
954 1227 53 21 slut-

252 1261 57 27 ligen
324 1261 114 27 faststälts,
458 1261 92 26 husesyn
567 1261 12 21 ä
593 1261 164 26 församlingens
773 1261 109 26 prestabol
897 1260 110 27 förrättas,

252 1295 8 21 i
282 1295 50 21 stad
354 1295 23 21 af
397 1295 166 21 Rädstufvurätt
586 1295 38 21 och
639 1296 28 26 pä
682 1295 74 21 landet
773 1295 22 21 af
807 1295 138 26 Häradsrätt,
961 1295 48 21 med

252 1329 86 22 biträde
360 1329 24 22 af
400 1330 140 26 sakkunnige,
556 1335 34 16 om
605 1330 25 20 sä
644 1329 107 22 behöfves.
781 1329 79 21 Dervid
875 1329 132 21 undersökes

252 1364 107 22 huruvida
373 1365 167 26 vederbörande,
556 1364 132 22 beträffande
703 1365 122 27 byggandet
841 1365 39 21 och
894 1365 113 21 underhäl-

252 1399 31 22 let
298 1399 23 21 af
333 1399 113 21 boställets
461 1399 49 26 laga
524 1399 47 27 hus,
579 1399 96 27 fullgjort
690 1399 57 21 hvad
763 1399 47 22 dem
826 1400 65 27 enligt
902 1400 105 21 nästföre-

252 1433 84 27 gående
359 1433 13 28 &
396 1433 76 27 älegat,
496 1433 52 21 eller
566 1433 7 21 i
588 1433 57 21 hvad
659 1434 50 20 män
726 1434 25 20 de
767 1434 72 20 häruti
854 1435 86 21 brustit.
971 1435 36 21 Vi-

253 1468 52 20 dare
320 1467 129 21 bestämmes
464 1467 49 21 med
528 1467 87 27 ledning
630 1468 23 20 af
667 1467 70 21 denna
752 1468 131 28 förordning,
895 1470 18 26 ej
924 1469 83 21 mindre

252 1501 84 22 antalet
351 1501 39 21 och
406 1501 40 21 den
462 1503 99 19 närmare
575 1501 175 22 beskaffenheten
767 1502 22 21 af
803 1502 25 21 de
843 1502 49 27 laga
902 1503 47 26 hus,
961 1510 45 14 som
