<?xml version="1.0" encoding="UTF-8"?>
<alto xmlns="http://www.loc.gov/standards/alto/ns-v3#" xmlns:xlink="http://www.w3.org/1999/xlink" xmlns:xsi="http://www.w3.org/2001/XMLSchema-instance" xsi:schemaLocation="http://www.loc.gov/standards/alto/ns-v3# http://www.loc.gov/alto/v3/alto-3-0.xsd">
	<Description>
		<MeasurementUnit>pixel</MeasurementUnit>
		<sourceImageInformation>
			<fileName>/tmp/tess_8q8l9sff_input.PNG</fileName>
		</sourceImageInformation>
		<OCRProcessing ID="OCR_0">
			<ocrProcessingStep>
				<processingSoftware>
					<softwareName>tesseract 5.3.4</softwareName>
				</processingSoftware>
			</ocrProcessingStep>
		</OCRProcessing>
	</Description>
	<Layout>
		<Page WIDTH="1142" HEIGHT="1803" PHYSICAL_IMG_NR="0" ID="page_0">
			<PrintSpace HPOS="0" VPOS="0" WIDTH="1142" HEIGHT="1803">
				<ComposedBlock ID="cblock_0" HPOS="332" VPOS="184" WIDTH="537" HEIGHT="28">
					<TextBlock ID="block_0" HPOS="332" VPOS="184" WIDTH="537" HEIGHT="28">
						<TextLine ID="line_0" HPOS="332" VPOS="184" WIDTH="537" HEIGHT="28">
							<String ID="string_0" HPOS="332" VPOS="184" WIDTH="86" HEIGHT="22" WC="0.88" CONTENT="Ständ."/><SP WIDTH="17" VPOS="184" HPOS="418"/>
							<String ID="string_1" HPOS="435" VPOS="184" WIDTH="39" HEIGHT="22" WC="0.93" CONTENT="Sv."/><SP WIDTH="15" VPOS="184" HPOS="474"/>
							<String ID="string_2" HPOS="489" VPOS="196" WIDTH="29" HEIGHT="4" WC="0.93" CONTENT="—"/><SP WIDTH="14" VPOS="196" HPOS="518"/>
							<String ID="string_3" HPOS="532" VPOS="184" WIDTH="74" HEIGHT="28" WC="0.96" CONTENT="Prop."/><SP WIDTH="15" VPOS="184" HPOS="606"/>
							<String ID="string_4" HPOS="621" VPOS="184" WIDTH="47" HEIGHT="22" WC="0.95" CONTENT="N:o"/><SP WIDTH="14" VPOS="184" HPOS="668"/>
							<String ID="string_5" HPOS="682" VPOS="184" WIDTH="21" HEIGHT="22" WC="0.93" CONTENT="1."/><SP WIDTH="142" VPOS="184" HPOS="703"/>
							<String ID="string_6" HPOS="845" VPOS="184" WIDTH="24" HEIGHT="21" WC="0.96" CONTENT="17"/>
						</TextLine>
					</TextBlock>
				</ComposedBlock>
				<ComposedBlock ID="cblock_1" HPOS="347" VPOS="246" WIDTH="557" HEIGHT="506">
					<TextBlock ID="block_1" HPOS="347" VPOS="246" WIDTH="555" HEIGHT="267">
						<TextLine ID="line_1" HPOS="350" VPOS="246" WIDTH="548" HEIGHT="28">
							<String ID="string_7" HPOS="350" VPOS="246" WIDTH="52" HEIGHT="22" WC="0.96" CONTENT="böra"/><SP WIDTH="14" VPOS="246" HPOS="402"/>
							<String ID="string_8" HPOS="416" VPOS="246" WIDTH="38" HEIGHT="21" WC="0.93" CONTENT="vid"/><SP WIDTH="14" VPOS="246" HPOS="454"/>
							<String ID="string_9" HPOS="468" VPOS="247" WIDTH="157" HEIGHT="27" WC="0.89" CONTENT="utstakningen"/><SP WIDTH="14" VPOS="247" HPOS="625"/>
							<String ID="string_10" HPOS="639" VPOS="247" WIDTH="52" HEIGHT="21" WC="0.96" CONTENT="eller"/><SP WIDTH="16" VPOS="247" HPOS="691"/>
							<String ID="string_11" HPOS="707" VPOS="247" WIDTH="133" HEIGHT="21" WC="0.92" CONTENT="omedelbart"/><SP WIDTH="9" VPOS="247" HPOS="840"/>
							<String ID="string_12" HPOS="849" VPOS="247" WIDTH="49" HEIGHT="21" WC="0.91" CONTENT="der-"/>
						</TextLine>
						<TextLine ID="line_2" HPOS="350" VPOS="280" WIDTH="551" HEIGHT="29">
							<String ID="string_13" HPOS="350" VPOS="280" WIDTH="54" HEIGHT="28" WC="0.93" CONTENT="efter"/><SP WIDTH="14" VPOS="280" HPOS="404"/>
							<String ID="string_14" HPOS="418" VPOS="281" WIDTH="119" HEIGHT="27" WC="0.90" CONTENT="rörläggas."/><SP WIDTH="31" VPOS="281" HPOS="537"/>
							<String ID="string_15" HPOS="568" VPOS="280" WIDTH="37" HEIGHT="22" WC="0.93" CONTENT="Då"/><SP WIDTH="14" VPOS="280" HPOS="605"/>
							<String ID="string_16" HPOS="619" VPOS="281" WIDTH="181" HEIGHT="28" WC="0.88" CONTENT="klyfningsskifte"/><SP WIDTH="18" VPOS="281" HPOS="800"/>
							<String ID="string_17" HPOS="818" VPOS="280" WIDTH="83" HEIGHT="22" WC="0.96" CONTENT="vunnit"/>
						</TextLine>
						<TextLine ID="line_3" HPOS="350" VPOS="314" WIDTH="549" HEIGHT="29">
							<String ID="string_18" HPOS="350" VPOS="315" WIDTH="50" HEIGHT="27" WC="0.95" CONTENT="laga"/><SP WIDTH="22" VPOS="315" HPOS="400"/>
							<String ID="string_19" HPOS="422" VPOS="314" WIDTH="66" HEIGHT="28" WC="0.95" CONTENT="kraft,"/><SP WIDTH="23" VPOS="314" HPOS="488"/>
							<String ID="string_20" HPOS="511" VPOS="315" WIDTH="56" HEIGHT="21" WC="0.93" CONTENT="skall"/><SP WIDTH="18" VPOS="315" HPOS="567"/>
							<String ID="string_21" HPOS="585" VPOS="315" WIDTH="216" HEIGHT="21" WC="0.91" CONTENT="länelandtmätaren"/><SP WIDTH="13" VPOS="315" HPOS="801"/>
							<String ID="string_22" HPOS="814" VPOS="315" WIDTH="11" HEIGHT="21" WC="0.93" CONTENT="i"/><SP WIDTH="9" VPOS="315" HPOS="825"/>
							<String ID="string_23" HPOS="834" VPOS="315" WIDTH="65" HEIGHT="28" WC="0.92" CONTENT="jord-"/>
						</TextLine>
						<TextLine ID="line_4" HPOS="349" VPOS="349" WIDTH="550" HEIGHT="28">
							<String ID="string_24" HPOS="349" VPOS="349" WIDTH="100" HEIGHT="27" WC="0.95" CONTENT="registret"/><SP WIDTH="14" VPOS="349" HPOS="449"/>
							<String ID="string_25" HPOS="463" VPOS="349" WIDTH="77" HEIGHT="27" WC="0.93" CONTENT="införa"/><SP WIDTH="14" VPOS="349" HPOS="540"/>
							<String ID="string_26" HPOS="554" VPOS="350" WIDTH="89" HEIGHT="20" WC="0.92" CONTENT="delarne"/><SP WIDTH="14" VPOS="350" HPOS="643"/>
							<String ID="string_27" HPOS="657" VPOS="349" WIDTH="74" HEIGHT="21" WC="0.96" CONTENT="såsom"/><SP WIDTH="11" VPOS="349" HPOS="731"/>
							<String ID="string_28" HPOS="742" VPOS="349" WIDTH="72" HEIGHT="21" WC="0.93" CONTENT="skilda"/><SP WIDTH="11" VPOS="349" HPOS="814"/>
							<String ID="string_29" HPOS="825" VPOS="349" WIDTH="74" HEIGHT="28" WC="0.90" CONTENT="lägen-"/>
						</TextLine>
						<TextLine ID="line_5" HPOS="347" VPOS="383" WIDTH="554" HEIGHT="21">
							<String ID="string_30" HPOS="347" VPOS="383" WIDTH="61" HEIGHT="20" WC="0.95" CONTENT="heter"/><SP WIDTH="22" VPOS="383" HPOS="408"/>
							<String ID="string_31" HPOS="430" VPOS="384" WIDTH="60" HEIGHT="19" WC="0.96" CONTENT="samt"/><SP WIDTH="21" VPOS="384" HPOS="490"/>
							<String ID="string_32" HPOS="511" VPOS="383" WIDTH="73" HEIGHT="21" WC="0.96" CONTENT="derom"/><SP WIDTH="22" VPOS="383" HPOS="584"/>
							<String ID="string_33" HPOS="606" VPOS="383" WIDTH="76" HEIGHT="21" WC="0.96" CONTENT="teckna"/><SP WIDTH="23" VPOS="383" HPOS="682"/>
							<String ID="string_34" HPOS="705" VPOS="383" WIDTH="58" HEIGHT="20" WC="0.91" CONTENT="bevis"/><SP WIDTH="22" VPOS="383" HPOS="763"/>
							<String ID="string_35" HPOS="785" VPOS="383" WIDTH="14" HEIGHT="20" WC="0.91" CONTENT="å"/><SP WIDTH="22" VPOS="383" HPOS="799"/>
							<String ID="string_36" HPOS="821" VPOS="383" WIDTH="80" HEIGHT="21" WC="0.95" CONTENT="kartan"/>
						</TextLine>
						<TextLine ID="line_6" HPOS="350" VPOS="417" WIDTH="550" HEIGHT="27">
							<String ID="string_37" HPOS="350" VPOS="417" WIDTH="40" HEIGHT="21" WC="0.93" CONTENT="och"/><SP WIDTH="14" VPOS="417" HPOS="390"/>
							<String ID="string_38" HPOS="404" VPOS="417" WIDTH="258" HEIGHT="27" WC="0.88" CONTENT="delningsinstrumentet"/><SP WIDTH="10" VPOS="417" HPOS="662"/>
							<String ID="string_39" HPOS="672" VPOS="425" WIDTH="3" HEIGHT="18" WC="0.88" CONTENT=";"/><SP WIDTH="18" VPOS="425" HPOS="675"/>
							<String ID="string_40" HPOS="693" VPOS="417" WIDTH="39" HEIGHT="21" WC="0.96" CONTENT="och"/><SP WIDTH="15" VPOS="417" HPOS="732"/>
							<String ID="string_41" HPOS="747" VPOS="417" WIDTH="96" HEIGHT="21" WC="0.92" CONTENT="kommer"/><SP WIDTH="16" VPOS="417" HPOS="843"/>
							<String ID="string_42" HPOS="859" VPOS="417" WIDTH="41" HEIGHT="21" WC="0.89" CONTENT="hä-"/>
						</TextLine>
						<TextLine ID="line_7" HPOS="349" VPOS="451" WIDTH="553" HEIGHT="28">
							<String ID="string_43" HPOS="349" VPOS="451" WIDTH="110" HEIGHT="21" WC="0.92" CONTENT="radsrätts"/><SP WIDTH="19" VPOS="451" HPOS="459"/>
							<String ID="string_44" HPOS="478" VPOS="451" WIDTH="123" HEIGHT="28" WC="0.56" CONTENT="befattning"/><SP WIDTH="23" VPOS="451" HPOS="601"/>
							<String ID="string_45" HPOS="624" VPOS="451" WIDTH="48" HEIGHT="21" WC="0.93" CONTENT="med"/><SP WIDTH="21" VPOS="451" HPOS="672"/>
							<String ID="string_46" HPOS="693" VPOS="451" WIDTH="209" HEIGHT="28" WC="0.90" CONTENT="klyfningsskiftens"/>
						</TextLine>
						<TextLine ID="line_8" HPOS="350" VPOS="485" WIDTH="512" HEIGHT="28">
							<String ID="string_47" HPOS="350" VPOS="485" WIDTH="156" HEIGHT="27" WC="0.89" CONTENT="fastställande"/><SP WIDTH="15" VPOS="485" HPOS="506"/>
							<String ID="string_48" HPOS="521" VPOS="487" WIDTH="33" HEIGHT="19" WC="0.96" CONTENT="att"/><SP WIDTH="13" VPOS="487" HPOS="554"/>
							<String ID="string_49" HPOS="567" VPOS="485" WIDTH="37" HEIGHT="28" WC="0.96" CONTENT="för"/><SP WIDTH="13" VPOS="485" HPOS="604"/>
							<String ID="string_50" HPOS="617" VPOS="485" WIDTH="123" HEIGHT="28" WC="0.93" CONTENT="framtiden"/><SP WIDTH="14" VPOS="485" HPOS="740"/>
							<String ID="string_51" HPOS="754" VPOS="485" WIDTH="108" HEIGHT="28" WC="0.92" CONTENT="upphöra."/>
						</TextLine>
					</TextBlock>
					<TextBlock ID="block_2" HPOS="347" VPOS="519" WIDTH="557" HEIGHT="233">
						<TextLine ID="line_9" HPOS="420" VPOS="519" WIDTH="482" HEIGHT="28">
							<String ID="string_52" HPOS="420" VPOS="519" WIDTH="50" HEIGHT="21" WC="0.93" CONTENT="Har"/><SP WIDTH="15" VPOS="519" HPOS="470"/>
							<String ID="string_53" HPOS="485" VPOS="519" WIDTH="104" HEIGHT="28" WC="0.92" CONTENT="klyfning"/><SP WIDTH="14" VPOS="519" HPOS="589"/>
							<String ID="string_54" HPOS="603" VPOS="520" WIDTH="55" HEIGHT="21" WC="0.95" CONTENT="skett"/><SP WIDTH="20" VPOS="520" HPOS="658"/>
							<String ID="string_55" HPOS="678" VPOS="521" WIDTH="57" HEIGHT="20" WC="0.91" CONTENT="utan"/><SP WIDTH="19" VPOS="521" HPOS="735"/>
							<String ID="string_56" HPOS="754" VPOS="519" WIDTH="148" HEIGHT="28" WC="0.91" CONTENT="förordnande"/>
						</TextLine>
						<TextLine ID="line_10" HPOS="350" VPOS="553" WIDTH="553" HEIGHT="28">
							<String ID="string_57" HPOS="350" VPOS="554" WIDTH="54" HEIGHT="21" WC="0.90" CONTENT="eller"/><SP WIDTH="22" VPOS="554" HPOS="404"/>
							<String ID="string_58" HPOS="426" VPOS="554" WIDTH="66" HEIGHT="27" WC="0.92" CONTENT="fräga"/><SP WIDTH="21" VPOS="554" HPOS="492"/>
							<String ID="string_59" HPOS="513" VPOS="554" WIDTH="71" HEIGHT="20" WC="0.92" CONTENT="väckts"/><SP WIDTH="22" VPOS="554" HPOS="584"/>
							<String ID="string_60" HPOS="606" VPOS="561" WIDTH="36" HEIGHT="14" WC="0.92" CONTENT="om"/><SP WIDTH="21" VPOS="561" HPOS="642"/>
							<String ID="string_61" HPOS="663" VPOS="553" WIDTH="112" HEIGHT="28" WC="0.91" CONTENT="frihetsär,"/><SP WIDTH="17" VPOS="553" HPOS="775"/>
							<String ID="string_62" HPOS="792" VPOS="554" WIDTH="52" HEIGHT="21" WC="0.89" CONTENT="eller"/><SP WIDTH="17" VPOS="554" HPOS="844"/>
							<String ID="string_63" HPOS="861" VPOS="554" WIDTH="42" HEIGHT="20" WC="0.96" CONTENT="har"/>
						</TextLine>
						<TextLine ID="line_11" HPOS="350" VPOS="587" WIDTH="553" HEIGHT="29">
							<String ID="string_64" HPOS="350" VPOS="587" WIDTH="123" HEIGHT="28" WC="0.85" CONTENT="stridighet,"/><SP WIDTH="23" VPOS="587" HPOS="473"/>
							<String ID="string_65" HPOS="496" VPOS="595" WIDTH="47" HEIGHT="14" WC="0.96" CONTENT="som"/><SP WIDTH="18" VPOS="595" HPOS="543"/>
							<String ID="string_66" HPOS="561" VPOS="588" WIDTH="9" HEIGHT="20" WC="0.95" CONTENT="i"/><SP WIDTH="19" VPOS="588" HPOS="570"/>
							<String ID="string_67" HPOS="589" VPOS="589" WIDTH="32" HEIGHT="19" WC="0.92" CONTENT="20"/><SP WIDTH="17" VPOS="589" HPOS="621"/>
							<String ID="string_68" HPOS="638" VPOS="588" WIDTH="15" HEIGHT="27" WC="0.92" CONTENT="$"/><SP WIDTH="22" VPOS="588" HPOS="653"/>
							<String ID="string_69" HPOS="675" VPOS="590" WIDTH="99" HEIGHT="24" WC="0.81" CONTENT="nämnes,"/><SP WIDTH="23" VPOS="590" HPOS="774"/>
							<String ID="string_70" HPOS="797" VPOS="587" WIDTH="106" HEIGHT="29" WC="0.89" CONTENT="uppstätt,"/>
						</TextLine>
						<TextLine ID="line_12" HPOS="352" VPOS="622" WIDTH="552" HEIGHT="27">
							<String ID="string_71" HPOS="352" VPOS="622" WIDTH="93" HEIGHT="21" WC="0.85" CONTENT="insände"/><SP WIDTH="40" VPOS="622" HPOS="445"/>
							<String ID="string_72" HPOS="485" VPOS="622" WIDTH="214" HEIGHT="21" WC="0.48" CONTENT="länelandtmätaren"/><SP WIDTH="39" VPOS="622" HPOS="699"/>
							<String ID="string_73" HPOS="738" VPOS="622" WIDTH="166" HEIGHT="27" WC="0.53" CONTENT="handlingarna"/>
						</TextLine>
						<TextLine ID="line_13" HPOS="347" VPOS="656" WIDTH="555" HEIGHT="28">
							<String ID="string_74" HPOS="347" VPOS="656" WIDTH="70" HEIGHT="28" WC="0.42" CONTENT="jemte"/><SP WIDTH="15" VPOS="656" HPOS="417"/>
							<String ID="string_75" HPOS="432" VPOS="658" WIDTH="45" HEIGHT="26" WC="0.93" CONTENT="eget"/><SP WIDTH="13" VPOS="658" HPOS="477"/>
							<String ID="string_76" HPOS="490" VPOS="657" WIDTH="103" HEIGHT="27" WC="0.96" CONTENT="yttrande"/><SP WIDTH="16" VPOS="657" HPOS="593"/>
							<String ID="string_77" HPOS="609" VPOS="656" WIDTH="34" HEIGHT="21" WC="0.93" CONTENT="till"/><SP WIDTH="13" VPOS="656" HPOS="643"/>
							<String ID="string_78" HPOS="656" VPOS="658" WIDTH="138" HEIGHT="26" WC="0.96" CONTENT="guvernören"/><SP WIDTH="14" VPOS="658" HPOS="794"/>
							<String ID="string_79" HPOS="808" VPOS="656" WIDTH="39" HEIGHT="21" WC="0.93" CONTENT="och"/><SP WIDTH="18" VPOS="656" HPOS="847"/>
							<String ID="string_80" HPOS="865" VPOS="656" WIDTH="37" HEIGHT="27" WC="0.92" CONTENT="af-"/>
						</TextLine>
						<TextLine ID="line_14" HPOS="353" VPOS="690" WIDTH="549" HEIGHT="28">
							<String ID="string_81" HPOS="353" VPOS="691" WIDTH="61" HEIGHT="21" WC="0.92" CONTENT="vakte"/><SP WIDTH="15" VPOS="691" HPOS="414"/>
							<String ID="string_82" HPOS="429" VPOS="690" WIDTH="81" HEIGHT="22" WC="0.93" CONTENT="dennes"/><SP WIDTH="15" VPOS="690" HPOS="510"/>
							<String ID="string_83" HPOS="525" VPOS="691" WIDTH="69" HEIGHT="21" WC="0.96" CONTENT="beslut"/><SP WIDTH="13" VPOS="691" HPOS="594"/>
							<String ID="string_84" HPOS="607" VPOS="690" WIDTH="10" HEIGHT="21" WC="0.96" CONTENT="i"/><SP WIDTH="14" VPOS="690" HPOS="617"/>
							<String ID="string_85" HPOS="631" VPOS="690" WIDTH="72" HEIGHT="28" WC="0.92" CONTENT="saken,"/><SP WIDTH="10" VPOS="690" HPOS="703"/>
							<String ID="string_86" HPOS="713" VPOS="690" WIDTH="75" HEIGHT="21" WC="0.92" CONTENT="innan"/><SP WIDTH="9" VPOS="690" HPOS="788"/>
							<String ID="string_87" HPOS="797" VPOS="690" WIDTH="105" HEIGHT="28" WC="0.89" CONTENT="införan-"/>
						</TextLine>
						<TextLine ID="line_15" HPOS="352" VPOS="725" WIDTH="240" HEIGHT="27">
							<String ID="string_88" HPOS="352" VPOS="725" WIDTH="37" HEIGHT="20" WC="0.92" CONTENT="det"/><SP WIDTH="13" VPOS="725" HPOS="389"/>
							<String ID="string_89" HPOS="402" VPOS="725" WIDTH="10" HEIGHT="20" WC="0.89" CONTENT="%"/><SP WIDTH="13" VPOS="725" HPOS="412"/>
							<String ID="string_90" HPOS="425" VPOS="725" WIDTH="101" HEIGHT="27" WC="0.96" CONTENT="registret"/><SP WIDTH="13" VPOS="725" HPOS="526"/>
							<String ID="string_91" HPOS="539" VPOS="725" WIDTH="53" HEIGHT="20" WC="0.96" CONTENT="sker."/>
						</TextLine>
					</TextBlock>
				</ComposedBlock>
				<ComposedBlock ID="cblock_2" HPOS="597" VPOS="793" WIDTH="68" HEIGHT="26">
					<TextBlock ID="block_3" HPOS="597" VPOS="793" WIDTH="68" HEIGHT="26">
						<TextLine ID="line_16" HPOS="597" VPOS="793" WIDTH="68" HEIGHT="26">
							<String ID="string_92" HPOS="597" VPOS="793" WIDTH="32" HEIGHT="21" WC="0.93" CONTENT="20"/><SP WIDTH="14" VPOS="793" HPOS="629"/>
							<String ID="string_93" HPOS="643" VPOS="795" WIDTH="22" HEIGHT="24" WC="0.87" CONTENT="$."/>
						</TextLine>
					</TextBlock>
				</ComposedBlock>
				<ComposedBlock ID="cblock_3" HPOS="354" VPOS="843" WIDTH="557" HEIGHT="268">
					<TextBlock ID="block_4" HPOS="354" VPOS="843" WIDTH="557" HEIGHT="160">
						<TextLine ID="line_17" HPOS="424" VPOS="843" WIDTH="483" HEIGHT="29">
							<String ID="string_94" HPOS="424" VPOS="844" WIDTH="95" HEIGHT="28" WC="0.92" CONTENT="Klyfves"/><SP WIDTH="18" VPOS="844" HPOS="519"/>
							<String ID="string_95" HPOS="537" VPOS="844" WIDTH="104" HEIGHT="28" WC="0.92" CONTENT="lägenhet,"/><SP WIDTH="24" VPOS="844" HPOS="641"/>
							<String ID="string_96" HPOS="665" VPOS="844" WIDTH="34" HEIGHT="21" WC="0.93" CONTENT="till"/><SP WIDTH="22" VPOS="844" HPOS="699"/>
							<String ID="string_97" HPOS="721" VPOS="843" WIDTH="88" HEIGHT="22" WC="0.92" CONTENT="hvilken"/><SP WIDTH="22" VPOS="843" HPOS="809"/>
							<String ID="string_98" HPOS="831" VPOS="843" WIDTH="76" HEIGHT="28" WC="0.91" CONTENT="afgäld"/>
						</TextLine>
						<TextLine ID="line_18" HPOS="356" VPOS="877" WIDTH="548" HEIGHT="30">
							<String ID="string_99" HPOS="356" VPOS="879" WIDTH="40" HEIGHT="21" WC="0.96" CONTENT="bör"/><SP WIDTH="14" VPOS="879" HPOS="396"/>
							<String ID="string_100" HPOS="410" VPOS="879" WIDTH="54" HEIGHT="28" WC="0.93" CONTENT="från"/><SP WIDTH="11" VPOS="879" HPOS="464"/>
							<String ID="string_101" HPOS="475" VPOS="879" WIDTH="85" HEIGHT="28" WC="0.92" CONTENT="parcell"/><SP WIDTH="14" VPOS="879" HPOS="560"/>
							<String ID="string_102" HPOS="574" VPOS="879" WIDTH="59" HEIGHT="27" WC="0.96" CONTENT="utgå,"/><SP WIDTH="20" VPOS="879" HPOS="633"/>
							<String ID="string_103" HPOS="653" VPOS="879" WIDTH="56" HEIGHT="20" WC="0.93" CONTENT="skall"/><SP WIDTH="22" VPOS="879" HPOS="709"/>
							<String ID="string_104" HPOS="731" VPOS="878" WIDTH="104" HEIGHT="27" WC="0.89" CONTENT="afgälden"/><SP WIDTH="23" VPOS="878" HPOS="835"/>
							<String ID="string_105" HPOS="858" VPOS="877" WIDTH="46" HEIGHT="21" WC="0.88" CONTENT="till-"/>
						</TextLine>
						<TextLine ID="line_19" HPOS="357" VPOS="911" WIDTH="550" HEIGHT="30">
							<String ID="string_106" HPOS="357" VPOS="915" WIDTH="75" HEIGHT="26" WC="0.90" CONTENT="läggas"/><SP WIDTH="24" VPOS="915" HPOS="432"/>
							<String ID="string_107" HPOS="456" VPOS="913" WIDTH="80" HEIGHT="21" WC="0.92" CONTENT="endera"/><SP WIDTH="28" VPOS="913" HPOS="536"/>
							<String ID="string_108" HPOS="564" VPOS="913" WIDTH="61" HEIGHT="21" WC="0.96" CONTENT="delen"/><SP WIDTH="28" VPOS="913" HPOS="625"/>
							<String ID="string_109" HPOS="653" VPOS="913" WIDTH="72" HEIGHT="20" WC="0.94" CONTENT="under"/><SP WIDTH="27" VPOS="913" HPOS="725"/>
							<String ID="string_110" HPOS="752" VPOS="911" WIDTH="155" HEIGHT="22" WC="0.95" CONTENT="motsvarande"/>
						</TextLine>
						<TextLine ID="line_20" HPOS="357" VPOS="945" WIDTH="554" HEIGHT="30">
							<String ID="string_111" HPOS="357" VPOS="947" WIDTH="129" HEIGHT="28" WC="0.95" CONTENT="förhöjning"/><SP WIDTH="14" VPOS="947" HPOS="486"/>
							<String ID="string_112" HPOS="500" VPOS="947" WIDTH="30" HEIGHT="28" WC="0.96" CONTENT="af"/><SP WIDTH="10" VPOS="947" HPOS="530"/>
							<String ID="string_113" HPOS="540" VPOS="947" WIDTH="73" HEIGHT="21" WC="0.96" CONTENT="denna"/><SP WIDTH="14" VPOS="947" HPOS="613"/>
							<String ID="string_114" HPOS="627" VPOS="947" WIDTH="45" HEIGHT="21" WC="0.95" CONTENT="dels"/><SP WIDTH="15" VPOS="947" HPOS="672"/>
							<String ID="string_115" HPOS="687" VPOS="947" WIDTH="38" HEIGHT="20" WC="0.93" CONTENT="och"/><SP WIDTH="16" VPOS="947" HPOS="725"/>
							<String ID="string_116" HPOS="741" VPOS="945" WIDTH="128" HEIGHT="28" WC="0.95" CONTENT="minskning"/><SP WIDTH="12" VPOS="945" HPOS="869"/>
							<String ID="string_117" HPOS="881" VPOS="945" WIDTH="30" HEIGHT="27" WC="0.96" CONTENT="af"/>
						</TextLine>
						<TextLine ID="line_21" HPOS="354" VPOS="981" WIDTH="450" HEIGHT="22">
							<String ID="string_118" HPOS="354" VPOS="983" WIDTH="44" HEIGHT="20" WC="0.96" CONTENT="den"/><SP WIDTH="14" VPOS="983" HPOS="398"/>
							<String ID="string_119" HPOS="412" VPOS="982" WIDTH="72" HEIGHT="21" WC="0.93" CONTENT="andra"/><SP WIDTH="15" VPOS="982" HPOS="484"/>
							<String ID="string_120" HPOS="499" VPOS="981" WIDTH="72" HEIGHT="21" WC="0.96" CONTENT="delens"/><SP WIDTH="15" VPOS="981" HPOS="571"/>
							<String ID="string_121" HPOS="586" VPOS="981" WIDTH="87" HEIGHT="21" WC="0.96" CONTENT="mantal"/><SP WIDTH="14" VPOS="981" HPOS="673"/>
							<String ID="string_122" HPOS="687" VPOS="981" WIDTH="39" HEIGHT="20" WC="0.93" CONTENT="och"/><SP WIDTH="14" VPOS="981" HPOS="726"/>
							<String ID="string_123" HPOS="740" VPOS="981" WIDTH="64" HEIGHT="20" WC="0.96" CONTENT="skatt."/>
						</TextLine>
					</TextBlock>
					<TextBlock ID="block_5" HPOS="355" VPOS="1013" WIDTH="550" HEIGHT="98">
						<TextLine ID="line_22" HPOS="424" VPOS="1013" WIDTH="481" HEIGHT="30">
							<String ID="string_124" HPOS="424" VPOS="1015" WIDTH="88" HEIGHT="21" WC="0.92" CONTENT="Kunna"/><SP WIDTH="13" VPOS="1015" HPOS="512"/>
							<String ID="string_125" HPOS="525" VPOS="1015" WIDTH="128" HEIGHT="28" WC="0.91" CONTENT="sakegarene"/><SP WIDTH="15" VPOS="1015" HPOS="653"/>
							<String ID="string_126" HPOS="668" VPOS="1015" WIDTH="45" HEIGHT="21" WC="0.93" CONTENT="icke"/><SP WIDTH="15" VPOS="1015" HPOS="713"/>
							<String ID="string_127" HPOS="728" VPOS="1014" WIDTH="103" HEIGHT="28" WC="0.76" CONTENT="äsämjas,"/><SP WIDTH="16" VPOS="1014" HPOS="831"/>
							<String ID="string_128" HPOS="847" VPOS="1013" WIDTH="58" HEIGHT="22" WC="0.91" CONTENT="hvil-"/>
						</TextLine>
						<TextLine ID="line_23" HPOS="357" VPOS="1048" WIDTH="548" HEIGHT="28">
							<String ID="string_129" HPOS="357" VPOS="1050" WIDTH="93" HEIGHT="21" WC="0.92" CONTENT="kendera"/><SP WIDTH="15" VPOS="1050" HPOS="450"/>
							<String ID="string_130" HPOS="465" VPOS="1050" WIDTH="63" HEIGHT="20" WC="0.93" CONTENT="delen"/><SP WIDTH="14" VPOS="1050" HPOS="528"/>
							<String ID="string_131" HPOS="542" VPOS="1049" WIDTH="103" HEIGHT="27" WC="0.92" CONTENT="afgälden"/><SP WIDTH="23" VPOS="1049" HPOS="645"/>
							<String ID="string_132" HPOS="668" VPOS="1049" WIDTH="90" HEIGHT="21" WC="0.92" CONTENT="tillhöra"/><SP WIDTH="20" VPOS="1049" HPOS="758"/>
							<String ID="string_133" HPOS="778" VPOS="1048" WIDTH="62" HEIGHT="26" WC="0.93" CONTENT="skall,"/><SP WIDTH="23" VPOS="1048" HPOS="840"/>
							<String ID="string_134" HPOS="863" VPOS="1054" WIDTH="42" HEIGHT="14" WC="0.91" CONTENT="an-"/>
						</TextLine>
						<TextLine ID="line_24" HPOS="355" VPOS="1082" WIDTH="550" HEIGHT="29">
							<String ID="string_135" HPOS="355" VPOS="1084" WIDTH="85" HEIGHT="21" WC="0.91" CONTENT="komme"/><SP WIDTH="13" VPOS="1084" HPOS="440"/>
							<String ID="string_136" HPOS="453" VPOS="1083" WIDTH="32" HEIGHT="28" WC="0.92" CONTENT="pä"/><SP WIDTH="13" VPOS="1083" HPOS="485"/>
							<String ID="string_137" HPOS="498" VPOS="1085" WIDTH="137" HEIGHT="26" WC="0.90" CONTENT="guvernören"/><SP WIDTH="12" VPOS="1085" HPOS="635"/>
							<String ID="string_138" HPOS="647" VPOS="1084" WIDTH="33" HEIGHT="19" WC="0.93" CONTENT="att"/><SP WIDTH="11" VPOS="1084" HPOS="680"/>
							<String ID="string_139" HPOS="691" VPOS="1083" WIDTH="78" HEIGHT="20" WC="0.92" CONTENT="härom"/><SP WIDTH="11" VPOS="1083" HPOS="769"/>
							<String ID="string_140" HPOS="780" VPOS="1082" WIDTH="125" HEIGHT="21" WC="0.90" CONTENT="bestämma."/>
						</TextLine>
					</TextBlock>
				</ComposedBlock>
				<ComposedBlock ID="cblock_4" HPOS="603" VPOS="1145" WIDTH="62" HEIGHT="28">
					<TextBlock ID="block_6" HPOS="603" VPOS="1145" WIDTH="62" HEIGHT="28">
						<TextLine ID="line_25" HPOS="603" VPOS="1145" WIDTH="62" HEIGHT="28">
							<String ID="string_141" HPOS="603" VPOS="1146" WIDTH="28" HEIGHT="19" WC="0.95" CONTENT="21"/><SP WIDTH="14" VPOS="1146" HPOS="631"/>
							<String ID="string_142" HPOS="645" VPOS="1145" WIDTH="20" HEIGHT="28" WC="0.66" CONTENT="8."/>
						</TextLine>
					</TextBlock>
				</ComposedBlock>
				<ComposedBlock ID="cblock_5" HPOS="357" VPOS="1199" WIDTH="557" HEIGHT="331">
					<TextBlock ID="block_7" HPOS="357" VPOS="1199" WIDTH="557" HEIGHT="305">
						<TextLine ID="line_26" HPOS="429" VPOS="1199" WIDTH="480" HEIGHT="31">
							<String ID="string_143" HPOS="429" VPOS="1203" WIDTH="63" HEIGHT="21" WC="0.96" CONTENT="Skall"/><SP WIDTH="25" VPOS="1203" HPOS="492"/>
							<String ID="string_144" HPOS="517" VPOS="1202" WIDTH="99" HEIGHT="28" WC="0.92" CONTENT="lägenhet"/><SP WIDTH="20" VPOS="1202" HPOS="616"/>
							<String ID="string_145" HPOS="636" VPOS="1202" WIDTH="86" HEIGHT="27" WC="0.95" CONTENT="styckas"/><SP WIDTH="24" VPOS="1202" HPOS="722"/>
							<String ID="string_146" HPOS="746" VPOS="1201" WIDTH="51" HEIGHT="21" WC="0.91" CONTENT="eller"/><SP WIDTH="24" VPOS="1201" HPOS="797"/>
							<String ID="string_147" HPOS="821" VPOS="1199" WIDTH="88" HEIGHT="22" WC="0.96" CONTENT="område"/>
						</TextLine>
						<TextLine ID="line_27" HPOS="357" VPOS="1234" WIDTH="553" HEIGHT="31">
							<String ID="string_148" HPOS="357" VPOS="1237" WIDTH="103" HEIGHT="28" WC="0.91" CONTENT="derifrån"/><SP WIDTH="14" VPOS="1237" HPOS="460"/>
							<String ID="string_149" HPOS="474" VPOS="1237" WIDTH="124" HEIGHT="27" WC="0.89" CONTENT="afsöndras,"/><SP WIDTH="17" VPOS="1237" HPOS="598"/>
							<String ID="string_150" HPOS="615" VPOS="1236" WIDTH="38" HEIGHT="21" WC="0.93" CONTENT="bör"/><SP WIDTH="10" VPOS="1236" HPOS="653"/>
							<String ID="string_151" HPOS="663" VPOS="1236" WIDTH="163" HEIGHT="21" WC="0.91" CONTENT="landtmätaren"/><SP WIDTH="10" VPOS="1236" HPOS="826"/>
							<String ID="string_152" HPOS="836" VPOS="1234" WIDTH="74" HEIGHT="28" WC="0.96" CONTENT="uppgå"/>
						</TextLine>
						<TextLine ID="line_28" HPOS="359" VPOS="1268" WIDTH="550" HEIGHT="31">
							<String ID="string_153" HPOS="359" VPOS="1272" WIDTH="39" HEIGHT="21" WC="0.93" CONTENT="och"/><SP WIDTH="21" VPOS="1272" HPOS="398"/>
							<String ID="string_154" HPOS="419" VPOS="1271" WIDTH="103" HEIGHT="28" WC="0.92" CONTENT="rörlägga"/><SP WIDTH="22" VPOS="1271" HPOS="522"/>
							<String ID="string_155" HPOS="544" VPOS="1272" WIDTH="59" HEIGHT="19" WC="0.88" CONTENT="somt"/><SP WIDTH="18" VPOS="1272" HPOS="603"/>
							<String ID="string_156" HPOS="621" VPOS="1270" WIDTH="15" HEIGHT="21" WC="0.92" CONTENT="å"/><SP WIDTH="17" VPOS="1270" HPOS="636"/>
							<String ID="string_157" HPOS="653" VPOS="1270" WIDTH="63" HEIGHT="21" WC="0.93" CONTENT="karta"/><SP WIDTH="21" VPOS="1270" HPOS="716"/>
							<String ID="string_158" HPOS="737" VPOS="1269" WIDTH="81" HEIGHT="28" WC="0.91" CONTENT="affatta"/><SP WIDTH="14" VPOS="1269" HPOS="818"/>
							<String ID="string_159" HPOS="832" VPOS="1268" WIDTH="77" HEIGHT="27" WC="0.90" CONTENT="skiljo-"/>
						</TextLine>
						<TextLine ID="line_29" HPOS="358" VPOS="1303" WIDTH="553" HEIGHT="30">
							<String ID="string_160" HPOS="358" VPOS="1307" WIDTH="88" HEIGHT="26" WC="0.90" CONTENT="råerna,"/><SP WIDTH="16" VPOS="1307" HPOS="446"/>
							<String ID="string_161" HPOS="462" VPOS="1305" WIDTH="117" HEIGHT="28" WC="0.91" CONTENT="hvarefter,"/><SP WIDTH="18" VPOS="1305" HPOS="579"/>
							<String ID="string_162" HPOS="597" VPOS="1312" WIDTH="36" HEIGHT="14" WC="0.96" CONTENT="om"/><SP WIDTH="21" VPOS="1312" HPOS="633"/>
							<String ID="string_163" HPOS="654" VPOS="1305" WIDTH="21" HEIGHT="27" WC="0.54" CONTENT="ej"/><SP WIDTH="18" VPOS="1305" HPOS="675"/>
							<String ID="string_164" HPOS="693" VPOS="1311" WIDTH="32" HEIGHT="21" WC="0.94" CONTENT="ny"/><SP WIDTH="21" VPOS="1311" HPOS="725"/>
							<String ID="string_165" HPOS="746" VPOS="1304" WIDTH="103" HEIGHT="27" WC="0.95" CONTENT="mätning"/><SP WIDTH="23" VPOS="1304" HPOS="849"/>
							<String ID="string_166" HPOS="872" VPOS="1303" WIDTH="39" HEIGHT="21" WC="0.96" CONTENT="och"/>
						</TextLine>
						<TextLine ID="line_30" HPOS="357" VPOS="1338" WIDTH="552" HEIGHT="30">
							<String ID="string_167" HPOS="357" VPOS="1340" WIDTH="119" HEIGHT="28" WC="0.95" CONTENT="gradering"/><SP WIDTH="16" VPOS="1340" HPOS="476"/>
							<String ID="string_168" HPOS="492" VPOS="1339" WIDTH="29" HEIGHT="28" WC="0.92" CONTENT="af"/><SP WIDTH="11" VPOS="1339" HPOS="521"/>
							<String ID="string_169" HPOS="532" VPOS="1339" WIDTH="101" HEIGHT="28" WC="0.88" CONTENT="sakegare"/><SP WIDTH="14" VPOS="1339" HPOS="633"/>
							<String ID="string_170" HPOS="647" VPOS="1338" WIDTH="70" HEIGHT="27" WC="0.91" CONTENT="äskas,"/><SP WIDTH="16" VPOS="1338" HPOS="717"/>
							<String ID="string_171" HPOS="733" VPOS="1339" WIDTH="42" HEIGHT="20" WC="0.96" CONTENT="den"/><SP WIDTH="14" VPOS="1339" HPOS="775"/>
							<String ID="string_172" HPOS="789" VPOS="1338" WIDTH="38" HEIGHT="21" WC="0.92" CONTENT="vid"/><SP WIDTH="17" VPOS="1338" HPOS="827"/>
							<String ID="string_173" HPOS="844" VPOS="1343" WIDTH="65" HEIGHT="15" WC="0.92" CONTENT="sena-"/>
						</TextLine>
						<TextLine ID="line_31" HPOS="359" VPOS="1371" WIDTH="552" HEIGHT="30">
							<String ID="string_174" HPOS="359" VPOS="1376" WIDTH="32" HEIGHT="19" WC="0.96" CONTENT="ste"/><SP WIDTH="14" VPOS="1376" HPOS="391"/>
							<String ID="string_175" HPOS="405" VPOS="1374" WIDTH="92" HEIGHT="27" WC="0.93" CONTENT="delning"/><SP WIDTH="14" VPOS="1374" HPOS="497"/>
							<String ID="string_176" HPOS="511" VPOS="1373" WIDTH="126" HEIGHT="22" WC="0.91" CONTENT="verkstälda"/><SP WIDTH="4" VPOS="1373" HPOS="637"/>
							<String ID="string_177" HPOS="641" VPOS="1373" WIDTH="118" HEIGHT="28" WC="0.96" CONTENT="gradering"/><SP WIDTH="12" VPOS="1373" HPOS="759"/>
							<String ID="string_178" HPOS="771" VPOS="1373" WIDTH="52" HEIGHT="20" WC="0.93" CONTENT="eller"/><SP WIDTH="11" VPOS="1373" HPOS="823"/>
							<String ID="string_179" HPOS="834" VPOS="1371" WIDTH="77" HEIGHT="22" WC="0.93" CONTENT="klassi-"/>
						</TextLine>
						<TextLine ID="line_32" HPOS="359" VPOS="1406" WIDTH="552" HEIGHT="29">
							<String ID="string_180" HPOS="359" VPOS="1408" WIDTH="95" HEIGHT="27" WC="0.92" CONTENT="fikation"/><SP WIDTH="14" VPOS="1408" HPOS="454"/>
							<String ID="string_181" HPOS="468" VPOS="1408" WIDTH="109" HEIGHT="27" WC="0.95" CONTENT="granskas"/><SP WIDTH="14" VPOS="1408" HPOS="577"/>
							<String ID="string_182" HPOS="591" VPOS="1407" WIDTH="40" HEIGHT="21" WC="0.91" CONTENT="och"/><SP WIDTH="13" VPOS="1407" HPOS="631"/>
							<String ID="string_183" HPOS="644" VPOS="1407" WIDTH="73" HEIGHT="21" WC="0.91" CONTENT="såvidt"/><SP WIDTH="14" VPOS="1407" HPOS="717"/>
							<String ID="string_184" HPOS="731" VPOS="1406" WIDTH="76" HEIGHT="27" WC="0.92" CONTENT="nödigt"/><SP WIDTH="14" VPOS="1406" HPOS="807"/>
							<String ID="string_185" HPOS="821" VPOS="1407" WIDTH="27" HEIGHT="20" WC="0.93" CONTENT="är"/><SP WIDTH="15" VPOS="1407" HPOS="848"/>
							<String ID="string_186" HPOS="863" VPOS="1406" WIDTH="48" HEIGHT="20" WC="0.92" CONTENT="rät-"/>
						</TextLine>
						<TextLine ID="line_33" HPOS="360" VPOS="1439" WIDTH="554" HEIGHT="29">
							<String ID="string_187" HPOS="360" VPOS="1444" WIDTH="40" HEIGHT="19" WC="0.94" CONTENT="tas."/><SP WIDTH="32" VPOS="1444" HPOS="400"/>
							<String ID="string_188" HPOS="432" VPOS="1442" WIDTH="75" HEIGHT="21" WC="0.90" CONTENT="Sedan"/><SP WIDTH="13" VPOS="1442" HPOS="507"/>
							<String ID="string_189" HPOS="520" VPOS="1441" WIDTH="72" HEIGHT="27" WC="0.92" CONTENT="utföre"/><SP WIDTH="16" VPOS="1441" HPOS="592"/>
							<String ID="string_190" HPOS="608" VPOS="1441" WIDTH="164" HEIGHT="21" WC="0.73" CONTENT="landimätaren"/><SP WIDTH="14" VPOS="1441" HPOS="772"/>
							<String ID="string_191" HPOS="786" VPOS="1439" WIDTH="33" HEIGHT="28" WC="0.96" CONTENT="på"/><SP WIDTH="19" VPOS="1439" HPOS="819"/>
							<String ID="string_192" HPOS="838" VPOS="1439" WIDTH="76" HEIGHT="27" WC="0.95" CONTENT="grund"/>
						</TextLine>
						<TextLine ID="line_34" HPOS="360" VPOS="1473" WIDTH="554" HEIGHT="31">
							<String ID="string_193" HPOS="360" VPOS="1476" WIDTH="30" HEIGHT="28" WC="0.93" CONTENT="af"/><SP WIDTH="12" VPOS="1476" HPOS="390"/>
							<String ID="string_194" HPOS="402" VPOS="1476" WIDTH="148" HEIGHT="28" WC="0.92" CONTENT="graderingen"/><SP WIDTH="19" VPOS="1476" HPOS="550"/>
							<String ID="string_195" HPOS="569" VPOS="1476" WIDTH="52" HEIGHT="20" WC="0.93" CONTENT="eller"/><SP WIDTH="21" VPOS="1476" HPOS="621"/>
							<String ID="string_196" HPOS="642" VPOS="1474" WIDTH="195" HEIGHT="28" WC="0.86" CONTENT="klassifikationen,"/><SP WIDTH="16" VPOS="1474" HPOS="837"/>
							<String ID="string_197" HPOS="853" VPOS="1473" WIDTH="61" HEIGHT="21" WC="0.96" CONTENT="huru"/>
						</TextLine>
					</TextBlock>
					<TextBlock ID="block_8" HPOS="834" VPOS="1512" WIDTH="11" HEIGHT="18">
						<TextLine ID="line_35" HPOS="834" VPOS="1512" WIDTH="11" HEIGHT="18">
							<String ID="string_198" HPOS="834" VPOS="1512" WIDTH="11" HEIGHT="18" WC="0.97" CONTENT="2"/>
						</TextLine>
					</TextBlock>
				</ComposedBlock>
				<GraphicalElement ID="cblock_6" HPOS="1138" VPOS="485" WIDTH="4" HEIGHT="326"></GraphicalElement >
			</PrintSpace>
		</Page>
	</Layout>
</alto>
