1142 1803
319 193 86 23 Ständ.
428 193 39 23 Sv.
482 207 28 2 —
524 194 75 28 Prop.
615 194 45 22 N:o
675 194 39 22 10.
842 196 25 20 17

346 256 96 26 behället,
455 256 130 28 tillförlitlig
595 256 118 28 utredning
729 264 33 14 om
773 257 48 21 dess
831 258 66 20 värde

346 292 38 19 äro
397 290 57 28 före
468 292 107 19 stämman
591 290 145 28 tillgängliga.

598 353 13 19 9
626 352 21 27 8.

415 402 121 27 Inbjudare
552 402 38 21 och
606 403 99 21 tecknare
721 403 93 22 inbetale
824 404 73 21 antin-

344 443 43 21 gen
396 439 75 25 genast
482 437 37 20 vid
529 437 67 20 akties
616 437 147 28 öfvertagande
779 438 51 21 eller
839 438 59 21 inom

348 471 41 20 den
405 471 38 25 tid,
459 471 63 20 som
512 467 12 36 i
535 471 195 28 bolagsordningen
735 471 76 27 finnes
824 474 73 23 utsatt,

348 505 66 20 minst
435 512 26 13 en
480 505 105 27 femtedel
600 505 31 28 af
650 505 84 21 aktiens
750 505 87 28 belopp;
860 505 39 22 och

348 539 62 20 skola
423 539 25 20 de
462 539 80 28 gjorda
557 539 193 28 inbetalningarna
766 539 132 28 förtecknas

349 575 57 19 samt
416 572 185 29 förteckningens
616 573 101 28 riktighet
732 574 49 20 med
795 574 104 27 inbjuda-

350 614 60 14 renes
425 607 139 27 underskrift
579 607 120 28 bekräftas.

593 670 28 20 10
636 669 20 27 $.

420 720 74 21 Beslut
508 727 34 14 om
558 720 131 27 aktiebolags
706 720 147 27 upprättande
863 721 37 20 mä

351 754 23 27 ej
390 754 80 27 fattas,
486 754 94 27 såframt
602 753 47 21 icke
664 754 102 27 samtliga
781 754 70 21 aktier
867 754 33 21 be-

348 788 92 27 funnits
456 795 53 14 vara
521 788 128 27 öfvertagna
659 788 38 21 och
713 788 35 20 det
759 788 9 20 i
783 789 14 20 9
812 789 14 26 $
833 788 68 27 före-

352 822 90 27 skrifna
453 821 75 28 belopp
544 823 14 20 å
567 822 75 27 hvarje
653 821 58 22 aktie
721 821 106 22 inbetaldt
837 824 62 24 samt,

352 856 39 21 der
396 856 114 27 förbehåll
522 857 66 26 enligt
606 856 6 20 5
623 856 15 27 $
653 858 26 19 är
689 856 82 27 gjordt,
782 856 119 21 detsamma

353 890 37 21 vid
412 892 107 19 stämman
540 890 114 28 godkänts.
698 890 71 21 Anser
793 893 108 18 stämman

353 924 161 28 undersökning
524 925 51 20 eller
585 924 158 27 uppskattning
754 924 147 28 derförinnan

353 959 71 27 nödig,
449 965 35 21 ege
512 958 118 28 uppskjuta
655 958 90 28 slutliga
769 958 133 28 afgörandet

353 993 35 20 till
403 993 47 20 dess
465 992 71 21 sådan
551 992 60 21 skett.

423 1026 76 21 Såsom
521 1027 66 20 beslut
609 1027 9 20 i
637 1027 78 27 fråga,
741 1033 44 14 som
810 1026 41 21 här
875 1028 27 19 är

354 1061 88 25 nämnd,
464 1061 57 26 gälle
543 1061 41 19 den
606 1061 86 26 mening
707 1060 97 26 flertalet
827 1060 30 27 af
876 1060 26 20 de

354 1094 138 20 närvarande
514 1093 184 21 aktietecknarene
720 1093 119 27 omfattar;
863 1093 39 20 och

353 1127 58 21 skall
433 1127 88 22 beslutet
540 1127 167 27 underskrifvas
729 1127 32 28 af
779 1128 46 20 alla
847 1127 54 27 dem,

354 1168 46 14 som
416 1161 72 21 dertill
504 1161 128 21 medverkat.

422 1195 143 28 Beträffande
589 1196 36 20 val
647 1195 31 27 af
697 1195 93 27 bolagets
815 1195 88 28 styrelse

354 1229 40 20 och
404 1229 73 28 öfriga
487 1230 37 20 vid
536 1231 107 19 stämman
649 1229 182 28 förekommande
839 1231 64 18 ären-

355 1263 42 20 den
412 1263 64 21 lände
491 1263 35 21 till
540 1263 148 26 efterrättelse,
703 1263 58 20 hvad
775 1269 33 14 om
820 1262 82 28 bolags-

355 1299 91 19 stämma
462 1297 72 21 nedan
548 1297 95 27 stadgas.

599 1360 25 19 1
641 1359 21 26 $.

424 1409 127 28 Aktiebolag
573 1409 65 21 varde
660 1409 38 20 hos
713 1409 42 20 den
773 1407 131 29 myndighet,

355 1450 46 14 som
423 1444 8 20 i
452 1444 30 20 47
503 1443 16 27 $
541 1445 94 23 nämnes,
657 1442 126 28 skriftligen
805 1442 100 20 anmälat

355 1478 37 20 till
406 1477 145 27 inskrifning.

825 1514 11 17 2
