<?xml version="1.0" encoding="UTF-8"?>
<alto xmlns="http://www.loc.gov/standards/alto/ns-v3#" xmlns:xlink="http://www.w3.org/1999/xlink" xmlns:xsi="http://www.w3.org/2001/XMLSchema-instance" xsi:schemaLocation="http://www.loc.gov/standards/alto/ns-v3# http://www.loc.gov/alto/v3/alto-3-0.xsd">
	<Description>
		<MeasurementUnit>pixel</MeasurementUnit>
		<sourceImageInformation>
			<fileName>/tmp/tess_qi0iaz99_input.PNG</fileName>
		</sourceImageInformation>
		<OCRProcessing ID="OCR_0">
			<ocrProcessingStep>
				<processingSoftware>
					<softwareName>tesseract 5.3.4</softwareName>
				</processingSoftware>
			</ocrProcessingStep>
		</OCRProcessing>
	</Description>
	<Layout>
		<Page WIDTH="1142" HEIGHT="1803" PHYSICAL_IMG_NR="0" ID="page_0">
			<PrintSpace HPOS="0" VPOS="0" WIDTH="1142" HEIGHT="1803">
				<ComposedBlock ID="cblock_0" HPOS="454" VPOS="194" WIDTH="393" HEIGHT="23">
					<TextBlock ID="block_0" HPOS="454" VPOS="194" WIDTH="393" HEIGHT="23">
						<TextLine ID="line_0" HPOS="454" VPOS="194" WIDTH="393" HEIGHT="23">
							<String ID="string_0" HPOS="454" VPOS="194" WIDTH="44" HEIGHT="23" WC="0.94" CONTENT="N:o"/><SP WIDTH="22" VPOS="194" HPOS="498"/>
							<String ID="string_1" HPOS="520" VPOS="195" WIDTH="21" HEIGHT="22" WC="0.96" CONTENT="1."/><SP WIDTH="294" VPOS="195" HPOS="541"/>
							<String ID="string_2" HPOS="835" VPOS="194" WIDTH="12" HEIGHT="20" WC="0.96" CONTENT="3"/>
						</TextLine>
					</TextBlock>
				</ComposedBlock>
				<ComposedBlock ID="cblock_1" HPOS="123" VPOS="260" WIDTH="758" HEIGHT="1263">
					<TextBlock ID="block_1" HPOS="123" VPOS="260" WIDTH="756" HEIGHT="543">
						<TextLine ID="line_1" HPOS="123" VPOS="260" WIDTH="754" HEIGHT="28">
							<String ID="string_3" HPOS="123" VPOS="262" WIDTH="70" HEIGHT="21" WC="0.92" CONTENT="såsom"/><SP WIDTH="25" VPOS="262" HPOS="193"/>
							<String ID="string_4" HPOS="218" VPOS="261" WIDTH="54" HEIGHT="21" WC="0.92" CONTENT="efter"/><SP WIDTH="14" VPOS="261" HPOS="272"/>
							<String ID="string_5" HPOS="286" VPOS="268" WIDTH="28" HEIGHT="14" WC="0.96" CONTENT="nu"/><SP WIDTH="22" VPOS="268" HPOS="314"/>
							<String ID="string_6" HPOS="336" VPOS="260" WIDTH="98" HEIGHT="28" WC="0.95" CONTENT="gällande"/><SP WIDTH="16" VPOS="260" HPOS="434"/>
							<String ID="string_7" HPOS="450" VPOS="260" WIDTH="135" HEIGHT="22" WC="0.96" CONTENT="föreskrifter"/><SP WIDTH="15" VPOS="260" HPOS="585"/>
							<String ID="string_8" HPOS="600" VPOS="260" WIDTH="55" HEIGHT="28" WC="0.96" CONTENT="sker,"/><SP WIDTH="18" VPOS="260" HPOS="655"/>
							<String ID="string_9" HPOS="673" VPOS="267" WIDTH="25" HEIGHT="15" WC="0.96" CONTENT="en"/><SP WIDTH="15" VPOS="267" HPOS="698"/>
							<String ID="string_10" HPOS="713" VPOS="262" WIDTH="58" HEIGHT="26" WC="0.96" CONTENT="gång"/><SP WIDTH="14" VPOS="262" HPOS="771"/>
							<String ID="string_11" HPOS="785" VPOS="261" WIDTH="33" HEIGHT="22" WC="0.96" CONTENT="för"/><SP WIDTH="16" VPOS="261" HPOS="818"/>
							<String ID="string_12" HPOS="834" VPOS="261" WIDTH="43" HEIGHT="21" WC="0.96" CONTENT="alla"/>
						</TextLine>
						<TextLine ID="line_2" HPOS="124" VPOS="295" WIDTH="754" HEIGHT="27">
							<String ID="string_13" HPOS="124" VPOS="298" WIDTH="30" HEIGHT="20" WC="0.93" CONTENT="ett"/><SP WIDTH="15" VPOS="298" HPOS="154"/>
							<String ID="string_14" HPOS="169" VPOS="296" WIDTH="39" HEIGHT="21" WC="0.91" CONTENT="fixt"/><SP WIDTH="19" VPOS="296" HPOS="208"/>
							<String ID="string_15" HPOS="227" VPOS="295" WIDTH="166" HEIGHT="27" WC="0.92" CONTENT="afgäldsbelopp,"/><SP WIDTH="21" VPOS="295" HPOS="393"/>
							<String ID="string_16" HPOS="414" VPOS="296" WIDTH="69" HEIGHT="20" WC="0.96" CONTENT="måste"/><SP WIDTH="16" VPOS="296" HPOS="483"/>
							<String ID="string_17" HPOS="499" VPOS="295" WIDTH="45" HEIGHT="21" WC="0.96" CONTENT="förr"/><SP WIDTH="16" VPOS="295" HPOS="544"/>
							<String ID="string_18" HPOS="560" VPOS="295" WIDTH="51" HEIGHT="21" WC="0.96" CONTENT="eller"/><SP WIDTH="16" VPOS="295" HPOS="611"/>
							<String ID="string_19" HPOS="627" VPOS="302" WIDTH="83" HEIGHT="20" WC="0.96" CONTENT="senare,"/><SP WIDTH="17" VPOS="302" HPOS="710"/>
							<String ID="string_20" HPOS="727" VPOS="296" WIDTH="38" HEIGHT="21" WC="0.96" CONTENT="der"/><SP WIDTH="16" VPOS="296" HPOS="765"/>
							<String ID="string_21" HPOS="781" VPOS="296" WIDTH="47" HEIGHT="22" WC="0.93" CONTENT="icke"/><SP WIDTH="15" VPOS="296" HPOS="828"/>
							<String ID="string_22" HPOS="843" VPOS="296" WIDTH="35" HEIGHT="21" WC="0.92" CONTENT="be-"/>
						</TextLine>
						<TextLine ID="line_3" HPOS="124" VPOS="330" WIDTH="754" HEIGHT="27">
							<String ID="string_23" HPOS="124" VPOS="331" WIDTH="73" HEIGHT="26" WC="0.96" CONTENT="loppet"/><SP WIDTH="23" VPOS="331" HPOS="197"/>
							<String ID="string_24" HPOS="220" VPOS="330" WIDTH="47" HEIGHT="21" WC="0.96" CONTENT="från"/><SP WIDTH="22" VPOS="330" HPOS="267"/>
							<String ID="string_25" HPOS="289" VPOS="330" WIDTH="76" HEIGHT="27" WC="0.96" CONTENT="början"/><SP WIDTH="20" VPOS="330" HPOS="365"/>
							<String ID="string_26" HPOS="385" VPOS="332" WIDTH="24" HEIGHT="18" WC="0.96" CONTENT="är"/><SP WIDTH="19" VPOS="332" HPOS="409"/>
							<String ID="string_27" HPOS="428" VPOS="330" WIDTH="94" HEIGHT="26" WC="0.95" CONTENT="orimligt"/><SP WIDTH="14" VPOS="330" HPOS="522"/>
							<String ID="string_28" HPOS="536" VPOS="330" WIDTH="59" HEIGHT="26" WC="0.96" CONTENT="högt,"/><SP WIDTH="16" VPOS="330" HPOS="595"/>
							<String ID="string_29" HPOS="611" VPOS="336" WIDTH="26" HEIGHT="14" WC="0.93" CONTENT="en"/><SP WIDTH="16" VPOS="336" HPOS="637"/>
							<String ID="string_30" HPOS="653" VPOS="330" WIDTH="107" HEIGHT="26" WC="0.92" CONTENT="ojemnhet"/><SP WIDTH="15" VPOS="330" HPOS="760"/>
							<String ID="string_31" HPOS="775" VPOS="330" WIDTH="7" HEIGHT="21" WC="0.93" CONTENT="i"/><SP WIDTH="15" VPOS="330" HPOS="782"/>
							<String ID="string_32" HPOS="797" VPOS="331" WIDTH="81" HEIGHT="21" WC="0.91" CONTENT="skatte-"/>
						</TextLine>
						<TextLine ID="line_4" HPOS="124" VPOS="363" WIDTH="753" HEIGHT="28">
							<String ID="string_33" HPOS="124" VPOS="364" WIDTH="148" HEIGHT="27" WC="0.96" CONTENT="fördelningen"/><SP WIDTH="15" VPOS="364" HPOS="272"/>
							<String ID="string_34" HPOS="287" VPOS="363" WIDTH="33" HEIGHT="22" WC="0.95" CONTENT="till"/><SP WIDTH="15" VPOS="363" HPOS="320"/>
							<String ID="string_35" HPOS="335" VPOS="363" WIDTH="85" HEIGHT="22" WC="0.95" CONTENT="förmån"/><SP WIDTH="16" VPOS="363" HPOS="420"/>
							<String ID="string_36" HPOS="436" VPOS="363" WIDTH="33" HEIGHT="22" WC="0.93" CONTENT="för"/><SP WIDTH="15" VPOS="363" HPOS="469"/>
							<String ID="string_37" HPOS="484" VPOS="363" WIDTH="108" HEIGHT="26" WC="0.92" CONTENT="parcellen"/><SP WIDTH="15" VPOS="363" HPOS="592"/>
							<String ID="string_38" HPOS="607" VPOS="363" WIDTH="85" HEIGHT="22" WC="0.96" CONTENT="inträda"/><SP WIDTH="15" VPOS="363" HPOS="692"/>
							<String ID="string_39" HPOS="707" VPOS="363" WIDTH="39" HEIGHT="22" WC="0.93" CONTENT="och"/><SP WIDTH="16" VPOS="363" HPOS="746"/>
							<String ID="string_40" HPOS="762" VPOS="366" WIDTH="115" HEIGHT="19" WC="0.92" CONTENT="stommens"/>
						</TextLine>
						<TextLine ID="line_5" HPOS="123" VPOS="397" WIDTH="755" HEIGHT="28">
							<String ID="string_41" HPOS="123" VPOS="398" WIDTH="98" HEIGHT="27" WC="0.96" CONTENT="förmåga"/><SP WIDTH="15" VPOS="398" HPOS="221"/>
							<String ID="string_42" HPOS="236" VPOS="400" WIDTH="32" HEIGHT="20" WC="0.96" CONTENT="att"/><SP WIDTH="19" VPOS="400" HPOS="268"/>
							<String ID="string_43" HPOS="287" VPOS="399" WIDTH="53" HEIGHT="20" WC="0.96" CONTENT="bära"/><SP WIDTH="18" VPOS="399" HPOS="340"/>
							<String ID="string_44" HPOS="358" VPOS="399" WIDTH="33" HEIGHT="20" WC="0.96" CONTENT="sin"/><SP WIDTH="16" VPOS="399" HPOS="391"/>
							<String ID="string_45" HPOS="407" VPOS="398" WIDTH="59" HEIGHT="21" WC="0.91" CONTENT="skatt"/><SP WIDTH="16" VPOS="398" HPOS="466"/>
							<String ID="string_46" HPOS="482" VPOS="397" WIDTH="131" HEIGHT="27" WC="0.91" CONTENT="äfventyras;"/><SP WIDTH="16" VPOS="397" HPOS="613"/>
							<String ID="string_47" HPOS="629" VPOS="397" WIDTH="40" HEIGHT="22" WC="0.96" CONTENT="och"/><SP WIDTH="16" VPOS="397" HPOS="669"/>
							<String ID="string_48" HPOS="685" VPOS="399" WIDTH="32" HEIGHT="20" WC="0.96" CONTENT="ett"/><SP WIDTH="14" VPOS="399" HPOS="717"/>
							<String ID="string_49" HPOS="731" VPOS="397" WIDTH="34" HEIGHT="22" WC="0.96" CONTENT="för"/><SP WIDTH="15" VPOS="397" HPOS="765"/>
							<String ID="string_50" HPOS="780" VPOS="398" WIDTH="53" HEIGHT="27" WC="0.93" CONTENT="högt"/><SP WIDTH="15" VPOS="398" HPOS="833"/>
							<String ID="string_51" HPOS="848" VPOS="398" WIDTH="30" HEIGHT="21" WC="0.91" CONTENT="af-"/>
						</TextLine>
						<TextLine ID="line_6" HPOS="124" VPOS="431" WIDTH="755" HEIGHT="29">
							<String ID="string_52" HPOS="124" VPOS="433" WIDTH="141" HEIGHT="27" WC="0.91" CONTENT="gäldsbelopp"/><SP WIDTH="22" VPOS="433" HPOS="265"/>
							<String ID="string_53" HPOS="287" VPOS="432" WIDTH="83" HEIGHT="21" WC="0.96" CONTENT="medför"/><SP WIDTH="23" VPOS="432" HPOS="370"/>
							<String ID="string_54" HPOS="393" VPOS="432" WIDTH="63" HEIGHT="21" WC="0.96" CONTENT="äfven"/><SP WIDTH="24" VPOS="432" HPOS="456"/>
							<String ID="string_55" HPOS="480" VPOS="432" WIDTH="36" HEIGHT="21" WC="0.96" CONTENT="det"/><SP WIDTH="22" VPOS="432" HPOS="516"/>
							<String ID="string_56" HPOS="538" VPOS="432" WIDTH="120" HEIGHT="27" WC="0.96" CONTENT="betydande"/><SP WIDTH="20" VPOS="432" HPOS="658"/>
							<String ID="string_57" HPOS="678" VPOS="431" WIDTH="140" HEIGHT="29" WC="0.93" CONTENT="svårigheter,"/><SP WIDTH="16" VPOS="431" HPOS="818"/>
							<String ID="string_58" HPOS="834" VPOS="434" WIDTH="45" HEIGHT="19" WC="0.91" CONTENT="sär-"/>
						</TextLine>
						<TextLine ID="line_7" HPOS="125" VPOS="466" WIDTH="753" HEIGHT="27">
							<String ID="string_59" HPOS="125" VPOS="467" WIDTH="66" HEIGHT="22" WC="0.91" CONTENT="skildt"/><SP WIDTH="15" VPOS="467" HPOS="191"/>
							<String ID="string_60" HPOS="206" VPOS="467" WIDTH="28" HEIGHT="21" WC="0.97" CONTENT="då"/><SP WIDTH="15" VPOS="467" HPOS="234"/>
							<String ID="string_61" HPOS="249" VPOS="467" WIDTH="36" HEIGHT="21" WC="0.92" CONTENT="vid"/><SP WIDTH="15" VPOS="467" HPOS="285"/>
							<String ID="string_62" HPOS="300" VPOS="467" WIDTH="95" HEIGHT="26" WC="0.91" CONTENT="klyfning"/><SP WIDTH="16" VPOS="467" HPOS="395"/>
							<String ID="string_63" HPOS="411" VPOS="466" WIDTH="23" HEIGHT="21" WC="0.95" CONTENT="af"/><SP WIDTH="14" VPOS="466" HPOS="434"/>
							<String ID="string_64" HPOS="448" VPOS="468" WIDTH="104" HEIGHT="19" WC="0.93" CONTENT="stommen"/><SP WIDTH="15" VPOS="468" HPOS="552"/>
							<String ID="string_65" HPOS="567" VPOS="466" WIDTH="98" HEIGHT="27" WC="0.92" CONTENT="afgälden"/><SP WIDTH="16" VPOS="466" HPOS="665"/>
							<String ID="string_66" HPOS="681" VPOS="466" WIDTH="55" HEIGHT="21" WC="0.96" CONTENT="skall"/><SP WIDTH="15" VPOS="466" HPOS="736"/>
							<String ID="string_67" HPOS="751" VPOS="468" WIDTH="61" HEIGHT="25" WC="0.96" CONTENT="tagas"/><SP WIDTH="12" VPOS="468" HPOS="812"/>
							<String ID="string_68" HPOS="824" VPOS="467" WIDTH="7" HEIGHT="21" WC="0.91" CONTENT="i"/><SP WIDTH="10" VPOS="467" HPOS="831"/>
							<String ID="string_69" HPOS="841" VPOS="467" WIDTH="37" HEIGHT="21" WC="0.91" CONTENT="be-"/>
						</TextLine>
						<TextLine ID="line_8" HPOS="125" VPOS="501" WIDTH="752" HEIGHT="27">
							<String ID="string_70" HPOS="125" VPOS="502" WIDTH="91" HEIGHT="26" WC="0.96" CONTENT="räkning"/><SP WIDTH="14" VPOS="502" HPOS="216"/>
							<String ID="string_71" HPOS="230" VPOS="501" WIDTH="36" HEIGHT="21" WC="0.96" CONTENT="vid"/><SP WIDTH="15" VPOS="501" HPOS="266"/>
							<String ID="string_72" HPOS="281" VPOS="501" WIDTH="161" HEIGHT="22" WC="0.96" CONTENT="bestämmande"/><SP WIDTH="11" VPOS="501" HPOS="442"/>
							<String ID="string_73" HPOS="453" VPOS="501" WIDTH="23" HEIGHT="21" WC="0.93" CONTENT="af"/><SP WIDTH="10" VPOS="501" HPOS="476"/>
							<String ID="string_74" HPOS="486" VPOS="501" WIDTH="97" HEIGHT="21" WC="0.91" CONTENT="delarnes"/><SP WIDTH="9" VPOS="501" HPOS="583"/>
							<String ID="string_75" HPOS="592" VPOS="501" WIDTH="82" HEIGHT="21" WC="0.96" CONTENT="mantal"/><SP WIDTH="11" VPOS="501" HPOS="674"/>
							<String ID="string_76" HPOS="685" VPOS="501" WIDTH="40" HEIGHT="21" WC="0.96" CONTENT="och"/><SP WIDTH="11" VPOS="501" HPOS="725"/>
							<String ID="string_77" HPOS="736" VPOS="501" WIDTH="65" HEIGHT="21" WC="0.96" CONTENT="skatt."/><SP WIDTH="26" VPOS="501" HPOS="801"/>
							<String ID="string_78" HPOS="827" VPOS="501" WIDTH="50" HEIGHT="22" WC="0.96" CONTENT="Med"/>
						</TextLine>
						<TextLine ID="line_9" HPOS="125" VPOS="535" WIDTH="752" HEIGHT="28">
							<String ID="string_79" HPOS="125" VPOS="536" WIDTH="101" HEIGHT="21" WC="0.93" CONTENT="afseende"/><SP WIDTH="22" VPOS="536" HPOS="226"/>
							<String ID="string_80" HPOS="248" VPOS="535" WIDTH="54" HEIGHT="22" WC="0.92" CONTENT="härå"/><SP WIDTH="22" VPOS="535" HPOS="302"/>
							<String ID="string_81" HPOS="324" VPOS="536" WIDTH="40" HEIGHT="21" WC="0.96" CONTENT="har"/><SP WIDTH="22" VPOS="536" HPOS="364"/>
							<String ID="string_82" HPOS="386" VPOS="535" WIDTH="41" HEIGHT="21" WC="0.96" CONTENT="den"/><SP WIDTH="15" VPOS="535" HPOS="427"/>
							<String ID="string_83" HPOS="442" VPOS="535" WIDTH="120" HEIGHT="27" WC="0.96" CONTENT="anordning"/><SP WIDTH="17" VPOS="535" HPOS="562"/>
							<String ID="string_84" HPOS="579" VPOS="535" WIDTH="108" HEIGHT="21" WC="0.96" CONTENT="befunnits"/><SP WIDTH="14" VPOS="535" HPOS="687"/>
							<String ID="string_85" HPOS="701" VPOS="535" WIDTH="128" HEIGHT="28" WC="0.96" CONTENT="nödvändig,"/><SP WIDTH="15" VPOS="535" HPOS="829"/>
							<String ID="string_86" HPOS="844" VPOS="537" WIDTH="33" HEIGHT="20" WC="0.96" CONTENT="att"/>
						</TextLine>
						<TextLine ID="line_10" HPOS="125" VPOS="569" WIDTH="752" HEIGHT="28">
							<String ID="string_87" HPOS="125" VPOS="571" WIDTH="35" HEIGHT="20" WC="0.93" CONTENT="vid"/><SP WIDTH="20" VPOS="571" HPOS="160"/>
							<String ID="string_88" HPOS="180" VPOS="570" WIDTH="174" HEIGHT="27" WC="0.91" CONTENT="jordafsöndring"/><SP WIDTH="22" VPOS="570" HPOS="354"/>
							<String ID="string_89" HPOS="376" VPOS="570" WIDTH="55" HEIGHT="20" WC="0.96" CONTENT="skall"/><SP WIDTH="15" VPOS="570" HPOS="431"/>
							<String ID="string_90" HPOS="446" VPOS="571" WIDTH="99" HEIGHT="25" WC="0.96" CONTENT="utsättas,"/><SP WIDTH="15" VPOS="571" HPOS="545"/>
							<String ID="string_91" HPOS="560" VPOS="569" WIDTH="56" HEIGHT="21" WC="0.96" CONTENT="huru"/><SP WIDTH="15" VPOS="569" HPOS="616"/>
							<String ID="string_92" HPOS="631" VPOS="571" WIDTH="45" HEIGHT="19" WC="0.96" CONTENT="stor"/><SP WIDTH="15" VPOS="571" HPOS="676"/>
							<String ID="string_93" HPOS="691" VPOS="569" WIDTH="63" HEIGHT="21" WC="0.96" CONTENT="andel"/><SP WIDTH="16" VPOS="569" HPOS="754"/>
							<String ID="string_94" HPOS="770" VPOS="570" WIDTH="23" HEIGHT="21" WC="0.93" CONTENT="af"/><SP WIDTH="11" VPOS="570" HPOS="793"/>
							<String ID="string_95" HPOS="804" VPOS="570" WIDTH="73" HEIGHT="26" WC="0.92" CONTENT="jorde-"/>
						</TextLine>
						<TextLine ID="line_11" HPOS="125" VPOS="603" WIDTH="753" HEIGHT="28">
							<String ID="string_96" HPOS="125" VPOS="604" WIDTH="177" HEIGHT="22" WC="0.92" CONTENT="bokshemmanet"/><SP WIDTH="23" VPOS="604" HPOS="302"/>
							<String ID="string_97" HPOS="325" VPOS="606" WIDTH="55" HEIGHT="19" WC="0.92" CONTENT="stom"/><SP WIDTH="23" VPOS="606" HPOS="380"/>
							<String ID="string_98" HPOS="403" VPOS="604" WIDTH="40" HEIGHT="21" WC="0.93" CONTENT="och"/><SP WIDTH="22" VPOS="604" HPOS="443"/>
							<String ID="string_99" HPOS="465" VPOS="604" WIDTH="80" HEIGHT="26" WC="0.90" CONTENT="parcell"/><SP WIDTH="21" VPOS="604" HPOS="545"/>
							<String ID="string_100" HPOS="566" VPOS="604" WIDTH="53" HEIGHT="21" WC="0.96" CONTENT="hvar"/><SP WIDTH="23" VPOS="604" HPOS="619"/>
							<String ID="string_101" HPOS="642" VPOS="603" WIDTH="33" HEIGHT="21" WC="0.96" CONTENT="för"/><SP WIDTH="16" VPOS="603" HPOS="675"/>
							<String ID="string_102" HPOS="691" VPOS="604" WIDTH="32" HEIGHT="26" WC="0.96" CONTENT="sig"/><SP WIDTH="14" VPOS="604" HPOS="723"/>
							<String ID="string_103" HPOS="737" VPOS="606" WIDTH="84" HEIGHT="25" WC="0.95" CONTENT="utgöra,"/><SP WIDTH="18" VPOS="606" HPOS="821"/>
							<String ID="string_104" HPOS="839" VPOS="604" WIDTH="39" HEIGHT="22" WC="0.96" CONTENT="och"/>
						</TextLine>
						<TextLine ID="line_12" HPOS="126" VPOS="638" WIDTH="753" HEIGHT="28">
							<String ID="string_105" HPOS="126" VPOS="638" WIDTH="184" HEIGHT="28" WC="0.91" CONTENT="afgäldsbeloppet"/><SP WIDTH="23" VPOS="638" HPOS="310"/>
							<String ID="string_106" HPOS="333" VPOS="638" WIDTH="99" HEIGHT="28" WC="0.96" CONTENT="derefter,"/><SP WIDTH="23" VPOS="638" HPOS="432"/>
							<String ID="string_107" HPOS="455" VPOS="638" WIDTH="66" HEIGHT="27" WC="0.96" CONTENT="enligt"/><SP WIDTH="23" VPOS="638" HPOS="521"/>
							<String ID="string_108" HPOS="544" VPOS="638" WIDTH="40" HEIGHT="21" WC="0.96" CONTENT="den"/><SP WIDTH="19" VPOS="638" HPOS="584"/>
							<String ID="string_109" HPOS="603" VPOS="638" WIDTH="90" HEIGHT="21" WC="0.93" CONTENT="sålunda"/><SP WIDTH="15" VPOS="638" HPOS="693"/>
							<String ID="string_110" HPOS="708" VPOS="638" WIDTH="61" HEIGHT="27" WC="0.91" CONTENT="gifna"/><SP WIDTH="14" VPOS="638" HPOS="769"/>
							<String ID="string_111" HPOS="783" VPOS="639" WIDTH="96" HEIGHT="27" WC="0.96" CONTENT="grunden"/>
						</TextLine>
						<TextLine ID="line_13" HPOS="126" VPOS="672" WIDTH="753" HEIGHT="28">
							<String ID="string_112" HPOS="126" VPOS="673" WIDTH="32" HEIGHT="21" WC="0.92" CONTENT="för"/><SP WIDTH="16" VPOS="673" HPOS="158"/>
							<String ID="string_113" HPOS="174" VPOS="674" WIDTH="126" HEIGHT="26" WC="0.92" CONTENT="utlagornas"/><SP WIDTH="16" VPOS="674" HPOS="300"/>
							<String ID="string_114" HPOS="316" VPOS="672" WIDTH="119" HEIGHT="27" WC="0.96" CONTENT="fördelning"/><SP WIDTH="16" VPOS="672" HPOS="435"/>
							<String ID="string_115" HPOS="451" VPOS="673" WIDTH="91" HEIGHT="21" WC="0.96" CONTENT="emellan"/><SP WIDTH="16" VPOS="673" HPOS="542"/>
							<String ID="string_116" HPOS="558" VPOS="672" WIDTH="53" HEIGHT="26" WC="0.96" CONTENT="dem,"/><SP WIDTH="17" VPOS="672" HPOS="611"/>
							<String ID="string_117" HPOS="628" VPOS="672" WIDTH="33" HEIGHT="21" WC="0.96" CONTENT="för"/><SP WIDTH="15" VPOS="672" HPOS="661"/>
							<String ID="string_118" HPOS="676" VPOS="672" WIDTH="57" HEIGHT="22" WC="0.95" CONTENT="vissa"/><SP WIDTH="16" VPOS="672" HPOS="733"/>
							<String ID="string_119" HPOS="749" VPOS="672" WIDTH="24" HEIGHT="22" WC="0.96" CONTENT="år"/><SP WIDTH="11" VPOS="672" HPOS="773"/>
							<String ID="string_120" HPOS="784" VPOS="673" WIDTH="7" HEIGHT="21" WC="0.92" CONTENT="i"/><SP WIDTH="11" VPOS="673" HPOS="791"/>
							<String ID="string_121" HPOS="802" VPOS="673" WIDTH="77" HEIGHT="21" WC="0.91" CONTENT="sender"/>
						</TextLine>
						<TextLine ID="line_14" HPOS="126" VPOS="706" WIDTH="752" HEIGHT="28">
							<String ID="string_122" HPOS="126" VPOS="708" WIDTH="136" HEIGHT="20" WC="0.93" CONTENT="bestämmas."/><SP WIDTH="29" VPOS="708" HPOS="262"/>
							<String ID="string_123" HPOS="291" VPOS="708" WIDTH="109" HEIGHT="26" WC="0.91" CONTENT="Härjemte"/><SP WIDTH="24" VPOS="708" HPOS="400"/>
							<String ID="string_124" HPOS="424" VPOS="709" WIDTH="23" HEIGHT="18" WC="0.93" CONTENT="är"/><SP WIDTH="22" VPOS="709" HPOS="447"/>
							<String ID="string_125" HPOS="469" VPOS="706" WIDTH="142" HEIGHT="27" WC="0.92" CONTENT="föreskrifvet,"/><SP WIDTH="23" VPOS="706" HPOS="611"/>
							<String ID="string_126" HPOS="634" VPOS="709" WIDTH="33" HEIGHT="18" WC="0.96" CONTENT="att"/><SP WIDTH="22" VPOS="709" HPOS="667"/>
							<String ID="string_127" HPOS="689" VPOS="706" WIDTH="68" HEIGHT="27" WC="0.93" CONTENT="årliga"/><SP WIDTH="22" VPOS="706" HPOS="757"/>
							<String ID="string_128" HPOS="779" VPOS="707" WIDTH="99" HEIGHT="27" WC="0.91" CONTENT="afgälden"/>
						</TextLine>
						<TextLine ID="line_15" HPOS="127" VPOS="741" WIDTH="751" HEIGHT="27">
							<String ID="string_129" HPOS="127" VPOS="741" WIDTH="46" HEIGHT="22" WC="0.93" CONTENT="från"/><SP WIDTH="23" VPOS="741" HPOS="173"/>
							<String ID="string_130" HPOS="196" VPOS="742" WIDTH="81" HEIGHT="26" WC="0.91" CONTENT="parcell"/><SP WIDTH="22" VPOS="742" HPOS="277"/>
							<String ID="string_131" HPOS="299" VPOS="742" WIDTH="39" HEIGHT="21" WC="0.96" CONTENT="bör"/><SP WIDTH="22" VPOS="742" HPOS="338"/>
							<String ID="string_132" HPOS="360" VPOS="741" WIDTH="36" HEIGHT="21" WC="0.92" CONTENT="vid"/><SP WIDTH="22" VPOS="741" HPOS="396"/>
							<String ID="string_133" HPOS="418" VPOS="741" WIDTH="126" HEIGHT="27" WC="0.92" CONTENT="uppbörden"/><SP WIDTH="18" VPOS="741" HPOS="544"/>
							<String ID="string_134" HPOS="562" VPOS="741" WIDTH="23" HEIGHT="21" WC="0.93" CONTENT="af"/><SP WIDTH="12" VPOS="741" HPOS="585"/>
							<String ID="string_135" HPOS="597" VPOS="741" WIDTH="140" HEIGHT="21" WC="0.91" CONTENT="kronomedel"/><SP WIDTH="15" VPOS="741" HPOS="737"/>
							<String ID="string_136" HPOS="752" VPOS="741" WIDTH="33" HEIGHT="21" WC="0.93" CONTENT="till"/><SP WIDTH="15" VPOS="741" HPOS="785"/>
							<String ID="string_137" HPOS="800" VPOS="741" WIDTH="78" HEIGHT="22" WC="0.92" CONTENT="krono-"/>
						</TextLine>
						<TextLine ID="line_16" HPOS="127" VPOS="775" WIDTH="718" HEIGHT="28">
							<String ID="string_138" HPOS="127" VPOS="775" WIDTH="77" HEIGHT="28" WC="0.96" CONTENT="fogden"/><SP WIDTH="16" VPOS="775" HPOS="204"/>
							<String ID="string_139" HPOS="220" VPOS="776" WIDTH="98" HEIGHT="27" WC="0.96" CONTENT="erläggas"/><SP WIDTH="15" VPOS="776" HPOS="318"/>
							<String ID="string_140" HPOS="333" VPOS="776" WIDTH="7" HEIGHT="21" WC="0.93" CONTENT="i"/><SP WIDTH="16" VPOS="776" HPOS="340"/>
							<String ID="string_141" HPOS="356" VPOS="775" WIDTH="113" HEIGHT="27" WC="0.92" CONTENT="afräkning"/><SP WIDTH="15" VPOS="775" HPOS="469"/>
							<String ID="string_142" HPOS="484" VPOS="775" WIDTH="28" HEIGHT="27" WC="0.93" CONTENT="på"/><SP WIDTH="15" VPOS="775" HPOS="512"/>
							<String ID="string_143" HPOS="527" VPOS="777" WIDTH="114" HEIGHT="20" WC="0.91" CONTENT="stommens"/><SP WIDTH="16" VPOS="777" HPOS="641"/>
							<String ID="string_144" HPOS="657" VPOS="775" WIDTH="188" HEIGHT="28" WC="0.91" CONTENT="kronoutskylder."/>
						</TextLine>
					</TextBlock>
					<TextBlock ID="block_2" HPOS="127" VPOS="809" WIDTH="754" HEIGHT="714">
						<TextLine ID="line_17" HPOS="198" VPOS="809" WIDTH="679" HEIGHT="28">
							<String ID="string_145" HPOS="198" VPOS="810" WIDTH="73" HEIGHT="27" WC="0.96" CONTENT="Enligt"/><SP WIDTH="18" VPOS="810" HPOS="271"/>
							<String ID="string_146" HPOS="289" VPOS="810" WIDTH="57" HEIGHT="21" WC="0.96" CONTENT="hvad"/><SP WIDTH="18" VPOS="810" HPOS="346"/>
							<String ID="string_147" HPOS="364" VPOS="809" WIDTH="148" HEIGHT="22" WC="0.96" CONTENT="erfarenheten"/><SP WIDTH="15" VPOS="809" HPOS="512"/>
							<String ID="string_148" HPOS="527" VPOS="809" WIDTH="118" HEIGHT="27" WC="0.96" CONTENT="ådagalagt,"/><SP WIDTH="16" VPOS="809" HPOS="645"/>
							<String ID="string_149" HPOS="661" VPOS="810" WIDTH="40" HEIGHT="21" WC="0.96" CONTENT="har"/><SP WIDTH="16" VPOS="810" HPOS="701"/>
							<String ID="string_150" HPOS="717" VPOS="810" WIDTH="40" HEIGHT="21" WC="0.96" CONTENT="den"/><SP WIDTH="16" VPOS="810" HPOS="757"/>
							<String ID="string_151" HPOS="773" VPOS="810" WIDTH="33" HEIGHT="21" WC="0.93" CONTENT="för"/><SP WIDTH="14" VPOS="810" HPOS="806"/>
							<String ID="string_152" HPOS="820" VPOS="810" WIDTH="57" HEIGHT="27" WC="0.92" CONTENT="jord-"/>
						</TextLine>
						<TextLine ID="line_18" HPOS="128" VPOS="844" WIDTH="750" HEIGHT="27">
							<String ID="string_153" HPOS="128" VPOS="844" WIDTH="150" HEIGHT="27" WC="0.91" CONTENT="afsöndringen"/><SP WIDTH="18" VPOS="844" HPOS="278"/>
							<String ID="string_154" HPOS="296" VPOS="850" WIDTH="76" HEIGHT="21" WC="0.96" CONTENT="genom"/><SP WIDTH="16" VPOS="850" HPOS="372"/>
							<String ID="string_155" HPOS="388" VPOS="851" WIDTH="29" HEIGHT="14" WC="0.96" CONTENT="nu"/><SP WIDTH="15" VPOS="851" HPOS="417"/>
							<String ID="string_156" HPOS="432" VPOS="844" WIDTH="98" HEIGHT="27" WC="0.96" CONTENT="gällande"/><SP WIDTH="16" VPOS="844" HPOS="530"/>
							<String ID="string_157" HPOS="546" VPOS="844" WIDTH="123" HEIGHT="27" WC="0.96" CONTENT="förordning"/><SP WIDTH="15" VPOS="844" HPOS="669"/>
							<String ID="string_158" HPOS="684" VPOS="844" WIDTH="6" HEIGHT="21" WC="0.96" CONTENT="i"/><SP WIDTH="17" VPOS="844" HPOS="690"/>
							<String ID="string_159" HPOS="707" VPOS="846" WIDTH="72" HEIGHT="19" WC="0.97" CONTENT="ämnet"/><SP WIDTH="14" VPOS="846" HPOS="779"/>
							<String ID="string_160" HPOS="793" VPOS="844" WIDTH="85" HEIGHT="22" WC="0.96" CONTENT="införda"/>
						</TextLine>
						<TextLine ID="line_19" HPOS="128" VPOS="878" WIDTH="751" HEIGHT="28">
							<String ID="string_161" HPOS="128" VPOS="879" WIDTH="260" HEIGHT="26" WC="0.91" CONTENT="undantagsbestämning,"/><SP WIDTH="24" VPOS="879" HPOS="388"/>
							<String ID="string_162" HPOS="412" VPOS="880" WIDTH="32" HEIGHT="19" WC="0.93" CONTENT="att"/><SP WIDTH="22" VPOS="880" HPOS="444"/>
							<String ID="string_163" HPOS="466" VPOS="878" WIDTH="123" HEIGHT="27" WC="0.92" CONTENT="afsöndring"/><SP WIDTH="20" VPOS="878" HPOS="589"/>
							<String ID="string_164" HPOS="609" VPOS="878" WIDTH="32" HEIGHT="21" WC="0.96" CONTENT="får"/><SP WIDTH="15" VPOS="878" HPOS="641"/>
							<String ID="string_165" HPOS="656" VPOS="879" WIDTH="128" HEIGHT="21" WC="0.96" CONTENT="verkställas"/><SP WIDTH="15" VPOS="879" HPOS="784"/>
							<String ID="string_166" HPOS="799" VPOS="879" WIDTH="24" HEIGHT="21" WC="0.93" CONTENT="af"/><SP WIDTH="12" VPOS="879" HPOS="823"/>
							<String ID="string_167" HPOS="835" VPOS="879" WIDTH="44" HEIGHT="27" WC="0.92" CONTENT="pri-"/>
						</TextLine>
						<TextLine ID="line_20" HPOS="127" VPOS="913" WIDTH="752" HEIGHT="28">
							<String ID="string_168" HPOS="127" VPOS="915" WIDTH="51" HEIGHT="19" WC="0.89" CONTENT="vata"/><SP WIDTH="14" VPOS="915" HPOS="178"/>
							<String ID="string_169" HPOS="192" VPOS="919" WIDTH="108" HEIGHT="21" WC="0.96" CONTENT="personer,"/><SP WIDTH="19" VPOS="919" HPOS="300"/>
							<String ID="string_170" HPOS="319" VPOS="913" WIDTH="47" HEIGHT="21" WC="0.96" CONTENT="haft"/><SP WIDTH="18" VPOS="913" HPOS="366"/>
							<String ID="string_171" HPOS="384" VPOS="913" WIDTH="33" HEIGHT="21" WC="0.96" CONTENT="till"/><SP WIDTH="19" VPOS="913" HPOS="417"/>
							<String ID="string_172" HPOS="436" VPOS="913" WIDTH="58" HEIGHT="26" WC="0.96" CONTENT="följd,"/><SP WIDTH="17" VPOS="913" HPOS="494"/>
							<String ID="string_173" HPOS="511" VPOS="914" WIDTH="32" HEIGHT="20" WC="0.96" CONTENT="att"/><SP WIDTH="15" VPOS="914" HPOS="543"/>
							<String ID="string_174" HPOS="558" VPOS="914" WIDTH="31" HEIGHT="20" WC="0.96" CONTENT="ett"/><SP WIDTH="15" VPOS="914" HPOS="589"/>
							<String ID="string_175" HPOS="604" VPOS="913" WIDTH="60" HEIGHT="20" WC="0.93" CONTENT="antal"/><SP WIDTH="16" VPOS="913" HPOS="664"/>
							<String ID="string_176" HPOS="680" VPOS="913" WIDTH="151" HEIGHT="28" WC="0.92" CONTENT="afsöndringar"/><SP WIDTH="14" VPOS="913" HPOS="831"/>
							<String ID="string_177" HPOS="845" VPOS="915" WIDTH="34" HEIGHT="20" WC="0.92" CONTENT="ut-"/>
						</TextLine>
						<TextLine ID="line_21" HPOS="127" VPOS="947" WIDTH="752" HEIGHT="26">
							<String ID="string_178" HPOS="127" VPOS="947" WIDTH="55" HEIGHT="22" WC="0.96" CONTENT="förts"/><SP WIDTH="14" VPOS="947" HPOS="182"/>
							<String ID="string_179" HPOS="196" VPOS="949" WIDTH="53" HEIGHT="20" WC="0.96" CONTENT="utan"/><SP WIDTH="17" VPOS="949" HPOS="249"/>
							<String ID="string_180" HPOS="266" VPOS="947" WIDTH="39" HEIGHT="22" WC="0.93" CONTENT="den"/><SP WIDTH="19" VPOS="947" HPOS="305"/>
							<String ID="string_181" HPOS="324" VPOS="947" WIDTH="168" HEIGHT="26" WC="0.91" CONTENT="sakkännedom,"/><SP WIDTH="16" VPOS="947" HPOS="492"/>
							<String ID="string_182" HPOS="508" VPOS="953" WIDTH="45" HEIGHT="15" WC="0.97" CONTENT="som"/><SP WIDTH="16" VPOS="953" HPOS="553"/>
							<String ID="string_183" HPOS="569" VPOS="947" WIDTH="71" HEIGHT="21" WC="0.96" CONTENT="derför"/><SP WIDTH="15" VPOS="947" HPOS="640"/>
							<String ID="string_184" HPOS="655" VPOS="947" WIDTH="108" HEIGHT="22" WC="0.96" CONTENT="erfordras"/><SP WIDTH="15" VPOS="947" HPOS="763"/>
							<String ID="string_185" HPOS="778" VPOS="948" WIDTH="40" HEIGHT="21" WC="0.96" CONTENT="och"/><SP WIDTH="15" VPOS="948" HPOS="818"/>
							<String ID="string_186" HPOS="833" VPOS="954" WIDTH="46" HEIGHT="15" WC="0.96" CONTENT="som"/>
						</TextLine>
						<TextLine ID="line_22" HPOS="128" VPOS="981" WIDTH="751" HEIGHT="27">
							<String ID="string_187" HPOS="128" VPOS="982" WIDTH="76" HEIGHT="21" WC="0.96" CONTENT="endast"/><SP WIDTH="19" VPOS="982" HPOS="204"/>
							<String ID="string_188" HPOS="223" VPOS="981" WIDTH="43" HEIGHT="22" WC="0.96" CONTENT="kan"/><SP WIDTH="18" VPOS="981" HPOS="266"/>
							<String ID="string_189" HPOS="284" VPOS="982" WIDTH="40" HEIGHT="21" WC="0.92" CONTENT="hos"/><SP WIDTH="18" VPOS="982" HPOS="324"/>
							<String ID="string_190" HPOS="342" VPOS="981" WIDTH="143" HEIGHT="22" WC="0.91" CONTENT="landtmätare"/><SP WIDTH="15" VPOS="981" HPOS="485"/>
							<String ID="string_191" HPOS="500" VPOS="981" WIDTH="111" HEIGHT="27" WC="0.90" CONTENT="påräknas,"/><SP WIDTH="17" VPOS="981" HPOS="611"/>
							<String ID="string_192" HPOS="628" VPOS="982" WIDTH="39" HEIGHT="21" WC="0.96" CONTENT="och"/><SP WIDTH="16" VPOS="982" HPOS="667"/>
							<String ID="string_193" HPOS="683" VPOS="981" WIDTH="129" HEIGHT="22" WC="0.96" CONTENT="framförallt"/><SP WIDTH="15" VPOS="981" HPOS="812"/>
							<String ID="string_194" HPOS="827" VPOS="985" WIDTH="52" HEIGHT="19" WC="0.95" CONTENT="utan"/>
						</TextLine>
						<TextLine ID="line_23" HPOS="128" VPOS="1015" WIDTH="751" HEIGHT="28">
							<String ID="string_195" HPOS="128" VPOS="1016" WIDTH="40" HEIGHT="21" WC="0.96" CONTENT="den"/><SP WIDTH="22" VPOS="1016" HPOS="168"/>
							<String ID="string_196" HPOS="190" VPOS="1015" WIDTH="110" HEIGHT="28" WC="0.96" CONTENT="offentliga"/><SP WIDTH="19" VPOS="1015" HPOS="300"/>
							<String ID="string_197" HPOS="319" VPOS="1015" WIDTH="99" HEIGHT="27" WC="0.96" CONTENT="kontroll,"/><SP WIDTH="20" VPOS="1015" HPOS="418"/>
							<String ID="string_198" HPOS="438" VPOS="1016" WIDTH="78" HEIGHT="21" WC="0.96" CONTENT="dennes"/><SP WIDTH="16" VPOS="1016" HPOS="516"/>
							<String ID="string_199" HPOS="532" VPOS="1016" WIDTH="72" HEIGHT="21" WC="0.96" CONTENT="arbete"/><SP WIDTH="15" VPOS="1016" HPOS="604"/>
							<String ID="string_200" HPOS="619" VPOS="1017" WIDTH="24" HEIGHT="20" WC="0.93" CONTENT="är"/><SP WIDTH="15" VPOS="1017" HPOS="643"/>
							<String ID="string_201" HPOS="658" VPOS="1016" WIDTH="166" HEIGHT="27" WC="0.91" CONTENT="underkastadt;"/><SP WIDTH="16" VPOS="1016" HPOS="824"/>
							<String ID="string_202" HPOS="840" VPOS="1017" WIDTH="39" HEIGHT="21" WC="0.96" CONTENT="och"/>
						</TextLine>
						<TextLine ID="line_24" HPOS="128" VPOS="1049" WIDTH="751" HEIGHT="28">
							<String ID="string_203" HPOS="128" VPOS="1050" WIDTH="63" HEIGHT="21" WC="0.96" CONTENT="dessa"/><SP WIDTH="15" VPOS="1050" HPOS="191"/>
							<String ID="string_204" HPOS="206" VPOS="1050" WIDTH="181" HEIGHT="26" WC="0.96" CONTENT="omständigheter"/><SP WIDTH="13" VPOS="1050" HPOS="387"/>
							<String ID="string_205" HPOS="400" VPOS="1049" WIDTH="68" HEIGHT="22" WC="0.96" CONTENT="måste"/><SP WIDTH="11" VPOS="1049" HPOS="468"/>
							<String ID="string_206" HPOS="479" VPOS="1049" WIDTH="101" HEIGHT="27" WC="0.96" CONTENT="medföra,"/><SP WIDTH="11" VPOS="1049" HPOS="580"/>
							<String ID="string_207" HPOS="591" VPOS="1052" WIDTH="32" HEIGHT="19" WC="0.96" CONTENT="att"/><SP WIDTH="11" VPOS="1052" HPOS="623"/>
							<String ID="string_208" HPOS="634" VPOS="1050" WIDTH="111" HEIGHT="27" WC="0.93" CONTENT="delningar"/><SP WIDTH="10" VPOS="1050" HPOS="745"/>
							<String ID="string_209" HPOS="755" VPOS="1051" WIDTH="124" HEIGHT="21" WC="0.90" CONTENT="verkstälda"/>
						</TextLine>
						<TextLine ID="line_25" HPOS="128" VPOS="1083" WIDTH="751" HEIGHT="28">
							<String ID="string_210" HPOS="128" VPOS="1083" WIDTH="24" HEIGHT="22" WC="0.95" CONTENT="af"/><SP WIDTH="20" VPOS="1083" HPOS="152"/>
							<String ID="string_211" HPOS="172" VPOS="1090" WIDTH="102" HEIGHT="21" WC="0.95" CONTENT="personer"/><SP WIDTH="22" VPOS="1090" HPOS="274"/>
							<String ID="string_212" HPOS="296" VPOS="1086" WIDTH="59" HEIGHT="19" WC="0.90" CONTENT="utom"/><SP WIDTH="23" VPOS="1086" HPOS="355"/>
							<String ID="string_213" HPOS="378" VPOS="1083" WIDTH="207" HEIGHT="22" WC="0.90" CONTENT="landtmäterikåren"/><SP WIDTH="23" VPOS="1083" HPOS="585"/>
							<String ID="string_214" HPOS="608" VPOS="1084" WIDTH="33" HEIGHT="21" WC="0.96" CONTENT="för"/><SP WIDTH="22" VPOS="1084" HPOS="641"/>
							<String ID="string_215" HPOS="663" VPOS="1084" WIDTH="30" HEIGHT="21" WC="0.96" CONTENT="all"/><SP WIDTH="15" VPOS="1084" HPOS="693"/>
							<String ID="string_216" HPOS="708" VPOS="1084" WIDTH="88" HEIGHT="22" WC="0.96" CONTENT="framtid"/><SP WIDTH="15" VPOS="1084" HPOS="796"/>
							<String ID="string_217" HPOS="811" VPOS="1085" WIDTH="68" HEIGHT="21" WC="0.96" CONTENT="sakna"/>
						</TextLine>
						<TextLine ID="line_26" HPOS="129" VPOS="1118" WIDTH="751" HEIGHT="28">
							<String ID="string_218" HPOS="129" VPOS="1119" WIDTH="39" HEIGHT="20" WC="0.96" CONTENT="den"/><SP WIDTH="16" VPOS="1119" HPOS="168"/>
							<String ID="string_219" HPOS="184" VPOS="1119" WIDTH="109" HEIGHT="26" WC="0.96" CONTENT="offentliga"/><SP WIDTH="15" VPOS="1119" HPOS="293"/>
							<String ID="string_220" HPOS="308" VPOS="1119" WIDTH="91" HEIGHT="27" WC="0.96" CONTENT="garanti,"/><SP WIDTH="17" VPOS="1119" HPOS="399"/>
							<String ID="string_221" HPOS="416" VPOS="1125" WIDTH="45" HEIGHT="15" WC="0.96" CONTENT="som"/><SP WIDTH="16" VPOS="1125" HPOS="461"/>
							<String ID="string_222" HPOS="477" VPOS="1125" WIDTH="25" HEIGHT="15" WC="0.96" CONTENT="en"/><SP WIDTH="16" VPOS="1125" HPOS="502"/>
							<String ID="string_223" HPOS="518" VPOS="1118" WIDTH="24" HEIGHT="21" WC="0.93" CONTENT="af"/><SP WIDTH="12" VPOS="1118" HPOS="542"/>
							<String ID="string_224" HPOS="554" VPOS="1119" WIDTH="141" HEIGHT="21" WC="0.91" CONTENT="landtmätare"/><SP WIDTH="14" VPOS="1119" HPOS="695"/>
							<String ID="string_225" HPOS="709" VPOS="1119" WIDTH="72" HEIGHT="22" WC="0.93" CONTENT="utförd"/><SP WIDTH="11" VPOS="1119" HPOS="781"/>
							<String ID="string_226" HPOS="792" VPOS="1119" WIDTH="88" HEIGHT="22" WC="0.92" CONTENT="förrätt-"/>
						</TextLine>
						<TextLine ID="line_27" HPOS="129" VPOS="1152" WIDTH="751" HEIGHT="28">
							<String ID="string_227" HPOS="129" VPOS="1153" WIDTH="51" HEIGHT="26" WC="0.95" CONTENT="ning"/><SP WIDTH="22" VPOS="1153" HPOS="180"/>
							<String ID="string_228" HPOS="202" VPOS="1159" WIDTH="57" HEIGHT="20" WC="0.95" CONTENT="eger."/><SP WIDTH="29" VPOS="1159" HPOS="259"/>
							<String ID="string_229" HPOS="288" VPOS="1153" WIDTH="31" HEIGHT="20" WC="0.95" CONTENT="På"/><SP WIDTH="23" VPOS="1153" HPOS="319"/>
							<String ID="string_230" HPOS="342" VPOS="1153" WIDTH="68" HEIGHT="27" WC="0.94" CONTENT="grund"/><SP WIDTH="21" VPOS="1153" HPOS="410"/>
							<String ID="string_231" HPOS="431" VPOS="1152" WIDTH="64" HEIGHT="22" WC="0.94" CONTENT="häraf"/><SP WIDTH="14" VPOS="1152" HPOS="495"/>
							<String ID="string_232" HPOS="509" VPOS="1153" WIDTH="40" HEIGHT="21" WC="0.97" CONTENT="och"/><SP WIDTH="15" VPOS="1153" HPOS="549"/>
							<String ID="string_233" HPOS="564" VPOS="1153" WIDTH="27" HEIGHT="21" WC="0.93" CONTENT="då"/><SP WIDTH="14" VPOS="1153" HPOS="591"/>
							<String ID="string_234" HPOS="605" VPOS="1153" WIDTH="122" HEIGHT="27" WC="0.92" CONTENT="afsöndring"/><SP WIDTH="16" VPOS="1153" HPOS="727"/>
							<String ID="string_235" HPOS="743" VPOS="1153" WIDTH="114" HEIGHT="22" WC="0.92" CONTENT="framdeles"/><SP WIDTH="15" VPOS="1153" HPOS="857"/>
							<String ID="string_236" HPOS="872" VPOS="1153" WIDTH="8" HEIGHT="22" WC="0.96" CONTENT="i"/>
						</TextLine>
						<TextLine ID="line_28" HPOS="128" VPOS="1187" WIDTH="753" HEIGHT="28">
							<String ID="string_237" HPOS="128" VPOS="1187" WIDTH="53" HEIGHT="27" WC="0.96" CONTENT="följd"/><SP WIDTH="23" VPOS="1187" HPOS="181"/>
							<String ID="string_238" HPOS="204" VPOS="1187" WIDTH="24" HEIGHT="20" WC="0.93" CONTENT="af"/><SP WIDTH="20" VPOS="1187" HPOS="228"/>
							<String ID="string_239" HPOS="248" VPOS="1187" WIDTH="155" HEIGHT="21" WC="0.92" CONTENT="ofvanberörda"/><SP WIDTH="18" VPOS="1187" HPOS="403"/>
							<String ID="string_240" HPOS="421" VPOS="1187" WIDTH="120" HEIGHT="27" WC="0.96" CONTENT="anordning"/><SP WIDTH="15" VPOS="1187" HPOS="541"/>
							<String ID="string_241" HPOS="556" VPOS="1187" WIDTH="39" HEIGHT="21" WC="0.96" CONTENT="bör"/><SP WIDTH="14" VPOS="1187" HPOS="595"/>
							<String ID="string_242" HPOS="609" VPOS="1187" WIDTH="82" HEIGHT="21" WC="0.96" CONTENT="utföras"/><SP WIDTH="15" VPOS="1187" HPOS="691"/>
							<String ID="string_243" HPOS="706" VPOS="1188" WIDTH="29" HEIGHT="26" WC="0.95" CONTENT="på"/><SP WIDTH="15" VPOS="1188" HPOS="735"/>
							<String ID="string_244" HPOS="750" VPOS="1187" WIDTH="131" HEIGHT="28" WC="0.95" CONTENT="fullkomligt"/>
						</TextLine>
						<TextLine ID="line_29" HPOS="129" VPOS="1221" WIDTH="751" HEIGHT="31">
							<String ID="string_245" HPOS="129" VPOS="1221" WIDTH="113" HEIGHT="22" WC="0.96" CONTENT="enahanda"/><SP WIDTH="22" VPOS="1221" HPOS="242"/>
							<String ID="string_246" HPOS="264" VPOS="1223" WIDTH="42" HEIGHT="20" WC="0.96" CONTENT="sätt"/><SP WIDTH="20" VPOS="1223" HPOS="306"/>
							<String ID="string_247" HPOS="326" VPOS="1228" WIDTH="46" HEIGHT="15" WC="0.96" CONTENT="som"/><SP WIDTH="16" VPOS="1228" HPOS="372"/>
							<String ID="string_248" HPOS="388" VPOS="1222" WIDTH="118" HEIGHT="27" WC="0.96" CONTENT="styckning,"/><SP WIDTH="16" VPOS="1222" HPOS="506"/>
							<String ID="string_249" HPOS="522" VPOS="1221" WIDTH="99" HEIGHT="22" WC="0.96" CONTENT="särskildt"/><SP WIDTH="16" VPOS="1221" HPOS="621"/>
							<String ID="string_250" HPOS="637" VPOS="1222" WIDTH="39" HEIGHT="21" WC="0.96" CONTENT="ock"/><SP WIDTH="15" VPOS="1222" HPOS="676"/>
							<String ID="string_251" HPOS="691" VPOS="1222" WIDTH="48" HEIGHT="21" WC="0.96" CONTENT="med"/><SP WIDTH="14" VPOS="1222" HPOS="739"/>
							<String ID="string_252" HPOS="753" VPOS="1223" WIDTH="127" HEIGHT="29" WC="0.96" CONTENT="utsättande"/>
						</TextLine>
						<TextLine ID="line_30" HPOS="129" VPOS="1255" WIDTH="750" HEIGHT="28">
							<String ID="string_253" HPOS="129" VPOS="1256" WIDTH="23" HEIGHT="21" WC="0.93" CONTENT="af"/><SP WIDTH="21" VPOS="1256" HPOS="152"/>
							<String ID="string_254" HPOS="173" VPOS="1255" WIDTH="99" HEIGHT="22" WC="0.91" CONTENT="delarnes"/><SP WIDTH="23" VPOS="1255" HPOS="272"/>
							<String ID="string_255" HPOS="295" VPOS="1255" WIDTH="215" HEIGHT="28" WC="0.90" CONTENT="andelsförhållande,"/><SP WIDTH="23" VPOS="1255" HPOS="510"/>
							<String ID="string_256" HPOS="533" VPOS="1256" WIDTH="81" HEIGHT="21" WC="0.96" CONTENT="hvilket"/><SP WIDTH="18" VPOS="1256" HPOS="614"/>
							<String ID="string_257" HPOS="632" VPOS="1256" WIDTH="47" HEIGHT="21" WC="0.96" CONTENT="icke"/><SP WIDTH="15" VPOS="1256" HPOS="679"/>
							<String ID="string_258" HPOS="694" VPOS="1256" WIDTH="48" HEIGHT="21" WC="0.96" CONTENT="med"/><SP WIDTH="16" VPOS="1256" HPOS="742"/>
							<String ID="string_259" HPOS="758" VPOS="1257" WIDTH="65" HEIGHT="26" WC="0.93" CONTENT="nödig"/><SP WIDTH="14" VPOS="1257" HPOS="823"/>
							<String ID="string_260" HPOS="837" VPOS="1257" WIDTH="42" HEIGHT="21" WC="0.91" CONTENT="till-"/>
						</TextLine>
						<TextLine ID="line_31" HPOS="129" VPOS="1290" WIDTH="751" HEIGHT="28">
							<String ID="string_261" HPOS="129" VPOS="1290" WIDTH="127" HEIGHT="27" WC="0.90" CONTENT="förlitlighet"/><SP WIDTH="22" VPOS="1290" HPOS="256"/>
							<String ID="string_262" HPOS="278" VPOS="1291" WIDTH="42" HEIGHT="20" WC="0.96" CONTENT="kan"/><SP WIDTH="23" VPOS="1291" HPOS="320"/>
							<String ID="string_263" HPOS="343" VPOS="1291" WIDTH="128" HEIGHT="20" WC="0.96" CONTENT="verkställas"/><SP WIDTH="15" VPOS="1291" HPOS="471"/>
							<String ID="string_264" HPOS="486" VPOS="1290" WIDTH="127" HEIGHT="21" WC="0.96" CONTENT="annorledes"/><SP WIDTH="16" VPOS="1290" HPOS="613"/>
							<String ID="string_265" HPOS="629" VPOS="1292" WIDTH="28" HEIGHT="19" WC="0.96" CONTENT="än"/><SP WIDTH="16" VPOS="1292" HPOS="657"/>
							<String ID="string_266" HPOS="673" VPOS="1290" WIDTH="24" HEIGHT="21" WC="0.91" CONTENT="af"/><SP WIDTH="14" VPOS="1290" HPOS="697"/>
							<String ID="string_267" HPOS="711" VPOS="1290" WIDTH="78" HEIGHT="22" WC="0.91" CONTENT="officiel"/><SP WIDTH="14" VPOS="1290" HPOS="789"/>
							<String ID="string_268" HPOS="803" VPOS="1297" WIDTH="77" HEIGHT="21" WC="0.96" CONTENT="person"/>
						</TextLine>
						<TextLine ID="line_32" HPOS="128" VPOS="1324" WIDTH="753" HEIGHT="29">
							<String ID="string_269" HPOS="128" VPOS="1325" WIDTH="68" HEIGHT="21" WC="0.96" CONTENT="under"/><SP WIDTH="22" VPOS="1325" HPOS="196"/>
							<String ID="string_270" HPOS="218" VPOS="1324" WIDTH="96" HEIGHT="27" WC="0.94" CONTENT="offentlig"/><SP WIDTH="22" VPOS="1324" HPOS="314"/>
							<String ID="string_271" HPOS="336" VPOS="1324" WIDTH="101" HEIGHT="27" WC="0.94" CONTENT="kontroll,"/><SP WIDTH="23" VPOS="1324" HPOS="437"/>
							<String ID="string_272" HPOS="460" VPOS="1325" WIDTH="40" HEIGHT="20" WC="0.96" CONTENT="har"/><SP WIDTH="23" VPOS="1325" HPOS="500"/>
							<String ID="string_273" HPOS="523" VPOS="1331" WIDTH="26" HEIGHT="15" WC="0.96" CONTENT="en"/><SP WIDTH="17" VPOS="1331" HPOS="549"/>
							<String ID="string_274" HPOS="566" VPOS="1324" WIDTH="103" HEIGHT="27" WC="0.95" CONTENT="återgång"/><SP WIDTH="15" VPOS="1324" HPOS="669"/>
							<String ID="string_275" HPOS="684" VPOS="1327" WIDTH="60" HEIGHT="24" WC="0.96" CONTENT="synts"/><SP WIDTH="15" VPOS="1327" HPOS="744"/>
							<String ID="string_276" HPOS="759" VPOS="1325" WIDTH="122" HEIGHT="28" WC="0.96" CONTENT="nödvändig"/>
						</TextLine>
						<TextLine ID="line_33" HPOS="128" VPOS="1358" WIDTH="752" HEIGHT="29">
							<String ID="string_277" HPOS="128" VPOS="1359" WIDTH="33" HEIGHT="22" WC="0.95" CONTENT="till"/><SP WIDTH="23" VPOS="1359" HPOS="161"/>
							<String ID="string_278" HPOS="184" VPOS="1359" WIDTH="41" HEIGHT="21" WC="0.96" CONTENT="den"/><SP WIDTH="18" VPOS="1359" HPOS="225"/>
							<String ID="string_279" HPOS="243" VPOS="1359" WIDTH="62" HEIGHT="21" WC="0.96" CONTENT="äfven"/><SP WIDTH="15" VPOS="1359" HPOS="305"/>
							<String ID="string_280" HPOS="320" VPOS="1358" WIDTH="33" HEIGHT="22" WC="0.93" CONTENT="för"/><SP WIDTH="13" VPOS="1358" HPOS="353"/>
							<String ID="string_281" HPOS="366" VPOS="1359" WIDTH="201" HEIGHT="27" WC="0.91" CONTENT="jordafsöndringen"/><SP WIDTH="14" VPOS="1359" HPOS="567"/>
							<String ID="string_282" HPOS="581" VPOS="1359" WIDTH="91" HEIGHT="27" WC="0.96" CONTENT="tidigare"/><SP WIDTH="15" VPOS="1359" HPOS="672"/>
							<String ID="string_283" HPOS="687" VPOS="1359" WIDTH="98" HEIGHT="27" WC="0.96" CONTENT="gällande"/><SP WIDTH="15" VPOS="1359" HPOS="785"/>
							<String ID="string_284" HPOS="800" VPOS="1360" WIDTH="80" HEIGHT="27" WC="0.96" CONTENT="regeln,"/>
						</TextLine>
						<TextLine ID="line_34" HPOS="129" VPOS="1393" WIDTH="752" HEIGHT="28">
							<String ID="string_285" HPOS="129" VPOS="1395" WIDTH="33" HEIGHT="20" WC="0.96" CONTENT="att"/><SP WIDTH="14" VPOS="1395" HPOS="162"/>
							<String ID="string_286" HPOS="176" VPOS="1393" WIDTH="74" HEIGHT="28" WC="0.96" CONTENT="hvarje"/><SP WIDTH="16" VPOS="1393" HPOS="250"/>
							<String ID="string_287" HPOS="266" VPOS="1393" WIDTH="86" HEIGHT="28" WC="0.95" CONTENT="delning"/><SP WIDTH="14" VPOS="1393" HPOS="352"/>
							<String ID="string_288" HPOS="366" VPOS="1393" WIDTH="24" HEIGHT="22" WC="0.96" CONTENT="af"/><SP WIDTH="10" VPOS="1393" HPOS="390"/>
							<String ID="string_289" HPOS="400" VPOS="1393" WIDTH="50" HEIGHT="28" WC="0.96" CONTENT="jord"/><SP WIDTH="15" VPOS="1393" HPOS="450"/>
							<String ID="string_290" HPOS="465" VPOS="1393" WIDTH="39" HEIGHT="22" WC="0.96" CONTENT="bör"/><SP WIDTH="15" VPOS="1393" HPOS="504"/>
							<String ID="string_291" HPOS="519" VPOS="1393" WIDTH="127" HEIGHT="22" WC="0.96" CONTENT="verkställas"/><SP WIDTH="15" VPOS="1393" HPOS="646"/>
							<String ID="string_292" HPOS="661" VPOS="1393" WIDTH="24" HEIGHT="22" WC="0.93" CONTENT="af"/><SP WIDTH="8" VPOS="1393" HPOS="685"/>
							<String ID="string_293" HPOS="693" VPOS="1394" WIDTH="149" HEIGHT="27" WC="0.90" CONTENT="landtmätare,"/><SP WIDTH="11" VPOS="1394" HPOS="842"/>
							<String ID="string_294" HPOS="853" VPOS="1393" WIDTH="28" HEIGHT="28" WC="0.96" CONTENT="på"/>
						</TextLine>
						<TextLine ID="line_35" HPOS="128" VPOS="1427" WIDTH="753" HEIGHT="28">
							<String ID="string_295" HPOS="128" VPOS="1434" WIDTH="81" HEIGHT="14" WC="0.96" CONTENT="samma"/><SP WIDTH="23" VPOS="1434" HPOS="209"/>
							<String ID="string_296" HPOS="232" VPOS="1428" WIDTH="57" HEIGHT="27" WC="0.92" CONTENT="gång"/><SP WIDTH="19" VPOS="1428" HPOS="289"/>
							<String ID="string_297" HPOS="308" VPOS="1427" WIDTH="37" HEIGHT="22" WC="0.96" CONTENT="det"/><SP WIDTH="15" VPOS="1427" HPOS="345"/>
							<String ID="string_298" HPOS="360" VPOS="1427" WIDTH="49" HEIGHT="22" WC="0.93" CONTENT="med"/><SP WIDTH="15" VPOS="1427" HPOS="409"/>
							<String ID="string_299" HPOS="424" VPOS="1427" WIDTH="140" HEIGHT="22" WC="0.91" CONTENT="förenämnda"/><SP WIDTH="14" VPOS="1427" HPOS="564"/>
							<String ID="string_300" HPOS="578" VPOS="1427" WIDTH="257" HEIGHT="27" WC="0.92" CONTENT="undantagsbestämning"/><SP WIDTH="14" VPOS="1427" HPOS="835"/>
							<String ID="string_301" HPOS="849" VPOS="1427" WIDTH="32" HEIGHT="22" WC="0.92" CONTENT="af-"/>
						</TextLine>
						<TextLine ID="line_36" HPOS="129" VPOS="1461" WIDTH="752" HEIGHT="28">
							<String ID="string_302" HPOS="129" VPOS="1462" WIDTH="67" HEIGHT="21" WC="0.96" CONTENT="sedda"/><SP WIDTH="16" VPOS="1462" HPOS="196"/>
							<String ID="string_303" HPOS="212" VPOS="1461" WIDTH="120" HEIGHT="22" WC="0.96" CONTENT="ändamålet"/><SP WIDTH="16" VPOS="1461" HPOS="332"/>
							<String ID="string_304" HPOS="348" VPOS="1464" WIDTH="34" HEIGHT="19" WC="0.93" CONTENT="att"/><SP WIDTH="14" VPOS="1464" HPOS="382"/>
							<String ID="string_305" HPOS="396" VPOS="1461" WIDTH="119" HEIGHT="27" WC="0.91" CONTENT="nedbringa"/><SP WIDTH="14" VPOS="1461" HPOS="515"/>
							<String ID="string_306" HPOS="529" VPOS="1461" WIDTH="118" HEIGHT="22" WC="0.96" CONTENT="kostnaden"/><SP WIDTH="16" VPOS="1461" HPOS="647"/>
							<String ID="string_307" HPOS="663" VPOS="1461" WIDTH="34" HEIGHT="22" WC="0.92" CONTENT="för"/><SP WIDTH="8" VPOS="1461" HPOS="697"/>
							<String ID="string_308" HPOS="705" VPOS="1461" WIDTH="176" HEIGHT="28" WC="0.91" CONTENT="jordafsöndring"/>
						</TextLine>
						<TextLine ID="line_37" HPOS="128" VPOS="1496" WIDTH="335" HEIGHT="27">
							<String ID="string_309" HPOS="128" VPOS="1497" WIDTH="29" HEIGHT="26" WC="0.96" CONTENT="på"/><SP WIDTH="15" VPOS="1497" HPOS="157"/>
							<String ID="string_310" HPOS="172" VPOS="1498" WIDTH="66" HEIGHT="19" WC="0.95" CONTENT="annat"/><SP WIDTH="15" VPOS="1498" HPOS="238"/>
							<String ID="string_311" HPOS="253" VPOS="1498" WIDTH="43" HEIGHT="20" WC="0.93" CONTENT="sätt"/><SP WIDTH="14" VPOS="1498" HPOS="296"/>
							<String ID="string_312" HPOS="310" VPOS="1496" WIDTH="153" HEIGHT="27" WC="0.91" CONTENT="tillgodosetts."/>
						</TextLine>
					</TextBlock>
				</ComposedBlock>
			</PrintSpace>
		</Page>
	</Layout>
</alto>
