1070 1795
246 108 13 20 6
413 107 271 22 Petitionsbetänkande
700 107 42 22 N:o
758 107 21 21 1.

215 169 67 22 Hans
297 169 133 30 Kejserliga
444 169 109 29 Majestät
568 169 53 22 med
636 177 30 14 en
681 169 147 30 underdånig
843 169 130 29 skrifvelse,

215 203 68 23 hvari
298 204 90 22 landets
403 205 187 28 representanter
604 204 76 23 skulle
695 205 76 21 uttala
785 204 40 22 det
835 204 139 29 önsknings-

216 239 53 28 mål,
286 241 34 20 att
333 239 66 22 Hans
414 238 134 30 Kejserliga
562 239 111 29 Majestät
693 238 41 23 vid
750 238 185 23 kodifikationen
951 239 26 22 af

216 274 56 21 våra
293 273 141 29 grundlagar
456 273 53 22 icke
531 273 72 22 måtte
624 273 79 22 tillåta
725 281 30 14 en
775 273 71 22 sådan
861 273 114 22 afvikelse

215 307 53 23 från
284 308 66 22 dessa
364 308 153 29 grundlagars
533 308 123 29 principer,
672 308 153 29 hvarigenom
840 309 52 20 vårt
907 308 66 21 lands

216 343 8 21 i
239 343 72 21 nåder
334 342 143 23 stadfästade
500 343 114 28 ställning
628 342 78 22 blefve
722 342 176 30 omintetgjord.
928 342 47 22 För

216 377 65 22 detta
296 377 106 22 ändamål
417 385 55 14 anse
487 377 24 22 vi
526 377 135 29 lämpligast
671 379 35 20 att
717 379 35 20 ett
762 377 111 22 särskildt
883 377 92 22 utskott

216 412 111 22 tillsättes
350 413 38 21 för
410 412 166 29 uppsättandet
598 412 26 22 af
644 412 175 22 ofvannämnda
844 411 129 29 skrifvelse,

216 446 96 22 hvarför
334 447 24 21 vi
374 447 117 22 vördsamt
515 447 92 21 anhålla
622 448 34 20 att
671 446 145 23 hedervärda
829 447 145 22 Bondestån-

216 481 40 22 det
270 481 72 22 måtte
357 481 119 29 uppdraga
495 482 24 21 åt
539 481 51 22 sina
605 481 116 22 elektorer
736 483 35 20 att
786 481 62 28 välja
863 483 35 20 tre
913 481 61 22 med-

216 516 97 21 lemmar
327 515 38 22 till
380 517 35 20 ett
430 515 82 22 sådant
527 516 98 21 utskott.

286 561 156 30 Helsingfors,
457 561 46 22 den
517 563 14 21 6
546 562 114 22 Februari
678 563 62 21 1894.

286 613 91 23 Kustaa
391 614 106 27 Kiipula.
665 614 64 22 Juho
745 614 104 22 Brusila.

286 648 29 22 M.
330 648 115 22 Heikura.
665 649 30 21 K.
711 649 30 21 H.
758 648 128 23 Teittinen.

286 683 93 22 Jaakko
395 683 107 22 Hirvelä.
665 683 28 22 E.
709 683 152 22 Tensikkala.

286 717 28 22 K.
330 717 22 22 J.
368 717 96 22 Konsti.
664 717 25 23 C.
704 717 23 23 J.
744 717 100 23 Slotte.*

286 884 53 21 Med
354 884 88 22 fästadt
457 883 109 22 afseende
581 884 14 21 &
608 883 193 22 beskaffenheten
812 883 26 21 af
846 882 45 23 den
902 883 71 28 fräga,

216 925 50 14 som
283 918 9 21 i
307 918 27 21 de
350 918 96 22 anförda
461 918 150 22 memorialen
626 918 101 28 beröres,
744 917 43 22 och
803 918 12 21 &
831 917 39 22 det
880 917 94 29 förslag,

216 953 68 21 hvari
300 952 116 23 desamma
430 955 121 27 utmynna,
575 955 60 19 samt
650 953 29 21 dä
694 952 124 23 Utskottet
833 955 25 18 är
873 952 102 29 öfverty-

216 987 57 29 gadt
288 987 86 28 derom,
390 989 34 20 att
438 987 91 22 landets
541 987 99 22 Ständer
650 987 65 22 finna
726 987 125 22 aflätandet
862 987 38 21 till
910 987 64 21 Hans

215 1021 135 30 Kejserliga
373 1022 108 29 Majestät
504 1022 26 21 af
543 1029 29 14 en
588 1021 146 29 underdänig
750 1021 175 29 framställning
940 1021 35 22 uti

216 1057 40 21 det
279 1057 8 21 i
302 1057 150 22 memorialen
474 1057 97 28 angifna
593 1057 62 28 syfte
677 1064 55 14 vara
748 1056 26 22 af
787 1056 40 22 det
841 1056 134 22 nuvarande

216 1091 107 28 sakläget
345 1091 139 29 oafvisligen
507 1091 125 29 päkalladt,
655 1091 42 22 har
712 1091 123 22 Utskottet
850 1091 40 22 vid
904 1090 71 23 hand-

215 1125 146 30 läggningen
376 1125 26 22 af
415 1125 151 22 förevarande
583 1125 84 22 ärende
683 1128 84 26 ansett,
783 1127 34 20 att
833 1125 51 22 dess
895 1125 80 22 betän-

215 1160 78 21 kande
315 1162 91 20 snarast
429 1160 146 22 motsvarade
590 1160 138 28 ändamälet,
745 1167 37 15 om
798 1160 52 21 icke
865 1160 61 21 blott
941 1159 34 22 in-

216 1194 104 22 nehället
342 1197 57 20 utan
426 1195 69 22 äfven
523 1195 156 29 affattningen
702 1195 26 22 af
748 1195 45 21 den
815 1194 161 29 underdäniga

215 1229 205 30 framställningen
442 1229 78 22 kunde
543 1230 30 28 pä
595 1229 77 30 grund
694 1230 26 21 af
743 1229 64 22 detta
831 1229 144 22 betänkande

216 1263 103 29 pröfvas.

286 1298 124 23 Utskottet
423 1299 36 21 fär
474 1298 78 23 derför
567 1299 120 22 vördsamt
701 1299 86 21 föreslä

493 1353 31 19 att
547 1350 121 22 Ständerna
691 1351 47 21 ville
761 1351 31 21 till
814 1351 63 21 Hans
891 1350 84 28 Kejser-

424 1385 43 28 liga
481 1385 105 28 Majestät
601 1386 51 27 ingä
667 1386 47 21 med
729 1393 25 14 en
769 1386 134 26 underdänig
913 1385 63 27 skrif-

424 1420 53 21 velse
492 1421 27 26 af
529 1420 93 27 följande
636 1420 88 27 lydelse:

288 1459 103 19 Särskilda
403 1460 179 19 Besvärsutskottets
594 1459 119 19 betänkande
724 1460 36 19 N:o
773 1461 15 17 1.
