1070 1795
314 167 262 22 Motionsbetänkande
589 166 46 23 N:o
647 167 21 22 7.
816 168 27 20 25

113 229 23 22 af
157 229 49 29 jord
227 229 29 29 på
277 229 79 26 landet,
378 233 54 17 samt
447 228 75 29 frågan
546 229 7 20 i
569 229 137 21 omförmäldt
721 229 153 28 sammanhang

113 264 38 21 har
165 264 68 27 utsigt
248 265 32 20 att
294 263 80 21 erhålla
389 271 26 13 en
430 263 51 21 vida
502 263 138 28 grundligare
656 263 118 28 beredning
789 265 26 19 än
831 263 43 22 den

113 297 115 23 Utskottet
248 305 28 14 nu
291 305 51 14 vore
365 298 7 20 i
393 297 84 21 tillfälle
494 300 33 18 att
543 305 56 20 egna
613 297 129 27 densamma,
757 297 116 22 föranlåtes

114 331 161 30 Lagutskottet,
290 339 45 14 som
348 332 18 28 ej
382 331 68 22 heller
463 331 69 22 finner
547 331 91 22 ärendet
652 339 51 14 vara
718 331 24 22 af
756 331 42 22 den
810 331 64 22 bråd-

113 366 83 22 skande
219 369 33 18 art
274 369 31 18 att
326 365 263 28 interimsbestämningar,
610 365 74 22 hvilka
707 366 33 21 till
762 366 111 29 äfventyrs

113 401 73 21 kunde
201 400 77 22 utfalla
293 401 7 20 i
315 407 69 15 annan
400 400 95 28 riktning
510 401 27 20 än
553 399 43 23 den
612 400 86 28 slutliga
710 400 163 29 lagstiftningen

113 436 8 20 i
135 437 78 24 ämnet,
228 442 52 14 vore
295 434 23 21 af
333 434 103 22 behofvet
451 434 120 29 påkallade,
587 434 110 22 vördsamt
712 434 110 22 hemställa

388 516 33 19 att
434 514 176 28 ifrågavarande
629 516 81 19 tvänne
727 515 144 28 motionsför-

318 549 48 27 slag
381 549 45 21 icke
436 548 68 21 måtte
515 549 35 20 till
563 549 75 27 någon
648 549 77 28 åtgärd
736 549 54 28 från
801 549 69 21 Stän-

318 583 80 21 dernas
412 583 51 21 sida
477 583 123 27 föranleda.

182 640 144 28 Helsingfors,
341 639 41 22 den
398 641 28 20 24
440 640 41 28 maj
499 641 62 20 1894.

183 789 12 21 1
210 789 99 21 ärendets
324 789 130 28 behandling
468 788 67 22 hafva
547 788 90 29 deltagit
646 788 143 22 ordföranden
799 789 72 21 Mont-

114 831 94 21 gomery,
229 823 143 22 ledamöterne
396 823 99 21 Friherre
510 823 168 28 Langenskjöld,
700 823 19 21 J.
742 822 130 27 Grotenfelt,

113 857 85 22 Jaakko
224 857 110 27 Forsman,
356 857 29 21 H.
410 857 26 21 E.
460 856 141 27 Schroderus,
628 857 120 27 Petterson,
771 857 100 27 Jusélius,

114 892 96 26 Kumlin,
221 891 125 27 Stenström,
354 891 129 22 Tensikkala
494 891 41 22 och
545 891 110 21 Teittinen
666 893 54 20 samt
730 891 141 28 suppleanten

114 925 95 22 Hoikka.

186 1509 130 22 Lagutskottets
328 1508 110 18 betänkande
452 1510 36 15 N:o
501 1508 26 17 11.
