1070 1795
233 178 279 22 Petitionsbetänkande
527 178 44 23 N:o
586 178 39 23 43.
754 179 25 20 29

53 248 92 19 städerna
167 248 63 19 skulle
252 248 65 19 blifva.
348 248 98 19 Särskildt
461 248 92 19 tillväxer
567 248 75 19 antalet
657 249 20 19 af
691 248 118 19 hufvudsta-

53 277 50 19 dens
117 276 95 20 invänare
228 277 96 22 oerhördt,
340 276 22 20 sä
377 279 31 17 att
424 277 34 18 vid
473 279 48 17 nära
536 283 40 18 nog
591 277 67 24 hvarje
671 277 95 24 landtdag
775 283 34 13 an-

54 305 48 20 talet
122 305 21 19 af
164 305 158 19 hufvudstadens
343 307 162 23 representanter
522 305 47 20 ökas
593 305 43 20 med
657 311 24 14 en
700 311 52 13 man.
781 305 28 19 På

53 333 55 20 detta
129 335 39 18 sätt
191 333 37 20 blir
250 333 42 20 icke
312 333 52 20 blott
378 334 163 19 hufvudstadens
556 334 110 24 inflytande
682 334 127 19 öfverhöfvan

54 364 51 17 stort
121 364 47 17 utan
184 362 73 19 antalet
272 363 20 18 af
307 362 175 25 borgareständets
498 362 107 20 ledamöter
620 363 47 18 ökas
682 363 60 18 äfven
757 363 53 19 öfver

54 390 82 20 mättan.
166 390 64 20 Ocksä
252 391 105 25 härvidlag
380 397 48 13 vore
448 397 25 13 en
488 391 123 25 korrigering
625 391 20 18 af
660 391 150 25 landtdagsord-

53 420 75 24 ningen
143 420 118 24 nödvändig.

122 448 162 19 Bondeståndets
307 448 72 19 valsätt
400 448 36 19 har
459 448 42 19 icke
523 448 104 19 framvisat
645 448 39 19 lika
699 448 111 25 påfallande

53 475 191 25 missförhållanden,
266 483 45 12 men
334 476 75 25 tydligt
430 478 28 22 är,
473 478 30 17 att
518 476 60 20 också
593 477 121 18 derutinnan
729 477 81 19 förbätt-

55 505 67 24 ringar
137 507 33 17 äro
185 505 19 18 af
219 505 65 19 nöden
299 505 118 24 isynnerhet
432 505 81 21 derhän,
528 507 29 17 att
572 505 102 19 röstetalet
684 505 126 19 inskränktes

54 533 37 20 och
111 536 30 17 att
160 533 121 25 rättigheten
298 535 29 18 att
342 534 68 19 utöfva
425 535 84 18 rösträtt
524 534 120 19 utsträcktes
659 534 58 19 äfven
733 533 30 20 till
779 533 31 19 så-

53 562 51 19 dana
125 561 155 26 samhällslager,
303 562 66 19 hvilka
390 568 27 13 nu
439 564 34 17 äro
494 561 87 20 derifrån
597 562 108 19 uteslutna.
736 562 74 25 Frågan

55 596 33 13 om
111 591 176 24 röstbegränsning
308 591 7 18 i
335 591 127 18 kommunala
477 591 87 19 ärenden
579 591 89 19 kommer
683 591 127 24 naturligtvis

54 621 30 17 att
99 619 78 19 beröras
193 619 6 19 i
214 619 37 19 den
268 625 40 18 nya
323 619 264 25 kommunalförfattningen,
607 619 37 20 och
658 619 46 20 dess
720 619 92 25 stadgan-

55 647 40 20 den
109 647 65 26 lämpa
190 647 30 25 sig
236 648 93 25 möjligen
344 648 60 19 äfven
419 648 121 19 beträffande
555 648 39 19 den
604 648 93 25 politiska
708 648 103 19 valrätten.

123 675 28 20 På
165 676 58 19 dessa
238 677 86 24 grunder
339 676 79 19 anhålla
434 677 19 18 vi
470 677 117 24 ödmjukast,
602 678 28 17 att
646 677 33 18 det
692 676 118 19 hedervärda

57 704 145 20 bondeståndet
224 705 46 19 ville
292 705 30 19 till
337 705 136 24 lagutskottet
489 705 62 19 sända
566 707 29 18 ett
609 705 169 25 petitionsförslag
793 705 19 19 af

54 733 39 19 den
108 733 96 19 innebörd

328 792 28 17 att
376 790 106 19 ständerna
497 791 8 18 i
519 791 152 24 underdånighet
692 791 43 19 ville
749 791 62 18 vända

259 819 30 24 sig
310 819 28 19 till
360 819 56 19 Hans
439 819 107 25 Kejserliga
561 819 90 26 Majestät
665 819 44 20 med
722 819 89 25 begäran,

260 849 27 17 att
302 847 56 20 Hans
372 847 92 26 Majestät
480 848 69 19 täcktes
564 850 43 22 taga
616 848 62 19 under
687 848 126 25 ompröfning

260 875 78 25 frågan,
356 876 8 19 i
379 876 76 19 hvilken
469 876 49 25 grad
530 877 33 18 och
578 877 9 18 i
601 877 67 18 hvilket
682 877 88 24 afseende
785 883 26 12 nu

259 904 87 25 gällande
368 905 120 24 stadganden
510 905 100 25 angående
624 905 31 19 val
669 905 25 25 af
706 905 107 25 landtdags-

260 934 48 18 män
323 933 29 19 till
366 933 95 25 Borgare-
477 933 33 20 och
528 933 146 20 Bondestånden
684 934 63 19 kunde
757 940 56 13 anses

260 961 63 25 tarfva
345 961 92 26 ändring,
461 962 34 19 och
517 962 9 19 i
548 962 51 25 följd
612 962 58 25 deraf
681 963 68 18 täcktes
763 962 49 25 före-

260 990 55 25 lägga
334 990 50 25 först
402 991 188 19 sammanträdande
604 991 77 19 ständer
696 991 60 24 nådig
766 997 47 18 pro-

259 1019 87 24 position
360 1019 8 18 i
383 1020 72 18 ämnet.

123 1073 83 23 Pekka
221 1073 139 29 Leppänen.
553 1075 26 22 A.
595 1075 149 22 Meurman.

56 1213 150 26 (Öfversättning.)

207 1270 59 19 »Till
282 1270 172 20 Hedervärda
470 1270 196 20 Bondeständet.

124 1333 43 19 Den
182 1333 6 19 i
205 1333 11 19 1
233 1334 10 22 &
260 1333 19 19 af
300 1333 92 25 gällande
414 1333 204 25 Landtdagsordning
640 1333 88 19 uttalade
743 1333 71 25 riktiga

56 1361 108 25 principen,
186 1363 30 17 att
236 1361 192 20 Storfurstendömet
453 1361 93 19 Finlands
569 1361 89 25 Ständer,
674 1361 72 25 hvilka,
762 1367 51 14 sam-

56 1389 44 20 Jade
122 1390 30 19 till
173 1390 101 25 landtdag,
296 1392 140 23 representera
456 1390 65 19 finska
544 1390 66 25 folket,
629 1392 80 23 utgöras
725 1396 17 13 o.
758 1396 16 13 s.
790 1397 23 16 v.

56 1418 128 25 förverkligas
207 1419 44 19 icke
273 1419 42 19 helt
336 1419 37 19 och
396 1418 63 20 hället
479 1419 6 19 i
500 1419 136 25 anordningen
657 1419 20 19 af
692 1419 121 19 Ständernas

57 1447 113 19 nuvarande
192 1447 185 24 sammansättning.
399 1443 9 32 =
410 1447 98 20 Vilkoren
532 1447 30 20 för
583 1447 73 20 valrätt
678 1447 38 20 och
738 1447 75 20 valbar-

57 1475 33 20 het
105 1475 30 20 till
157 1475 24 20 de
203 1475 71 20 ofrälse
295 1475 86 20 ständen
403 1478 102 17 motsvara
527 1475 42 20 icke
592 1482 82 13 numera
693 1476 121 25 berättigade

125 1525 131 22 Lagutskottets
269 1525 109 18 betänkande
391 1525 38 18 N:o
443 1525 28 18 14.
