1070 1795
252 102 47 35 144
448 105 228 23 Petitionsbetänkande
693 105 35 22 N:o
743 105 21 22 2.

430 165 33 19 att
487 163 176 28 ifrågavarande
686 161 227 30 petitionsmemoria!
937 161 45 21 icke

361 197 69 22 måtte
450 197 65 28 gifva
537 197 123 28 anledning
683 197 36 21 till
741 197 76 28 någon
835 196 80 28 åtgärd
928 195 54 28 från

364 231 138 22 Ständernas
517 231 56 22 sida.

587 407 35 19 18.

295 473 43 20 Vid
358 472 230 27 öfverläggningarna
607 473 71 21 under
699 472 57 21 1888
771 471 38 22 års
825 472 107 26 landtdag
948 477 37 15 om

226 507 146 27 lämpligaste
388 507 134 27 sträckning
537 507 36 21 för
588 507 43 22 den
646 506 116 22 Karelska
776 507 76 20 banan
867 505 118 22 framhölls

227 541 187 22 önskvärdheten
433 541 26 21 af
475 542 37 21 att
531 541 134 22 densamma
686 541 74 21 skulle
775 541 92 26 bringas
883 541 7 20 i
905 540 80 21 förbin-

228 575 62 22 delse
311 575 52 21 med
383 575 92 28 Ladoga
494 575 33 27 sjö
544 575 29 27 på
587 575 75 27 någon
678 581 76 15 annan
769 575 74 26 punkt
857 575 65 21 utom
938 574 47 21 Sor-

227 609 89 27 davala,
332 610 42 21 och
389 609 150 28 ifrågasattes
555 609 79 22 härvid
647 609 66 22 såväl
727 609 133 26 Kronoborg
871 615 49 15 som
930 608 55 21 Lah-

228 644 112 27 denpohja
359 644 70 21 hamn
444 644 6 21 i
466 644 113 21 Jaakima.
609 644 34 21 En
658 643 132 27 jemförelse
807 643 97 22 emellan
919 643 67 22 dessa

228 677 59 22 båda
309 679 96 20 hamnar
427 678 74 27 gifver
519 678 38 21 vid
576 678 96 26 handen,
689 679 37 20 att
741 677 160 28 Lahdenpohja
917 677 69 21 hamn

228 714 26 19 är
277 713 60 26 djup,
360 713 83 27 rymlig
465 713 42 21 och
530 713 180 26 lätttillgänglig,
726 718 53 16 men
795 712 21 27 ej
831 712 38 21 väl
885 712 102 27 skyddad

228 746 36 21 för
287 747 127 27 sydostliga
437 747 90 26 vindar;
551 747 147 26 Kronoborgs
710 747 70 20 hamn
795 748 26 19 är
836 747 103 21 deremot
953 747 33 20 ut-

228 781 79 21 märkt
329 781 38 21 väl
392 781 109 26 skyddad,
524 787 53 15 men
595 781 103 26 inloppet
718 781 33 21 dit
766 780 70 27 något
851 780 79 27 trångt
946 781 40 21 och

228 815 73 22 svårt.
324 815 10 21 I
350 815 80 26 hvarje
445 815 108 22 händelse
569 815 169 22 tillfredsställa
753 814 59 22 båda
822 815 68 21 dessa
900 815 86 26 platser

228 849 54 22 fullt
304 850 26 21 de
354 849 107 27 anspråk,
479 855 49 16 som
551 849 29 27 på
602 849 73 28 grund
698 849 26 21 af
741 849 244 27 seglationsförhållan-

228 883 58 22 dena
302 883 13 22 å
330 883 92 28 Ladoga
437 884 35 21 för
487 884 143 21 närvarande
643 884 42 21 och
697 883 69 22 äfven
777 883 122 22 framdeles
910 883 76 22 kunna

227 918 137 27 uppställas.

298 953 136 26 Byggandet
453 953 26 20 af
493 959 28 16 en
537 953 131 20 hamnbana
683 953 35 21 till
734 952 161 27 Lahdenpohja
911 954 25 19 är
952 954 33 20 ett

226 987 170 26 jemförelsevis
423 987 52 27 föga
500 987 117 22 kostsamt
642 987 98 27 företag,
768 989 55 20 enär
845 987 96 27 längden
963 987 26 21 af

227 1021 136 22 densamma
385 1022 76 21 blefve
480 1022 82 21 endast
582 1021 106 28 omkring
703 1022 13 20 3
732 1021 47 22 km.
810 1021 120 22 Härintills
946 1021 40 21 har

227 1055 162 28 Lahdenpohja
404 1056 57 21 dock
477 1057 39 26 egt
531 1057 84 20 nästan
630 1056 68 27 ingen
714 1056 119 27 betydelse
849 1056 76 21 säsom
942 1057 43 20 tra-

227 1089 76 22 fikort.
334 1090 124 22 Utskottet
473 1090 72 22 häller
561 1091 48 21 före
624 1092 44 25 att,
686 1090 92 22 säsnart
795 1090 70 21 behof
878 1092 37 20 att
928 1091 57 26 jern-

227 1126 88 25 vägens
337 1125 115 27 dragande
474 1125 43 21 ned
539 1125 35 21 till
596 1125 92 27 Ladoga
707 1125 41 21 här
771 1127 40 25 gör
827 1125 34 27 sig
876 1125 109 26 gällande,

226 1159 101 21 nämnda
342 1159 125 26 hamnspär
483 1159 128 27 säkerligen
626 1159 21 27 ej
664 1159 60 22 skall
740 1159 147 22 äsidosättas.

298 1193 101 22 Härmed
415 1195 25 19 är
455 1193 58 22 dock
527 1193 50 22 icke
594 1194 73 26 sagdt,
684 1195 36 20 att
736 1193 27 22 af
777 1193 70 22 sädan
863 1193 68 22 orsak
944 1193 41 21 för:

227 1227 75 27 slaget
318 1233 37 16 om
371 1233 28 16 en
415 1227 82 22 bibana
512 1227 35 22 till
560 1228 133 27 Kronoborg
706 1227 96 22 behöfde
814 1227 97 21 förfalla.
932 1227 53 22 Kro-

227 1262 85 26 noborg
327 1262 42 21 har
385 1262 119 27 nemligen,
521 1263 54 20 näst
591 1262 59 21 efter
662 1262 132 26 Sordavala,
807 1262 61 21 varit
879 1262 43 21 den
930 1263 56 20 utan

226 1295 131 27 jemförelse
372 1297 62 20 mest
449 1296 128 27 betydande
593 1296 103 22 handels-
712 1297 42 21 och
769 1296 136 21 trafikorten
921 1296 13 21 ä
946 1295 40 22 La-

227 1330 71 26 dogas
313 1330 117 21 vestkust.
460 1330 139 21 Utförandet
614 1330 26 20 af
654 1337 29 15 en
698 1330 83 21 bibana
797 1331 34 20 hit
847 1330 81 25 kunde,
944 1330 42 20 för-

226 1365 66 19 utom
307 1364 26 20 af
346 1364 66 21 detta
428 1364 57 26 skäl,
501 1364 130 22 föranledas
646 1364 87 26 jemväl
748 1364 71 26 deraf,
834 1365 37 20 att
885 1364 101 21 kommu-

227 1404 45 15 nen
295 1397 75 28 älagts
393 1399 75 26 bygga
487 1405 28 15 en
534 1399 111 26 landsväg
661 1399 35 21 till
712 1399 60 20 Alho
789 1399 86 21 station
891 1399 36 20 vid
944 1398 41 21 Ka-

296 1447 203 19 Leiidivnsveiännumie
511 1448 39 18 N:o
561 1449 19 17 2.
