1070 1795
276 131 27 21 26
433 130 279 23 Petitionsbetänkande
727 131 43 22 N:o
786 130 39 23 48.

248 201 141 20 utsträekande
411 207 46 12 vara
472 201 20 18 af
506 201 95 19 behofvet
616 200 106 26 påkalladt.
753 201 58 19 Stora
825 207 88 18 grupper
927 201 20 18 af
961 207 44 18 per-

247 235 64 19 soner,
326 229 68 20 hvilka
407 229 89 20 bebruka
510 229 50 25 jord,
575 231 34 18 äro
624 229 31 20 för
669 229 126 20 närvarande
817 229 111 25 odelaktiga
943 229 6 19 i
964 229 41 19 val-

248 260 70 17 rätten.
340 253 9 35 —
352 258 104 19 Valrätten
478 258 61 19 borde
561 258 113 19 utsträckas
696 258 61 19 äfven
780 258 31 19 till
833 258 64 19 dessa.
932 257 73 19 Vidare

247 293 49 13 anse
318 287 19 18 vi
355 289 29 17 ett
398 286 173 20 missförhällande
587 286 95 25 föreligga
696 287 7 18 i
717 286 239 25 Landtdagsordningens
972 286 32 19 be-

248 316 102 24 stämning
365 315 68 20 derom
448 317 29 17 att
494 315 33 19 vid
543 315 31 19 val
589 315 20 19 af
622 315 98 19 elektorer
734 317 92 17 rösterna
841 315 97 19 beräknas
956 315 50 19 efter

247 344 152 25 lägenheternas
415 343 79 20 mantal.
525 343 40 20 Här
580 350 32 13 om
628 343 134 25 nägonstädes
773 349 48 14 vore
831 343 175 25 röstbegränsning

248 372 26 25 pä
290 373 31 18 sin
337 372 58 25 plats.
424 372 79 25 Egaren
518 373 20 18 af
552 378 25 13 en
592 372 94 25 lägenhet
703 372 44 19 med
763 374 53 17 stort
831 372 74 19 mantal
920 372 38 19 kan
971 377 34 14 en-

247 401 39 25 ligt
308 401 238 25 Landtdagsordningens
576 400 149 26 ifrågavarande
758 401 128 25 bestämning
909 400 96 20 kullrösta

248 430 68 19 tiotals
338 436 57 18 egare
418 430 43 19 utaf
483 430 114 24 lägenheter
618 429 46 20 med
686 430 43 19 litet
753 429 80 19 mantal.
864 430 25 18 Af
907 430 31 24 sig
953 429 52 24 sjelft

248 458 93 25 framgår,
364 459 52 18 huru
440 458 89 19 dödande
545 464 24 13 en
585 457 56 25 dylik
656 458 129 25 bestämning
800 458 35 19 bör
850 457 59 20 verka
924 457 26 26 på
964 457 41 20 del-

248 487 95 24 tagandet
359 487 5 18 i
381 487 58 18 valet.
468 486 144 19 Innehafvaren
635 487 20 18 af
677 493 25 12 en
724 487 50 18 liten
790 486 94 25 lägenhet
899 492 58 13 anser
971 486 35 19 det

247 515 45 19 icke
307 521 46 13 vara
368 515 70 20 mödan
455 515 58 20 värdt
527 517 30 17 att
572 517 45 22 taga
632 515 32 20 del
680 515 5 19 i
701 515 148 22 elektorsvalet,
859 517 47 17 enär
920 515 39 19 han
974 514 31 19 väl

250 546 39 20 vet,
311 545 29 18 att
361 544 50 19 hans
434 545 42 18 röst
498 543 16 25 ej
540 543 35 19 har
589 543 67 26 någon
673 543 101 25 betydelse
790 543 6 19 i
812 543 61 20 bredd
888 543 45 20 med
948 543 57 19 dessa

248 578 59 19 egare
322 572 19 19 af
356 572 114 25 lägenheter
485 572 46 19 med
547 573 50 18 stort
611 572 81 19 mantal.
718 572 48 19 Häri
782 572 65 25 ligger
861 571 144 25 otvifvelaktigt

249 603 30 17 ett
294 601 19 19 af
328 601 74 21 skälen,
418 601 30 19 till
463 601 39 18 den
517 601 84 24 ljumhet
611 607 43 13 som
664 601 136 19 öfverhufvud
810 600 53 25 gjort
875 601 30 24 sig
914 600 91 25 gällande

250 629 33 19 vid
299 629 152 20 elektorsvalen.
481 625 65 23 Äfven
561 635 32 13 om
609 635 44 13 man
669 629 75 25 ansåge
759 629 96 25 behöfligt
869 631 30 17 att
915 629 90 19 fortsätt-

252 658 92 25 ningsvis
366 658 59 25 lägga
445 658 86 25 egandet
551 657 48 20 eller
613 658 136 24 besittningen
764 658 20 19 af
799 658 6 19 i
821 657 73 20 mantal
909 659 39 18 satt
963 657 43 25 jord

250 686 67 19 såsom
339 687 65 24 grund
427 687 30 18 för
480 686 103 24 valrätten,
605 687 61 18 borde
681 686 122 19 åtminstone
819 686 38 19 den
873 686 112 24 förändring
1000 685 5 19 i

250 715 95 19 valsättet
361 715 142 24 åvägabringas
519 717 29 17 att
563 715 33 19 vid
612 715 118 19 elektorsval
746 715 77 19 enhvar
837 715 20 18 af
869 715 40 18 de
904 710 12 34 i
920 714 86 19 nämnda

250 743 31 19 val
302 743 98 25 delaktige
425 743 114 23 tillkomme,
557 743 109 20 oberoende
681 743 19 19 af
714 743 104 24 mantalet,
834 743 71 19 endast
919 749 24 13 en
959 745 48 16 röst.

248 771 65 20 Jemte
336 772 34 19 det
392 774 30 17 att
442 772 34 19 det
498 772 111 19 medelbara
632 772 94 19 valsättet
742 772 66 19 skulle
823 771 109 20 bibehållas
947 771 60 20 borde

249 800 52 19 dock
316 801 101 18 dessutom
434 801 4 18 i
455 801 37 18 och
508 801 28 18 för
552 801 138 24 bibringandet
704 801 20 18 af
740 803 64 16 större
819 800 24 19 lif
857 800 6 19 i
879 800 57 19 valen
954 799 52 20 elek-

249 830 91 18 torernas
356 829 53 19 antal
424 829 46 19 ökas
486 829 75 19 derhän
577 831 30 17 att
621 835 23 13 en
661 829 77 20 elektor
753 829 69 19 valdes
838 829 29 19 för
882 828 67 25 hvarje
961 828 46 19 fullt

250 857 42 20 500
307 857 26 19 tal
349 857 19 19 af
383 857 174 20 invånareantalet.

319 886 125 19 Beträffande
460 886 93 19 valsättet
568 886 31 19 till
615 885 170 26 Borgareståndet
796 886 59 19 borde
866 886 38 19 den
914 885 93 26 politiska

248 916 111 17 rösträtten
376 915 111 18 utsträckas
503 915 6 18 i
525 915 88 24 enlighet
629 915 44 19 med
688 915 96 24 förslaget
795 915 29 18 uti
836 914 71 25 nådiga
916 914 90 25 proposi-

251 943 68 19 tionen
335 943 30 19 till
382 943 54 20 1885
452 943 32 19 års
497 943 99 25 landtdag,
608 943 99 25 nämligen
718 943 86 19 sålunda
814 945 29 17 att
854 943 153 24 valberättigade

251 971 31 19 till
305 972 61 24 sagda
388 971 60 20 stånd
471 977 46 14 vore
539 972 80 19 stadens
642 972 38 19 alla
700 971 97 20 invånare
812 971 47 20 med
874 971 101 25 undantag
989 971 19 19 af

251 1000 95 25 »lagligen
362 1000 100 19 städslade
477 1000 74 25 tjenare
567 1001 4 18 i
589 1001 129 19 husbondens
735 1001 61 18 kost».
826 1000 45 19 Men
892 1000 28 19 för
942 999 64 20 utvid-

250 1029 74 24 gandet
346 1029 20 18 af
388 1029 38 19 den
450 1029 92 24 politiska
565 1031 106 17 rösträtten
693 1029 35 19 har
750 1035 47 13 man
815 1031 54 17 ännu
885 1028 42 19 icke
942 1028 65 19 ernått

250 1057 39 19 den
304 1057 5 19 i
325 1057 47 19 våra
387 1057 120 25 grundlagar
522 1058 87 19 erkända
623 1057 133 25 likställighet
771 1057 39 20 och
829 1057 101 25 jemlikhet
953 1057 53 19 med-

250 1085 108 26 borgarene
381 1085 90 24 emellan,
491 1086 22 19 så
536 1086 58 25 länge
614 1093 45 12 man
675 1092 72 19 genom
762 1085 147 20 bibehållandet
924 1086 20 18 af
958 1087 49 18 röst-

250 1115 56 18 skala
321 1115 95 18 förunnar
431 1115 37 18 den
484 1121 36 13 ene
537 1117 63 17 större
614 1115 111 24 inflytande
741 1115 34 18 vid
791 1114 58 19 valen
860 1116 25 17 än
896 1114 38 19 den
943 1114 66 19 andre.

251 1142 69 20 Derför
335 1143 61 19 borde
410 1143 111 19 röstskalan
537 1143 33 20 vid
586 1143 30 19 val
633 1143 29 20 till
680 1143 165 25 borgareståndet
861 1143 22 19 så
898 1143 42 18 vidt
961 1142 47 25 möj-

250 1171 38 24 ligt
303 1169 113 26 begränsas.

321 1199 157 20 Vidkommande
494 1200 95 25 slutligen
605 1200 152 19 Presteståndet
768 1199 61 20 borde
841 1199 97 19 valrätten
950 1200 58 19 äfven

250 1228 70 19 dervid
336 1229 99 24 utvidgas.
465 1229 58 18 Detta
539 1229 64 19 skulle
619 1229 35 18 ske
669 1229 45 19 bäst
729 1228 27 25 på
770 1229 35 18 det
821 1230 40 17 sätt
876 1229 29 18 att
919 1228 39 25 1:0)
970 1228 39 19 val-

252 1259 41 17 rätt
316 1257 106 24 beviljades
443 1257 60 19 också
525 1257 24 19 de
572 1259 108 23 prestmän,
703 1257 254 24 universitetstjenstemän
973 1257 36 19 och

251 1285 63 20 lärare
339 1285 33 19 vid
395 1285 204 24 elementarläroverk,
625 1286 65 19 hvilka
714 1286 46 19 icke
782 1285 107 19 innehafva
913 1285 97 19 ordinarie

251 1314 78 19 embete
350 1313 49 20 eller
420 1314 72 25 tjenst;
513 1314 40 24 2:0)
576 1316 29 17 att
627 1314 152 20 folkskollärare
801 1313 107 26 beviljades
927 1315 40 18 rätt
981 1315 29 18 att

252 1342 40 18 lika
315 1343 44 18 med
381 1343 88 18 lärarene
491 1343 34 18 vid
547 1343 176 19 elementarskolor
738 1343 89 19 stiftsvis
843 1342 51 24 välja
909 1348 101 19 represen-

252 1373 66 17 tanter
332 1370 31 20 till
379 1370 146 26 presteständet
541 1372 37 18 och
593 1373 29 17 att
637 1377 74 13 samma
728 1373 40 17 rätt
784 1370 94 20 likaledes
897 1370 113 25 medgäfves

252 1399 63 20 lärare
337 1399 33 20 vid
392 1399 153 20 industriskolor
567 1400 36 19 och
625 1400 122 20 seminarier,
771 1399 68 20 hvilka
857 1405 94 19 personer
965 1399 44 20 här-

252 1428 63 19 intills
331 1428 60 19 hafva
407 1429 51 18 varit
473 1429 155 24 valberättigade
643 1429 7 18 i
666 1427 173 26 borgareständet,
854 1428 101 19 äfvensom
965 1434 46 19 pro-

321 1477 130 23 Lagutskottets
463 1478 110 17 betänkande
587 1480 35 15 N:o
637 1479 25 16 14.
