1070 1795
199 144 81 22 Ständ.
299 145 49 21 Pet.
366 157 26 2 --
408 144 171 22 Petitionsbet.
595 145 42 21 N:o
654 144 34 22 29.
781 146 12 20 3

135 210 45 21 Vid
203 209 171 29 behandlingen
398 210 25 21 af
437 210 76 21 denna
528 210 145 29 proposition
688 210 80 22 visade
784 210 39 22 det

68 245 36 28 sig
119 245 65 27 dock,
208 247 34 18 att
265 245 117 28 åsigterna
403 245 98 21 rörande
517 245 189 21 enskildheterna
721 245 8 21 i
744 245 79 21 försla-

67 281 40 26 get
122 279 71 28 gingo
216 279 94 28 mycket
330 279 88 28 åtskils,
443 279 43 22 och
501 279 82 29 frågan
599 279 42 22 föll
656 279 36 22 för
708 279 45 22 den
768 280 55 28 gån-

67 321 52 21 gen,
135 314 8 21 i
159 313 39 22 det
220 314 130 21 Ständerna
372 315 94 28 ansågo,
487 313 123 22 att'under
626 314 44 21 den
685 314 35 21 tid
735 314 88 21 förord-

68 348 87 29 ningen
171 349 60 21 varit
246 348 108 29 gällande
369 349 129 28 tillräcklig
514 348 131 21 erfarenhet
660 352 62 17 ännu
734 348 19 29 ej
766 355 57 15 vun-
843 371 6 6 .

68 383 46 21 nits
130 383 143 22 beträffande
296 383 28 21 de
344 383 170 28 förändringar,
536 390 49 14 som
605 390 54 14 vore
674 383 26 21 af
712 383 111 22 behofvet

67 418 127 28 påkallade.

136 452 46 21 Vid
199 453 53 21 1888
268 453 36 20 års
320 452 112 29 landtdag
447 454 101 27 upptogs
564 452 96 21 ärendet
670 453 66 28 ånyo,
748 452 76 21 denna

67 487 62 28 gång
142 487 8 21 i
163 487 59 21 form
232 487 26 22 af
271 487 196 29 motionsförslag,
483 487 123 28 åsyftande
617 487 115 22 särskilda
746 487 76 22 förän-

68 522 94 28 dringar
177 522 7 21 i
200 522 107 29 gällande
319 522 142 29 jagtstadga,
478 522 81 21 hvilka
574 522 8 21 i
598 521 38 22 det
657 522 167 29 väsentligaste

69 557 196 21 öfverensstämde
280 557 53 21 med
348 557 45 21 den
416 557 38 21 till
479 557 53 22 1882
548 557 36 20 års
607 557 111 28 landtdag
734 557 90 21 aflåtna

68 592 182 28 propositionen.
280 591 66 22 Dock
368 592 79 21 kunde
471 592 19 29 ej
515 591 72 22 heller
610 591 76 22 denna
705 592 62 28 gång
787 592 37 21 till

68 626 59 29 följd
152 627 25 21 af
195 627 27 20 de
237 627 9 20 i
262 626 106 21 enskilda
383 627 103 28 punkter
501 626 137 29 skiljaktiga
653 626 117 29 åsigterna
785 627 39 20 nå-

69 663 40 26 got
125 661 171 22 ständerbeslut
311 661 8 21 i
335 661 73 21 saken
423 661 36 21 fås
475 661 38 21 till
528 661 75 21 stånd.

136 696 80 21 Under
230 696 27 21 de
273 696 31 27 år,
321 703 50 14 som
387 696 131 21 emellertid
533 695 105 28 förflutit,
656 695 41 22 har
712 695 59 22 dock
786 695 38 22 be-

69 730 80 22 hofvet
164 731 26 20 af
203 730 114 21 särskilda
338 730 164 29 förändringar
517 731 8 20 i
539 730 151 29 jagtstadgan
710 731 63 28 gjort
788 730 37 29 sig

69 765 42 21 allt
135 773 62 13 mera
220 765 121 22 kännbart.
380 765 171 21 Erfarenheten
574 765 52 21 från
645 765 63 21 olika
724 765 62 21 delar
802 765 25 21 af

69 799 79 22 landet
170 799 76 29 gifver
268 799 88 29 tydligt
381 800 38 21 vid
442 799 98 28 handen,
567 801 34 20 att
623 799 39 22 det
684 799 141 29 matnyttiga

69 835 137 21 villebrådet
217 835 8 20 i
238 835 85 26 landet,
340 834 87 29 hvarpä
442 835 132 28 tillgången
589 835 69 21 äfven
674 835 56 28 eljes
746 834 78 21 ärrin-

69 877 54 20 gare
137 873 29 17 än
181 869 8 21 i
205 869 54 21 flere
282 869 71 21 andra
372 869 87 28 länder,
477 869 24 21 år
517 869 36 21 för
569 869 24 21 år
609 869 8 21 i
631 869 122 28 betänklig
767 869 58 28 grad

69 904 109 21 minskas.
209 904 69 21 Detta
301 903 146 22 förhållande
471 904 45 21 kan
531 904 9 21 i
555 904 101 28 längden
679 903 51 22 icke
748 903 78 28 undgå

69 940 34 19 att
118 939 72 20 väcka
211 938 193 28 betänkligheter,
429 938 29 21 då
476 938 39 21 det
531 939 141 28 matnyttiga
688 938 137 22 villebrådet

69 973 167 28 obestridligen
250 976 25 18 är
296 973 24 20 af
334 975 49 19 stor
399 973 138 21 ekonomisk
553 973 120 28 betydelse
688 972 37 22 för
740 972 85 22 landet.

69 1007 43 22 Väl
128 1008 79 21 kunna
222 1008 7 21 i
244 1007 60 22 brist
319 1008 29 27 på
364 1007 129 22 statistiskt
508 1008 105 21 material
624 1015 136 20 noggranna
768 1014 57 21 upp-

69 1042 72 28 gifter
155 1042 52 21 icke
230 1042 98 21 erhållas
342 1042 99 21 rörande
457 1042 116 29 mängden
592 1042 25 21 af
631 1042 39 21 det
685 1041 141 29 matnyttiga

69 1077 119 27 villebråd,
204 1084 49 14 som
269 1077 89 28 årligen
374 1077 74 27 fälles,
465 1085 54 13 men
535 1077 74 21 såsom
625 1077 65 21 bevis
706 1077 29 28 på
743 1077 82 28 riktig-

69 1111 70 22 heten
154 1111 26 22 af
198 1111 39 22 det
257 1111 97 22 anförda
372 1112 76 28 tjenar
464 1112 65 27 dock,
547 1113 34 20 att
597 1111 74 28 enligt
686 1111 139 22 tullverkets

69 1146 169 29 anteckningar
260 1146 66 21 öfver
349 1146 39 21 det
411 1146 121 28 villebråd,
557 1153 48 14 som
628 1147 25 20 år
670 1147 54 21 1890
740 1145 85 22 utförts

69 1181 38 20 till
129 1181 112 28 utlandet,
264 1181 110 28 beloppet
396 1181 26 21 af
443 1181 97 21 sålunda
563 1180 136 29 exporterad
720 1187 55 14 vara
790 1182 36 19 ut-

69 1215 82 29 gjorde
175 1216 93 27 436,554
292 1215 121 28 kilogram,
443 1215 164 22 motsvarande
635 1217 33 19 ett
698 1214 128 22 beräknadt

69 1250 70 21 värde
154 1250 46 21 af
193 1245 15 38 i
216 1250 40 21 det
278 1252 117 19 närmaste
418 1251 94 27 350,000
534 1250 72 21 mark.
636 1249 49 22 Och
707 1249 36 22 för
762 1249 63 22 visso

69 1287 171 26 representerar
255 1285 62 21 hvad
331 1285 9 21 i
356 1287 53 26 eget
424 1285 56 21 land
495 1285 90 28 årligen
600 1284 122 22 förbrukas
739 1286 34 19 ett
787 1283 38 22 be-

69 1320 87 28 tydligt
172 1320 70 28 högre
258 1319 76 22 värde.

138 1354 130 22 Orsakerna
289 1354 37 21 till
349 1354 39 21 det
411 1354 134 28 beklagliga
567 1354 155 21 förhållandet
738 1355 34 19 att
787 1353 39 21 det

69 1389 93 28 nyttiga
185 1389 137 22 villebrädet
348 1388 98 29 aftager,
469 1388 67 23 torde
559 1388 197 29 hufvudsakligen
771 1395 55 14 vara

69 1426 34 19 att
125 1424 64 21 finna
208 1424 8 21 i
235 1426 82 19 trenne
339 1423 211 29 omständigheter:
574 1423 48 22 dels
638 1423 9 22 i
662 1423 164 28 fridlysnings-

69 1458 72 28 tiden,
164 1466 48 14 som
236 1459 140 21 åtminstone
398 1457 38 22 för
459 1466 28 13 en
511 1458 37 21 del
571 1458 112 22 villebråd
704 1461 25 18 är
748 1457 78 22 alltför
