1070 1795
262 119 14 20 2
426 117 277 24 Petitionsbetänkande
718 117 45 24 N:o
779 118 24 21 4.

240 186 60 21 30:de
315 187 65 20 lärare
395 187 58 20 torde
468 193 23 14 en
507 187 50 24 gång
572 187 63 20 under
650 187 30 20 sin
695 187 103 24 tjenstetid
813 186 62 21 blifva
889 187 7 19 i
911 187 79 21 tillfälle

238 216 31 19 att
283 216 45 19 med
342 216 165 24 resestipendium
521 215 76 20 besöka
611 216 97 19 utlandet.
736 215 63 20 Detta
813 220 126 20 ogynsamma
948 216 43 21 för-

238 243 93 20 hållande
353 243 59 20 faller
434 244 94 19 särskildt
550 244 7 19 i
579 245 84 23 ögonen,
685 249 31 14 om
738 249 45 14 man
797 243 72 25 jämför
884 245 108 20 detsamma

237 272 45 19 med
304 272 139 20 motsvarande
463 272 124 19 förhållande
610 275 14 17 t.
644 278 31 14 ex.
690 272 124 20 beträffande
829 272 161 21 folkskollärare-

238 301 149 24 seminarierna,
403 300 21 20 af
437 301 76 19 hvilkas
528 301 103 19 lärarekår
646 306 24 14 en
685 301 65 19 lärare
766 301 6 18 i
787 301 68 24 hvarje
866 301 124 20 seminarium

237 329 76 24 årligen
328 329 89 20 kommer
431 329 7 19 i
453 329 116 24 åtnjutande
584 329 22 19 af
619 329 171 24 resestipendium.

305 357 40 20 Det
359 357 33 20 må
406 359 54 18 ännu
475 360 80 17 nämnas
570 360 30 17 att
614 357 32 20 för
660 357 147 20 folkskolornas
819 357 171 25 distriktsinspek-

237 387 63 22 torer,
314 386 78 19 hvilkas
408 386 54 19 antal
477 385 31 20 för
522 386 122 19 närvarande
660 388 22 17 är
698 385 34 24 12,
748 387 29 18 ett
791 385 60 24 årligt
869 387 120 24 resestipen-

237 414 53 20 dium
306 415 12 19 å
335 414 63 24 2,000
413 414 33 20 mk
467 414 90 24 utgifves.
585 414 36 20 Om
639 414 93 24 slutligen
752 417 55 21 tages
825 415 6 19 i
849 414 139 26 betraktande,

236 444 30 18 att
281 442 32 20 för
327 443 69 24 hvarje
411 443 23 19 år
448 443 179 23 otillräckligheten
642 442 22 19 af
678 443 55 19 detta
748 443 51 19 enda
817 444 117 23 stipendium
949 443 40 20 blir

236 471 37 19 allt
295 471 133 24 kännbarare,
450 471 26 19 då
489 472 22 23 ju
528 471 142 20 lärareantalet
691 471 7 19 i
720 471 226 20 elementarläroverken
966 474 23 17 är

220 517 5 2 .
236 499 7 19 i
258 499 80 24 ständig
360 499 79 20 tillväxt
461 499 37 20 och
517 500 63 19 under
601 499 24 20 de
648 501 78 18 senaste
748 500 55 23 tjugu
825 499 48 20 åren
893 499 96 20 fördubb-

237 527 45 26 lats,
306 528 22 19 så
348 528 58 19 torde
428 528 34 19 det
484 529 17 23 ej
517 533 47 14 vara
579 527 77 24 obilligt
671 530 30 17 att
716 528 65 19 såsom
796 528 146 23 önskningsmål
957 530 32 17 ut-

235 555 49 24 tala,
307 556 30 20 att
356 557 61 24 jämte
437 557 35 18 det
486 557 60 19 redan
562 557 126 19 existerande
704 556 107 24 stipendiet
825 556 119 19 åtminstone
959 557 29 19 ett

236 585 45 23 nytt
303 585 71 19 sådant
394 585 65 19 skulle
476 585 90 19 inrättas.
596 585 29 19 På
640 585 57 19 ofvan
713 584 116 21 framhållna
845 585 50 23 skäl,
911 584 37 20 och
963 585 27 19 då

234 613 34 19 vid
284 615 78 17 senaste
378 613 162 20 skolläraremöte
553 614 34 19 det
599 613 170 24 önskningsmålet
779 613 94 24 enhälligt
883 613 105 24 uttalades,

235 643 30 17 att
286 640 48 21 flere
354 642 155 24 resestipendier
527 642 60 19 måtte
602 641 85 24 utgifvas
702 642 21 19 åt
738 642 71 22 lärare,
825 643 50 18 samt
890 641 25 20 då
930 640 58 21 äfven

236 669 114 20 sedermera
369 669 48 20 flere
439 670 21 19 af
481 670 44 19 vårt
539 670 57 19 lands
611 670 162 24 lärarekollegier
788 671 107 23 uppmanat
911 675 32 14 oss
958 671 30 18 att

236 697 108 25 framlägga
367 703 24 14 en
413 699 83 23 petition
511 699 6 18 i
533 699 55 18 detta
609 698 58 25 syfte,
683 699 50 24 våga
747 699 20 18 vi
782 697 79 20 anhålla
876 698 33 19 det
930 697 55 24 Hög-

235 726 83 24 vördiga
339 726 151 20 Presteståndet
511 727 46 19 ville
579 727 70 19 förena
671 727 29 24 sig
722 727 7 19 i
750 732 24 14 en
796 726 122 24 underdänig
936 727 51 24 peti-

230 754 44 20 tion
290 755 67 19 därom

509 818 32 19 att
559 816 43 28 för
621 815 150 29 pedagogiska
793 815 94 22 studiers
903 815 84 28 bedrif-

440 844 69 21 vande
523 845 8 20 i
546 845 98 20 utlandet
665 845 65 20 måtte
750 845 95 25 inrättas
866 846 29 19 ett
915 844 72 21 andra

440 873 177 26 resestipendium
632 873 14 20 &
661 873 66 25 3,000
748 872 35 21 mk
797 872 44 28 för
860 873 72 20 lärare
950 872 37 21 vid

439 900 247 22 elementarläroverken.

302 969 132 24 Helsingfors,
450 970 37 19 den
504 969 11 19 7
531 970 97 19 Februari
644 969 61 20 1894.

301 1047 27 22 E.
344 1047 139 23 Bonsdorff.
504 1043 12 36 —
524 1047 61 22 Altr.
601 1047 125 22 Kihlman.
766 1047 27 22 0.
808 1047 108 22 Donner.

334 1092 28 23 E.
380 1092 28 23 6.
423 1092 110 23 Palmén.
705 1092 30 22 H.
750 1091 133 24 Melander.

302 1199 91 29 Nyttan
416 1200 43 21 och
478 1200 134 28 betydelsen
628 1199 68 22 däraf
708 1201 36 20 att
758 1199 155 22 framstäende
928 1201 57 22 eller

230 1233 111 22 lofvande
366 1234 149 21 medlemmar
539 1233 26 22 af
586 1234 91 21 landets
702 1233 169 22 skollärarekär
899 1241 84 22 genom

230 1267 180 28 resestipendier
431 1268 72 21 vinna
519 1267 93 22 tillfälle
627 1268 37 21 till
679 1267 118 30 personlig
811 1267 132 23 kännedom
958 1269 28 21 af

230 1301 147 22 främmande
397 1302 92 21 länders
515 1301 220 28 skolförhällanden,
757 1301 42 22 har
821 1301 72 22 redan
914 1301 69 30 länge

230 1335 65 22 varit
309 1335 89 21 erkänd
412 1336 26 20 sä
453 1335 26 22 af
491 1335 45 22 den
551 1335 105 22 enskilde
672 1343 48 14 som
736 1335 27 21 af
775 1337 82 19 staten.
878 1329 34 27 År
928 1337 55 21 1856

230 1369 75 22 erhöll
317 1369 168 22 Universitetet
497 1376 83 22 genom
590 1371 138 20 testamente
739 1368 26 22 af
773 1369 45 21 den
827 1368 157 24 framstäende

229 1403 139 30 pedagogen
383 1403 43 22 och
441 1403 233 27 skolföreständaren,
688 1403 77 22 lektor
787 1403 54 22 Carl
862 1403 121 24 Backman
