1070 1795
224 116 26 21 10
389 115 279 24 Petitionsbetänkande
683 115 45 23 N:o
744 115 41 23 20.

479 534 186 29 Reservationer.

561 613 18 22 1

262 692 12 22 I
288 692 133 23 Utskottets
436 692 147 22 betänkande
598 693 96 22 föreslås
710 700 30 15 en
755 693 89 29 ökning
858 693 9 22 i
882 695 67 20 stats-

191 726 153 22 understödet
359 727 25 21 åt
398 726 45 22 den
458 726 107 29 kategori
580 727 27 22 af
613 727 191 29 privatläroverk,
815 735 50 14 som
876 727 73 22 kallas

192 761 134 22 samskolor.

262 795 149 22 Beträffande
426 795 236 22 subventionerandet
677 795 27 22 af
715 795 92 30 privata
822 796 77 21 skolor
909 795 41 22 har

192 829 150 30 Regeringen
356 830 86 22 hittills
457 830 51 22 icke
523 830 101 21 bestämt
638 830 78 29 nägon
732 833 70 26 gräns
817 829 37 22 för
872 830 78 29 belop-

192 866 41 27 pet
248 864 28 21 af
288 864 86 22 sådana
389 865 89 22 skolors
494 864 197 29 terminsafgifter.
721 865 57 21 Man
793 864 43 22 har
850 864 100 29 troligen

192 898 71 22 tänkt
285 899 42 28 sig,
350 900 35 21 att
406 898 91 23 landets
517 898 125 29 fattigdom
658 902 25 18 är
698 898 40 22 det
753 898 66 22 bästa
831 898 120 22 korrektiv

192 935 50 19 mot
267 933 153 22 öfverdrifvet
444 933 61 29 höga
529 933 199 29 terminsafgifter.
765 932 13 22 1
801 933 84 29 sjelfva
901 940 50 15 ver-

193 967 41 22 ket
258 967 45 29 gaf
314 966 71 23 ocksä
400 967 45 22 den
461 967 138 28 erfarenhet,
615 975 49 14 som
679 967 64 29 hade
755 967 95 22 vunnits
865 967 85 22 beträf-

192 1001 71 22 fande
274 1001 29 22 de
314 1001 100 29 tidigare
424 1001 117 22 inrättade
551 1001 171 30 finskspräkiga
733 1001 92 29 privata
836 1002 114 28 lyceerna,

192 1036 73 29 ingen
281 1035 128 30 anledning
424 1034 36 23 till
475 1035 88 22 sädana
577 1036 179 22 bestämmelser.

261 1070 188 22 Förhällandena
471 1070 82 29 tyckas
575 1070 127 22 emellertid
726 1077 32 17 nu
773 1070 72 22 hafva
859 1073 93 19 väsent-

191 1104 65 29 ligen
272 1104 121 23 förändrat
406 1105 42 28 sig.
478 1105 12 21 I
505 1104 29 22 de
548 1105 172 28 finskspråkiga
734 1104 217 23 landsortslärover-

192 1138 46 23 ken
261 1139 67 22 torde
342 1139 138 29 visserligen
495 1139 221 29 terminsafgifterna
732 1143 63 18 ännu
809 1147 57 14 vara
880 1147 72 21 unge-

192 1173 37 22 fär
244 1173 119 22 desamma
382 1180 49 15 som
446 1174 9 21 i
470 1176 88 19 statens
574 1173 84 27 skolor,
673 1181 53 14 men
743 1173 9 22 i
767 1173 184 22 hufvudstadens

192 1207 94 29 privata
305 1208 78 29 lyceer
404 1207 44 22 och
469 1207 129 22 samskolor
619 1211 39 19 äro
680 1207 28 22 de
729 1207 118 30 betydligt
872 1210 80 20 större.

193 1241 48 23 Det
265 1242 66 22 torde
355 1242 52 22 icke
432 1242 65 29 ligga
511 1242 95 22 utanför
626 1242 165 29 möjlighetens
807 1246 96 25 gränser
916 1245 36 20 att

193 1276 72 22 äfven
280 1277 9 21 i
304 1277 194 22 landsortsskolor
512 1277 128 22 bestämma
654 1277 49 21 lika
713 1276 62 29 höga
785 1277 168 29 terminsafgif-

193 1313 37 19 ter
244 1318 51 15 som
310 1311 8 22 i
333 1311 179 22 hufvudstaden.
541 1311 56 22 Men
611 1311 9 22 i
635 1311 28 22 de
678 1311 173 29 finskspråkiga
865 1311 88 29 privat-

193 1345 116 25 läroverk,
329 1345 37 22 för
387 1345 92 22 hvilkas
500 1345 102 29 räkning
623 1345 45 21 den
690 1345 8 21 i
719 1345 134 22 Utskottets
873 1345 80 21 betän-

194 1378 78 23 kande
295 1378 100 23 citerade
416 1379 172 30 författningen
603 1379 27 22 af
642 1379 25 22 år
684 1380 55 22 1884
754 1378 142 29 utfärdades,
912 1386 41 16 var

194 1413 46 22 den
255 1414 85 29 högsta
354 1413 198 30 terminsafgiften
567 1413 82 22 endast
664 1415 28 21 30
706 1413 73 22 mark.

263 1455 105 17 Allmänna
378 1456 170 16 Besvärsutskottets
559 1457 111 22 betänkande
681 1454 38 23 N:o
730 1457 32 26 1,
