1070 1795
270 99 15 20 4
440 98 233 23 Petitionsbetänkande
686 99 34 21 N.o
735 99 36 22 27.

310 155 83 18 Fruktar
405 160 43 13 man
460 157 28 16 att
498 155 42 18 med
550 161 34 12 ens
593 155 77 23 öfvergå
678 155 29 18 till
718 155 62 18 denna
789 154 141 23 zonindelning,
939 154 64 18 kunna

241 183 77 49 n
365 183 59 24 sn
440 183 35 18 lätt
490 184 82 18 erhällas
587 187 68 20 genom
668 184 79 23 delning
760 184 21 18 af
791 190 24 12 en
829 183 31 18 del
873 183 20 18 af
907 183 54 18 dessa
973 187 30 13 zo-

283 225 11 4 .;
305 213 77 22 Genom,
386 215 41 17 att;
431 213 66 23 införa
508 209 109 40 gränserna
631 213 23 18 75
667 213 39 24 km,
719 213 40 28 150,
760 213 37 23 km
812 213 36 18 och
863 213 36 18 300
910 212 31 18 km
948 211 31 30 fin
991 217 14 30 e

241 233 43 26 man
297 247 23 12 en
336 241 89 18 zontariff
438 241 42 18 med
495 241 32 18 nio
544 247 63 16 zoner,
620 241 34 18 der
668 241 36 18 den
718 231 40 28 ena
766 240 49 20 eller
827 241 59 18 andra
901 240 20 19 af
931 232 41 26 de
962 228 13 40 t

242 270 68 18 komna
322 276 82 12 zonerna
416 270 48 18 efter
479 275 75 13 vunnen
570 270 109 18 erfarenhet
691 271 35 17 lätt
738 270 63 18 kunde
813 270 95 23 indragas,
920 271 44 16 utan
977 271 27 16 att

241 299 61 22 någon
321 299 72 22 störing
408 299 20 18 af
442 301 89 21 systemet
547 299 7 17 i
570 299 58 23 öfrigt
644 299 82 18 behöfde
744 299 140 23 ifrågakomma.
909 297 95 19 Måhända

241 327 63 18 kunde
317 328 35 17 ock
364 328 48 17 1:sta
423 333 59 12 zonen
495 327 115 18 inskränkas
622 328 30 17 till
665 328 22 17 10
699 328 37 21 km,
750 328 34 18 och
797 328 61 23 priset
865 327 96 18 nedsättas
974 327 29 18 till

240 356 24 18 20
276 357 64 22 penni,
352 356 29 18 för
394 358 28 16 att
433 356 60 18 bättre
506 359 93 15 motsvara
612 356 36 18 den
662 357 63 17 lokala
737 356 92 19 trafikens
842 356 61 18 behof.

311 385 29 18 En
354 385 59 18 sådan
426 385 165 23 öfvergångstariff
601 385 61 18 blefve
676 385 24 18 då
713 385 20 18 af
744 385 83 23 följande
842 384 95 19 utseende.

277 466 75 18 Zonens
445 484 104 18 Afstånden
561 484 7 17 i
581 483 37 18 km.
694 508 11 2 N
716 466 138 44 Biljottprisen
867 471 6 12 i
887 470 62 18 penni.

272 506 90 13 Tammen.
692 518 28 17 III
734 517 25 18 kl.
778 501 12 47 |
808 517 19 18 I
840 517 27 18 kl.
883 501 17 47 |
922 517 8 17 I
944 516 25 18 kl.

331 587 8 17 I
417 587 29 18 till
457 587 35 18 och
505 587 42 18 med
562 587 22 18 10
732 587 24 18 20
839 582 28 33 30
953 585 23 18 50

321 615 18 18 II
416 615 53 18 öfver
493 616 22 17 10
527 618 12 15 t.
553 621 16 12 o.
582 621 23 12 m.
629 616 23 18 2
732 616 23 18 50
780 624 2 16 |
843 615 24 18 75
942 614 33 18 125

313 645 27 18 III
440 658 9 7 »
493 645 23 17 2
557 658 10 8 ,
629 645 23 17 50
721 645 34 18 100
780 654 1 8 |
832 639 35 33 150
942 643 34 18 250

313 673 25 18 IV
440 686 10 8 a
494 673 23 18 50
559 687 10 7 4
631 673 22 18 75
720 674 35 17 200
780 676 2 14 |
832 673 35 18 3800
892 684 2 12 |
942 672 34 18 500

319 696 21 33 Vv
439 715 10 8 »
493 702 22 17 75
557 715 10 8 m
620 697 33 33 100
720 698 36 33 300
832 701 35 18 450
893 700 1 3 |
942 701 35 17 750

314 731 25 17 VI
439 744 11 8 »
482 731 34 17 10
558 744 9 8 »
618 731 34 18 150
716 726 44 33 400
833 725 35 33 600
926 729 51 22 1,000

305 759 35 18 VI
440 773 10 8 »
483 760 34 17 150
559 773 10 8 ,
618 760 35 17 200
717 754 42 33 600
833 754 35 33 900
927 759 50 21 1,500

296 788 44 18 VII
440 801 10 9 »
483 788 34 18 200
559 802 10 8 om
619 783 35 33 300
717 783 42 33 800
816 783 54 33 1,200
925 787 52 21 2,000

313 817 27 18 XI
439 830 10 8 »
481 817 34 18 300
527 817 37 18 km.
704 817 52 21 1,000
782 832 1 7 |
815 817 52 21 1,500
925 816 52 21 2,500

314 875 28 17 De
360 874 116 23 berättigade
495 875 152 22 anmärkningar,
663 881 39 12 som
720 875 62 23 gjorts
801 876 51 17 emot
873 874 37 18 den
925 879 26 12 nu
966 874 39 23 gäl-

244 902 56 19 lande
313 902 75 19 tariffen
401 902 29 19 för
446 902 153 24 godsbefordran,
615 903 34 18 har
664 903 96 18 föranledt
773 902 121 19 tillsättande
907 902 20 18 af
938 908 22 13 en
973 902 32 18 ko-

243 932 46 17 mite
309 931 29 18 för
356 932 133 18 utarbetandet
507 931 20 18 af
544 934 27 15 ett
589 932 70 23 förslag
674 932 29 18 till
719 937 23 13 en
756 938 25 17 ny
796 931 57 18 tariff.
878 931 50 18 Utan
943 931 62 18 tvifvel

243 960 65 18 kunde
320 961 32 17 vid
364 961 52 18 detta
431 961 62 18 arbete
509 961 23 17 de
549 961 59 18 sunda
623 961 103 23 principer,
740 966 39 13 som
795 961 51 22 ligga
859 960 31 17 till
905 960 60 23 grund
977 959 29 18 för

244 995 24 12 en
281 989 88 18 zontariff
380 989 28 18 för
420 989 176 23 personbefordran,
609 989 54 18 äfven
676 990 78 18 beaktas
767 990 36 17 och
816 989 19 18 få
848 994 23 13 en
881 989 124 22 tillämpning.

244 1018 81 18 Godsets
344 1017 106 24 fördelning
464 1019 7 16 i
487 1020 26 16 ett
531 1018 46 18 fätal
592 1019 78 21 klasser,
686 1018 109 19 införandet
809 1017 22 19 af
844 1018 90 22 lämpliga
949 1023 57 12 zoner

242 1047 60 22 jämte
320 1049 26 15 ett
362 1046 65 23 nödigt
442 1047 103 18 beaktande
562 1047 20 18 af
596 1052 57 13 mass-
666 1048 35 17 och
717 1047 197 24 styckeförsändning,
926 1045 80 19 skulle
997 1041 12 34 i

242 1075 38 23 hög
292 1075 46 24 grad
350 1076 64 17 kunna
426 1075 87 18 förenkla
525 1076 33 18 vär
569 1076 55 23 högst
636 1076 112 18 invecklade
761 1076 36 18 och
810 1075 91 18 orättvisa
915 1074 53 19 tariff
977 1074 28 19 för

244 1104 149 23 godsbefordran
404 1105 35 17 och
448 1110 67 17 genom
525 1110 23 13 en
558 1105 82 23 behöflig
650 1105 121 23 nedsättning
781 1105 6 18 i
798 1104 103 23 afgifterna
910 1104 96 18 utsträcka

241 1133 135 23 jernvägarnes
391 1133 179 23 verkningsomräde
586 1133 52 24 längt
650 1134 72 18 utöfver
735 1134 43 18 dess
793 1133 118 18 närvarande
922 1135 83 21 gränser.

313 1162 27 17 På
351 1162 62 22 grund
426 1162 21 17 af
457 1162 48 18 hvad
515 1163 33 22 jag
560 1162 41 18 haft
610 1164 44 16 äran
664 1162 101 18 framhålla
774 1162 30 18 får
811 1163 34 22 jag
854 1161 95 19 vördsamt
957 1161 48 19 före-

243 1190 34 22 slä,
291 1193 27 15 att
329 1190 94 23 vällofliga
438 1191 159 22 Borgareständet
612 1191 44 18 ville
669 1191 67 18 förena
748 1191 29 23 sig
791 1197 30 12 om
834 1193 28 16 att
875 1191 58 22 jemte
946 1190 59 23 öfriga

243 1219 58 18 ständ
313 1220 44 22 ingä
370 1219 43 18 med
426 1225 24 12 en
462 1219 119 24 underdänig
592 1221 79 22 petition
684 1220 64 18 derom

450 1285 32 20 att
498 1284 65 21 Hans
580 1284 123 29 Kejserliga
718 1285 108 27 Majestät
842 1284 80 21 täcktes
936 1284 67 21 anbe-

382 1312 57 28 falla
458 1313 142 28 vidtagandet
617 1313 27 28 af
661 1314 83 27 nödiga
762 1313 107 28 åtgärder
887 1313 37 27 för
942 1313 61 27 infö-

381 1341 79 21 randet
475 1343 57 19 utan
547 1342 97 27 uppskof
659 1342 29 27 af
699 1349 29 14 en
743 1342 57 27 efter
815 1342 87 20 landets
916 1314 88 54 ort

382 1370 82 21 landen
484 1370 90 28 lämpad
592 1370 112 28 xontarijff
716 1370 38 28 för
789 1370 189 27 personbefordran
992 1370 15 20 ä

381 1399 224 28 statsjernvägarne
595 1395 14 37 i
619 1399 113 27 Finland;
749 1374 119 58 äfvensom

312 1455 182 24 Jernvägsutskottets
505 1457 112 18 betänkande
627 1457 39 18 N:o
678 1458 52 17 2
721 1451 11 32 :
