1070 1795
268 163 280 24 Petitionsbetänkande
564 163 43 22 N:o
622 163 39 23 33.
792 163 25 21 13

89 229 48 19 eller
152 228 126 23 ämbetsmän,
298 231 21 16 är
334 229 62 22 egnad
412 231 29 16 att
457 228 44 19 leda
517 228 45 19 våra
579 227 206 20 elementarläroverks
800 233 46 19 pro-

89 263 53 18 gram
157 257 7 19 i
180 257 36 19 den
239 257 83 24 rikning,
338 260 30 16 att
388 257 24 18 de
428 257 6 18 i
450 257 62 22 någon
529 257 43 18 mån
588 259 57 20 göras
661 257 30 18 till
709 256 137 19 bottenskolor

88 285 31 20 för
131 285 226 24 yrkesläroanstalterna.
379 286 29 19 De
424 286 93 18 moderna
532 285 132 23 reallyceerna
680 285 5 18 i
702 285 43 19 vårt
756 285 43 19 land
811 287 35 17 äro

89 317 29 17 ett
135 315 53 18 bevis
203 314 25 25 på
243 317 29 16 att
287 314 55 19 äfven
358 315 55 18 detta
429 313 59 20 behof
503 314 63 19 blifvit
581 313 133 24 tillgodosedt,
730 319 42 14 men
788 314 58 19 önsk-

89 343 36 24 ligt
147 349 53 17 vore,
222 345 31 17 att
268 348 23 14 en
308 348 51 13 mera
380 343 92 24 praktisk
487 343 87 23 riktning
590 343 6 18 i
612 343 43 18 dem
672 342 62 19 blefve
751 343 93 19 rådande.

89 371 70 20 Kunde
180 377 43 14 man
239 372 17 23 ej
273 372 7 19 i
295 371 42 19 dem
353 372 51 23 gifva
421 373 64 18 större
500 377 41 13 rum
557 371 21 19 åt
593 371 162 23 undervisningen
769 371 7 18 i
792 371 53 19 teck-

89 401 46 23 ning
151 400 36 20 och
202 401 62 19 såsom
280 406 37 18 nya
332 400 112 20 läroämnen
456 403 85 21 upptaga
552 400 51 19 kemi
614 400 37 19 och
663 399 108 24 bokföring,
781 400 64 19 hvari-

89 435 69 18 genom
179 432 60 21 vägen
262 429 72 19 kanske
357 430 63 18 blefve
444 429 61 19 banad
522 428 31 20 för
568 429 110 19 studiernas
694 429 130 19 fortsättande
840 429 6 18 i

90 458 23 19 de
124 458 90 19 tekniska
226 457 36 20 och
272 457 174 20 handelsskolorna
457 457 97 20 äfvensom
566 458 61 18 andra
637 456 209 25 yrkesläroanstalter?

89 486 32 20 Dä
143 487 34 19 det
198 487 106 18 emellertid
324 487 44 19 icke
390 487 58 18 torde
464 492 46 13 vara
525 486 76 23 möjligt
616 489 29 16 att
660 487 7 18 i
682 486 64 19 denna
760 486 86 23 riktning

92 515 85 20 ombilda
192 515 46 19 vära
252 515 111 19 nuvarande
378 515 116 25 reallyceer,
510 515 75 19 hvilkas
601 514 164 25 hufvudsyftemäl
780 517 22 17 är
817 517 29 17 att

89 546 48 21 göra
156 544 42 19 sina
218 544 64 19 elever
302 549 68 18 mogna
391 545 31 18 för
442 544 75 19 studier
536 543 31 19 vid
583 544 141 23 universitetet,
741 549 56 18 synes
812 543 33 19 det

89 573 107 19 öOnskvärdt
218 575 29 17 att
268 575 29 16 ett
315 573 47 19 eller
377 579 37 18 par
429 573 73 24 dylika,
518 573 6 18 i
539 573 91 23 praktisk
646 573 86 22 riktning
748 573 97 18 verkande

89 602 108 23 reallyceer
211 601 25 25 pä
252 603 73 17 statens
341 601 108 20 bekostnad
465 601 108 19 inrättades
589 602 6 18 i
610 601 43 19 värt
668 601 52 24 land,
736 601 37 20 och
783 601 62 19 skulle

87 631 34 23 jag
137 631 57 23 bedja
209 633 29 16 att
253 630 62 19 såsom
331 633 41 16 säte
388 630 31 19 för
434 632 29 17 ett
479 630 69 19 sådant
563 629 20 20 få
606 629 71 20 föreslå
700 630 71 19 Iisalmi
795 630 50 23 stad,

91 659 35 19 där
141 661 48 17 tomt
205 659 31 19 för
251 659 156 24 skolbyggnaden
424 658 111 25 afgiftsfritt
551 659 41 18 stär
607 662 29 15 att
652 659 80 18 erhälla.

162 687 84 20 Skolans
266 687 124 24 förläggande
410 688 30 19 till
456 687 113 20 förenämda
585 691 32 16 ort
632 693 56 18 synes
704 687 38 24 mig
758 687 20 20 sä
793 693 52 18 myc-

88 716 35 19 ket
136 722 52 13 mera
204 715 21 21 af
238 715 91 20 behofvet
344 717 108 24 päkalladt,
469 722 40 13 som
525 722 42 13 man
584 716 32 19 vid
632 722 23 13 en
671 716 52 19 blick
734 716 26 24 pä
769 716 24 19 de
805 718 39 17 sta-

87 745 78 19 tistiska
185 745 124 24 uppgifterna
330 746 99 23 angående
453 745 91 19 skolorna
562 745 7 18 i
588 745 78 24 Kuopio
689 747 54 17 snart
759 750 85 17 varsnar,

89 776 29 17 att
140 774 24 19 de
180 774 6 19 i
202 774 62 19 denna
286 774 44 19 stad
351 774 99 23 befintliga
465 774 53 19 såväl
533 776 58 17 stats-
608 779 40 14 som
664 773 181 24 privatläroverken

88 802 56 19 alltid
162 805 34 16 äro
219 803 21 19 sä
260 803 68 19 talrikt
350 803 157 24 frekventerade,
528 806 29 15 att
579 802 120 19 beredandet
714 802 22 19 af
750 802 73 24 platser
839 802 5 18 i

89 831 43 19 dem
147 831 21 19 åt
182 831 39 20 alla
235 831 174 20 inträdessökande
426 834 22 17 är
463 831 80 19 alldeles
559 831 93 24 omöjligt.

158 859 34 20 Ett
207 860 6 19 i
229 860 72 19 Iisalmi
322 859 86 25 förlagdt
430 860 92 19 läroverk
537 860 21 19 af
572 859 148 24 ifrågavarande
742 859 103 24 praktiska

89 890 31 17 art
131 888 77 20 komme
223 891 45 16 utan
285 888 65 20 tvifvel
366 892 29 16 att
410 889 26 24 pä
452 889 128 19 ofvannämda
596 889 75 18 trakter
687 888 52 19 såväl
755 889 6 18 i
771 888 74 23 andligt

89 922 40 14 som
145 917 123 20 ekonomiskt
282 917 91 20 afseende
388 917 68 20 utöfva
472 921 28 16 ett
515 917 113 22 litgifvande
643 917 112 24 inflytande.

157 946 37 23 Jag
218 946 58 24 vågar
290 946 74 19 således
380 946 100 19 vördsamt
502 946 83 23 anhälla,
608 947 33 18 det
657 946 43 19 ville
720 946 126 19 Hedervärda

89 973 146 21 Bondeständet
258 975 59 24 jämte
342 975 63 24 öfriga
428 975 56 19 stånd
511 975 7 18 i
548 975 154 23 underdänighet
729 975 118 24 petitionera

88 1003 67 20 därom

362 1056 28 18 att
409 1055 9 19 i
440 1055 77 19 Iisalmi
537 1055 44 20 stad
601 1054 59 20 måtte
682 1054 44 19 med
740 1054 107 19 statsmedel

294 1083 83 20 inrättas
391 1085 25 18 ett
430 1083 122 26 femklassigt
565 1083 113 25 reallyceum
692 1083 34 25 för
736 1089 67 19 gossar
813 1083 34 19 och

293 1112 76 25 flickor,
384 1112 59 19 hvars
454 1119 94 18 program
563 1112 58 25 blefve
635 1111 24 20 sä
673 1111 87 25 ordnadt,
771 1113 28 18 att
808 1111 38 20 det-

294 1147 77 13 samma
392 1141 65 19 kunde
478 1141 53 26 tjena
555 1141 66 19 såsom
640 1140 115 20 bottenskola
768 1140 33 25 för
814 1146 33 19 yr-

294 1169 173 20 kesläroanstalter.

158 1243 122 24 Helsingfors
296 1243 36 19 den
348 1243 12 19 8
378 1243 95 19 Februari
490 1243 62 20 1894.

501 1338 91 22 Heikki
607 1337 136 29 Tikkanen,

427 1379 144 25 Representant
587 1379 31 20 för
632 1380 72 20 Iisalmi
720 1380 97 24 domsaga.

158 1498 103 18 Allmänna
273 1498 167 19 Besvärsutskottets
454 1498 109 19 betänkande
577 1501 36 16 N:o
625 1499 32 18 22.
