1070 1795
760 149 26 21 21

58 211 57 22 valta
134 211 38 22 och
195 211 95 22 förränta
306 211 35 21 det
356 211 32 22 till
405 211 101 22 Finlands
521 211 45 22 folk
582 211 107 22 donerade
704 211 112 28 kapitalet,

59 245 81 22 hvilket
154 245 54 22 skall
224 246 70 21 såsom
310 252 25 15 en
350 245 88 22 stående
455 245 51 22 fond
521 246 165 21 sammanhållas
702 246 67 21 under
779 246 36 21 be-

58 280 101 27 nämning
180 279 24 23 af
226 280 175 26 ,Kammarrädet
423 280 93 22 Herman
539 280 135 27 Rosenbergs
690 281 72 26 fond";
778 281 37 20 bö-

59 315 65 21 rande
146 314 193 27 Bankfullmäktige
362 315 33 20 till
410 315 73 26 hvarje
498 315 102 27 landtdag
615 314 93 22 aflemna
722 315 94 22 redovis-

58 349 51 27 ning
124 349 58 21 öfver
197 349 89 22 fondens
301 349 137 27 förvaltning;
455 349 91 22 hvarhos
562 349 27 22 Vi
604 349 76 22 tillsatt
694 355 26 15 en
731 349 84 27 delega-

58 384 51 26 tion,
133 383 115 22 bestående
270 383 22 22 af
312 383 35 22 två
370 383 137 22 medlemmar
529 383 39 22 och
584 385 32 20 tre
632 383 137 27 suppleanter
784 383 33 22 för

59 418 73 28 hvarje
149 418 69 27 stånd,
234 418 33 22 för
282 420 32 20 att
329 418 55 22 intill
399 420 62 20 nästa
476 418 103 28 landtdag
596 418 62 22 hafva
673 418 52 22 vård
741 425 34 15 om
791 419 26 21 de

59 458 28 15 nu
103 452 120 27 disponibla
245 452 119 22 Antell'ska
386 453 144 26 samlingarna
552 454 62 25 samt,
629 452 24 22 så
668 453 45 20 vidt
728 453 88 27 möjligt,

58 488 50 26 göra
126 487 107 22 desamma
247 487 132 27 tillgängliga
394 487 34 21 för
446 487 149 26 allmänheten,
608 486 108 23 äfvensom
727 487 33 21 till
769 489 48 20 näst

59 521 200 22 sammanträdande
282 521 90 22 Ständer
395 521 108 22 inkomma
526 521 48 22 med
589 521 80 27 förslag
683 522 91 21 rörande
790 522 27 21 de

59 556 107 27 åtgärder,
181 556 73 22 hvilka
268 557 47 20 med
330 556 82 27 hänsyn
434 557 34 20 till
490 556 227 22 medicinelicentiaten
733 556 84 22 Antells

59 592 128 21 testamente
210 591 131 22 beträffande
364 591 62 22 dessa
444 591 115 28 samlingar
573 591 67 22 blifva
654 591 33 21 för
702 590 114 23 framtiden

59 625 84 28 nödiga,
156 625 66 28 jemte
238 625 36 22 det
288 625 27 22 Vi
330 625 32 22 för
379 625 61 22 detta
454 625 99 22 ändamål
569 625 23 22 af
605 625 210 28 bevillningsmedlen

59 660 92 27 anslagit
165 666 26 15 en
206 666 82 16 summa
302 660 23 21 af
341 660 77 27 10,000
432 660 61 22 mark
509 660 33 21 för
552 662 32 20 att
594 661 58 20 emot
661 660 156 27 redovisnings-

60 695 121 27 skyldighet
196 695 74 22 ställas
285 695 32 21 till
333 695 159 27 delegationens
507 695 134 27 förfogande;
657 694 39 22 och
711 694 64 22 hafva
791 695 26 22 Vi

60 729 6 22 i
81 729 147 27 underdåniga
243 729 121 22 skrifvelser
386 729 23 22 af
423 729 41 22 den
479 730 26 21 31
523 729 107 28 nysslidne
646 729 42 27 Maj
704 729 46 22 icke
766 729 51 22 alle-

59 765 49 20 nast
122 763 74 22 härom
220 763 38 22 hos
281 765 59 21 Hans
355 764 120 27 Kejserliga
489 764 101 27 Majestät
604 763 80 22 anmält
696 764 67 27 jemte
778 770 39 15 un-

59 797 103 28 derdånig
184 799 100 21 anhållan
305 801 33 20 att
359 799 61 22 Hans
443 798 101 28 Majestät
568 799 82 21 täcktes
666 799 7 21 i
687 799 66 21 nåder
775 798 42 22 för-

60 833 75 24 ordna,
150 834 32 20 att
198 833 115 22 omordade
323 833 74 28 anslag
408 833 70 22 blefve
493 833 32 22 till
541 834 65 26 sagda
621 833 119 27 delegation
756 835 60 20 utan-

61 867 98 26 ordnadt,
175 869 51 20 utan
242 867 61 22 äfven
321 868 101 21 särskildt
438 867 105 28 uppgifvit
559 868 26 21 de
600 873 108 22 personer,
724 874 45 15 som
785 867 32 22 till

59 902 118 21 ledamöter
199 902 7 22 i
222 902 146 28 delegationen
392 902 23 21 af
428 902 41 22 Oss
488 904 85 25 utsetts,
589 902 116 27 hvarjemte
720 902 97 22 skrifvel-

59 942 34 16 ser
108 936 6 21 i
130 938 71 20 ämnet
216 937 68 27 afgått
299 937 32 22 till
346 937 57 22 Våra
421 937 196 27 Bankfullmäktige
636 937 39 21 och
697 937 120 21 ännämnda

60 970 126 28 delegation.

404 1052 29 21 45
449 1051 18 28 $.

128 1103 100 22 Rörande
250 1103 114 22 förändrad
387 1104 80 27 lydelse
490 1104 23 21 af
531 1104 24 21 11
577 1104 38 21 och
633 1104 25 21 13
674 1104 24 27 8$
712 1104 7 21 i
735 1104 81 21 förord-

59 1137 77 28 ningen
152 1144 34 15 om
200 1138 46 27 jagt
261 1137 39 22 och
315 1138 97 27 djurfång
428 1138 24 21 af
466 1139 40 21 den
524 1139 26 21 10
564 1138 103 22 Februari
684 1139 53 21 1868
753 1139 64 21 hafva

59 1172 33 27 Vi,
115 1172 55 22 efter
194 1173 57 21 inom
280 1173 180 27 Borgareståndet
489 1173 122 22 framstäldt
638 1173 178 27 motionsförslag,

59 1207 33 21 för
114 1207 44 21 Vår
174 1207 34 21 del
231 1208 81 26 antagit
330 1207 66 22 sådan
410 1208 133 27 förordning,
559 1213 45 16 som
620 1208 60 27 ingår
695 1208 7 21 i
717 1207 44 22 Vår
776 1208 40 21 den

60 1241 26 22 17
109 1241 108 27 nysslidne
240 1241 43 28 Maj
305 1242 32 21 till
352 1242 59 21 Hans
434 1242 119 27 Kejserliga
570 1242 99 27 Majestät
684 1243 6 21 i
706 1242 64 22 saken
785 1241 31 22 af-

59 1276 58 21 låtna
133 1276 146 27 underdåniga
294 1276 116 22 skrifvelse.

404 1374 28 22 46
448 1375 21 26 8.

129 1426 10 21 I
154 1426 114 27 anledning
284 1426 23 22 af
320 1428 32 19 ett
365 1427 57 21 inom
439 1427 161 21 Bondeståndet
615 1426 64 22 väckt
694 1426 79 27 förslag
784 1427 32 20 till

59 1461 81 20 motion
156 1461 63 21 hafva
235 1461 25 21 Vi
276 1462 81 27 antagit
371 1468 25 15 en
419 1461 132 28 förordning,
567 1461 145 22 innefattande
727 1461 89 27 ändring
