1070 1795
272 159 277 22 Petitionsbetänkande
565 159 45 22 N:o
626 159 34 22 21.
805 160 12 20 3

89 230 34 19 Om
140 229 124 24 elevafgiften
280 229 31 19 för
326 229 43 19 hela
384 229 44 19 året
443 230 34 18 allt
493 229 96 23 framgent
599 229 69 19 förblir
678 229 28 19 80
716 229 61 24 mark,
793 233 54 20 stege

89 260 74 17 statens
178 257 71 20 förlust
264 257 75 20 säledes
355 259 29 18 till
400 258 89 23 omkring
504 258 64 22 4,800
584 258 61 25 mark,
661 263 43 14 men
717 264 30 13 om
758 259 90 18 termins-

89 287 105 23 afgifterna
216 287 7 18 i
246 286 138 20 flickskolorna
400 287 63 18 skulle
479 287 70 18 sänkas
565 287 30 18 till
610 292 72 14 samma
698 287 71 24 belopp
785 292 40 14 som
841 287 7 18 i

89 315 135 24 gosskolorna,
239 315 65 19 blefve
319 316 37 18 den
372 316 69 18 endast
457 315 63 25 2,400
535 316 61 18 mark.

158 343 68 20 Under
247 344 73 19 sädana
341 344 135 19 förhällanden
500 345 37 18 kan
561 344 71 19 sakens
655 344 128 19 ekonomiska
805 344 44 19 sida

89 373 44 20 icke
155 378 47 13 vara
225 372 29 19 till
278 373 68 18 hinder
361 373 30 19 för
407 373 166 23 förverkligandet
589 372 21 19 af
624 373 42 18 värt
682 373 78 23 förslag.
791 373 56 18 Hvad

90 403 37 18 den
150 401 124 25 principiella
288 402 54 18 sidan
359 401 99 24 beträffar,
482 402 46 24 vilja
543 402 18 18 vi
577 404 50 17 ännu
643 402 64 19 erinra
723 402 72 23 därom,
819 404 29 16 att

90 431 101 24 principen
214 436 30 13 om
268 430 25 19 fri
314 430 122 20 konkurrens
457 431 69 19 hittills
542 431 51 19 varit
609 431 73 19 erkänd
698 431 6 19 i
720 431 46 19 vära
781 430 68 20 skolor

90 459 37 20 och
150 461 29 17 att
201 459 33 18 det
256 459 76 18 säledes
354 459 44 19 icke
420 461 22 17 är
465 459 120 23 följdriktigt
608 462 29 16 att
651 459 26 24 pä
692 459 78 19 skolans
786 460 63 18 första

90 488 53 19 klass
166 487 58 20 ställa
241 487 69 20 hinder
325 488 5 18 i
347 490 60 20 vägen
423 487 31 20 för
470 487 74 20 mindre
561 488 113 19 bemedlade
689 488 70 19 elever.
789 487 58 20 Erfa-

90 516 93 20 renheten
206 516 36 19 har
259 516 56 19 äfven
331 517 110 24 ädagalagt,
464 519 29 16 att
509 517 23 18 de
548 517 64 18 bättre
628 516 124 23 förmägorna
766 517 44 19 icke
826 516 23 19 sä

93 545 59 19 sällan
164 545 35 28 stä
214 547 29 16 att
258 545 51 19 finna
322 545 40 24 just
379 546 57 18 bland
453 545 24 19 de
492 545 75 19 mindre
583 545 121 19 bemedlade.

159 570 63 23 Äfven
238 574 33 19 det
286 574 21 18 år
325 573 53 20 1893
394 574 117 19 församlade
531 574 169 19 skolläraremötet
715 574 86 19 uttalade
817 574 30 19 sä-

91 608 40 14 som
154 603 29 18 sin
204 602 58 23 äsikt,
284 606 29 15 att
328 603 36 18 den
380 603 127 25 bestämning,
530 609 40 12 som
587 603 79 19 hindrar
682 603 131 23 mottagandet
829 602 21 19 af

91 631 91 20 frielever
197 631 30 19 till
243 631 61 19 första
319 631 76 20 klassen
411 632 7 18 i
434 631 46 19 våra
495 631 73 24 skolor,
585 632 58 19 måtte
659 631 114 24 upphäfvas.

160 659 28 20 Pä
210 660 62 23 grund
295 659 21 20 af
333 660 56 19 ofvan
406 660 82 19 anförda
503 661 121 24 synpunkter
640 661 35 18 och
691 660 25 25 pä
731 660 118 24 uppmaning

92 688 21 20 af
135 689 45 19 våra
202 689 75 19 valmän
293 689 47 23 våga
356 689 18 19 vi
390 689 62 19 vända
469 695 30 13 oss
516 689 29 19 till
562 689 124 24 Högvördiga
702 689 147 19 Presteständet

90 717 43 20 med
156 717 89 20 anhällan
268 723 30 14 om
314 718 44 19 dess
374 718 87 23 benägna
476 718 107 19 understöd
599 717 30 20 för
644 717 87 24 följande
746 717 104 25 petitions-

89 746 83 23 förslag
165 742 11 31 :

365 810 31 18 att
420 808 69 27 tredje
513 811 112 18 momentet
650 809 8 20 i
680 807 169 28 Förordningen

297 836 31 27 af
344 837 41 20 den
407 838 31 20 22
459 837 88 27 augusti
567 838 57 20 1889
647 837 64 20 mätte
723 837 126 27 förändras

298 865 92 26 därhän,
416 867 32 19 att
472 866 150 27 mottagandet
645 866 30 25 af
688 865 104 28 frielever
814 865 36 20 till

296 893 89 22 skolans
396 894 78 27 första
489 894 61 21 klass
565 894 47 21 icke
627 901 48 14 vore
686 894 121 27 förbjudet.

160 969 122 24 Helsingfors
298 970 36 19 den
350 969 13 20 9
379 969 86 20 februari
484 969 59 20 1894.
555 959 4 2 |

160 1047 30 23 H.
206 1047 131 23 Melander.
598 1047 27 22 E.
641 1047 138 23 Bonsdorff.

330 1227 130 19 Vördsamt
475 1227 132 21 memorial,

160 1295 38 19 Vid
214 1297 78 18 senaste
307 1296 95 23 landtdag
418 1295 121 20 inlemnades
556 1295 31 20 till
600 1295 150 20 Presteståndet
760 1298 28 17 ett
798 1297 50 23 peti-

92 1323 160 24 tionsmemorial,
273 1325 6 18 i
295 1324 75 19 hvilket
390 1325 135 23 petitionären
541 1325 95 22 anhåller,
652 1326 30 17 att
700 1324 127 24 skolafgiften
842 1325 7 18 i

91 1351 118 20 flickskolan
231 1352 60 20 måtte
306 1353 102 19 nedsättas
424 1353 31 19 till
471 1358 72 14 samma
558 1353 80 24 belopp,
654 1358 41 14 som
710 1353 139 19 motsvarande

91 1380 58 25 afgift
163 1381 7 19 i
185 1381 114 24 gosskolan.

160 1410 220 19 Petitionsmemorialet
403 1411 138 19 remitterades
562 1410 21 19 af
600 1410 79 19 ständet
694 1410 30 19 till
744 1410 107 19 Allmänna

92 1438 189 24 Besvärsutskottet,
300 1439 75 19 hvilket
390 1439 6 18 i
412 1439 35 19 sitt
467 1439 125 20 betänkande
610 1439 37 19 N:o
666 1438 26 20 31
711 1438 93 25 föreslog,
819 1443 31 15 att

93 1467 106 20 ständerna
214 1467 46 20 ville
271 1467 65 20 lemna
344 1468 55 19 detta
406 1467 179 25 petitionsförslag,
595 1468 70 19 liksom
674 1468 64 23 öfriga
745 1469 104 23 petitions-

160 1506 104 17 Allmänna
276 1506 170 18 Besvärsutskottets
459 1506 112 18 betänkande
583 1507 35 17 N:o
631 1507 29 18 10.
