1070 1795
243 155 11 20 2
422 154 259 24 Motionsbetänkande
696 155 46 23 N:o
757 156 21 22 1.

210 225 72 24 ningar
296 225 43 19 icke
354 225 50 19 blott
418 225 30 20 för
461 225 92 20 enskilda
572 227 49 18 utan
636 226 59 19 äfven
710 226 30 19 för
748 225 101 26 städerna,
863 225 105 20 hvarutom

210 253 89 20 handeln
314 253 96 20 särskilät
427 253 46 20 med
488 254 25 19 de
527 254 110 19 utländska
653 254 135 25 spritvarorna
802 254 44 20 icke
860 254 108 26 lämpligen

210 281 123 20 handhafves
349 282 20 19 af
384 283 28 18 ett
428 282 57 25 bolag
500 282 109 20 bestäende
623 283 21 19 af
658 289 96 19 personer
768 284 48 18 utan
831 283 71 25 nödiga
914 283 54 20 fack-

210 310 92 25 insigter.
332 310 28 20 De
383 310 193 26 öfvergängsformer
599 311 47 24 åter,
669 311 68 19 hvilka
758 317 28 13 nu
801 311 92 25 gällande
907 312 59 19 brän-

210 339 81 24 vinslag
313 339 114 25 medgifver,
442 341 34 18 äro
498 339 23 20 sä
537 339 107 26 olämpliga
658 339 38 20 och
710 339 109 20 inskränka
834 339 23 20 sä
871 339 26 26 pä
911 340 56 19 kom-

210 373 110 14 munernes
336 367 232 26 själfbestämningsrätt,
583 370 30 17 att
628 369 24 18 de
667 368 44 19 icke
726 368 61 19 heller
800 368 107 26 lämpligen
916 368 51 20 kun-

209 397 37 18 nat
261 396 108 20 användas.
399 396 80 26 Följden
495 397 36 19 har
545 397 52 19 varit
612 398 30 18 att
654 396 121 20 ätminstone
785 397 6 19 i
802 397 25 20 de
836 397 57 20 flesta
903 399 64 18 större

210 424 68 20 städer
300 425 50 19 efter
370 425 85 25 gammal
477 426 68 25 praxis
568 426 26 19 all
617 426 72 19 handel
706 426 46 19 med
766 426 83 20 bränvin
864 426 37 20 och
916 426 51 25 sprit

209 453 87 19 lemnats
312 453 126 20 uteslutande
463 453 21 20 ät
508 453 157 26 utskänknings-
688 454 38 19 och
747 454 219 25 utminuteringsbolag,

208 481 105 20 hvaremot
328 483 40 18 rätt
384 484 29 17 att
428 482 78 25 försälja
521 483 62 18 andra
599 483 110 24 spritvaror
723 484 27 17 än
765 483 83 19 bränvin
864 483 37 19 och
916 483 51 25 sprit

209 510 87 19 lemnats
318 510 21 19 ät
361 512 29 18 ett
405 511 52 19 visst
472 511 53 19 antal
540 511 113 19 handlande
667 511 8 19 i
690 511 75 24 staden,
781 511 72 20 medan
868 511 96 20 utskänk-

209 539 204 24 ningsrättigheterne
442 539 63 20 delats
527 539 85 20 emellan
637 539 237 26 utskänkningsbolagen,
899 539 67 20 hvilka

208 567 82 19 erhällit
311 569 40 18 rätt
372 567 30 20 till
417 569 29 18 ett
460 568 51 19 visst
526 568 55 19 antal
596 568 225 25 utskänkningsställen,
837 569 37 19 och
888 570 77 18 restau-

209 595 89 29 rationer
313 596 30 19 till
358 597 52 18 visst
425 597 98 19 bestämdt
538 597 61 19 antal.

279 625 65 19 Afven
364 625 55 20 detta
439 625 76 20 delvisa
537 625 94 26 monopol
648 625 20 19 af
683 625 72 20 handel
769 625 46 20 med
830 625 83 20 bränvin
928 625 38 20 och

209 653 57 25 sprit,
288 653 77 20 hvilket
386 653 109 20 emellertid
516 654 43 19 haft
581 654 47 19 häfd
642 654 31 19 för
688 654 36 25 sig,
740 654 42 19 stär
797 654 109 19 emellertid
921 654 44 19 icke

207 681 48 20 fullt
270 681 6 20 i
291 682 207 20 öfverensstämmelse
513 682 46 20 med
577 682 35 20 vär
628 683 132 24 bränvinslag,
775 689 43 13 som
833 683 43 19 icke
891 683 74 18 känner

208 716 43 13 mer
266 712 26 18 än
307 712 29 17 tre
352 711 42 24 slag
409 711 20 19 af
443 711 93 25 monopol
552 711 113 25 nämligen
655 707 14 33 :

277 756 19 24 a)
311 756 21 20 åt
347 757 58 24 bolag
419 757 31 19 för
463 757 147 25 utminutering
624 757 38 19 och
677 757 138 25 utskänkning
829 757 20 19 af
862 756 103 20 inhemska

207 785 143 24 spritdrycker,
365 785 45 20 med
426 785 101 25 undantag
545 786 20 19 af
580 785 162 26 utskänkningen
756 785 12 20 &
782 785 89 25 hoteller,
887 787 76 18 restau-

207 813 89 20 rationer
311 814 37 19 och
362 813 129 26 konditorier;

278 853 19 24 b)
319 853 21 20 åt
362 854 58 25 bolag
442 854 29 19 för
493 854 146 25 utminutering
661 854 37 19 och
721 854 137 25 utskänkning
873 854 20 19 af
908 853 55 20 såväl

205 882 106 19 inhemska
332 889 43 13 som
396 883 107 19 utländska
526 882 136 26 spritdrycker
676 883 46 19 med
736 883 137 24 nyssnämnda
888 882 75 19 undan-

206 913 46 23 tag;
269 913 52 18 samt

276 952 18 24 c)
309 951 21 20 åt
345 952 57 24 bolag
417 952 29 19 för
461 952 140 25 öfvertagande
609 952 19 19 af
636 952 25 19 all
669 952 146 25 utminutering
821 952 38 19 och
867 951 96 20 utskänk-

206 980 50 25 ning
279 980 26 25 pä
327 982 62 23 orten,
407 980 45 20 med
467 980 79 25 bolaget
561 980 79 20 lemnad
655 982 41 17 rätt
710 982 30 17 att
754 982 53 17 emot
821 980 58 25 afgift
893 979 21 20 ät
928 986 35 13 en-

206 1009 67 19 skilda
288 1009 96 19 öfverläta
399 1009 134 25 utskänkning
548 1009 27 25 pä
589 1009 89 24 hoteller,
693 1009 154 19 restaurationer
862 1009 37 19 och
914 1009 48 19 kon-

205 1037 85 20 ditorier
304 1038 105 19 äfvensom
424 1037 138 20 minuthandel
578 1038 45 19 med
639 1037 107 20 utländska
762 1037 140 26 spritdrycker.

275 1095 75 19 Härvid
372 1095 35 19 bör
429 1095 135 24 uttryckligen
586 1095 103 19 bemärkas
711 1096 30 17 att
761 1094 91 25 monopol
875 1094 43 19 icke
933 1093 31 20 fär

204 1129 36 19 ges
264 1124 70 19 enbart
354 1123 96 25 antingen
465 1123 12 20 ä
491 1123 147 25 utminutering
652 1123 49 20 eller
716 1123 137 25 utskänkning
868 1123 19 19 af
903 1123 59 25 sprit-

204 1151 92 25 drycker,
316 1153 49 18 utan
380 1154 29 17 att
423 1152 59 19 dessa
496 1152 95 25 monopol
607 1152 89 25 ständigt
710 1152 46 19 böra
771 1151 56 26 följas
842 1151 21 20 ät
878 1151 36 20 och
930 1151 33 20 det

203 1181 7 18 i
226 1186 78 13 samma
318 1181 145 24 utsträckning,
479 1182 52 18 samt
546 1181 67 19 vidare
629 1182 29 18 att
670 1181 72 18 endast
757 1180 62 25 bolag,
836 1186 43 13 som
890 1180 73 19 vunnit

204 1209 131 20 uteslutande
350 1209 94 26 monopol
458 1209 26 25 pä
499 1209 26 19 all
541 1209 189 25 spirituosarörelse,
749 1208 29 20 får
792 1209 21 19 ät
827 1208 91 20 enskilda
933 1208 29 19 öf-

204 1237 78 20 verläta
297 1237 67 26 nägon
378 1238 31 19 del
424 1238 20 19 af
459 1238 43 19 sina
517 1237 157 26 utskänknings-
688 1237 38 20 och
736 1237 226 25 utminuteringsrättig-

202 1266 64 19 heter.
297 1266 88 20 Sålunda
404 1267 39 18 kan
461 1267 43 19 icke
519 1266 21 20 ät
555 1268 30 18 ett
600 1266 58 25 bolag
672 1266 64 25 gifvas
752 1265 94 26 monopol
861 1265 26 26 pä
901 1265 61 20 utmi-

203 1295 97 25 nutering
320 1295 20 19 af
362 1295 70 19 endast
451 1295 104 20 inhemska
574 1295 143 25 spritdrycker,
733 1301 45 13 men
793 1294 136 25 utskänkning
943 1294 21 19 af

203 1323 52 20 bäde
277 1323 105 20 inhemska
404 1323 37 20 och
463 1323 112 24 utländska,
598 1325 48 18 utan
662 1329 32 14 om
709 1323 173 24 utminuteringen
896 1322 20 19 af
930 1323 32 18 ut-

203 1352 88 20 ländska
305 1352 135 26 spritdrycker
454 1352 96 25 frigifves,
565 1351 64 21 måste
644 1351 24 20 sä
682 1352 58 19 äfven
755 1352 35 19 ske
805 1351 46 20 med
866 1350 96 20 utskänk-

203 1380 51 25 ning
270 1381 20 19 af
305 1381 58 20 dessa
378 1386 63 14 varor.

275 1409 44 20 Den
334 1410 29 19 för
378 1409 86 20 revision
479 1409 19 20 af
508 1409 261 25 bränvinsförordningarne
780 1409 93 19 nedsatta
883 1407 79 24 komitö,

203 1438 61 20 hvars
281 1438 66 20 arbete
362 1438 52 25 legat
429 1438 29 20 till
473 1438 66 25 grund
554 1438 30 20 för
599 1438 38 19 den
652 1437 72 26 nådiga
740 1437 147 26 propositionen
905 1436 4 18 i
920 1438 43 16 äm-

203 1468 36 18 net
254 1467 32 19 till
302 1468 78 19 senaste
395 1455 100 36 landtdag,
511 1468 66 23 yttrar
592 1466 32 25 sig
638 1466 27 26 på
679 1455 85 36 följande
777 1455 55 30 sätt
828 1451 9 44 :

275 1505 180 18 Ekonomiutskottets
467 1505 110 18 betänkande
590 1506 36 17 N:o
639 1506 17 17 9.
