1070 1795
234 155 281 22 Petitionsbetänkande
530 155 46 22 N:o
591 155 37 22 16.
791 157 12 20 5

76 245 170 28 (Öfversättning.)

209 310 55 19 Till
284 310 177 19 Hedervärda
482 309 216 20 Bondeståndet.

146 373 78 24 Frågan
246 379 31 13 om
300 373 114 23 zigenarnes
438 373 93 24 ställning
554 373 6 18 i
581 373 69 19 landet
671 373 48 23 våga
743 373 18 19 vi
783 379 47 14 anse

75 407 48 15 vara
139 407 22 14 en
178 401 20 21 af
213 402 23 19 de
253 401 72 24 frågor,
338 401 68 20 hvilka
421 401 49 20 böra
486 402 31 19 stå
533 401 26 25 på
574 401 148 25 dagordningen
733 402 33 19 vid
776 402 55 20 inne-

75 432 86 18 varande
177 431 140 19 ständermöte.

147 459 37 19 Vid
208 458 56 20 1888
286 459 32 19 års
334 459 94 22 landtdag
448 459 123 18 inlemnades
586 459 7 18 i
608 458 150 20 Presteståndet
773 459 36 20 och
824 459 7 19 i

74 488 151 19 Bondeståndet
240 487 195 24 petitionsmemorial
451 487 124 19 beträffande
591 487 110 20 ordvandet
712 487 20 19 af
741 488 90 24 zigenar-

75 523 35 13 nes
134 517 156 23 medborgerliga
310 516 94 23 ställning
420 517 5 17 i
441 516 45 19 vårt
502 516 54 19 land.
581 516 39 19 Det
636 515 120 21 förstnämda
777 517 53 20 stån-

75 546 34 18 det
129 545 61 24 ansåg
212 545 68 24 frågan
303 545 85 24 förtjena
409 550 23 13 en
448 547 91 17 närmare
556 545 118 24 hehandling
690 545 34 19 och
741 546 92 19 remitte-

74 575 47 18 rade
133 575 36 18 den
177 574 29 19 till
214 574 104 19 Allmänna
326 573 191 24 Besvärsutskottet,
525 573 89 20 hvilket
612 569 11 33 i
624 574 112 19 densamma
744 574 54 23 afgaf
803 576 30 17 ett

75 602 128 25 afstyrkande
227 603 131 18 betänkande.
388 602 62 19 Detta
473 602 126 19 betänkande
622 603 114 23 godkändes
760 602 20 20 af
801 604 30 17 tre

75 631 64 24 stånd,
160 631 103 19 hvaremot
284 631 150 19 Presteståndet
456 630 169 25 fortsättningsvis
642 631 134 19 understödde
792 631 39 20 frå-

74 665 45 18 gan,
135 660 61 19 ehuru
212 660 60 19 likväl
288 660 6 18 i
311 665 23 13 en
350 665 72 18 annan,
438 659 77 20 mindre
531 660 121 19 omfattande
668 660 50 19 form
733 662 24 17 än
773 660 38 19 den
825 660 8 19 i

73 689 225 24 petitionsmemorialen
306 688 120 23 föreslagna.
443 688 161 19 Presteständets
616 688 64 19 beslut
690 689 91 18 innebar:
793 691 41 23 ,att

74 723 25 13 en
121 717 84 24 petition
231 717 61 19 borde
315 719 58 22 göras
396 717 35 19 hos
456 717 130 24 Regeringen,
616 718 6 17 i
646 717 50 24 syfte
726 719 29 17 att
784 718 47 19 den-

75 751 75 14 samma
162 746 60 19 måtte
233 745 115 20 införskaffa
356 751 116 18 noggranna
487 746 112 19 statistiska
607 745 100 24 uppgifter
716 751 30 14 om
755 746 77 19 landets

74 775 92 23 zigenare
175 775 36 19 och
220 774 113 23 öfvervaka,
343 775 33 18 det
384 774 93 23 gällande
487 774 139 24 förordningar
637 775 103 23 angående
751 774 80 20 lösdrif-

74 809 47 13 vare
137 803 36 20 och
189 803 62 20 andra
266 803 26 24 på
307 804 105 23 zigenarne
429 803 117 24 tillämpliga
562 803 122 24 stadganden
700 803 60 20 måtte
772 804 60 19 lända

76 831 31 20 till
129 838 100 17 noggrann
252 831 152 20 efterrättelse”.
434 832 10 19 I
467 832 108 19 utskottets
592 832 124 19 betänkande
732 833 99 18 uttalades

77 861 37 18 den
131 861 60 23 åsikt,
207 863 29 16 att
252 867 23 12 en
291 863 102 21 strängare
410 860 120 20 efterlefnad
546 860 43 19 från
606 861 159 19 vederbörandes
788 861 44 19 sida

77 889 21 19 af
120 889 135 24 stadgandena
278 895 30 13 om
323 889 70 24 tiggeri
410 889 36 19 och
462 889 114 19 lösdrifveri
592 889 5 18 i
613 889 92 24 gällande
721 889 111 20 förordnin-

76 923 43 18 gar,
135 918 97 23 nämligen
248 918 110 23 Kejserliga
373 917 152 24 Förordningen
537 917 20 19 af
569 919 37 18 den
623 917 25 20 17
666 918 53 19 Mars
735 917 54 20 1879
800 920 32 17 rö-

76 947 62 18 rande
161 946 132 24 fattigvården
317 947 36 19 och
372 947 113 23 Kejserliga
499 946 153 24 Förordningen
668 946 22 19 af
698 947 37 19 den
752 947 11 19 2
774 946 57 25 April

77 974 55 20 1883
149 975 85 19 rörande
251 975 124 24 lösdrifvare,
392 975 37 19 och
446 975 12 19 å
474 976 63 18 andra
549 976 56 19 sidan
616 976 107 23 allmogens
735 979 44 20 eget
792 976 39 18 till-

77 1004 125 23 vägagående
218 1008 40 15 mot
274 1005 111 22 zigenarne,
402 1004 75 19 hvilket
494 1004 60 19 borde
571 1004 81 19 baseras
668 1004 25 24 på
708 1007 29 16 ett
752 1004 81 24 upplyst

75 1032 170 24 betraktelsesätt,
260 1038 46 14 vore
326 1033 120 22 tillräckliga
457 1035 30 16 att
498 1033 126 23 undanrödja
635 1033 130 19 ofvanämnda
775 1033 56 19 miss-

75 1060 131 20 förhållande.

147 1089 29 20 De
200 1095 34 14 sex
257 1092 77 17 senaste
357 1090 58 19 årens
431 1089 115 20 erfarenhet
561 1090 36 19 har
611 1090 61 19 likväl
687 1090 35 19 allt
735 1090 97 24 tydligare

75 1118 112 24 ådagalagt,
210 1119 34 18 det
264 1119 70 18 nämda
356 1119 156 23 lagstadganden
529 1118 44 19 icke
589 1119 6 18 i
611 1119 104 23 praktiken
737 1119 22 19 sä
780 1119 52 18 iakt-

75 1147 68 23 tagits,
159 1150 29 16 att
210 1148 115 23 zigenarnes
348 1147 89 18 inrotadt
459 1147 182 23 kringströfvande,
658 1147 97 24 lätjefulla
770 1147 37 20 och
825 1147 7 19 i

75 1175 70 24 många
160 1176 82 23 stycken
259 1176 71 23 sedligt
344 1175 189 24 förderfbringande
548 1175 125 24 lefnadssätt,
694 1177 63 18 skulle
779 1177 6 18 i
809 1176 23 19 de

75 1203 84 24 trakter,
183 1205 35 18 där
240 1205 91 23 zigenare
353 1204 105 24 uppebålla
479 1205 30 22 sig
524 1205 6 18 i
547 1207 63 16 större
626 1205 61 23 antal,
703 1205 6 18 i
725 1205 108 19 nämnvärd

75 1233 47 24 grad
139 1232 58 20 hafva
212 1233 65 19 blifvit
292 1233 105 19 hämmadt.
427 1233 118 24 Tillgången
561 1233 36 19 har
612 1234 90 23 vanligen
718 1234 51 18 varit
787 1233 46 26 den,

75 1264 29 17 att
124 1261 68 19 länens
208 1264 126 21 guvernörer,
351 1262 30 19 till
396 1261 68 20 hvilka
480 1261 180 24 kringströfvande,
676 1261 22 20 af
711 1262 69 23 tiggeri
795 1262 36 19 lef-

74 1290 64 19 vande
154 1291 90 22 zigenare
260 1296 69 18 genom
344 1290 204 24 kronobetjeningens
571 1291 36 18 och
628 1290 204 20 kommunalnämder-

75 1324 36 14 nas
126 1324 142 18 gemensamma
286 1319 77 24 försorg
378 1319 91 19 afsändts
485 1319 32 19 för
532 1321 29 17 att
576 1319 21 19 af
610 1319 44 19 dem
670 1321 56 22 tagas
742 1320 6 18 i
762 1319 71 20 förhör

75 1347 36 19 och
134 1348 29 18 till
178 1347 82 19 allmänt
276 1348 66 18 arbete
359 1348 74 22 dömas,
450 1350 48 16 utan
514 1348 67 18 vidare
597 1348 107 23 omgängar
718 1348 53 24 släpt
786 1348 45 20 dem

73 1376 27 24 pä
115 1375 25 20 fri
156 1376 29 19 fot
198 1378 29 17 att
242 1376 92 20 fortsätta
350 1376 34 20 sitt
400 1376 55 20 förra
470 1376 126 19 lefnadssätt.
620 1376 87 20 Sälunda
721 1376 61 20 blifva
792 1377 40 20 alla

74 1405 68 19 lokala
157 1405 93 23 ätgärder
265 1405 31 19 för
312 1405 143 19 efterlefvande
471 1405 22 19 af
506 1405 167 23 förordningarna
683 1406 85 19 rörande
779 1406 52 23 zige-

74 1439 61 13 narne
152 1434 41 19 helt
208 1434 36 19 och
260 1434 61 19 hållet
336 1433 106 20 fruktlösa.
473 1433 51 20 Lika
540 1433 45 20 litet
595 1434 38 19 kan
645 1434 63 19 heller
718 1445 28 3 —
756 1435 23 18 sä
789 1434 42 19 vik-

75 1462 36 23 tigt
127 1463 36 18 och
180 1463 108 18 önskvärdt
304 1463 32 18 det
352 1465 25 16 än
392 1468 74 13 annars
483 1468 46 13 vore
545 1473 27 3 —
588 1463 64 23 nägon
664 1463 122 24 betydligare
797 1465 34 17 än-

142 1501 103 17 Allmänna
257 1501 169 17 Besvärsutskotteis
439 1501 112 18 betänkande
563 1502 38 16 N:o
612 1501 29 17 14.
