1070 1795
228 145 26 21 62
401 145 262 22 Motionsbetänkande
679 145 43 22 N:o
738 145 23 22 3.

197 213 67 22 lunda
286 213 116 29 anledning
424 213 33 22 till
479 217 31 18 att
531 213 70 22 under
620 213 42 21 alla
677 213 148 22 förhållanden
841 213 116 22 reformera

199 248 55 21 blott
276 248 41 21 och
339 248 48 21 bart
408 248 35 21 för
465 251 30 18 att
517 249 52 26 göra
591 255 46 14 som
652 247 73 22 andra.
755 247 94 22 Oafsedt
864 251 31 18 att
910 248 47 21 vårt

198 282 59 21 folks
274 282 85 26 sociala,
374 282 139 21 ekonomiska
529 282 41 21 och
582 281 135 29 geografiska
727 281 155 27 förhållanden,
893 282 64 21 äfven

198 317 7 20 i
221 316 123 28 jämförelse
359 316 48 21 med
422 316 52 21 våra
489 318 107 19 närmaste
611 323 110 21 grannars,
736 317 36 20 äro
788 316 24 21 så
823 317 134 27 egenartade,

199 353 32 18 att
252 350 27 21 de
296 351 46 21 icke
359 353 51 19 utan
426 351 46 20 fara
487 351 34 20 för
537 351 90 27 misstag
642 350 73 21 kunna
730 352 67 19 mätas
813 350 48 21 med
877 358 80 14 samma

198 385 61 26 mått,
284 385 39 21 bör
345 385 37 21 det
404 385 35 21 väl
461 392 63 14 anses
547 385 163 27 otvifvelaktigt
732 387 31 18 att
785 385 90 28 ingrepp
897 385 6 20 i
920 393 37 12 na-

198 420 86 20 tionens
308 419 103 28 stadgade
434 419 193 29 rättsuppfattning
649 419 55 21 först
720 418 27 22 då
763 420 22 20 är
800 418 157 29 rättfärdigadt,

200 455 39 18 när
252 453 77 21 sådant
344 453 96 28 påkallas
451 453 22 20 af
484 453 114 27 oafvisliga
608 453 72 20 behof.
702 452 61 22 Vore
775 453 36 20 det
822 453 136 28 fullständigt

200 487 137 28 ådagalagdt,
352 490 32 18 att
399 487 38 21 vår
451 487 230 21 folkskoleinstitution
697 487 48 21 icke
760 487 83 21 mäktar
860 487 97 28 bibringa

199 522 103 21 nationen
318 521 41 22 den
375 521 66 22 insikt
456 529 33 14 om
506 521 192 28 undervisningens
716 521 129 28 behöflighet
860 521 41 22 och
916 521 41 22 den

200 555 122 22 erfarenhet
344 556 22 21 af
386 556 49 21 dess
450 563 63 20 gagn,
527 563 46 14 som
590 557 23 19 är
628 563 27 14 en
670 555 80 28 borgen
765 555 35 21 för
815 558 31 19 att
861 556 96 21 kommu-

199 597 67 14 nerna
290 590 55 21 efter
367 590 57 21 hand
439 590 99 28 frivilligt
553 590 61 21 skola
627 591 79 20 inrätta
720 589 77 28 nödigt
812 590 58 21 antal
885 590 72 21 skolor

200 624 41 21 och
264 624 133 21 föräldrarna
419 624 42 21 låta
484 625 45 20 sina
554 624 53 21 barn
629 624 80 21 besöka
730 623 55 27 dem,
801 624 24 21 så
840 624 71 21 kunde
927 627 31 18 ett

200 658 95 28 värkligt
309 658 66 21 behof
390 666 62 13 anses
463 658 85 28 påkalla
559 658 153 21 statsmaktens
724 658 144 21 inskridande.
884 658 73 21 Huru-

200 692 51 21 vida
275 700 37 13 ens
334 694 8 19 i
364 692 77 21 sådant
460 692 38 21 fall
519 692 38 21 det
571 692 57 28 goda
643 699 48 14 man
707 700 72 13 vunne
793 692 49 21 icke
858 700 51 13 vore
924 692 34 21 för

200 726 50 29 dyrt
273 727 52 28 köpt
340 727 34 20 för
389 727 66 28 priset
470 726 22 21 af
507 726 41 21 den
565 727 42 20 fria
622 726 106 29 impulsen
743 727 32 20 till
791 726 96 22 sträfvan
903 726 55 21 efter

200 760 152 29 folkbildning,
374 760 72 21 kunde
468 761 35 20 väl
525 761 123 28 ytterligare
670 760 142 28 ifrågasättas.
842 760 63 21 Dock
921 760 36 21 be-

199 794 80 22 höfver
294 795 59 21 detta
368 794 103 29 spörsmål
486 794 37 21 här
539 794 48 21 icke
600 795 98 28 pröfvas;
714 798 23 25 ty
753 795 72 20 säkert
834 794 61 21 torde
906 802 51 13 vara

200 831 32 18 att
257 829 95 28 antydda
374 829 152 28 förutsättning
549 829 35 20 för
604 829 124 21 införandet
747 829 23 20 af
792 829 103 28 skolpligt
909 829 48 21 icke

200 863 39 21 hos
256 871 36 13 oss
307 863 120 21 förefinnes.
456 863 53 21 Dels
525 865 24 18 är
564 863 107 28 nämligen
687 863 39 22 vår
737 863 109 21 folkskola
857 865 55 18 ännu
923 863 34 20 för

200 905 50 20 ung,
265 897 35 21 för
315 900 31 18 att
360 897 147 21 öfverhufvud
522 897 71 28 någon
607 897 96 21 definitiv
714 897 121 21 erfarenhet
846 897 111 28 angående

199 933 118 26 gränserna
331 931 35 22 för
381 931 49 22 dess
447 931 246 29 utvecklingsmöjlighet
709 931 71 22 kunde
796 931 96 29 påvisas;
911 931 46 21 dels

200 966 38 21 har
262 966 42 21 den
327 966 75 21 hittills
420 965 67 22 under
502 966 135 28 tillämpning
653 966 23 21 af
690 966 41 21 den
748 966 135 21 kommunala
899 965 58 29 själf-

200 1000 218 28 bestämningsrätten
441 1000 113 27 onekligen
576 1001 56 20 visat
658 1008 26 13 en
709 1000 122 28 betydande
856 1000 101 21 lifskraft.

199 1034 54 21 Icke
278 1034 122 21 osannolikt
422 1041 62 21 synes
499 1034 38 21 det
552 1041 51 14 vara
618 1037 32 18 att
664 1034 71 21 denna
750 1034 67 21 under
833 1037 30 18 ett
878 1034 79 28 fjärde-

200 1068 46 21 dels
263 1069 59 21 sekel
336 1069 28 28 pä
379 1069 164 28 frivillighetens
559 1071 42 26 väg
615 1069 130 28 fortgängna
760 1069 131 27 utveckling,
903 1069 55 21 hvil-

200 1103 40 20 ken
258 1103 51 21 Uno
326 1103 105 28 Cygnus
446 1103 85 21 liknade
548 1103 37 21 vid
603 1106 43 18 »ett
661 1103 124 21 himmelens
802 1103 87 26 under»,
900 1103 57 21 inom

200 1144 26 15 en
242 1137 156 28 jämförelsevis
414 1145 49 13 snar
477 1137 89 21 framtid
581 1145 77 20 genom
674 1137 117 28 exemplets
807 1137 41 21 och
864 1137 94 21 erfaren-

199 1171 77 22 hetens
292 1172 59 21 makt
363 1171 72 22 kunde
444 1171 85 21 komma
541 1174 31 18 att
582 1171 120 28 mängfaldt
713 1174 70 25 stegra
794 1171 163 28 progressionen

199 1206 32 20 uti
254 1205 159 22 folkskolornas
436 1206 85 21 tillväxt
535 1205 42 22 och
592 1208 51 19 utan
659 1206 30 21 alt
703 1205 67 28 tväng
784 1205 101 21 realisera
900 1205 58 21 hvad

199 1239 186 29 folkbildningens
408 1242 80 19 vänner
511 1248 28 13 nu
555 1240 57 21 finna
628 1240 120 28 behöflligt;
771 1243 32 18 att
817 1239 78 22 sädant
909 1239 48 22 icke

200 1275 57 20 ännu
284 1275 57 21 skett
363 1274 41 21 och
426 1277 30 18 att
477 1274 40 21 den
541 1274 75 21 hittills
638 1274 111 28 iakttagna
764 1274 66 28 ärliga
845 1274 112 21 tillväxten

200 1309 48 20 icke
265 1316 38 21 ger
317 1309 107 21 bestämdt
438 1308 52 21 löfte
506 1309 79 26 härom,
599 1310 22 19 är
632 1308 129 21 ätminstone
771 1308 116 28 ingalunda
897 1307 60 22 bevis

200 1343 28 27 pä
243 1346 124 18 motsatsen.
392 1343 170 27 Otvifvelaktigt
578 1345 23 18 är
615 1343 36 21 väl
666 1343 102 25 däremot,
783 1345 32 18 att
829 1341 129 29 utbytandet

200 1376 23 22 af
246 1378 118 28 impulsens
386 1377 66 21 frihet
473 1380 44 18 mot
539 1377 140 28 öfverhetligt
700 1376 67 29 tväng
782 1376 92 22 känbart
889 1376 68 21 skulle

200 1411 67 21 bland
283 1413 83 26 menige
382 1419 48 13 man
445 1411 83 22 minska
543 1413 101 20 intresset
654 1411 34 21 för
700 1411 183 28 folkbildningens
894 1410 64 21 främ-

198 1445 72 28 jande.
300 1441 74 26 Äfven
396 1454 33 13 om
454 1455 77 18 genom
553 1446 79 21 allmän
647 1445 104 29 skolplikt
765 1445 42 21 den
823 1444 135 22 omedelbara

271 1486 103 17 Allnänna
386 1485 168 18 Besvärsutskottets
568 1485 111 18 betänkande
691 1485 37 17 N:o
741 1485 32 17 20.
