1070 1795
232 123 14 20 2
358 122 82 23 Ständ.
456 122 52 22 Pet.
525 135 26 3 —
566 122 152 23 Motionsbet.
734 122 41 23 N:o
789 122 22 22 3.

202 187 77 22 skilda
294 187 65 22 delar
372 188 50 21 deri
436 188 91 21 införts.

272 222 91 22 Genom
377 222 76 22 denna
462 221 139 29 förordning
610 221 124 30 förpligtas
744 221 80 30 hvarje
833 222 130 22 stadskom-

202 264 57 14 mun
273 257 9 21 i
297 257 79 22 landet
394 259 35 19 att
448 257 85 21 inrätta
553 256 44 22 och
610 257 158 28 upprätthålla
783 257 128 22 folkskolor
925 257 38 21 till

202 291 73 22 sådan
295 291 147 29 omfattning,
459 293 35 20 att
508 291 46 22 alla
569 291 57 21 barn
640 291 9 21 i
664 291 138 28 skolåldern,
818 291 79 22 hvilka
912 291 51 22 icke

202 326 8 21 i
225 325 103 22 hemmet
343 325 56 22 eller
413 333 83 14 annars
511 325 92 29 åtnjuta
617 325 175 29 undervisning,
803 325 79 22 kunna
892 325 9 22 i
911 325 52 22 dem

202 362 116 27 mottagas
333 361 75 20 såsom
423 360 82 21 elever.
535 360 110 21 Deremot
660 363 25 18 är
696 359 24 22 åt
730 360 233 21 landskommunerna

202 394 32 22 fri
253 393 183 23 beslutanderätt
458 393 160 23 öfverlemnad
636 394 10 21 i
665 394 110 22 afseende
795 395 13 21 &
825 393 137 23 folkskolors

201 428 134 22 inrättande
351 428 43 22 och
408 428 124 29 placering.

272 463 120 28 Frivilligt
406 462 43 22 och
463 464 57 20 utan
533 462 157 29 påtryckning
706 463 27 21 af
745 465 62 26 yttre
821 463 86 28 lagbud
922 463 41 21 har

202 499 86 20 största
307 497 67 22 delen
393 497 26 22 af
431 497 112 22 Finlands
561 497 210 28 landskommuner,
787 497 9 22 i
811 497 151 22 medvetande

202 538 38 15 om
263 531 206 29 nödvändigheten
493 531 43 22 och
561 533 85 27 nyttan
668 531 27 22 af
715 531 61 22 ökad
797 531 164 29 folkbildning,

201 565 153 22 underkastat
368 566 37 29 sig
418 565 132 29 betydande
564 566 127 28 pekuniära
705 566 165 29 uppoffringar,
881 566 36 22 för
927 568 35 19 att

202 601 86 21 bereda
309 601 51 21 sina
378 601 58 21 barn
455 601 94 21 tillfälle
569 603 34 19 att
620 601 105 21 inhemta
745 601 136 28 kunskaper.
911 601 52 22 Den

201 635 137 28 utveckling
360 635 158 22 folkskolorna
539 635 64 22 inom
622 635 235 22 landskommunerna
879 635 84 22 vunnit

201 669 76 22 under
292 669 28 22 de
334 671 90 20 senaste
439 669 68 29 tjugu
521 670 54 21 åren
586 669 102 29 framgår
697 677 29 14 ur
734 669 179 29 nedanintagna,
924 669 36 22 för

202 703 133 22 ändamålet
349 703 129 30 uppgjorda
492 703 78 22 tabell.

834 819 57 18 Antal
903 824 40 17 per-

687 830 113 18 Landskom-

240 859 75 18 Tael.
334 831 21 79 |
366 848 62 46 Aas!
446 831 14 79 |
474 848 62 46 at!
562 847 1 30 |
587 848 60 46 Aut!
663 831 15 79 |
696 835 98 42 munema
821 849 136 45 RSA

562 878 1 60 |
687 887 113 23 Folkmängd.
815 883 12 48 |
842 905 98 18 polkskola.

232 981 92 17 1872—73
397 977 31 29 183
504 981 33 17 185
603 981 49 20 7,155
700 980 91 21 1,695,899
873 980 49 21 9,267

233 1015 92 18 1877—78
395 1015 33 17 357
503 1015 34 17 363
591 1011 61 29 13,447
700 1015 91 21 1,813,707
873 1015 51 20 5,080

233 1049 92 18 1882—83
391 1045 37 30 536
503 1045 34 30 548
590 1049 62 22 20,899
700 1045 91 29 1,931,006
873 1049 50 21 3,603

234 1080 92 29 1887—88
396 1084 32 17 755
505 1084 32 17 777
590 1083 62 22 28,346
699 1079 92 30 2,066,177
873 1083 49 21 2,737

233 1118 92 18 1892—93
379 1118 49 22 1,032
487 1111 50 33 1,085
589 1118 63 22 40,426
667 1111 15 33 |
699 1118 92 21 2,181,036
873 1117 50 22 2,113

272 1193 74 21 Dessa
360 1192 76 21 siffror
451 1192 148 29 ädagalägga,
610 1194 34 19 att
655 1192 29 21 de
694 1193 26 20 af
728 1193 235 21 landskommunerna

201 1227 117 21 inrättade
339 1227 142 21 folskolorna
501 1227 25 20 är
544 1227 37 21 för
595 1227 25 21 är
634 1227 43 21 allt
691 1227 117 28 hastigare
824 1227 65 21 ökats
904 1229 59 19 samt

202 1263 35 20 att
252 1261 141 22 elevantalet
407 1261 73 22 likasä
494 1261 104 22 befinner
613 1261 37 29 sig
664 1261 9 22 i
688 1262 77 28 stadig
780 1261 99 22 tillväxt.
909 1261 54 22 Men

202 1295 78 22 denna
301 1296 89 28 ökning
410 1295 26 22 af
453 1295 138 22 elevantalet
612 1296 67 21 beror
698 1296 70 22 äfven
788 1296 27 21 af
827 1295 46 22 den
891 1295 72 22 totala

201 1330 179 29 folkökningen.
410 1330 46 21 Till
470 1330 125 29 belysande
610 1330 26 21 af
650 1330 64 22 detta
729 1329 145 22 förhällande
889 1333 25 17 är
924 1329 39 21 det

201 1364 27 22 af
241 1364 53 29 vigt
310 1367 34 19 att
358 1365 78 21 känna
447 1364 59 22 huru
516 1366 48 20 stor
573 1364 38 22 del
621 1364 25 22 af
654 1365 45 21 alla
708 1365 58 21 barn
776 1364 9 22 i
795 1364 167 22 äldersklassen

201 1400 14 21 9
230 1399 39 21 till
288 1401 26 20 13
330 1400 24 21 är
368 1399 74 22 under
456 1399 67 22 hvart
538 1399 43 22 och
596 1401 34 20 ett
640 1399 26 22 af
674 1399 29 22 de
713 1399 72 22 ofvan
797 1399 97 28 angifna
904 1399 60 21 skol-

202 1433 53 20 åren
273 1433 51 20 icke
339 1433 83 20 besökt
436 1433 71 30 högre
523 1433 120 20 folkskola.
666 1434 84 29 Finligt
760 1433 131 22 Ständema
901 1433 62 19 med-
