1070 1795
261 131 12 20 6
416 130 278 23 Petitionsbetänkande
710 131 43 22 N:o
769 129 36 23 19.

230 191 177 23 folkskollärare
424 193 42 22 och
481 193 146 27 -lärarinnor,
643 193 112 21 särskildt
769 193 9 21 i
790 192 63 29 syfte
863 194 35 20 att
908 192 83 22 bereda

232 226 52 22 dem
300 227 93 22 tillfälle
408 229 35 20 att
457 229 56 27 taga
527 227 133 22 kännedom
670 234 38 15 om
719 227 270 29 slöjdundervisningens

231 261 112 29 framsteg
349 261 40 22 vid
396 261 165 22 seminarierna
570 261 43 22 och
622 261 66 22 deras
696 261 176 22 normalskolor.
893 261 95 28 Tydligt

232 299 25 18 är
272 295 59 22 dock
338 298 35 19 att
388 295 66 22 dessa
461 303 49 14 mer
519 296 56 21 eller
583 296 89 21 mindre
687 295 121 29 tillfälliga
816 295 44 22 och
870 298 56 19 utan
934 296 55 21 fast-

231 330 76 21 stälda
321 330 101 28 grunder
438 330 118 29 bortgifna
572 330 128 29 stipendier
720 329 53 22 icke
796 333 39 18 äro
851 329 89 29 egnade
955 332 35 19 att

231 364 9 21 i
254 364 129 21 nämnvärd
394 364 57 29 grad
461 364 83 29 främja
559 367 34 18 ett
609 364 115 27 ändamål,
740 364 37 21 för
792 363 69 22 hvars
872 363 116 22 vinnande

232 399 97 27 medlen,
345 406 28 14 ur
388 398 79 22 hvilka
483 399 66 21 dessa
567 399 128 29 stipendier
709 401 74 27 tagas,
799 398 38 22 för
852 398 72 29 öfrigt
938 398 50 22 icke

232 433 99 21 behöfva
354 433 118 22 användas
497 434 44 21 och
563 434 8 20 i
594 433 83 28 sjelfva
701 434 83 21 verket
811 433 82 21 endast
915 432 72 22 delvis

232 467 122 22 användts.
384 467 46 22 Vid
455 471 90 18 senaste
569 467 117 22 allmänna
710 467 180 22 folkskolemöte
914 468 74 26 (1893)

231 501 116 22 uttalades
366 501 77 22 därför
465 502 70 21 också
558 501 114 29 enhälligt
694 501 40 22 det
757 501 182 28 önskningsmål,
955 503 35 19 att

230 535 249 22 folkskollärarekåren
488 536 36 21 för
533 536 35 21 sin
578 536 80 21 vidare
666 536 137 28 utbildning
813 536 9 21 i
832 536 73 21 kallet
918 535 71 22 måtte

230 570 110 21 försättas
352 571 8 20 i
369 570 92 21 tillfälle
470 573 35 19 att
518 571 132 21 auskultera
663 570 200 28 undervisningen
874 570 8 21 i
893 570 95 21 semina-

230 605 46 20 rier
292 605 55 21 eller
362 604 134 27 folkskolor,
513 605 43 21 och
571 605 30 28 på
616 605 89 28 förslag
716 604 26 22 af
748 606 84 19 mötets
844 603 144 29 ordförande,

232 634 207 34 Öfverinspektorn
460 639 35 22 för
518 639 166 26 folkskolorna,
701 639 102 22 fattades
823 639 112 21 likaledes
951 646 38 14 en-

230 673 86 29 hälligt
337 674 103 29 följande
462 674 127 21 resolution
611 674 9 21 i
640 673 93 29 frågan:
757 676 46 24 ,att
819 673 170 28 Skolöfversty-

230 707 75 22 relsen
320 708 62 26 ville,
398 708 36 22 för
453 708 129 22 beredande
602 708 26 21 af
645 708 81 21 vidare
741 707 136 29 utbildning
892 708 24 21 åt
930 707 58 22 folk-

231 742 269 29 skollärarepersonalen,
516 743 96 28 vidtaga
630 743 87 21 sådana
732 741 115 30 åtgärder,
864 745 35 18 att
914 741 75 22 denna

230 776 114 21 komme
330 772 17 37 i
368 777 135 28 åtnjutande
525 777 26 21 af
567 777 89 21 mindre
678 777 128 28 stipendier
821 776 36 21 för
873 776 116 21 auskulte-

230 811 54 28 ring
299 811 25 21 af
337 811 197 29 undervisningen
550 811 8 22 i
573 812 135 21 seminarier
724 811 57 21 eller
795 810 145 22 folkskolor".

299 845 120 22 Ehuruväl
434 846 40 21 vid
489 846 84 21 sådant
587 846 147 21 förhållande
750 845 51 22 skäl
816 845 75 22 finnas
902 845 36 22 för
949 853 38 13 an-

230 880 118 27 tagandet,
365 882 34 18 att
414 880 147 29 Regeringen
583 880 118 29 sjelfmant
722 880 61 21 skall
798 879 79 21 skrida
892 879 36 21 till
942 879 45 21 för-

229 913 163 29 verkligandet
414 914 26 21 af
456 914 64 21 detta
539 914 270 25 folkskollärarekårens,
826 914 52 21 med
893 913 72 29 syftet
979 914 8 21 i

230 947 152 22 förevarande
397 949 231 28 petitionsmemorial
646 948 261 27 öfverensstämmande,
922 949 8 20 i
945 948 42 21 Ut-

230 982 98 22 skottets
344 983 70 21 tanke
430 983 54 21 fullt
499 983 81 29 billiga
596 983 183 28 önskningsmål,
791 990 68 14 anser
868 982 119 23 Utskottet

230 1016 36 29 sig
282 1017 72 21 likväl
372 1017 53 22 böra
440 1017 119 29 tillstyrka
573 1025 29 14 en
618 1017 195 29 ständerpetition
828 1017 8 21 i
847 1017 76 21 denna
932 1017 55 21 rikt-

229 1051 65 29 ring,
310 1051 30 22 då
354 1051 88 29 förslag
457 1052 78 21 därtill
552 1052 78 21 blifvit
644 1052 78 27 väckt,
737 1052 44 21 och
792 1054 34 19 ett
838 1051 149 28 afstyrkande

229 1085 53 22 från
298 1086 142 21 Ständernas
456 1087 49 21 sida
521 1087 77 21 kunde
614 1087 76 22 tolkas
706 1087 75 21 såsom
797 1085 123 22 utvisande
935 1085 52 22 obe-

229 1120 117 28 nägenhet
362 1123 35 18 att
410 1121 30 28 gå
454 1121 63 21 detta
535 1121 175 29 önskningsmål
725 1121 37 22 till
779 1124 80 18 mötes.

298 1155 69 21 Hvad
390 1155 28 21 de
440 1159 103 18 närmare
566 1156 206 28 bestämningarna
795 1155 98 22 rörande
915 1154 72 29 syftet

228 1188 54 21 med
303 1189 178 28 ifrågavarande
503 1190 127 29 stipendier
652 1191 79 28 angår,
748 1191 25 20 så
795 1190 41 21 har
851 1189 135 29 visserligen

228 1223 121 21 Utskottet
372 1224 62 21 varit
454 1224 26 21 af
495 1224 45 21 den
556 1225 67 27 åsikt,
640 1227 34 19 att
692 1225 119 21 desamma
825 1224 162 28 förnämligast

228 1257 72 21 borde
326 1258 119 21 användas
472 1259 30 28 på
533 1261 46 19 sätt
610 1259 156 28 petitionären
794 1259 43 21 och
862 1258 124 22 folkskole-

228 1294 75 19 mötet
324 1291 76 22 afsett.
430 1293 53 20 Men
506 1293 31 21 då
559 1300 83 21 genom
668 1301 28 13 en
719 1293 150 28 bestämning
888 1293 8 21 i
911 1292 75 22 denna

227 1326 107 28 riktning
357 1326 149 28 möjligheten
529 1327 78 21 blefve
628 1328 118 20 utesluten
765 1327 37 21 till
818 1327 167 28 stipendiernas

227 1360 153 28 användning
402 1360 8 21 i
433 1361 96 21 enstaka
552 1361 42 21 fall
614 1362 30 28 på
664 1365 72 18 annat
751 1362 109 28 lämpligt
876 1361 43 22 och
934 1361 51 22 med

227 1394 164 29 hufvudsyftet
406 1395 111 29 förenligt
532 1398 52 25 sätt,
601 1399 15 18 t.
633 1403 33 14 ex.
684 1397 76 21 såsom
778 1396 83 29 bidrag
876 1397 37 21 till
928 1396 57 22 före-

226 1429 113 28 tagandet
354 1429 27 21 af
394 1437 28 13 en
443 1430 90 21 kortare
554 1431 127 21 studieresa
700 1431 37 21 till
758 1431 29 21 de
805 1431 180 22 skandinaviska

297 1469 102 18 Allmänna
411 1469 168 19 Besvärsutskottets
592 1471 110 18 betänkande
714 1471 38 18 N:o
765 1472 29 17 15.
