1070 1795
258 125 14 19 4
419 124 277 22 Petitionsbetänkande
712 125 45 21 N:o
772 124 23 21 8.

230 191 56 22 eller
296 192 64 21 bevis
372 191 25 22 af
406 192 160 29 kronofogden
577 193 42 20 och
630 192 352 28 kommunaluppbördsmannen

229 225 113 27 deröfver,
352 229 34 18 att
396 226 71 29 sagda
477 226 121 29 utskylder
609 227 91 28 erlagts,
713 227 118 20 äfvensom
841 226 70 29 intyg
918 226 65 21 öfver

229 262 35 19 att
280 260 117 21 sökanden
413 261 50 20 icke
480 261 47 20 står
542 261 72 20 under
630 269 88 13 annans
735 261 170 28 målsmanskap
927 261 55 20 eller

229 294 194 21 husbondevälde.
454 295 34 20 De
513 295 167 25 omkostnader,
704 302 49 14 som
777 294 162 21 anskaffandet
959 294 26 21 af

228 328 67 21 dessa
318 329 62 21 bevis
406 329 95 26 medför,
529 329 66 21 äfven
622 337 36 14 om
684 329 39 21 vid
749 337 28 13 en
804 332 47 18 rätt
879 328 103 29 uppfatt-

228 363 58 28 ning
309 363 25 21 af
353 363 165 29 kungörelsens
537 364 60 20 anda
612 364 43 21 och
671 364 96 27 mening
782 364 73 27 några
870 363 25 21 af
909 363 50 21 dem
974 363 8 20 i

228 397 62 21 vissa
305 397 43 21 fall
363 398 79 21 kunna
457 398 121 26 undvaras,
596 398 71 21 blifva
682 399 8 20 i
706 398 82 28 sjelfva
803 398 81 20 verket
895 397 88 29 ganska

228 432 103 20 känbara
347 432 35 21 för
398 432 27 21 de
441 432 88 21 mindre
547 432 138 27 bemedlade,
697 433 60 20 helst
768 432 214 21 häradsskrifvaren

228 469 44 18 och
294 466 159 29 kronofogden
477 466 48 21 ofta
545 467 29 21 bo
595 467 54 20 flere
671 467 41 20 mil
727 467 50 20 från
794 466 130 21 hvarandra
940 465 41 22 och

228 499 52 22 från
297 501 123 20 sökanden.
448 501 36 21 En
501 501 102 28 lindring
618 501 7 20 i
642 501 65 21 dessa
723 501 76 21 vilkor
807 508 68 21 synes
886 500 96 21 sålnnda

228 542 56 13 vara
300 535 25 20 af
338 535 227 28 omständigheterna
580 535 116 28 påkallad.

297 563 184 22 Vidkommande
505 565 48 20 åter
576 564 155 27 arbetsbetyg,
752 563 45 21 kan
817 563 82 21 sådant
915 563 66 21 ostri-

228 597 52 28 digt
302 598 102 28 utgifvas
424 598 87 29 jemväl
535 599 22 20 åt
581 598 49 27 den,
654 605 49 14 som
726 598 47 20 står
797 597 74 21 under
893 604 88 14 annans

228 632 177 27 målsmanskap,
429 633 58 21 blott
505 633 157 20 målsmannen
679 632 78 21 dertill
773 632 140 28 samtycker;
929 639 52 13 men

228 667 70 20 också
321 667 36 20 för
383 667 65 21 dessa
471 667 81 28 betygs
577 667 138 28 utgifvande
740 666 90 21 fordras
857 665 124 28 utredning

228 701 86 26 därom,
338 704 34 18 att
394 701 117 21 sökanden
534 701 78 21 blifvit
635 701 126 27 behörigen
777 700 202 21 mantalsskrifven

227 737 62 18 samt
309 735 73 21 betalt
404 736 50 20 sina
476 735 81 21 krono-
580 735 41 21 och
644 735 150 20 kemmunala
808 734 120 27 utskylder
943 733 36 22 för

227 772 54 18 näst
303 769 138 28 föregående
463 770 30 20 år.
515 769 69 21 Hvad
603 769 70 21 ofvan
688 769 8 20 i
712 769 66 28 fråga
794 776 36 13 om
845 768 134 28 flyttnings-

228 803 102 28 betygen
349 804 117 20 anmärkts
482 811 35 14 om
534 803 27 21 de
578 803 93 21 dermed
686 803 132 21 förbundna
835 802 70 21 altför
919 805 62 18 stora

227 837 162 28 kostnaderna,
412 838 73 28 gäller
507 838 9 21 i
538 841 62 18 ännu
623 838 71 27 högre
717 837 58 28 grad
796 837 183 28 arbetsbetygen.

227 872 74 21 Dessa
315 872 108 21 behöfvas
440 872 71 21 oftare
528 872 42 21 och
585 872 128 28 utgifterna
728 871 73 22 blifva
813 871 7 21 i
831 879 86 13 samma
928 878 53 14 mon

227 914 64 13 mera
313 907 154 28 betungande.
503 907 52 20 Men
579 907 50 26 den,
652 914 49 13 som
724 906 36 21 för
783 909 34 18 att
840 905 84 21 lifnära
946 905 35 28 sig

227 941 74 20 måste
323 941 87 21 vandra
432 941 51 21 från
507 944 34 18 ort
562 941 37 21 till
622 944 42 23 ort,
688 941 42 20 allt
753 940 58 21 efter
827 947 48 14 som
888 939 93 22 tillfälle

227 975 38 20 till
288 975 184 28 arbetsförtjenst
494 983 73 20 yppar
588 975 40 28 sig,
645 975 42 21 har
702 975 75 20 sällan
793 975 41 21 råd
849 974 37 21 till
902 974 79 28 dylika

227 1009 99 28 utgifter
348 1009 42 22 och
412 1010 45 20 kan
479 1010 116 27 svårligen
610 1009 142 21 underkasta
767 1009 36 28 sig
818 1009 97 21 berörda
930 1008 51 21 med

227 1043 144 28 tidsutdrägt
386 1043 129 22 förbundna
529 1045 131 27 omgångar.
691 1039 34 25 Är
738 1044 49 20 åter
797 1043 184 28 arbetsbetygets

228 1078 133 21 erhållande
384 1078 106 21 förenadt
513 1078 51 21 med
587 1078 150 28 svårigheter,
761 1077 45 21 blir
827 1077 87 28 följden
930 1077 51 24 den,

228 1115 34 18 att
286 1112 119 21 arbetaren
428 1112 104 29 begifver
555 1113 35 27 sig
612 1112 52 21 från
687 1112 120 21 hemorten
827 1115 57 17 utan
903 1111 76 28 betyg.

226 1146 85 21 Dertill
335 1150 25 17 är
382 1147 46 20 han
452 1147 67 20 äfven
542 1146 155 26 oförhindrad,
714 1149 55 18 enär
785 1153 95 13 numera
896 1145 85 21 enhvar

227 1181 115 21 arbetsför
366 1181 60 20 finsk
451 1181 148 28 medborgare
615 1181 68 20 äfven
699 1184 56 17 utan
773 1180 148 27 arbetsbetyg
936 1179 45 21 kan

227 1215 73 21 vistas
323 1215 30 28 på
375 1215 95 21 hvilken
494 1219 35 17 ort
550 1216 8 19 i
581 1215 79 20 landet
682 1215 45 20 han
749 1214 108 28 behagar,
880 1221 36 14 om
936 1214 45 21 han

227 1249 62 21 blott
310 1250 29 27 på
362 1249 69 28 ärligt
454 1252 45 18 sätt
520 1249 85 21 skaffar
624 1250 36 27 sig
681 1249 41 21 sitt
738 1249 123 28 uppehälle
873 1248 43 21 och
930 1248 51 21 icke

226 1283 108 22 beträdes
359 1283 51 22 med
436 1283 99 28 osedligt
560 1284 55 20 eller
639 1283 121 28 vanartigt
782 1283 109 20 lefverne.
928 1283 53 20 Men

227 1317 30 22 då
281 1318 50 26 den,
355 1325 48 14 som
422 1318 8 21 i
446 1319 39 20 sitt
501 1318 76 21 arbete
593 1321 96 25 antager
705 1317 43 21 och
764 1317 119 28 begagnar
898 1317 83 27 någon,

226 1352 96 21 hvilken
346 1352 50 20 icke
418 1352 126 28 veterligen
560 1352 36 20 till
612 1351 180 22 arbetssökande
807 1351 64 27 ledig
886 1354 25 17 är
926 1350 55 21 eller

226 1386 38 21 sin
286 1389 46 18 rätt
356 1386 77 21 dertill
456 1386 51 21 med
523 1386 106 28 behörigt
645 1387 69 27 intyg
730 1386 91 27 styrker
837 1387 59 19 samt
912 1384 69 22 sedan

226 1421 75 21 finnes
317 1422 35 20 stå
367 1421 73 21 under
456 1428 87 14 annans
559 1420 195 25 husbondevälde,
771 1423 31 22 är,
818 1419 51 22 ifall
883 1419 98 22 husbon-

299 1460 181 18 Ekonomiutskottets
492 1461 109 17 betänkande
613 1460 37 17 N:o
662 1461 18 16 3.
