1070 1795
251 109 41 21 146
320 121 2 2 :
442 109 232 22 Petitionsbetänkande
690 110 36 21 N:o
740 110 21 21 2.

555 235 91 18 19—21.

291 293 261 22 Petitionsmemorialen
576 294 82 21 19—21
683 295 71 20 nafva
776 295 123 26 handlagts
919 295 6 20 i
944 297 36 19 ett

222 328 110 21 samband
349 329 51 21 med
416 329 42 20 den
473 329 83 26 nädiga
571 329 169 26 propositionen
756 329 42 20 N:o
813 328 34 24 24,
864 328 115 27 angäende

222 362 78 22 vidare
314 363 240 27 jernvägsbyggnader
569 363 6 20 i
591 363 84 26 landet,
692 363 42 22 och
745 363 92 26 päkalla
849 363 77 21 derför
938 363 41 20 här

222 397 50 22 icke
286 397 120 22 utlätande
421 397 51 22 frän
487 397 132 23 utskottets
636 398 54 21 sida.

292 615 43 21 Vid
358 615 164 27 behandlingen
546 615 25 21 af
591 615 43 22 den
652 615 82 27 nädiga
753 616 170 26 propositionen
939 615 41 21 N:o

222 649 34 26 24,
276 649 116 27 angående
411 650 76 21 vidare
506 650 241 27 jernvägsbyggnader
767 650 7 20 i
790 650 84 27 landet,
891 650 41 21 har
947 654 34 17 ut-

223 684 91 21 skottet
331 686 59 19 trott
410 685 34 26 sig
461 684 56 21 böra
536 685 41 20 hos
593 684 129 22 Ständerna
737 684 85 21 föreslä
837 690 28 15 en
881 684 100 27 petition

223 724 37 15 om
279 718 159 27 föreläggande
457 719 26 20 af
499 719 67 26 nädig
580 719 141 26 proposition
737 719 35 20 till
787 719 70 21 nästa
871 719 110 26 landtdag

223 753 115 26 angäende
354 753 130 27 byggandet
500 753 26 21 af
539 759 27 15 en
581 753 95 26 jernväg
692 753 49 20 frän
758 753 104 20 Suolahti
878 752 34 21 till
928 752 52 21 Suo-

224 787 98 26 nenjoki.
352 787 76 22 Ehuru
451 787 132 22 utförandet
606 787 6 21 i
632 787 71 22 sädan
722 787 103 26 riktning
841 787 26 20 af
880 793 28 15 en
924 792 57 15 sam-

224 822 235 27 manbindningsbana
479 822 97 21 emellan
591 822 63 21 Vasa
670 822 42 21 och
728 821 112 22 Savolaks
855 821 126 26 jernvägar

224 856 50 21 icke
297 857 50 20 med
374 856 169 27 nödvändighet
565 857 115 21 utesluter
703 862 27 15 en
754 856 109 21 framtida
886 856 95 26 jernväg

224 890 51 21 frän
298 891 130 26 Jyväskylä
447 890 34 21 till
501 891 189 21 Savolaksbanan
704 891 86 26 jemväl
806 891 7 20 i
828 896 63 15 mera
907 889 74 28 sydlig

225 925 139 26 sträckning,
388 925 46 21 kan
455 925 74 21 denna
553 930 80 16 senare
656 925 72 20 banas
751 925 122 20 utförande
897 923 57 22 dock
975 923 8 21 i

224 959 67 26 ingen
314 959 108 22 händelse
440 959 93 21 komma
552 959 72 27 ifräga
640 959 47 20 förr
702 961 30 18 än
748 959 7 20 i
771 965 28 15 en
813 958 169 27 jemförelsevis

224 993 101 26 aflägsen
341 993 99 26 framtid,
456 993 95 21 hvarför
566 993 118 22 utskottet
700 993 35 21 fär
751 993 94 22 föreslä:

431 1051 32 19 att
478 1050 175 27 ifrägavarande
666 1049 194 28 petitionsförslag
875 1049 69 21 mätte
957 1048 30 27 af

364 1083 127 22 Ständerna
507 1085 84 20 lemnas
606 1086 57 19 utan
678 1085 109 27 afseende.

559 1244 89 18 23—23.

294 1299 77 26 Äfven
394 1303 37 21 vid
454 1305 93 20 senaste
570 1303 108 26 landtdag
704 1302 142 21 inlemnades
870 1301 113 22 särskilda

224 1337 203 27 petitionsförslag,
443 1337 141 21 beträffande
601 1337 299 25 sammanbindningsbanor
917 1335 66 22 emel-

224 1372 38 21 lan
285 1371 112 22 Savolaks
418 1372 41 21 och
479 1371 114 22 Karelska
610 1372 102 21 banorna
727 1371 7 20 i
751 1370 96 28 ungefär
863 1369 120 23 enahanda

224 1406 134 27 riktningar,
382 1412 50 15 som
453 1406 6 21 i
479 1412 31 15 nu
525 1405 175 28 ifrägavarande
722 1405 199 28 petitionsförslag
939 1404 43 21 för-

294 1456 202 18 Petitionsbetänkande
507 1456 38 18 N:o
557 1456 18 18 2.
