1070 1795
248 140 82 23 Ständ.
346 140 53 23 Pet.
416 153 27 3 —
459 141 172 22 Petitionsbet.
647 141 41 23 N:o
704 141 36 22 33.
833 143 14 20 9

184 206 25 27 b)
225 205 144 24 beträffande
384 206 120 29 förslagen
520 207 85 27 derom,
622 209 34 19 att
672 209 77 20 staten
757 207 71 22 måtte
841 207 33 22 öf-

115 242 96 27 vertaga
234 241 43 21 och
300 241 35 21 till
352 241 139 28 femklassig
506 241 98 28 utvidga
620 242 107 21 enskilda
742 242 132 21 samskolan

113 275 8 21 i
144 275 84 28 Hangö
251 277 61 20 samt
334 275 88 22 inrätta
444 275 154 29 femklassiga
614 276 166 22 mellanskolor
795 277 8 21 i
819 276 55 22 Fre-

114 309 141 29 drikshamn,
272 310 88 22 Iisalmi
377 311 43 21 och
436 310 105 29 Nurmes,

390 410 34 20 att
440 408 109 29 Styrelsen
561 409 9 22 i
580 409 160 29 sammanhang
750 409 45 23 med
805 409 68 29 sagda

320 443 108 28 pröfning
445 444 80 27 jemväl
545 446 46 26 toge
605 444 9 21 i
629 444 162 29 öfvervägande,
806 444 66 22 huru-

318 477 52 22 vida
393 477 148 23 mellanskolor
563 479 28 27 af
609 479 83 28 antydä
707 481 35 20 art
753 479 30 28 pä
798 478 73 28 vilkor,

319 519 45 14 som
389 512 110 28 Styrelsen
521 513 44 22 kan
584 513 64 28 finna
666 514 79 28 skäligt
758 513 113 29 fastställa,

319 547 73 22 kunde
414 548 137 28 organiseras
572 548 64 28 äfven
656 549 14 21 &
685 549 71 22 andra
771 550 56 20 orter
842 551 29 19 än

319 581 9 22 i
344 582 26 21 de
385 582 78 27 städer,
481 582 8 22 i
499 582 72 22 hvilka
582 583 118 28 fyrklassig
710 583 57 22 skola
777 583 35 28 för
819 585 52 20 när-

319 617 99 22 varande
432 617 72 28 finnes
518 617 97 29 förlagd;
628 620 57 20 samt

181 716 21 25 c)
226 714 142 22 beträffande
384 715 119 28 förslagen
519 722 38 14 om
572 715 154 29 fullständiga
741 716 128 29 reallinjers

111 749 133 21 inrättande
260 749 40 21 vid
315 749 115 22 klassiska
445 749 108 29 lyceerna
568 750 8 21 i
590 749 83 30 Borgä,
685 750 130 29 Jyväskylä
827 751 43 21 och

112 783 122 28 Uleäborg,

386 849 32 20 att
439 847 132 29 statsbidrag
593 848 33 21 till
644 848 54 28 efter
712 849 157 28 omständighe-

317 883 62 21 terna
400 881 100 29 lämpade
523 882 72 28 belopp
619 883 65 21 måtte
699 883 99 29 tilläggas
813 884 56 21 real-

320 916 60 28 linje,
396 923 44 15 som
452 917 32 27 på
498 917 114 22 kommuns
627 917 51 22 eller
693 918 83 22 enskild
791 918 77 21 bekost-

316 951 46 22 nad
376 951 157 28 upprätthålles
547 952 37 21 vid
598 952 100 22 klassiskt
712 953 86 27 lyceum.

178 1014 112 22 Finlands
306 1014 99 22 Ständer
420 1015 133 22 framhärda
568 1017 44 20 etc.

179 1060 153 29 Helsingfors,
349 1061 45 22 den
410 1063 27 20 23
453 1061 45 29 Maj
518 1062 63 21 1894.
