1070 1795
107 430 299 33 Storfurstendömet
430 429 153 33 Finlands
609 429 153 32 Ständers

350 501 172 28 beslut,

181 561 86 22 fattadt
283 561 40 22 och
340 560 71 29 gifvet
427 560 13 23 å
457 560 90 29 lagtima
563 560 132 28 landtdagen

327 613 7 20 i
354 612 193 27 Helsingfors,

292 665 54 21 den
369 665 14 21 2
405 665 74 21 Juni
503 665 83 21 1894.

125 744 27 21 Vi
167 744 143 27 efterskrifne,
333 745 204 22 Storfurstendömet
552 744 101 22 Finlands
668 743 92 22 Ständer
775 743 39 21 och

57 779 80 21 Finska
151 779 79 22 folkets
244 779 188 27 Representanter,
448 779 135 26 Ridderskap
599 779 39 21 och
653 778 61 27 Adel,
730 778 85 21 Preste-

57 813 70 26 stånd,
150 813 157 27 Borgareständ
326 814 39 21 och
380 814 144 27 Bondeständ,
547 813 73 22 hvilka
634 819 30 15 nu
679 813 33 21 till
727 813 88 26 lagtima

57 847 103 28 landtdag
174 848 128 21 församlade
317 849 61 26 varit,
400 850 52 25 göre
470 848 109 27 veterligt:
594 849 33 20 att
642 853 44 16 som
701 847 41 22 den
758 847 58 21 Stor-

57 882 119 27 mäktigste,
203 882 115 27 Högborne
339 882 92 21 Fursten
454 882 40 22 och
517 883 89 25 Herren,
629 881 122 21 Alexander
774 881 41 21 den

57 916 82 27 Tredje,
158 916 88 27 Kejsare
262 917 39 20 och
317 916 165 27 Sjelfherrskare
497 916 60 21 öfver
571 916 49 21 hela
634 915 112 28 Ryssland,
763 915 53 22 Tsar

56 950 23 21 af
100 950 72 25 Polen,
196 950 119 22 Storfurste
338 951 32 21 till
392 951 91 21 Finland
502 953 40 19 etc.
562 952 40 20 etc.
618 951 46 25 etc.,
688 949 44 22 Vår
747 950 69 21 Aller-

56 985 97 26 nädigste
176 985 118 22 Storfurste
309 985 39 21 och
364 985 68 30 Herre
447 986 7 21 i
469 986 67 21 näder
551 985 93 27 behagat
659 990 75 21 genom
750 986 65 25 öppet

57 1018 48 21 bref
123 1019 40 20 och
178 1019 72 26 påbud
266 1019 22 21 af
302 1020 39 21 den
357 1013 16 37 5
386 1017 29 36 ja
432 1020 55 21 1893
502 1019 59 22 kalla
576 1019 39 22 Oss
631 1021 33 19 att
679 1019 41 21 den
736 1019 27 20 22
779 1019 36 20 Ja-

57 1053 60 21 nuari
140 1054 143 21 innevarande
302 1054 24 21 år
340 1054 188 26 sammankomma,
551 1053 64 22 hafva
629 1053 27 21 Vi
672 1053 143 22 nästnämnda

58 1087 41 27 dag
115 1087 39 22 Oss
170 1088 39 21 här
224 1088 6 21 i
246 1088 132 27 Helsingfors
394 1089 100 21 infunnit.

125 1121 143 28 Begynnande
290 1122 44 21 Vår
355 1122 138 22 verksamhet
516 1123 67 20 under
605 1122 85 21 äkallan
716 1122 39 21 och
773 1122 43 21 bön

57 1162 34 15 om
114 1156 41 21 den
175 1156 93 27 Högstes
283 1157 125 26 välsignelse
424 1156 60 21 öfver
498 1157 51 21 våra
564 1157 102 26 göromål,
682 1156 64 21 hafva
761 1156 26 21 Vi
803 1156 13 21 ä

57 1190 108 21 tronsalen
181 1191 41 21 den
237 1191 27 20 26
280 1191 7 21 i
302 1191 106 26 sistsagda
424 1191 77 21 mänad
516 1190 41 22 fätt
572 1191 33 21 del
621 1191 23 21 af
657 1190 107 22 särskilda
779 1191 37 20 nä-

57 1225 49 26 diga
128 1225 157 26 propositioner
307 1225 39 21 och
364 1225 86 27 förslag,
474 1225 71 22 hvilka
560 1225 59 21 Hans
635 1225 119 27 Kejserliga
769 1225 46 21 Ma-

55 1259 65 26 jestät
142 1259 59 21 velat
217 1259 39 22 Oss
272 1259 116 27 förelägga.
418 1259 75 22 Under
507 1259 125 27 fortgängen
648 1259 23 22 af
684 1259 132 27 landtdagen

57 1293 38 21 har
110 1293 60 22 Hans
185 1293 119 28 Kejserliga
320 1293 99 27 Majestät
434 1294 50 21 lätit
499 1294 33 21 till
548 1293 40 22 Oss
603 1293 125 27 ytterligare
746 1294 70 21 öfver-

56 1327 70 21 lemna
146 1329 32 19 ett
193 1328 58 21 antal
266 1328 77 26 nädiga
358 1329 163 25 propositioner,
544 1328 147 21 hvarförutom
706 1328 26 21 Vi
749 1329 67 20 emot-

57 1361 54 26 tagit
126 1362 116 21 berättelse
258 1367 35 15 om
307 1362 145 27 Regeringens
467 1362 156 27 tillgöranden
614 1357 9 36 i
632 1362 114 26 anledning
756 1362 24 21 af
789 1362 27 21 de

56 1395 48 22 utaf
118 1395 120 23 Ständerna
252 1397 36 21 vid
304 1397 112 21 sisthällna
431 1397 103 27 landtdag
549 1397 81 21 fattade
646 1397 77 26 beslut,
743 1397 73 21 hvilka

56 1431 75 20 vunnit
153 1431 60 22 Hans
235 1431 119 27 Kejserliga
369 1431 112 27 Majestäts
498 1432 77 27 nådiga
590 1431 60 22 bifall
666 1431 39 22 och
721 1431 95 22 faststäl-

56 1464 58 27 lelse,
137 1465 109 22 äfvensom
268 1465 90 22 rörande
384 1465 56 22 hvad
463 1466 60 21 Hans
546 1465 117 28 Kejserliga
684 1465 102 28 Majestät
809 1467 7 20 i
