1070 1795
256 99 26 20 18
430 99 244 22 Petitionsbetänkande
690 99 36 22 N:o
740 97 35 23 44.

430 161 110 19 åtminstone
552 162 68 18 derhän
632 162 30 17 att
672 161 12 18 å
696 162 60 23 hvarje
767 161 68 19 sådant
842 161 68 18 komme
918 163 28 16 att
954 162 25 21 be-

433 190 39 23 löpa
485 191 28 23 sig
525 191 29 17 det
565 191 8 17 i
585 191 29 23 lag
625 190 92 18 bestämda
728 191 97 17 minimum
839 190 95 18 tunnland.

292 241 129 24 Helsingfors,
434 241 37 18 den
485 242 21 17 31
519 241 83 19 Januari
614 241 51 18 1894.

637 310 40 21 Jarl
693 310 70 29 Georg
778 310 131 29 Rosenberg.

292 478 55 21 VIII.

220 530 181 28 (Öfverssättning.)

409 581 44 22 Till
468 581 142 22 Hedervärda
626 580 167 23 Bondeständet.

289 644 152 18 Muonionniska
459 644 6 17 i
483 644 145 23 Lappmarkens
641 644 59 17 härad
713 644 35 17 och
761 643 69 18 Kolari
841 643 116 24 församling
969 645 6 16 i

219 672 59 18 Kemi
292 673 58 16 härad
363 674 33 16 äro
409 673 33 17 två
454 673 23 17 de
490 673 119 22 nordligaste
621 673 116 17 kommuner
749 672 59 18 bland
821 672 92 18 Finlands
922 673 53 22 jord-

219 700 101 18 brukande
333 701 119 23 befolkning.
477 701 10 17 I
499 701 59 17 dessa:
567 701 117 18 kommuner
695 701 37 17 kan
742 700 169 23 modernäringen,
922 701 52 17 äker-

219 729 71 18 bruket
308 729 35 18 och
364 729 178 24 boskapsskötseln,
561 729 30 18 till
609 729 48 23 följd
676 729 22 18 af
708 729 32 18 det
752 729 111 22 nordligare
876 729 52 23 läget
940 730 35 17 och

220 758 38 17 den
271 758 49 17 allra
332 759 97 22 magraste
442 758 35 17 och
491 758 90 23 kargaste
591 757 95 24 jordmån,
700 758 34 17 der
746 758 76 17 frosten
833 757 41 18 ofta
885 763 39 18 nog
932 759 43 17 ska-

219 787 35 17 dar
264 787 36 17 och
313 788 55 21 tager
379 786 22 17 af
411 785 140 24 befolkningen
563 786 27 17 all
602 786 63 23 skörd,
678 787 17 22 ej
708 786 45 18 med
761 785 103 24 framgäng
872 786 102 18 bedrifvas.

220 814 82 19 Derföre
313 817 22 15 är
343 814 58 18 äfven
410 815 139 22 befolkningen
561 815 7 16 i
577 815 55 17 dessa
641 815 120 22 kommuner,
771 815 87 22 ständigt
866 815 108 23 kämpande

217 845 43 16 mot
272 843 38 18 den
322 844 59 22 karga
393 846 88 20 naturen,
495 843 5 17 i
513 843 92 18 afseende
613 843 11 17 ä
632 843 32 18 det
673 844 127 17 ekonomiska
808 843 102 18 beständet
917 843 57 23 högst

219 872 91 23 betryckt
322 871 36 18 och
370 871 33 18 det
415 872 6 17 i
434 871 45 18 vida
491 871 59 23 högre
562 871 52 23 grad,
627 873 25 16 än
668 871 129 18 annorstädes
809 871 7 17 i
828 871 23 18 de
865 871 61 18 bättro
939 871 34 18 lot-

217 900 46 17 tade
282 900 79 17 delarna
379 899 21 18 af
416 900 72 17 landet.
511 900 10 17 I
539 898 56 20 forna
608 900 50 17 tider
671 900 46 17 hade
730 900 160 23 innebyggarena
901 900 7 17 i
920 900 53 18 Muo-

218 929 106 18 nionniska
340 929 35 17 och
392 928 69 18 Kolari
476 929 29 16 uti
521 928 110 23 insjöfisket
644 934 24 12 en
680 928 110 23 betydande
802 928 53 23 hjelp
867 927 31 18 för
910 929 63 17 närin-

217 963 43 16 gen,
280 963 45 12 men
341 956 21 18 af
376 957 99 23 naturliga
491 957 78 17 orsaker
585 957 34 17 och
637 957 23 17 dä
676 957 44 18 med
732 956 151 24 befolkningens
895 957 78 18 tillväxt

217 986 73 21 många
302 985 70 18 fiskare
384 986 94 23 uppstått,
492 985 34 18 har
537 985 118 23 rikligheten
667 986 25 23 pä
706 985 37 18 fisk
755 985 7 18 i
774 985 79 24 sjöarna
865 985 75 24 aftagit,
952 987 21 16 sä

217 1016 30 16 att
260 1014 58 18 fisket
330 1015 17 22 ej
361 1020 81 12 numera
456 1014 88 23 erbjuder
556 1014 64 23 nägon
633 1014 106 23 behjelplig
751 1015 96 22 binäring.

286 1043 136 22 Renskötseln,
435 1043 146 23 Lappmarkens
593 1043 64 18 äldsta
669 1043 134 23 näringsfäng,
816 1043 36 18 har
864 1043 17 22 ej
893 1049 80 13 numera

216 1072 37 23 god
266 1071 107 24 framgång,
387 1073 46 17 onär
445 1071 107 23 tillgången
565 1072 25 23 pä
596 1077 70 16 mossa,
672 1077 94 13 renarnas
774 1071 50 22 föda,
833 1072 95 18 minskats
937 1073 35 16 och

216 1107 86 11 renarna
313 1101 22 18 af
345 1102 83 16 naturen
441 1101 69 22 dragas
522 1102 41 16 mot
575 1106 51 17 norr,
638 1100 32 18 till
682 1101 22 17 de
717 1101 122 17 vidsträckta
850 1101 71 17 norska
929 1100 42 24 fjäl-

215 1130 37 22 lon,
266 1130 34 17 der
313 1130 22 17 do
348 1129 52 18 sluta
412 1128 30 24 sig
453 1129 31 18 till
497 1129 175 24 nomadlapparnas
684 1129 119 24 renhjordar,
816 1129 100 18 hvarifrån
930 1130 23 17 do
965 1130 6 17 i

216 1159 74 22 ytterst
302 1158 97 23 sällsynta
411 1157 35 18 fall
459 1157 21 18 af
491 1163 82 17 egarena
585 1157 77 18 äterfäs.

284 1185 158 19 Fiskarfärderna
454 1186 31 17 till
497 1186 67 18 hafvet
575 1186 34 18 vid
620 1187 69 22 Norge,
698 1187 67 17 hvilka
773 1186 76 18 fordom
858 1186 113 23 inbringade

215 1214 100 24 förtjenst,
327 1214 59 18 hafva
400 1221 80 11 numera
492 1215 66 18 blifvit
569 1215 99 23 gagnlösa.

285 1243 174 23 Tjärbränningen,
477 1243 65 18 såsom
559 1244 144 23 inkomstkälla,
722 1244 34 17 har
773 1243 62 18 likaså
847 1243 80 18 förlorat
940 1244 30 17 sin

214 1271 106 23 betydelse,
333 1272 24 17 då
369 1278 81 11 numera
462 1272 108 23 tillgången
582 1272 25 23 på
618 1272 149 23 tjärvedsrötter
780 1271 65 18 blifvit
856 1271 60 24 ringa.

285 1300 97 23 Slutligen
398 1301 61 23 vågar
473 1301 33 23 jag
517 1301 80 24 påpeka,
610 1303 30 16 att
651 1301 99 18 afståndet
762 1301 44 17 från
818 1301 152 18 Muonionniska

212 1329 32 16 till
257 1329 105 18 Bottniska
374 1330 69 17 vikens
456 1330 118 22 nordligaste
587 1330 66 17 botten
666 1331 22 16 är
700 1331 22 16 30
734 1329 41 21 mil,
783 1329 35 18 och
831 1329 41 17 lika
884 1329 54 23 långt
949 1331 21 16 är

213 1357 32 17 det
264 1357 32 17 till
311 1363 58 12 norra
384 1357 92 23 Ishafvet,
492 1358 85 18 derifrån
593 1358 113 23 spanmålen
722 1358 31 18 till
766 1359 73 17 största
851 1357 57 18 delen
920 1358 50 18 skall

212 1384 103 24 afhemtas,
327 1386 128 23 hvarigenom
467 1386 64 18 denna
542 1386 31 18 för
584 1386 153 19 Muonionniska
750 1386 36 18 och
801 1386 68 17 Kolari
881 1386 88 18 kommu-

212 1419 36 12 ner
261 1413 57 19 faller
330 1415 30 23 sig
372 1415 46 18 vida
430 1415 73 24 dyrare,
517 1417 25 16 än
555 1415 6 18 i
573 1415 64 24 någon
650 1421 64 12 annan
728 1415 31 18 del
772 1415 21 18 af
803 1415 72 17 landet.

284 1449 138 18 Dtatsuskoiteis
433 1449 109 18 Veiänkumiv
554 1449 36 18 Ivö
602 1449 28 19 10.
