1070 1795
303 142 231 22 Petitionsbetänkande
551 143 34 21 N:o
600 143 20 20 2.
771 143 40 21 175

83 200 105 27 glömma,
205 201 35 20 att
257 189 145 43 Helsingfors
416 211 12 2 —
441 193 42 28 Åbo
498 201 95 26 jernväg
605 201 6 20 i
623 200 73 22 likhet
707 201 52 21 med
769 201 72 21 andra

84 235 68 21 banor
175 235 77 22 måste
275 235 91 26 deltaga
385 235 7 20 i
412 235 27 21 de
455 235 116 26 betydliga
587 235 101 26 utgifter,
705 235 78 21 hvilka
798 235 41 22 hos

83 275 37 15 oss
143 269 86 27 årligen
253 269 123 26 nedläggas
396 269 30 26 på
442 269 162 27 jernvägarnes
619 271 91 20 remont
726 271 61 20 samt
803 275 36 16 an-

83 304 117 21 skaffande
218 304 25 21 af
256 304 59 21 ökad
331 303 67 27 rörlig
414 304 112 21 materiel.

150 338 44 21 Det
210 338 42 21 har
267 338 61 21 inom
343 338 233 27 Jernvägsutskottet
591 338 48 21 ofta
654 340 133 25 upprepats,
803 340 36 19 att

82 379 36 14 om
137 379 54 15 man
211 372 7 21 i
233 373 54 21 vårt
305 373 52 20 land
372 373 87 21 önskar
474 373 75 26 bygga
566 379 17 15 s.
600 373 20 21 k.
637 373 201 26 ödemarksbanor,

81 407 34 21 till
139 407 50 22 stöd
213 407 35 22 för
268 407 50 22 dem
335 407 67 22 borde
418 407 90 22 utföras
524 407 70 22 äfven
610 407 85 22 sådana
709 407 130 27 jernvägar,

81 442 78 21 hvilka
174 442 51 21 från
242 442 79 26 början
337 442 76 21 lemna
428 442 43 26 god
487 442 143 27 afkastning,
647 442 42 21 och
703 442 73 21 denna
787 448 51 21 syn-

80 477 74 26 punkt
169 476 41 21 har
225 476 69 21 bland
306 477 70 20 annat
385 476 123 27 åberopats
519 482 49 15 som
580 476 72 21 motiv
662 476 36 21 för
709 477 130 26 byggandet

81 511 26 20 af
119 499 145 43 Helsingfors
276 522 11 1 —
300 503 44 28 Åbo
364 510 117 22 kustbana
495 511 30 26 på
541 516 89 16 samma
645 511 60 26 gång
721 511 53 22 eller
790 511 49 21 före

81 545 301 27 sammanbiddningsbanan
406 545 98 22 emellan
527 545 73 22 Wasa
623 545 41 22 och
687 545 151 22 Savolaksba-

81 585 76 16 norna.
188 579 83 22 Säsom
294 579 41 21 här
358 579 139 22 framhällits
520 580 78 21 kunna
612 579 159 22 inkomsterna
787 579 51 21 frän

81 615 130 20 kustbanan
235 614 71 21 likväl
328 614 50 21 icke
403 614 113 21 beräknas
539 615 75 26 högre,
634 616 30 19 än
679 614 73 27 öfriga
767 615 70 20 banor

80 649 35 21 till
131 655 27 15 en
174 649 79 26 början
270 649 114 26 afkastat,
397 649 43 21 och
451 649 75 21 dertill
537 649 111 26 kommer,
661 650 35 20 att
709 649 50 22 icke
767 649 71 21 heller

80 684 43 21 den
145 683 114 22 indirekta
281 685 85 25 nyttan
389 683 27 20 af
436 683 100 21 nämnda
555 683 59 21 bana
632 683 35 21 får
683 683 92 22 skattas
791 683 47 21 lika

80 718 55 27 högt
151 723 49 16 som
216 718 35 21 för
266 718 199 26 inlandsbanorna,
478 718 79 21 hvilka
569 717 121 22 framkalla
698 718 43 21 och
749 717 89 27 hastigt

80 753 108 21 utveckla
204 759 28 15 en
247 753 86 26 kultur,
350 758 50 15 som
416 752 63 22 förut
493 753 50 21 icke
559 752 87 21 funnits
655 752 41 27 till,
710 752 29 27 på
747 757 90 17 samma

80 787 58 27 gång
153 787 43 22 den
212 787 69 22 redan
297 787 138 26 förefintliga
451 787 104 27 odlingen
571 787 86 26 hastigt
672 787 115 26 tillväxer,
803 786 34 22 så-

81 828 48 15 som
154 822 25 20 af
199 828 38 15 oss
260 822 6 20 i
286 822 37 21 det
342 821 137 26 föregående
498 821 132 27 tillräckligt
645 821 119 27 påpekats.
795 821 42 21 Om

79 857 74 21 derför
169 856 154 27 uppkomsten
340 856 26 21 af
378 856 163 21 inlandsbanor
555 857 66 26 göres
637 856 111 21 beroende
763 855 26 21 af
801 857 36 20 ett

80 891 94 26 tidigare
190 890 124 21 utförande
324 890 25 21 af
358 890 129 27 jernvägar,
499 890 79 21 hvilka
589 896 68 15 anses
669 890 63 27 gifva
746 891 47 20 stor
806 890 31 21 af-

79 925 109 26 kastning
208 925 41 21 och
274 925 98 21 betäcka
388 924 163 22 annuiteterna
566 925 14 20 å
595 925 242 26 anläggningskostna-

81 959 75 26 derna,
173 959 65 21 skola
254 959 193 21 inlandsbanorna
462 959 7 20 i
486 959 95 27 sanning
597 959 65 26 länge
677 965 44 21 nog
732 959 23 21 få
765 960 72 20 vänta

79 993 29 28 på
123 993 42 22 sitt
181 993 189 26 förverkligande.

149 1028 9 21 I
182 1028 166 27 sammanhang
370 1028 96 21 härmed
489 1029 65 20 torde
577 1029 38 20 det
633 1033 57 16 vara
707 1028 78 27 nödigt
800 1029 36 20 att

80 1063 79 21 beröra
182 1062 79 27 frågan
286 1068 36 15 om
346 1063 42 20 den
411 1062 119 27 inverkan,
547 1063 130 20 kustbanan
692 1063 92 20 komme
800 1063 37 20 att

79 1097 81 21 utöfva
182 1097 30 26 på
235 1097 163 26 afkastningen
422 1097 26 20 af
468 1097 63 21 förut
554 1097 136 26 förefintliga
708 1097 128 26 jernvägar.

80 1131 120 22 Härintills
216 1131 72 22 finnes
304 1131 66 27 ingen
378 1131 103 27 jernväg,
490 1137 80 21 genom
579 1131 92 22 hvilken
678 1131 159 22 inkomsterna

80 1166 27 27 på
131 1166 69 21 andra
222 1166 72 21 banor
317 1165 73 22 skulle
414 1166 146 25 inskränkts;
577 1167 102 20 tvärtom
694 1166 71 21 hafva
779 1166 57 26 jern-

79 1202 101 25 vägarna
196 1200 6 21 i
218 1200 77 27 regeln
310 1200 84 21 tillfört
410 1200 27 21 de
453 1200 62 21 äldre
530 1201 101 20 banorna
645 1206 47 21 nya
702 1200 133 21 inkomster.

79 1235 79 20 Annat
173 1234 75 22 blefve
268 1235 102 21 deremot
386 1234 155 22 förhållandet
556 1235 50 21 med
622 1235 138 21 kustbanan.
790 1234 46 21 All

79 1270 65 20 mänt
167 1269 85 22 bekant
275 1271 32 24 är,
332 1270 38 20 att
387 1269 176 26 ifrågavarande
582 1270 59 21 bana
655 1269 75 22 måste
746 1269 91 21 minska

79 1303 158 22 inkomsterna
260 1303 30 27 pä
312 1299 168 35 Helsingfors—
489 1304 144 22 Tavastehus
656 1304 41 21 och
714 1297 121 28 Åbo—Ur-

79 1334 82 35 diala—
171 1338 142 21 Tavastehus
334 1338 131 26 jernvägar.
503 1339 80 21 Denna
606 1339 129 25 minskning
758 1338 77 21 beräk-

79 1372 70 21 nades
165 1372 27 21 af
204 1372 232 27 Jernvägsutskottet
452 1372 39 22 vid
507 1374 92 20 senaste
614 1372 107 27 landtdag
737 1372 34 22 till
786 1372 49 21 icke

78 1406 87 21 mindre
188 1408 29 19 än
236 1406 92 27 209,421
344 1407 75 21 mark.
451 1407 58 21 Sant
524 1409 25 18 är
564 1407 139 26 visserligen,
719 1408 37 20 att
770 1407 64 20 kust-

80 1441 73 21 banan
173 1441 13 21 å
205 1441 71 21 andra
296 1441 63 21 sidan
375 1441 93 22 komme
485 1443 36 20 att
536 1441 44 21 öka
595 1441 97 22 trafiken
707 1441 29 27 på
752 1441 81 26 Hangö

145 1491 205 18 Petitionsbetänkande
361 1491 39 17 N:o
414 1491 18 18 2.
