1070 1795
296 145 230 22 Petitionsbetänkande
543 146 34 21 N:o
593 145 20 22 2.
774 145 28 22 95

75 203 68 21 fallda
166 203 198 27 undersökningen
388 203 26 22 af
433 204 101 21 nämnda
556 204 162 27 jernvägslinie
741 204 91 21 komme

75 239 36 20 att
126 238 140 21 verkställas
281 238 69 21 innan
366 239 69 20 nästa
451 238 115 27 landtdag.

143 272 49 21 Med
209 272 107 22 afseende
332 272 13 21 å
361 273 74 21 denna
451 272 142 23 Ständernas
605 273 96 26 petition
713 273 41 21 har
766 273 67 21 Hans

75 307 127 26 Kejserliga
217 307 109 26 Majestät
342 307 124 26 förordnat,
481 309 37 20 att
533 307 52 22 med
601 307 130 27 byggandet
746 307 26 21 af
781 307 50 22 ifrå-

75 341 129 27 gavarande
222 341 96 27 jernväg
338 341 58 22 skall
416 342 127 21 tillsvidare
560 341 74 27 anstå,
650 347 53 16 men
716 342 40 21 har
772 342 60 21 dere-

74 377 49 20 mot
146 376 81 21 liniens
250 376 170 27 undersökning
444 381 131 16 sommaren
594 376 54 21 1892
668 377 71 21 under
756 373 75 25 Öfver-

74 411 130 27 ingeniören
227 410 39 22 Th.
290 410 126 27 Tallgvists
438 411 92 27 ledning
553 411 143 21 verkställis.
727 411 32 21 De
781 411 50 21 med

75 446 52 20 stöd
143 445 25 21 af
181 446 73 20 denna
265 445 171 26 undersökning
447 446 137 21 utarbetade
597 445 235 27 kostnadsförslagen,

75 480 78 21 hvilka
178 479 119 27 uppgjorts
320 479 138 22 alternativt
481 479 34 21 för
539 479 166 28 normalspärig
728 480 58 21 bana
809 479 26 21 af

75 514 117 21 enahanda
212 516 42 24 typ
274 519 48 16 som
342 514 128 27 Uleäborgs
488 514 97 27 jernväg
605 515 61 20 samt
682 514 34 21 för
732 520 28 15 en
775 515 57 26 jern-

75 550 44 25 väg
134 548 51 21 med
203 548 10 20 1
230 550 87 20 meters
333 548 108 27 spårvidd
457 549 41 21 och
514 549 71 26 något
599 549 85 21 lättare
699 549 133 26 öfverbygg-

75 583 50 26 nad,
141 582 63 27 gifva
223 582 38 21 vid
280 583 95 26 handen,
392 584 37 20 att
445 583 129 22 kostnaden
589 583 35 21 för
640 583 73 21 denna
729 583 41 20 128
785 583 46 21 km.

75 617 68 27 länga
171 617 101 27 jernväg,
300 617 75 27 byggd
403 617 174 28 normalspärig,
603 617 76 22 blefve
706 617 127 27 10,600,000

75 652 66 21 mark
160 653 62 20 samt
241 651 76 22 utförd
338 652 71 27 enligt
425 653 39 20 det
480 657 81 16 senare
577 652 149 21 alternativet
742 652 91 21 komme

75 688 36 20 att
130 687 82 26 utgöra
232 686 116 27 9,100,000
365 687 74 26 mark,
456 687 54 21 eller
529 693 60 20 resp.
605 686 78 27 82,628
698 687 41 21 och
756 686 77 27 70,935

75 721 66 21 mark
164 727 39 20 per
226 721 46 21 km.
296 721 121 27 banlängd.
448 721 34 21 Af
502 721 100 21 nämnda
624 721 99 22 kostnad
743 721 90 26 belöper

76 755 34 27 sig
129 755 14 22 &
162 755 171 26 konstarbeten,
350 755 162 28 förnämligast
528 756 172 27 brobyggnader
716 756 26 21 af
754 755 79 21 hvilka

75 790 27 21 47
119 792 28 19 st.
164 790 13 21 ä
192 791 74 20 denna
282 791 141 26 vägsträcka
439 790 149 26 förekomma,
601 791 37 20 det
654 791 58 26 höga
728 791 105 26 beloppet

75 825 26 20 af
116 824 115 27 4,198,875
250 825 73 26 mark,
340 825 72 26 enligt
430 825 262 27 normalspärförslaget.
723 825 69 21 Detta
808 826 25 19 är

75 859 121 27 uppgjordt
215 859 71 22 under
302 859 42 22 den
360 859 175 28 förursättning,
552 860 35 21 att
604 859 94 22 broarne
714 859 63 22 öfver
793 859 40 26 Ijo,

76 893 73 27 Kemi,
173 893 89 21 Rauma
285 893 40 22 och
349 893 89 22 Torneä
460 894 74 21 elfvar
552 893 85 27 jemväl
659 893 65 22 skola
743 893 90 27 betjena

76 927 229 28 landsvägstrafiken,
329 934 83 21 genom
438 929 95 21 hvilken
560 928 124 27 anordning
707 928 127 21 kostnaden

75 963 56 21 dock
148 963 67 20 ökats
230 963 52 21 med
298 963 83 21 endast
396 963 95 26 203,054
506 963 74 21 mark.

144 997 50 22 Med
213 997 91 26 hänsyn
323 997 81 26 dertill,
422 999 36 20 att
478 996 244 28 Uleåborgs—Torneå
738 997 96 26 jernväg

76 1032 75 21 blefve
170 1032 27 21 af
213 1031 148 22 uteslutande
377 1032 63 21 lokal
455 1034 74 24 natur,
547 1031 26 22 så
593 1032 65 27 länge
678 1032 38 21 det
732 1031 101 22 svenska

74 1067 177 26 jernvägsnätet
278 1066 20 27 ej
322 1066 145 27 framdrages
490 1066 59 21 ända
572 1066 35 22 till
630 1065 94 27 Torneå,
740 1066 42 21 och
806 1065 29 21 då

75 1101 73 22 denna
168 1101 51 21 stad
242 1100 6 21 i
264 1101 42 21 och
321 1100 35 22 för
373 1101 34 26 sig
423 1102 26 19 är
465 1107 28 15 en
507 1101 107 21 trafikort
630 1101 26 20 af
668 1101 88 26 ganska
771 1100 64 27 ringa

75 1135 125 27 betydelse,
225 1135 82 26 kunde,
332 1135 72 27 enligt
431 1131 200 31 Öfverstyrelsens
658 1135 34 20 för
719 1137 50 24 väg-
793 1135 42 21 och

76 1169 244 27 vattenbyggnaderna
340 1169 68 27 åsigt,
425 1169 178 28 brobyggnaden
621 1169 65 22 öfver
701 1169 86 22 Torneå
805 1169 34 21 elf

75 1204 127 21 tillsvidare
222 1203 145 27 uppskjutas.
399 1203 141 28 Härigenom
560 1203 72 22 skulle
651 1203 85 27 uppstå
756 1209 27 16 en
801 1203 35 21 be-

76 1239 91 26 sparing
192 1238 25 21 af
239 1238 103 27 omkring
367 1239 117 26 1,210,000
507 1239 73 25 mark,
598 1239 126 26 utgörande
744 1238 90 21 kostna-

75 1273 69 22 derna
167 1273 34 21 för
226 1273 55 20 bron
304 1273 65 21 öfver
392 1273 101 21 nämnda
516 1273 33 22 elf
571 1274 60 20 samt
652 1272 35 21 för
706 1273 86 21 inlösen
814 1272 23 20 af

75 1309 85 20 tomter
176 1307 41 21 och
234 1307 110 27 flyttning
360 1307 26 21 af
399 1307 45 22 hus
459 1307 5 21 i
482 1307 88 22 Torneå
587 1307 57 22 stad.

144 1341 76 27 Enligt
242 1341 132 22 utskottets
397 1341 150 22 förmenande
570 1342 69 20 hafva
662 1341 59 22 efter
744 1342 92 20 senaste

75 1376 107 27 landtdag
206 1376 49 21 icke
278 1375 71 28 några
370 1376 88 21 sådana
477 1376 135 21 förändrade
631 1376 155 21 förhållanden
806 1375 30 21 in-

75 1411 68 26 trädt,
167 1410 79 21 hvilka
270 1410 75 22 kunde
365 1411 65 26 gifva
450 1411 121 26 anledning
588 1412 41 25 att,
645 1410 141 22 beträffande
803 1411 34 21 be-

75 1445 104 26 tydelsen
204 1445 26 20 af
251 1445 43 21 den
317 1445 121 22 tilltänkta
456 1445 126 27 jernvägen
602 1445 49 21 från
670 1445 113 26 Uleåborg
803 1445 35 21 till

147 1495 207 18 Petitionsbetänkande
366 1495 39 18 N:o
418 1495 17 18 2.
