1070 1795
292 141 230 23 Petitionsbetänkande
539 141 35 22 N:o
589 141 20 21 2.
763 141 41 22 129

71 200 98 21 kommit
181 200 35 21 till
228 201 43 20 den
282 200 155 27 uppfattning,
450 201 36 20 att
501 200 134 21 densamma
646 199 120 28 uppgjorts
781 199 52 22 med

71 234 43 21 den
133 234 153 27 försigtighet,
305 235 37 20 att
361 235 49 20 stor
430 234 145 21 sannolikhet
595 233 72 22 finnes
686 233 35 22 för
740 235 36 20 att
795 234 38 21 det

73 268 101 22 erhållna
196 269 173 22 slutresultatet
394 269 7 20 i
424 268 158 27 verkligheten
605 268 59 21 skall
683 268 90 27 uppnås
792 268 41 21 och

73 303 113 21 måhända
201 303 114 27 betydligt
330 303 163 22 öfverskridas.

141 337 139 27 Betydelsen
300 337 25 21 af
344 337 43 22 den
406 343 31 15 nu
456 337 121 21 omordade
597 337 75 21 banan
687 336 102 27 framgår
805 336 28 27 på

73 372 36 21 ett
130 371 7 21 i
160 373 87 25 ögonen
266 371 98 22 fallande
384 372 50 21 sätt
453 371 26 21 af
495 371 42 22 den
557 371 95 21 anförda
670 371 163 22 rentabilitets-

73 406 161 27 beräkningen.
264 406 80 22 Denna
366 405 74 28 gifver
461 405 114 27 nemligen
595 405 38 21 vid
651 405 96 27 handen,
766 406 7 20 i
792 405 41 22 full

74 440 230 21 öfverenstämmelse
322 440 53 21 med
393 440 96 27 tidigare
509 440 197 26 framställningar
721 440 7 20 i
747 441 85 24 ämnet,

74 475 37 20 att
133 475 43 21 den
194 474 70 22 trafik
284 481 50 15 som
352 475 14 20 å
385 475 76 20 banan
480 476 25 19 är
525 475 37 20 att
580 475 109 26 emotses,
708 474 35 21 till
762 474 70 21 öfver-

75 509 103 26 vägande
193 509 35 21 del
244 509 104 22 kommer
359 510 37 20 att
406 509 100 26 härflyta
517 508 51 21 från
579 509 42 21 den
632 508 109 27 landsort,
752 514 81 21 genom

75 543 93 22 hvilken
186 543 75 21 banan
281 543 87 27 drages,
388 543 81 21 medan
489 543 42 21 den
551 542 169 27 genomgående
736 543 98 22 trafiken

75 578 98 21 emellan
190 577 108 22 städerna
313 577 151 28 Helsingfors,
476 570 51 29 Åbo
543 577 42 22 och
601 577 81 27 Hangö
697 577 7 21 i
720 577 113 27 avantita-

76 612 47 21 tivt
138 612 106 21 afseende
260 611 75 22 måste
352 611 71 22 blifva
438 611 26 21 af
477 612 115 21 sekundär
608 611 125 27 betydelse.
756 612 79 21 Denna

76 646 116 27 egenskap
207 646 41 21 har
263 646 176 27 ifrågavarande
455 647 59 20 bana
529 651 134 22 gemensam
678 646 51 21 med
744 646 91 21 landets

77 681 45 20 alla
145 680 73 27 öfriga
239 680 128 27 jernvägar,
391 681 54 20 enär
468 679 125 22 frånvaron
614 680 26 21 af
661 681 74 20 större
758 680 76 22 trafik-

77 716 79 21 centra
172 715 137 26 förorsakat,
324 716 37 20 att
376 715 66 26 ingen
458 714 87 22 hufvud
561 715 36 21 del
612 715 26 20 af
646 715 188 21 stambanenätet

76 749 51 22 haft
150 750 36 21 att
208 749 97 27 uppvisa
328 755 28 16 en
382 749 169 27 öfvervägande
573 749 169 27 genomgående
765 749 70 22 trafik

77 783 51 22 från
143 784 43 21 den
202 789 42 16 ena
259 783 148 27 ändpunkten
422 783 36 22 till
473 784 42 21 den
531 783 78 27 andra,
621 784 57 21 utan
693 783 85 22 främst
793 783 42 22 och

75 818 35 21 till
126 819 88 20 största
229 817 35 22 del
280 818 103 26 betjenar
399 823 28 16 en
442 818 92 26 rörelse,
546 823 51 16 som
607 817 134 27 uppsamlas
752 817 13 22 å
775 817 60 22 olika

75 852 99 27 punkter
193 852 26 21 af
231 852 117 21 bandelen.
379 852 48 21 Den
447 852 77 27 trafik,
540 852 42 21 här
601 851 84 22 främst
704 852 73 21 skulle
793 852 42 21 till-

75 887 103 26 godoses,
190 888 26 19 är
228 886 96 21 sålunda
339 887 49 21 dels
399 887 70 21 redan
480 887 152 25 existerande,
644 887 72 20 ehuru
728 886 29 27 på
767 886 68 27 högst

75 921 226 22 otillfredsställande
321 922 49 20 sätt
388 921 107 26 betjenad
511 921 26 20 af
550 921 124 22 bestående
690 921 144 26 landsvägar,

75 955 48 22 dels
139 961 28 16 en
182 961 32 21 ny
228 955 86 22 rörelse
330 961 51 16 som
396 955 48 26 här,
457 955 98 21 likasom
566 955 108 21 öfverallt
684 955 151 21 annorstädes

75 989 40 22 der
136 989 96 27 jernväg
259 989 98 22 kommit
379 989 35 22 till
438 989 75 27 stånd,
537 989 59 21 skall
619 989 141 21 framkallas.
791 989 44 21 Att

75 1024 39 21 det
129 1023 144 26 trafikbehof,
287 1029 49 16 som
352 1024 39 21 det
407 1023 41 22 här
464 1023 71 28 gäller
550 1025 37 20 att
603 1023 63 27 fylla,
679 1025 25 19 är
719 1023 69 27 högst
800 1023 35 21 be-

75 1058 107 27 tydande,
204 1058 77 21 derom
304 1058 76 22 lemna
402 1059 27 20 de
452 1058 96 21 anförda
571 1057 112 27 siffrorna,
707 1057 68 22 äfven
798 1063 37 16 om

75 1098 54 15 man
149 1093 67 21 söker
235 1092 7 21 i
261 1093 130 26 möjligaste
406 1092 54 21 mån
475 1093 110 21 reducera
600 1092 124 26 desamma,
741 1091 96 27 ostridig

75 1127 150 21 vittnesbörd.
235 1133 5 2 "
255 1127 45 22 Det
314 1127 42 21 har
371 1127 136 27 visserligen
522 1127 61 21 inom
599 1127 118 21 utskottet
732 1126 103 27 antydts,

75 1162 37 21 att
129 1161 175 27 ifrågavarande
324 1161 60 21 bana
402 1161 128 27 egentligen
549 1167 55 16 vore
619 1160 35 22 till
670 1162 68 25 nytta
754 1161 81 21 endast

75 1195 36 21 för
129 1195 145 28 Helsingfors
293 1196 42 21 och
354 1189 52 28 Åbo
425 1195 84 27 städer,
525 1195 29 22 dä
569 1195 43 22 den
630 1195 144 22 underlättar
793 1195 42 21 till-

75 1229 86 22 förseln
179 1230 34 21 till
232 1230 68 21 dessa
315 1231 69 20 orter.
415 1230 10 21 I
440 1231 36 20 ett
492 1230 83 21 sådant
591 1229 192 22 betraktelsesätt
798 1229 37 27 lig-

75 1269 40 21 ger
133 1264 64 26 dock,
213 1264 71 27 enligt
302 1264 133 21 utskottets
454 1264 77 27 tanke,
547 1270 29 15 en
595 1264 128 27 uppenbart
741 1263 95 26 felaktig

75 1298 149 27 uppfattning
242 1298 27 21 af
285 1298 168 21 samfärdselns
471 1298 43 22 och
529 1298 166 26 varuutbytets
710 1299 69 20 natur
794 1297 42 22 och

75 1332 106 21 väsende.
212 1332 33 26 Ty
260 1332 39 21 det
317 1332 40 20 bör
376 1337 58 16 vara
452 1332 53 21 fullt
524 1332 69 26 klart,
609 1333 37 20 att
665 1332 43 20 den
726 1331 110 26 landsort,

76 1372 49 15 som
148 1365 96 22 erhåller
262 1366 147 22 underlättad
428 1366 137 22 förbindelse
584 1366 51 21 med
654 1365 182 28 ifrågavarande,

75 1400 90 22 landets
184 1401 88 20 största
288 1401 78 21 städer
382 1401 42 21 och
440 1400 97 21 sålunda
552 1401 39 21 der
607 1400 51 21 med
674 1401 74 20 större
764 1399 72 22 fördel

76 1436 27 19 än
129 1435 62 21 förut
209 1435 45 20 kan
274 1435 90 26 afyttra
384 1435 50 21 sina
453 1435 132 26 produkter,
605 1434 69 21 häraf
690 1434 58 21 skall
767 1434 70 27 draga

143 1485 204 18 Petitionsbetänkande
359 1485 37 17 N:o
409 1485 18 17 2.
756 1484 10 18 9
