1070 1795
265 107 25 19 10
439 105 273 22 Petitionsbetänkande
728 105 41 22 N:o
785 105 36 22 34.

303 163 34 29 Är
362 173 51 20 1891
431 170 171 29 petitionerade
619 170 129 22 Ständerna
764 170 163 29 underdånigt,
945 172 47 23 ,att

234 204 93 29 privata
348 205 78 22 finska
447 205 272 22 fruntimmersskolorna
737 205 8 21 i
784 205 28 22 Åbo
829 205 43 22 och
887 205 105 22 Joensuu

234 239 72 21 måtte
321 239 27 22 af
361 241 77 20 staten
453 239 146 28 öfvertagas*
612 241 60 20 samt
682 257 4 9 ,
690 241 41 24 att
740 239 92 28 privata
842 239 76 22 finska
928 238 64 23 frun-

235 273 191 22 timmersskolan
448 274 8 21 i
479 273 36 23 S:t
539 273 85 22 Michel
639 274 72 21 måtte
727 273 96 29 beviljas
840 273 84 29 högsta
938 273 55 29 möj-

234 307 50 29 liga
300 308 161 22 subvention'.

305 343 62 21 Frän
390 343 82 28 början
495 343 26 21 af
541 342 169 22 höstterminen
729 343 25 21 är
773 345 55 20 1892
843 342 150 23 förändrades

236 376 71 23 äfven
327 377 245 22 fruntimmersskolan
588 377 8 22 i
612 370 52 29 Åbo
679 377 38 22 till
732 377 133 28 statsskola,
881 385 59 18 men,
956 384 37 15 en-

235 411 47 29 ligt
297 411 61 23 hvad
374 412 116 22 utskottet
505 411 88 28 erfarit,
609 412 41 22 har
666 414 76 20 staten
758 412 20 29 ej
795 412 63 22 velat
875 411 119 29 öfvertaga

236 446 82 22 skolan
340 447 8 20 i
371 446 106 22 Joensuu
499 447 26 21 af
538 447 75 28 orsak,
636 449 35 19 att
686 446 139 28 densamma,
842 447 74 21 ehuru
932 446 61 21 äldre

236 481 44 20 och
304 481 195 22 subventionerad
522 481 73 22 under
618 481 80 28 längre
718 481 36 21 tid
768 485 30 18 än
814 481 83 22 skolan
912 481 8 21 i
935 473 58 29 Åbo,

236 514 61 22 dock
319 515 52 22 icke
394 515 91 22 kunnat
507 516 55 21 ernä
581 523 86 14 samma
682 515 118 22 elevantal
815 522 50 15 som
881 515 44 22 den
941 515 52 22 sist-

236 549 102 22 nämnda
359 551 43 20 och
424 549 20 29 ej
464 549 73 22 heller
559 549 66 22 torde
641 549 79 22 kunna
735 553 56 25 göra
807 549 40 22 det
861 550 9 21 i
885 549 45 22 den
945 553 50 18 när-

236 586 75 19 maste
326 583 131 29 framtiden,
474 584 96 22 emedan
586 584 28 21 de
624 584 225 29 bildningssökande
859 585 9 21 i
879 584 44 22 den
934 584 61 28 glest

237 617 125 23 befolkade
384 619 124 28 omnejden
531 619 79 21 kunna
632 621 56 19 utan
712 621 73 19 större
809 619 124 28 olägenhet
956 625 38 14 an-

237 652 78 23 vända
330 653 110 28 Wiborgs
456 653 43 22 och
514 653 95 29 Kuopio
624 653 76 22 finska
714 653 246 22 fruntimmersskolor.

307 687 11 22 I
335 687 28 22 de
379 695 33 14 nu
426 687 163 29 föreliggande
604 687 232 29 petitionsförslagen
852 687 105 29 begäres:

515 764 41 24 1:0)
572 765 35 18 att
622 762 197 29 svenskspräkiga
829 761 166 22 fruntimmers-

445 797 82 21 skolan
543 797 8 21 i
566 789 52 29 Äbo
634 797 71 21 mätte
720 797 30 28 pä
765 799 90 19 statens
869 795 128 23 bekostnad

445 831 109 28 utvidgas
562 831 53 22 med
623 833 34 20 tre
666 831 262 28 fortsättningsklasser,
938 834 59 17 samt

517 900 44 27 2:0)
585 902 34 19 att
638 899 92 29 privata
747 899 173 29 finskspråkiga
934 898 64 23 frun-

448 935 214 21 timmersskolorna
680 934 9 21 i
708 934 112 27 Joensuu,
843 933 154 22 Tammerfors

448 969 43 22 och
507 969 35 22 S:t
557 969 86 22 Michel
657 969 71 21 mätte
738 968 133 29 öfvertagas
882 968 27 22 af
916 970 81 20 staten.

310 1037 70 22 Hvad
396 1037 109 22 beträffar
520 1038 28 21 de
563 1037 41 22 vid
620 1037 100 22 svenska
734 1037 244 22 fruntimmersskolan
991 1037 8 20 i

240 1065 54 29 Åbo
314 1072 116 22 inrättade
452 1071 294 30 fortsättningsklasserna,
770 1071 42 22 bör
832 1071 166 29 ihägkommas,

240 1109 36 19 att
291 1107 28 21 de
335 1107 37 22 för
386 1106 141 23 närvarande
543 1106 79 22 arbeta
637 1107 75 21 såsom
721 1113 36 14 .en
773 1106 78 28 privat
863 1105 136 22 läroanstalt

241 1140 62 23 först
324 1141 74 22 under
421 1141 42 22 sitt
480 1141 72 22 andra
575 1141 80 27 läseär,
678 1141 44 21 och
737 1143 35 19 att
787 1139 212 30 tillfyllesgörande

241 1175 133 22 erfarenhet
388 1175 147 22 fördenskull
550 1175 21 29 ej
583 1179 62 18 ännu
657 1175 91 22 kunnat
758 1175 83 21 vinnas
853 1174 97 22 rörande
960 1174 40 22 de-

240 1217 38 14 ras
302 1209 150 29 behöflighet.
481 1210 46 21 Det
550 1213 25 18 är
600 1210 73 21 likväl
688 1212 35 19 att
738 1209 96 28 förutse,
849 1211 35 19 att
898 1209 101 28 regerin-

241 1251 54 21 gen,
311 1245 8 20 i
334 1244 111 22 händelse
460 1244 45 21 den
520 1244 76 22 finner
614 1243 52 22 dem
682 1243 59 30 fylla
756 1246 35 19 ett
806 1243 104 28 verkligt
924 1243 76 26 behof,

243 1279 62 21 skall
320 1278 90 22 tilldela
425 1278 52 22 dem
493 1278 128 29 tillräcklig
636 1278 148 22 subvention.

311 1313 35 21 De
362 1313 26 22 af
401 1315 76 20 staten
493 1313 155 22 underhällna
666 1312 153 29 femklassiga
833 1311 168 22 fruntimmers-

243 1347 111 22 skolorna
369 1348 8 20 i
390 1347 226 22 landsortsstäderna
631 1347 69 21 kosta
714 1346 90 29 ärligen
818 1347 8 21 i
837 1346 109 22 medeltal
957 1352 44 15 om-

242 1381 72 30 kring
336 1384 78 25 31,000
437 1382 71 28 mark,
532 1381 43 22 och
594 1380 166 31 uppfyllandet
774 1381 25 22 af
812 1380 29 22 de
856 1381 9 21 i
879 1380 123 29 petitions-

241 1415 121 30 förslagen
377 1416 103 22 uttalade
496 1416 208 29 önskningsmälen
715 1416 76 21 skulle
803 1415 97 22 sälunda
911 1415 90 22 komma

311 1457 105 18 Allmänna
428 1457 179 18 Besvärsutskottets
620 1457 118 18 betänkande
750 1459 37 15 N:o
799 1459 29 16 23.
