1070 1795
240 153 278 26 Pötitionsbetänkande
533 153 46 22 N:o
595 153 39 22 20.
796 155 13 20 5

80 221 37 21 för
139 221 130 21 Ständerna
292 221 68 21 äfven
383 221 41 21 vid
449 221 76 21 denna
547 221 112 28 landtdag
682 223 35 19 att
735 221 9 21 i
760 223 78 20 ämnet

80 259 57 24 göra
159 255 122 22 enahanda
303 254 172 29 framställning
498 255 41 22 hos
561 255 149 29 Regeringen
732 263 49 14 som
799 255 39 22 vid

82 291 52 20 1891
152 290 36 21 års
205 289 161 22 ständermöte.
396 289 123 22 Utskottet
534 297 67 14 anser
616 290 36 28 sig
666 289 53 22 med
735 290 25 21 sä
774 297 63 21 myc-

79 324 41 21 ket
145 327 72 18 större
240 323 122 22 tillförsikt
383 331 37 14 om
436 323 83 22 sakens
535 324 103 29 lyckliga
652 324 91 29 utgäng
757 324 81 21 kunna

79 357 93 22 förorda
195 365 28 14 en
244 358 99 28 petition
363 358 8 21 i
391 358 57 21 slikt
470 358 68 28 syfte,
561 365 49 14 som
633 358 45 21 den
700 365 138 22 gynsamma

80 392 137 27 erfarenhet,
233 392 95 22 hvilken
343 393 71 21 redan
430 392 41 22 vid
486 392 64 22 tiden
566 393 37 21 för
618 395 90 19 senaste
723 393 114 29 landtdag

79 427 60 21 hade
154 427 96 22 vunnits
266 427 141 21 beträffande
420 428 169 21 samskolornas
601 427 152 28 verksamhet,
765 428 71 21 sedan

80 461 77 22 denna
179 461 35 22 tid
230 461 8 22 i
252 461 60 22 intet
327 461 108 22 afseende
450 461 81 22 blifvit
543 461 88 29 jäfvad.
662 462 35 21 De
712 462 125 21 moraliska

81 496 43 21 och
146 496 158 29 pedagogiska
327 495 192 30 betänkligheter,
535 503 49 14 som
599 495 40 22 vid
657 498 91 19 senaste
760 496 77 21 landt-

80 529 47 29 dag
149 530 79 28 hystes
250 530 26 21 af
296 531 72 28 nägra
390 533 145 19 reservanter
557 530 9 21 i
587 530 125 21 Allmänna
727 530 110 21 Besvärs-

79 565 122 26 utskottet,
224 572 53 14 raen
299 565 80 21 hvilka
402 565 30 21 dä
451 565 138 21 omfattades
611 564 83 22 endast
709 564 26 21 af
746 565 92 21 Preste-

80 599 99 26 ständet,
203 599 81 28 tyckas
304 599 68 22 ocksä
390 599 43 21 allt
448 607 49 13 mer
513 599 42 22 och
571 607 48 13 mer
634 599 86 21 förlora
735 601 101 26 terräng,

81 633 43 22 och
147 633 158 21 samskolorna
326 633 93 22 komma
443 634 8 21 i
474 633 136 29 åtnjutande
629 633 27 22 af
668 633 169 22 allmänhetens

81 667 133 22 förtroende
236 667 8 22 i
263 667 42 22 allt
319 668 71 29 högre
406 668 44 21 och
465 668 72 29 högre
552 668 60 21 män.
644 668 103 21 Sälunda
761 667 75 22 finnes

80 709 96 14 numera
197 702 8 21 i
228 702 79 21 landet
325 703 51 20 icke
394 703 90 21 mindre
500 706 29 17 än
545 702 36 29 sju
597 702 90 28 privata
702 702 135 27 samskolor,

81 736 43 21 och
147 736 166 22 förberedande
330 737 108 28 ätgärder
453 737 36 22 för
503 737 145 21 inrättandet
663 737 26 21 af
700 737 137 28 ytterligare

81 773 86 19 tvänne
183 770 93 27 sädana,
293 771 43 21 den
352 779 44 14 ena
411 771 8 21 i
434 771 96 28 Viborg,
547 771 44 22 den
607 771 71 22 andra
693 771 8 22 i
716 771 121 21 Fredriks-

80 805 77 26 hamn,
177 805 70 21 hafva
266 805 95 29 nyligen
377 805 120 29 vidtagits.
527 806 46 21 Det
589 805 173 29 sammanlagda
777 805 60 22 elev-

81 839 88 22 antalet
191 839 8 22 i
222 839 66 22 dessa
311 840 76 21 skolor
407 843 70 25 utgör
499 840 36 21 för
549 839 145 23 närvarande
712 841 67 26 1,388,
795 841 42 21 628

81 880 80 22 gossar
184 873 43 22 och
248 875 40 20 760
303 874 87 27 flickor,
406 874 98 22 oaktadt
519 874 82 22 endast
611 877 35 19 tre
662 874 26 21 af
700 874 138 22 läroverken

81 908 36 21 för
139 908 145 21 närvarande
303 912 38 18 äro
357 909 159 28 fullständiga.
533 922 28 3 —
575 909 161 21 Elevantalets
751 908 86 22 fördel-

54 940 2 2 *
81 943 58 28 ning
153 943 31 28 pä
199 943 28 21 de
243 943 112 22 särskilda
370 944 115 25 skolorna,
501 944 89 21 antalet
605 944 87 21 klasser
706 944 4 21 i
721 943 117 22 desamma

81 977 119 22 äfvensom
224 977 181 30 statsbidragens
428 979 87 21 storlek
530 978 91 29 framgå
636 982 105 17 närmare
757 978 26 21 af
795 977 43 22 föl-

78 1011 71 29 jande
173 1011 69 28 tablä,
266 1012 41 22 där
328 1013 151 28 uppgifterna
501 1013 98 22 hänföra
621 1013 35 29 sig
678 1013 37 21 till
740 1013 99 21 läseäret

83 1047 121 21 1893—094:

151 1499 103 18 Allmänna
266 1499 170 18 Besvärsutskottets
448 1489 111 28 betänkande
571 1499 40 18 N:o
624 1500 28 17 16.
