1070 1795
297 136 230 21 Petitionsbetänkande
544 135 35 22 N:o
597 135 31 21 12.
790 135 11 21 7

74 193 202 20 kommunalstämmor,
300 193 64 17 hvilka
381 192 84 18 förordat
483 192 99 23 företaget,
601 192 34 18 och
652 192 60 23 enligt
723 191 108 18 utlåtanden

74 221 73 23 afgifna
158 221 20 18 af
190 221 134 18 ordförandene
337 221 7 17 i
357 221 97 22 Kuhmois,
466 221 121 18 Leivonmäki
600 221 35 17 och
646 221 90 17 Asikkala
743 221 88 17 socknars

75 250 191 21 kommunalnämder,
284 249 62 18 skulle
364 250 81 17 kanalen
458 249 55 18 äfven
527 250 29 17 för
569 249 55 18 dessa
636 249 110 18 kommuner
757 254 44 12 vara
813 248 21 18 af

74 281 48 16 stort
146 284 54 17 gagn,
218 279 76 17 hvarför
312 278 64 23 troligt
394 280 22 15 är
434 280 27 16 att
480 278 94 23 företaget
587 279 77 16 allmänt
676 278 68 18 önskas
758 277 73 18 äfven
822 273 12 32 i

75 307 55 18 dessa
142 308 115 17 kommuner.
281 307 8 18 I
302 307 22 18 de
337 309 29 16 tre
379 307 116 18 förstnämda
507 307 135 18 kommunerna
653 311 55 13 anses
715 306 117 18 erhållandet

75 336 21 18 af
112 337 58 22 sagda
188 335 200 18 kommunikationsled
408 337 67 21 utgöra
487 338 28 15 ett
527 335 93 18 lifsvilkor
632 335 30 18 för
674 335 42 18 dem
730 335 34 18 och
777 335 55 18 dessa

75 365 109 18 kommuner
202 365 54 17 hafva
274 364 79 18 beslutit
371 364 51 23 gifva
440 364 93 23 företaget
550 364 55 18 äfven
617 364 93 18 materielt
722 363 109 22 understöd,

76 393 80 18 Heinola
167 394 87 17 kommun
267 393 42 18 med
320 393 23 18 96
356 395 47 15 samt
416 393 121 23 Mäntyharju
550 393 34 17 och
598 393 139 18 Suomenniemi
749 393 82 17 kommu-

75 428 34 12 ner
132 422 42 18 med
192 422 23 18 50
234 422 116 22 dagsverken
367 427 34 17 per
414 422 76 22 mantal,
504 422 102 22 hvarjemte
618 422 32 17 två
660 422 101 22 jordägare
774 421 58 18 lofvat

75 453 45 15 utan
133 451 104 22 ersättning
249 450 77 23 upplåta
338 450 29 17 för
378 450 81 18 kanalen
473 450 57 23 nödig
543 451 52 17 mark
607 450 31 18 vid
646 450 80 18 Sulkava
732 451 34 17 och
773 450 58 17 Paaso

75 479 66 18 forsar.
165 479 96 18 Kanalens
280 479 95 22 betydelse
394 479 30 17 för
443 479 104 18 sistnämda
566 479 110 18 kommuner
688 481 22 15 är
720 479 55 18 äfven
788 479 44 17 full-

75 508 78 23 komligt
171 508 46 21 klar,
230 507 24 18 då
266 507 36 18 den
315 507 61 18 skulle
388 507 44 18 leda
442 508 40 22 just
495 513 67 17 genom
576 508 95 17 desamma
683 508 34 17 och
731 508 23 17 då
767 507 22 18 de
802 507 29 18 till

74 539 40 15 stor
133 537 29 18 del
180 539 32 15 äro
225 542 67 17 genom
304 537 54 22 sjöar,
371 536 45 17 kärr
429 537 35 17 och
477 536 96 22 områden,
587 536 63 18 hvilka
662 537 59 17 sakna
733 538 61 21 vägar,
807 537 24 22 på

75 565 68 18 sådant
166 567 36 16 sätt
220 565 60 18 skilda
298 565 40 17 från
358 565 157 21 Savolaksbanan,
533 567 28 15 att
573 565 23 18 de
610 566 16 22 ej
641 565 42 18 med
696 565 60 18 fördel
768 565 64 17 kunna

76 594 84 22 begagna
172 594 29 22 sig
214 593 20 18 af
246 593 111 18 densamma.
376 593 86 18 Kanalen
476 595 21 16 är
507 593 30 18 för
543 593 55 18 dessa
604 594 109 17 kommuner
719 596 27 15 ett
752 593 80 23 verkligt

75 622 98 21 lifsvilkor,
192 627 42 13 men
253 622 28 17 för
294 622 36 17 alla
343 622 111 18 kommuner
466 622 55 23 kring
533 623 91 22 Päijänne
636 625 131 20 vattensystem
780 622 51 18 kom-

76 656 39 13 mer
128 651 36 18 den
176 653 27 16 att
215 651 57 18 blifva
284 651 20 17 af
315 653 39 15 stor
366 653 57 20 nytta.

145 680 25 17 På
188 680 62 23 grund
262 679 55 18 häraf
328 679 34 18 och
376 679 24 18 då
410 680 34 22 jag
456 685 55 13 anser
523 680 68 17 nämda
603 680 140 22 önskningsmål
755 680 76 17 berätti-

75 709 50 22 gadt,
144 709 34 17 har
194 709 33 22 jag
239 709 66 17 tillåtit
317 709 37 22 mig
366 710 28 16 att
406 709 34 17 hos
454 709 32 18 det
498 709 95 22 vällofliga
605 709 158 22 Borgareståndet
775 709 56 17 fram-

76 737 55 18 ställa
155 743 23 12 en
197 738 79 22 petition
295 743 28 12 om
342 737 98 23 öppnande
459 737 21 18 af
494 738 57 22 sagda
564 737 94 22 trafikled,
670 738 6 17 i
690 737 91 18 händelse
795 737 36 18 den

76 771 55 13 anses
145 768 91 16 motsvara
248 766 129 18 kostnaderna.

145 795 37 18 För
194 797 28 15 att
234 797 84 16 närmare
331 795 40 18 visa
383 795 29 18 till
425 795 72 18 hvilket
509 801 48 17 gagn
569 795 82 18 kanalen
664 795 59 18 skulle
736 800 49 16 vara,
798 795 34 17 har

73 823 34 23 jag
119 823 71 18 försökt
202 824 59 17 samla
273 823 69 18 sådana
354 824 101 23 uppgifter,
469 829 38 13 som
521 826 32 16 äro
567 824 20 17 af
597 824 62 17 nöden
672 823 28 19 för
716 824 115 18 bedömande

77 851 20 18 af
119 852 101 23 företagets
238 853 124 22 gagnelighet,
381 853 21 17 så
415 853 53 22 långt
481 853 32 18 det
525 853 49 17 varit
587 853 38 22 mig
638 853 73 22 möjligt
722 852 60 18 under
795 853 36 17 den

76 881 29 17 till
118 881 48 18 buds
178 881 77 18 stående
268 881 54 18 korta
333 881 58 18 tiden.

145 910 141 22 Folkmängden
298 911 6 16 i
318 910 22 18 de
353 910 20 17 af
384 911 38 22 mig
435 910 68 18 nämda
515 910 135 18 kommunerna
662 911 72 22 uppgår
745 910 29 17 till
781 915 51 12 mera

76 940 24 15 än
118 939 63 21 60,000
196 944 94 17 personer.
315 939 8 17 I
336 939 95 18 desamma
444 939 60 18 finnas
517 939 83 22 följande
613 939 120 18 industriella
744 939 53 17 verk:
811 939 21 17 19

76 967 59 22 sågar,
154 967 9 17 1
182 967 104 22 tegelbruk,
304 968 7 16 1
330 967 162 22 trådrullefabrik,
511 969 9 16 1
542 967 134 23 pappersbruk,
689 968 8 17 1
712 967 120 22 läderfabrik,

76 995 9 17 1
99 996 99 17 mekanisk
211 996 93 21 värkstad,
316 996 10 17 2
339 995 128 24 tjärfabriker,
481 997 9 16 1
503 996 98 23 jernbruk,
609 997 9 16 1
626 996 151 18 cellulosafabrik
785 998 48 15 samt

77 1025 86 22 mejerier
187 1025 34 17 och
240 1025 79 17 kvarnar
337 1031 23 11 m.
374 1031 23 12 m.
423 1025 72 18 Värdet
507 1025 21 17 af
539 1028 89 19 exporten
641 1025 35 17 har
685 1025 33 22 jag
731 1025 15 22 ej
760 1025 73 17 kunnat

76 1053 42 18 med
137 1053 87 18 säkerhet
242 1053 88 22 beräkna,
349 1059 42 12 men
405 1054 33 17 det
449 1054 53 17 torde
515 1054 62 22 uppgå
589 1053 29 18 till
630 1054 75 22 vidpass
716 1054 12 17 3
740 1053 91 23 miljoner.

77 1082 94 22 Importen
186 1084 20 15 är
218 1082 106 18 äfvenledes
337 1083 121 22 temmeligen
471 1082 89 23 betydlig.
579 1082 50 23 Mjöl,
639 1082 35 18 salt
680 1088 22 11 m.
710 1081 18 18 fi.
735 1081 98 18 förnöden-

76 1110 53 18 heter
142 1111 70 17 införas
224 1111 6 17 i
243 1113 51 16 stora
305 1111 119 21 kvantiteter,
439 1111 34 18 och
487 1111 37 18 alla
537 1111 55 17 dessa
604 1116 54 12 varor
670 1113 32 16 äro
710 1111 67 17 sådant
784 1111 49 22 slags

76 1139 51 23 gods,
147 1145 38 12 som
197 1139 63 18 kunde
272 1141 138 21 transporteras
422 1140 55 22 längs
491 1145 23 12 en
527 1140 56 17 kanal
597 1140 29 17 till
640 1140 42 17 vida
695 1139 86 23 billigare
794 1140 39 22 pris

77 1170 23 15 än
113 1168 53 23 längs
179 1168 23 18 de
215 1174 25 12 nu
252 1168 114 23 förefintliga
377 1171 184 20 transportvägarna.

145 1197 37 18 Det
205 1197 75 18 område
300 1203 38 12 som
356 1197 89 18 omfattar
458 1197 68 18 nämda
539 1197 78 18 socknar
630 1199 44 20 äger
686 1197 79 18 sålunda
777 1202 23 12 en
813 1197 20 17 så

77 1228 39 15 stor
134 1225 110 23 befolkning
262 1228 47 15 samt
327 1228 27 15 ett
366 1226 70 17 sådant
449 1227 51 17 antal
513 1227 34 17 och
560 1227 21 17 så
593 1225 107 18 beskaffade
714 1225 120 18 industriella

76 1255 132 22 inrättningar,
223 1257 27 15 att
262 1255 58 17 redan
334 1255 43 17 med
390 1255 74 23 hänsyn
478 1255 65 18 dertill
556 1255 207 18 kommunikationerna
775 1253 58 18 borde

77 1282 105 18 förbättras.
206 1283 44 18 Men
269 1283 54 18 äfven
342 1289 23 12 en
384 1289 64 12 annan
467 1283 138 23 omständighet
617 1283 33 18 bör
662 1283 6 18 i
682 1283 50 18 detta
744 1282 89 18 afseende

77 1313 52 21 tagas
153 1311 6 18 i
177 1311 128 18 betraktande.
330 1312 53 17 Inom
402 1312 53 18 detta
467 1312 76 18 omräde
556 1312 60 17 finnas
628 1312 61 17 källor
701 1311 29 18 till
743 1311 90 21 rikedom,

77 1340 64 17 hvilka
165 1341 17 21 ej
201 1341 42 17 med
261 1341 96 22 framgång
369 1341 67 17 kunna
448 1341 121 22 exploiteras,
582 1341 63 17 förrän
658 1341 74 17 medlen
744 1340 29 17 för
786 1344 47 12 sam-

76 1368 83 18 färdseln
177 1368 105 18 förbättras.
306 1369 111 23 Tillgången
436 1370 25 22 pä
473 1370 90 17 räämnen
576 1369 28 17 för
616 1368 170 22 trävaruförädling
799 1367 35 18 och

74 1397 158 23 jernhandtering
249 1399 21 16 är
282 1398 62 22 riklig.
370 1398 74 23 Skogar
456 1397 67 23 finnas,
536 1398 42 18 från
591 1398 63 17 hvilka
666 1394 50 21 såväl
729 1397 53 18 stock
795 1401 39 12 som

77 1426 34 17 ved
129 1426 37 17 kan
185 1427 57 22 säljas
259 1427 7 17 i
278 1429 39 15 stor
328 1427 74 22 mängd.
428 1427 9 18 I
449 1427 92 18 Luhanko
554 1427 35 18 och
601 1427 63 18 Jämsä
676 1428 47 16 samt
735 1425 54 18 äfven
801 1430 32 12 an-

76 1455 98 18 norstädes
192 1455 60 18 finnes
270 1461 23 12 en
311 1456 83 17 utmärkt
406 1455 139 24 byggnadssten
559 1461 15 12 o.
588 1461 14 12 s.
615 1461 15 12 v.
655 1455 44 18 Men
712 1454 55 18 dessa
779 1459 55 12 varor

146 1495 201 18 Petitionsbetänkande
360 1495 36 18 N:o
408 1496 30 17 12.
