1070 1795
254 152 279 23 Petitionsbetänkande
549 152 45 23 N:o
610 152 36 23 17.
785 154 13 21 5

438 222 20 20 4,

217 267 50 20 Till
283 267 172 20 Hedervärda
470 267 215 20 Bondeståndet.

138 331 68 19 Redan
221 331 63 19 under
298 330 100 26 förloppet
412 331 21 19 af
448 331 46 19 flere
509 330 22 20 år
545 331 37 18 har
597 337 25 13 en
636 331 73 25 klagan
724 331 61 25 hörts,
797 333 29 18 att

68 360 25 19 de
107 359 75 26 platser
197 359 47 19 våra
258 359 54 25 lägre
326 359 177 25 jordbruksskolor
513 359 78 20 kunnat
604 359 82 26 erbjuda
696 359 48 20 våra
753 360 73 19 bonde-

69 390 64 23 söner,
156 388 50 19 varit
227 388 75 25 ganska
324 387 132 26 otillräckliga
478 388 30 19 till
529 388 80 25 antalet,
632 388 24 19 sä
674 390 30 17 att
718 390 30 18 ett
761 389 64 19 flertal

67 417 177 19 inträdessökande
264 416 75 26 årligen
360 416 68 20 blifvit
446 416 93 25 afvisade,
556 422 43 14 som
614 423 46 13 man
676 417 64 25 sagdt,
754 418 7 19 i
775 418 52 19 brist

68 445 26 26 på
109 446 64 25 lediga
187 446 81 25 platser.
297 445 31 19 Dä
343 445 68 19 härtill
426 445 95 24 kommer,
536 447 31 17 att
581 446 26 19 de
620 445 102 25 utgående
733 446 93 19 eleverna

68 474 30 19 till
114 475 72 18 största
201 474 57 19 deien
272 473 66 20 blifvit
353 475 60 23 tagna
428 473 7 20 i
450 473 87 26 anspråk
553 480 44 13 som
611 476 77 17 rättare
698 474 38 19 och
745 475 80 25 inspek-

69 504 54 18 torer
137 503 26 25 på
178 504 64 18 större
256 502 124 25 egendomar,
396 501 22 20 så
433 504 30 17 att
478 502 72 19 endast
565 503 61 24 högst
641 502 19 20 få
676 502 103 21 återvändt
795 503 30 20 till

69 531 39 20 den
130 537 50 19 egna
201 531 84 24 torfvan,
300 531 63 18 finner
378 537 46 12 man
440 532 29 18 att
485 531 38 19 den
538 531 78 19 mindre
630 531 143 25 jordbrukaren
788 532 37 19 hos

69 565 34 14 oss
123 559 7 19 i
152 559 70 26 sjelfva
243 559 69 20 värket
326 559 44 19 haft
384 559 36 19 bra
434 559 58 25 ringa
504 561 59 23 nytta
579 560 43 19 utaf
636 560 60 19 dessa
709 559 116 26 jordbruks-

69 588 72 24 skolor,
156 594 31 13 om
203 588 20 19 vi
238 588 16 25 ej
271 590 45 23 taga
330 587 6 20 i
347 588 110 25 beräkning
469 588 39 19 den
519 588 111 19 medelbara
640 590 77 23 nyttan,
727 589 25 19 de
763 590 63 18 större

68 616 142 25 lägenheterna
225 622 71 19 genom
311 616 35 19 sitt
361 617 99 19 föredöme
475 617 59 24 gifvit
549 617 108 19 desamma.

137 645 35 19 Att
194 645 34 20 det
250 645 50 20 dock
314 645 16 24 ej
346 645 123 20 fortfarande
485 645 30 19 får
530 645 22 20 så
567 645 97 25 förblifva,
675 645 57 20 torde
752 646 19 19 vi
787 645 39 20 alla

69 674 68 19 kunna
157 679 47 14 enas
220 679 38 20 om,
273 674 36 19 och
324 673 65 20 måste
405 673 20 20 vi
446 680 44 13 som
505 675 28 18 ett
549 674 107 25 glädjande
670 674 77 19 faktum
762 674 65 25 villigt

69 703 92 24 erkänna,
182 704 29 18 att
234 703 98 24 styrelsen
354 704 61 23 egnat
438 702 55 20 detta
513 702 172 20 missförhållande
699 703 61 25 nödig
775 709 50 19 upp-

69 731 134 19 märksamhet
225 731 37 19 och
283 731 60 20 redan
365 731 29 19 för
416 731 49 20 flere
488 731 22 19 år
525 731 62 19 sedan
601 731 75 20 lemnat
690 737 26 14 en
730 731 75 20 komite
819 731 7 20 i

69 759 91 26 uppdrag
175 761 29 18 att
219 759 100 20 inkomma
334 759 45 20 med
394 759 103 20 utlåtande
511 759 7 20 i
533 759 76 26 frågan.
635 759 29 20 På
679 760 67 19 hvilka
765 761 62 18 stöte-

70 789 67 18 stenar
158 788 54 19 detta
234 788 98 19 komitens
353 788 75 25 förslag
451 788 95 25 strandat,
561 788 26 19 ha
609 788 21 19 vi
650 795 33 13 oss
706 789 16 24 ej
744 788 83 25 bekant;

69 823 46 13 men
129 816 25 19 då
169 817 33 19 det
217 822 61 19 synes
293 823 46 12 vara
354 817 85 23 osäkert,
455 817 30 19 till
501 817 76 19 hvilket
592 816 40 20 mål
647 817 55 20 detta
715 817 60 24 leder,
790 817 37 20 och

70 845 104 25 missnöjet
199 845 59 19 bland
274 845 79 20 landets
368 845 78 20 mindre
461 845 135 25 jordbrukare,
612 845 24 20 de
652 846 35 19 der
702 845 125 26 småningom

69 873 39 20 lärt
131 873 31 26 sig
183 873 45 20 inse
249 876 73 22 nyttan
344 874 25 24 af,
390 875 30 18 att
440 874 57 19 deras
513 876 58 17 söner
586 874 64 19 blefve
664 875 50 18 satta
729 874 7 19 i
751 874 76 19 tillfälle

69 904 30 17 att
113 902 97 25 genomgå
226 908 24 13 en
260 902 48 19 kurs
317 902 7 19 i
334 902 155 25 jordbrukslära,
499 902 119 25 ladugårds-
630 902 36 20 och
677 902 150 26 mejeriskötsel,

69 931 38 19 blir
122 931 126 24 allmännare,
263 930 20 20 få
298 931 20 19 vi
332 931 31 19 för
377 933 29 17 att
421 931 75 19 bevaka
511 931 24 20 de
551 931 85 20 svenska
646 931 79 20 talande
735 931 91 19 kommu-

71 965 72 14 nernas
166 959 61 20 fördel
251 959 7 20 i
282 959 58 20 södra
360 959 58 20 delen
439 960 20 19 af
481 959 72 24 landet,
576 959 35 20 der
625 965 26 14 en
665 959 162 26 jordbruksskola

72 987 115 20 Söderkulla
204 988 7 19 i
226 987 58 20 Sibbo
300 988 51 19 visat
367 988 31 25 sig
412 988 83 19 alldeles
510 988 118 25 otillräcklig
642 989 32 19 för
688 988 38 20 den
742 988 86 20 svenska

71 1016 201 25 kustbefolkningens
287 1017 63 24 behof,
366 1016 80 20 anhålla
458 1018 30 18 att
501 1017 34 19 det
545 1017 123 19 hedervärda
678 1017 150 19 Bondeståndet

73 1045 46 19 ville
133 1045 105 24 godkänna
254 1051 25 14 en
293 1045 85 25 petition
392 1045 7 19 i
415 1045 34 20 det
465 1045 66 25 syfte:

345 1104 27 17 att
394 1109 24 12 en
441 1103 52 24 lägre
510 1102 160 25 jordbruksskola
692 1102 44 19 med
752 1102 75 19 svenskt

277 1131 210 25 undervisningsspråk
506 1131 34 19 och
559 1131 44 19 med
616 1133 25 17 ett
651 1130 108 25 tillräckligt
773 1130 54 20 antal

278 1160 106 25 elevplatser
406 1160 58 24 blefve
485 1159 13 20 å
521 1159 66 26 någon
611 1159 101 20 centralort
732 1159 9 19 i
765 1161 63 17 vestra

277 1188 89 26 Nylands
388 1188 160 25 svenskspråkiga
567 1188 126 19 kustsocknar
706 1194 69 19 genom
789 1189 39 24 sty-

278 1217 70 20 relsens
362 1217 78 25 försorg
455 1217 91 19 inrättad.

141 1279 126 26 Helsingfors
282 1280 38 19 den
336 1280 12 19 9
364 1279 94 20 Februari
475 1280 61 19 1894.

143 1346 23 23 C.
184 1346 27 23 6.
226 1346 165 28 Lagerström.
551 1346 24 23 C.
590 1346 172 23 Fredriksson.

338 1393 70 22 Alex.
424 1392 138 23 Ehrström.

142 1496 182 18 Ekonomiutskottets
337 1495 111 18 betänkande
459 1495 38 18 N:o
510 1496 18 17 5.
