1070 1795
275 145 278 23 Petitionsbetänkande
573 146 45 22 N:o
634 145 36 24 14.
809 147 11 20 7

93 215 63 20 folket
170 215 84 20 hotande
270 215 112 23 brottsjöar.
412 215 46 19 Men
474 215 90 24 andligen
587 215 113 20 utveckladt
715 215 37 20 och
767 216 83 19 civilise-

92 245 45 18 radt
152 244 65 19 kunna
233 245 17 18 vi
266 244 43 19 icke
324 244 53 19 kalla
392 244 59 23 nägot
467 243 48 24 folk,
532 243 65 20 förrän
614 244 44 19 hela
673 243 69 24 folket,
765 245 18 18 d.
800 250 18 13 v.
834 250 15 13 s.

93 273 39 19 alla
147 273 44 19 dess
206 273 130 25 medlemmar,
352 273 36 19 och
404 273 44 18 icke
464 273 69 18 endast
549 279 23 12 en
588 273 30 18 del
634 272 22 19 af
670 273 50 23 dem,
742 272 55 20 hafva
813 273 38 19 fätt

93 301 77 20 komma
184 302 6 18 i
206 301 112 24 ätnjutande
334 301 21 19 af
369 301 37 19 och
422 301 80 24 tillegna
518 301 28 24 sig
562 302 40 24 det,
625 307 40 13 som
681 301 96 26 kunskap,
801 301 49 20 bild-

93 331 47 23 ning
155 330 35 19 och
206 331 66 22 andlig
287 330 114 24 upplysning
417 330 88 23 erbjuda.

162 359 72 19 Därför
257 359 35 18 bör
314 359 42 18 hela
379 358 63 19 folket
464 358 101 19 utvecklas
589 359 35 19 och
646 358 58 20 blifva
720 359 95 24 delaktigt
830 358 22 20 af

93 388 86 23 bildning
207 387 36 20 och
274 387 94 24 kunskap.
410 387 48 19 Hela
488 387 71 19 folkets
590 387 77 24 andliga
697 387 75 20 krafter
802 388 47 19 böra

93 416 76 20 säledes
192 416 110 24 utvecklas;
324 417 34 18 hos
374 416 44 20 hela
434 416 63 19 folket
512 416 36 19 bör
563 416 50 19 först
628 416 113 24 uppväckas
757 416 59 20 behof
830 416 21 19 af

93 446 38 18 och
146 445 96 28 ästundan
258 445 49 18 efter
322 445 95 24 kunskap,
434 445 37 19 och
487 445 59 18 sedan
563 445 49 18 skall
628 446 62 18 denna
704 445 61 23 gifvas
775 446 21 18 ät
806 445 45 19 hela

93 473 68 20 folket.
188 469 9 33 =
201 475 27 18 At
250 473 71 20 folkets
344 474 38 19 alla
404 474 54 22 lager
482 473 37 20 och
541 474 124 19 medlemmar
688 473 50 20 skall
761 474 88 23 kunskap

93 502 101 24 erbjudas;
218 503 24 18 de
265 502 54 19 skola
337 502 50 19 först
403 502 78 23 bringas
497 502 28 19 till
541 502 60 19 insikt
616 508 30 13 om
663 505 28 16 att
706 503 24 18 de
746 505 33 17 äro
795 501 54 25 själf-

93 531 89 24 ständiga
205 531 122 19 medlemmar
349 531 21 19 af
391 534 29 15 ett
443 531 132 24 själfständigt
598 530 47 23 folk,
670 534 19 21 ty
711 531 25 19 dä
751 533 22 18 är
788 531 63 19 folket

93 560 65 19 starkt
179 560 37 19 och
237 559 120 26 lifskraftict,
381 562 35 16 när
431 559 68 24 hvarje
514 560 44 19 dess
575 560 80 18 medlem
672 560 81 19 besitter
768 563 28 16 ett
811 560 39 19 till-

93 589 85 23 räckligt
200 589 48 18 mätt
270 588 21 19 af
305 588 87 24 kunskap
409 588 36 19 och
462 588 86 23 bildning
564 588 36 19 och
616 589 74 18 känner
705 589 41 19 sina
762 589 88 18 medbor-

93 618 74 23 gerliga
182 617 122 23 rättigheter,
319 617 34 18 sitt
369 617 154 23 medborgerliga
539 618 65 18 värde.

163 646 65 19 Såsom
251 646 33 19 det
307 646 53 18 bästa
382 646 71 19 medlet
475 645 30 20 för
526 646 124 23 kunskapens
673 645 37 20 och
730 646 121 23 bildningens

92 675 107 24 spridande
215 675 29 18 till
261 674 67 23 folket,
344 674 31 19 för
390 675 45 18 dess
451 675 78 22 andliga
546 675 107 22 förkofran,
674 675 46 18 böra
736 674 114 19 läroanstal-

92 706 58 16 terna
166 703 106 20 betraktas.
302 703 9 18 I
326 703 57 19 dessa
399 703 47 19 böra
463 703 71 19 folkets
551 704 46 18 barn
613 703 113 19 undervisas
742 703 35 20 och
794 703 57 19 deras

92 732 79 23 andliga
186 731 156 24 förmögenheter
358 732 107 20 utvecklas.
497 732 45 19 Men
558 733 56 18 dessa
630 731 221 24 undervisningsanstal-

92 764 32 15 ter
139 761 47 18 böra
201 766 46 13 vara
262 760 22 19 sä
300 761 69 19 talrika
385 761 37 19 och
438 761 21 18 sä
475 760 159 24 ändamälsenligt
650 761 103 22 inrättade,
769 763 28 16 att
813 760 38 19 alla

92 789 74 20 folkets
182 789 47 19 barn
245 789 20 19 fä
280 789 76 19 tillfälle
372 792 29 16 att
416 790 6 18 i
438 790 43 18 dem
497 789 114 24 tillräckligt
624 789 90 19 utveckla
724 789 37 19 och
771 789 80 24 utvidga

92 818 43 19 sina
150 818 77 23 andliga
241 817 81 20 krafter.

165 847 98 19 Särskildt
285 847 30 18 för
332 847 40 18 smä
388 847 96 22 nationer,
507 847 63 18 säsom
586 846 40 23 vär,
650 848 21 17 är
686 846 33 19 det
734 845 118 24 nödvändigt

94 878 31 17 att
147 876 34 19 det
203 875 61 19 finnes
286 875 241 24 undervisningsanstalter
543 875 30 19 för
589 875 37 18 alla
642 875 36 18 och
693 877 29 16 att
736 875 38 18 alla
789 875 62 18 natio-

95 909 48 14 nens
158 905 124 18 medlemmar
297 905 6 18 i
318 904 43 19 dem
377 904 19 19 fä
412 904 65 23 andlig
493 904 92 25 bildning,
605 907 20 19 ty
641 903 40 19 smä
695 904 98 18 nationers
808 902 44 20 hela

91 933 69 23 styrka
190 933 36 19 och
250 933 88 18 framtida
355 935 47 16 värn
422 933 65 19 bestär
501 933 41 23 just
560 933 3 18 i
579 938 23 13 en
618 932 60 23 högre
693 932 93 19 nationell
802 931 49 20 bild-

92 961 53 24 ning.
176 960 40 21 Och
232 961 62 19 denna
309 961 53 19 kraft
378 963 22 17 är
415 961 22 20 sä
453 964 41 17 stor
510 961 37 19 och
563 961 78 23 mäktig,
656 963 29 16 att
698 961 84 18 hvarken
793 960 58 19 svärd

91 990 50 19 eller
164 990 31 19 eld
217 989 67 24 bryter
304 990 36 19 och
356 990 82 19 förintar
454 990 44 23 den,
522 994 20 20 ty
558 989 116 24 upplysning
688 991 22 17 är
726 989 37 19 den
779 991 72 17 största

92 1018 60 24 kraft,
177 1019 85 23 bildning
285 1019 32 18 det
338 1019 54 18 bästa
414 1019 63 24 skydd
493 1019 98 23 (valistus
608 1018 69 19 vaokin
693 1018 69 23 voima,
784 1017 67 20 suurin

91 1047 58 24 suoja
164 1048 106 23 sivistys*).

164 1076 76 19 Härdar
263 1075 31 20 för
315 1076 117 24 upplysning
456 1076 36 19 och
517 1076 85 23 bildning
626 1075 46 20 böra
688 1075 66 19 därför
769 1075 82 18 inrättas

91 1104 38 19 och
145 1105 97 23 anläggas,
258 1105 36 19 och
310 1105 23 18 de
349 1105 59 18 redan
425 1105 120 23 grundlagda
561 1105 47 18 böra
623 1104 129 19 understödas
768 1103 36 20 och
815 1102 36 20 fri-

92 1135 57 21 göras
172 1133 42 19 frän
237 1133 107 19 materiella
366 1133 127 24 svärigheter.
525 1133 97 19 Särskildt
644 1133 48 19 böra
710 1133 24 18 de
750 1132 101 19 undervis-

91 1162 158 25 ningsaastalter,
266 1162 64 19 hvilka
346 1161 68 20 främst
430 1164 34 17 äro
481 1161 81 20 afsedda
578 1161 30 20 för
623 1162 24 18 de
660 1161 96 24 egentliga
767 1161 83 24 kropps-

91 1191 123 23 arbetarena,
238 1191 183 24 uppmärksammas.
453 1191 77 19 Sädana
553 1190 241 23 undervisningsanstalter
817 1191 34 17 äro

93 1219 24 19 de
133 1219 21 19 sä
169 1219 78 19 kallade
263 1219 180 24 folkhögskolorna.

161 1248 9 19 I
185 1247 179 24 folkhögskolorna,
380 1248 58 19 dessa
454 1247 82 24 folkets
552 1248 130 22 universitet",
694 1247 57 19 dessa
760 1246 91 26 ,upplys-

92 1277 80 22 ningens
188 1277 37 19 och
241 1277 120 23 bildningens
377 1277 89 23 härdar*,
482 1276 20 20 fä
518 1277 30 22 de,
564 1277 66 18 hvilka
645 1276 82 19 ästunda
739 1281 52 14 mera
802 1275 50 19 kun-

92 1305 49 24 skap
165 1305 35 20 och
220 1306 122 24 upplysning,
366 1307 24 18 än
406 1305 50 20 hvad
473 1311 40 14 som
529 1305 91 24 erbjudes
636 1305 6 19 i
658 1304 141 24 folkskolorna,
822 1303 30 20 sin

92 1334 74 18 önskan
183 1334 140 20 tillfredsstäld,

162 1362 8 19 I
186 1362 46 20 flere
248 1362 75 20 trakter
338 1362 21 19 af
374 1362 43 19 värt
433 1362 45 20 land
494 1362 36 20 har
545 1362 60 20 ocksä
621 1362 62 20 folket
699 1360 54 25 själft
768 1360 85 24 grundat

91 1390 75 20 sådana
187 1392 137 19 läroanstalter
348 1391 42 19 med
414 1391 127 24 hopsamlade
563 1391 69 24 medel,
656 1390 36 20 och
714 1389 138 20 erfarenheten

93 1419 58 24 visar,
166 1423 30 16 att
218 1421 57 18 dessa
297 1420 138 19 läroanstalter
458 1421 18 23 ej
499 1419 68 20 behöft
585 1421 39 18 lida
641 1420 48 19 brist
705 1419 25 24 pä
745 1419 107 23 lärjungar.

162 1492 104 17 Allmänna
279 1492 170 18 Besvärsutskottets
462 1493 111 17 betänkande
585 1492 37 18 N:o
636 1492 16 17 9.
