1070 1795
212 132 27 21 38
393 132 262 23 Motionsbetänkande
671 133 43 22 N:o
730 132 23 23 3.

182 200 115 22 Utskottet
318 201 39 21 har
378 201 87 28 jämfört
487 201 52 22 våra
555 201 198 22 skolförhållanden
769 201 50 22 med
835 201 107 22 desamma

182 235 58 20 inom
255 234 143 23 Norrbottens
413 235 41 26 län,
470 235 89 22 emedan
575 235 144 22 folktätheten
730 235 112 22 därstädes
857 237 24 19 är
890 235 52 22 min-

182 268 38 22 dre
243 270 27 19 än
286 269 7 20 i
308 268 120 29 Uleåborgs
444 269 41 27 län,
500 269 87 22 hvarest
602 269 125 22 densamma
750 269 24 22 är
790 270 55 21 1885
861 277 38 14 var
914 270 30 25 1,

183 305 55 19 samt
256 303 24 21 år
303 304 53 20 1891
381 304 29 25 1,6
431 311 38 20 per
491 299 204 33 gvadratkilometer
718 303 41 22 och
782 303 87 22 hvarest
888 303 55 22 läse-

182 337 47 21 äret
245 338 112 21 1891—92
379 337 49 22 fans
452 345 26 14 en
501 337 65 29 högre
589 338 109 21 folkskola
714 337 28 29 pä
758 339 61 25 3,166
836 337 107 22 invänare.

182 371 78 22 Under
289 371 91 22 läseäret
411 373 111 20 1892—93
545 372 126 21 erfordrade
694 372 40 21 hos
757 380 35 13 oss
815 371 68 22 stads-
903 371 41 22 och

183 405 226 22 landskommunernas
432 406 98 28 samtliga
551 406 121 22 folkskolor
697 414 27 14 en
750 406 65 28 utgift
831 406 23 22 af
869 405 74 22 inalles

185 441 111 25 3,497,688
311 440 42 27 mk,
368 441 51 20 eller
441 440 55 21 Fmk
513 442 18 19 1:
547 442 28 19 45
598 440 28 29 pä
649 440 83 21 enhvar
747 440 22 21 af
785 440 83 21 landets
884 440 60 21 invä-

184 481 57 19 nare,
256 474 77 21 medan
349 474 91 28 Sverges
461 474 120 21 folkskolor
597 474 23 21 är
642 475 56 21 1890
714 474 91 22 kostade
822 475 122 26 12,984,935

184 508 81 21 kronor
290 508 51 21 eller
362 508 55 21 Fmk
440 509 61 20 3:82
523 516 39 21 per
583 508 103 21 invänare
706 509 41 21 och
769 509 147 21 folkskolorna
938 509 7 20 i

185 542 73 28 Norge
274 542 24 21 är
313 543 54 21 1889
382 542 55 21 Fmk
454 544 18 20 3:
489 544 25 20 77
530 543 29 28 pä
574 543 73 28 hvarje
663 543 109 21 invänare.

256 577 40 20 Att
311 577 51 21 våra
376 577 258 21 folkskoleförhällanden
656 577 49 21 icke
720 577 96 22 företedt
839 585 26 14 en
880 578 7 20 i
903 577 41 22 allo

186 611 198 21 tillfredsställande
407 611 130 28 utveckling,
559 611 96 28 framgär
677 611 65 22 äfven
760 611 68 27 däraf,
843 614 32 19 att
889 612 57 21 inom

187 645 116 21 ständerna
317 645 124 28 upprepade
456 645 81 28 gånger
552 645 76 22 väckts
644 645 88 28 förslag,
748 645 104 22 afseende
867 648 32 19 att
910 645 38 22 be-

186 679 74 21 fordra
276 687 26 14 en
318 679 105 28 hastigare
439 679 125 28 utveckling
579 679 28 29 på
622 679 60 22 detta
698 679 93 22 område.
824 679 75 22 Redan
909 679 37 22 vid

187 713 130 29 landtdagen
341 715 111 20 1877—78
475 713 144 22 framställdes
641 715 6 20 i
671 714 92 26 Preste-,
787 714 103 28 Borgare-
906 713 41 22 och

187 747 168 22 Bondeständen
371 748 183 28 petitionsförslag
564 755 34 14 om
611 748 229 21 landskommunernas
851 747 96 30 skyldig-

188 782 115 21 kännande
326 785 31 18 att
371 782 53 21 hvar
446 783 56 20 inom
518 783 38 20 sitt
579 782 86 21 omräde
681 783 79 20 inrätta
776 783 129 21 ätminstone
920 789 26 14 en

188 816 66 28 högre
269 816 113 21 folkskola.
412 816 138 21 Pluraliteten
566 817 58 21 inom
640 817 116 21 Allmänna
768 817 179 21 Besvärsutskot-

187 853 33 19 tet
234 850 146 22 understödde
392 850 62 22 dessa
467 851 120 28 petitioner,
595 858 49 14 men
659 851 33 21 till
707 851 68 28 nägot
789 851 159 21 ständerbeslut

188 885 63 21 ledde
267 885 27 21 de
310 885 54 21 icke.
394 884 75 22 Såsom
489 885 36 21 det
547 886 115 27 vigtigaste
686 885 70 22 skälet
779 888 45 19 mot
839 885 108 21 desamma

188 919 102 22 anfördes
306 919 137 28 obilligheten
458 919 23 21 af
496 927 26 13 en
535 919 177 28 lagbestämning,
725 927 47 14 som
783 922 52 19 utan
845 919 103 22 afseende

189 953 28 29 pä
232 953 157 22 vidsträckthet
410 953 41 21 och
466 953 115 22 folktäthet
604 953 102 22 ähvälfde
729 954 42 21 alla
787 953 160 22 landskommu-

189 995 38 14 ner
242 995 81 14 samma
344 990 66 25 tunga
426 987 40 22 och
488 987 87 22 hvilken
598 988 99 28 nödgade
721 988 82 29 fjärran
819 987 83 22 boende
918 990 32 19 att

191 1022 85 27 deltaga
292 1023 6 20 i
313 1021 134 22 underhället
461 1021 23 21 af
499 1029 25 14 en
541 1022 68 26 skola,
631 1029 47 14 som
693 1022 29 29 pä
744 1022 70 29 grund
830 1022 23 21 af
868 1021 82 22 afstän-

190 1056 38 21 det
242 1056 49 21 icke
307 1055 71 22 kunde
394 1055 63 22 lända
472 1055 48 22 dem
538 1056 33 21 till
587 1056 65 28 nägot
666 1064 64 21 gagn.
760 1056 53 21 Med
830 1055 120 22 beaktande

190 1091 24 21 af
228 1090 65 21 dessa
308 1089 163 28 anmärkningar
485 1090 143 22 framställdes
644 1091 37 21 vid
703 1092 56 21 1882
775 1091 34 21 års
825 1090 104 28 landtdag
944 1091 6 20 i

191 1124 182 28 Borgareständet
394 1131 26 14 en
444 1125 95 28 petition,
566 1124 114 29 äsyftande
703 1125 167 21 kommunernas
893 1124 58 28 äläg-

192 1159 70 28 gande
285 1159 52 20 atti
353 1157 133 22 förhällande
509 1159 32 20 till
557 1159 32 21 sin
613 1159 127 28 folkmängd
756 1160 79 20 inrätta
858 1166 27 14 en
901 1158 51 21 eller

192 1193 50 21 flere
258 1193 65 28 högre
338 1193 125 21 folkskolor.
493 1187 72 27 Äfven
583 1192 69 22 denna
674 1193 59 28 gång
749 1193 146 21 understödde
911 1193 41 22 Ut-

192 1227 82 22 skottet
295 1227 109 28 förslaget,
426 1227 82 21 hvilket
530 1227 118 21 emellertid
671 1227 81 21 förföll.
783 1227 48 22 Vid
848 1228 54 20 1888
917 1227 35 21 års

191 1261 105 28 landtdag
311 1261 45 20 åter
370 1261 89 21 väcktes
474 1261 57 20 inom
546 1261 165 22 Presteståndet
720 1261 187 28 petitionsförslag
918 1268 34 14 om

193 1296 165 21 kommunernas
380 1295 144 28 förpligtande
547 1298 31 18 att
600 1296 78 21 inrätta
694 1295 131 22 åtminstone
845 1303 27 13 en
887 1295 65 28 högre

191 1329 116 27 folkskola,
321 1337 49 13 men
386 1329 47 21 icke
448 1329 66 21 heller
535 1329 59 21 detta
616 1329 88 28 förslag,
720 1329 67 21 ehuru
803 1329 23 21 af
841 1329 113 21 Utskottet

192 1364 134 26 understödt,
341 1370 57 15 vann
413 1363 66 28 nödig
494 1363 202 29 ständerpluralitet.
712 1363 47 23 Vid
772 1364 54 20 1891
838 1363 35 21 års
883 1362 70 22 landt-

194 1398 42 27 dag
258 1397 132 22 inlemnades
413 1398 7 20 i
436 1397 40 21 alla
499 1397 26 22 de
541 1397 78 22 ofrälse
635 1397 92 22 stånden
747 1397 185 29 petitionsförslag
947 1398 7 21 i

194 1432 73 21 saken.
298 1432 43 21 Det
355 1432 7 20 i
378 1431 161 22 Presteständet
560 1432 77 21 väckta
653 1432 105 28 förslaget
778 1431 100 30 åsyftade
893 1432 27 20 bl.
936 1439 18 18 a.

261 1471 104 18 Allmänna
377 1471 168 18 Besvärsutskottets
559 1471 110 18 betänkande
682 1472 38 17 N:o
733 1472 32 17 20.
