1070 1795
220 139 26 21 36
394 137 259 24 Motionsbetänkande
668 137 46 22 N:o
731 137 23 22 3.

733 217 54 18 Antal
799 216 11 18 b:
862 217 1 4 j

443 235 53 18 Antal
508 235 43 18 barn
563 229 15 34 |
587 234 54 19 Antal
652 234 50 23 barn,
713 229 13 34 |
738 239 60 18 hvilka
810 218 38 43 icke

337 260 29 37 År
431 263 65 18 mellan
509 264 10 17 9
531 264 33 17 och
577 263 59 18 [hvilka
643 263 71 18 besökte!
727 263 63 18 besökt
801 262 54 26 högre

364 289 3 4 :
430 293 22 17 13
460 293 20 17 år
491 293 6 17 i
505 293 60 22 jämna
570 283 9 36 |
592 293 53 22 högre
657 292 46 17 folk-
736 281 94 48 folkskola;
843 291 5 11 i

446 317 99 32 hundratal.
620 317 52 31 skola.
733 310 88 43 Taa

308 385 90 18 1872—78
463 373 78 39 148,400
630 384 52 20 7,155
759 383 74 22 141,200

309 414 90 18 1877—78
463 410 74 30 158,700
619 408 61 32 13,447
759 411 74 19 145.300

307 438 95 31 1882—83
463 438 77 31 169,000
618 442 64 21 20,899
759 441 74 21 148,100

308 459 91 39 1887—88
463 471 75 22 180,800
618 469 64 23 28,346
759 469 74 23 152,500

309 500 91 18 1892—98
463 488 78 39 187,600
619 499 63 22 40,426
759 498 74 22 147,200

261 587 103 21 Tabellen
380 586 72 29 gifver
466 586 90 21 sälunda
571 585 37 22 vid
628 585 92 26 handen,
736 588 32 18 att
783 585 80 20 antalet
879 584 50 21 barn
946 585 6 20 i

191 621 131 27 skoläldern,
330 621 74 22 hvilka
416 621 48 21 icke
475 620 81 21 besöka
566 620 66 28 högre
642 619 116 26 folkskola,
765 619 56 20 ända
829 619 32 20 till
869 621 83 19 senaste

192 656 24 21 år
231 657 57 20 varit
303 657 7 19 i
325 655 95 28 ständigt
445 654 105 29 stigande,
572 653 108 22 beroende
696 653 73 29 därpå,
785 656 32 18 att
831 653 122 21 folköknin-

192 697 42 21 gen
250 691 58 20 inom
325 689 159 22 åldersklassen
500 689 69 21 9—13
585 688 24 21 år
623 689 57 20 varit
698 690 68 19 större
782 689 27 19 än
825 687 41 21 den
882 688 72 20 samti-

194 724 47 28 digt
256 723 176 22 förekommande
448 723 123 28 stegringen
586 723 7 20 i
608 722 231 21 folkskole-elevernas
855 721 62 21 antal.

263 758 110 28 Därjämte
396 757 93 28 framgår
511 757 24 21 af
557 757 63 21 dessa
643 756 176 29 sifferuppgifter,
841 758 31 18 att
887 755 67 22 under

193 792 93 21 läseäret
302 793 140 20 1892—1893
458 791 75 22 endast
548 792 44 25 21,5
607 792 27 27 %/,
650 791 23 20 af
688 791 100 27 samtliga
804 790 51 21 barn
871 791 6 20 i
897 789 57 22 skol-

194 826 75 22 åldern
293 826 75 21 besökt
390 826 66 28 högre
479 825 114 22 folkskola.
622 825 44 21 Om
689 825 67 21 äfven
778 824 100 21 städerna
892 827 61 25 tagas

194 860 49 22 med
258 861 8 20 i
282 861 152 27 beräkningen,
450 859 89 22 erhålles
555 859 34 22 för
605 859 45 28 3!/,,
668 860 55 21 1890
740 859 81 21 antalet
836 858 51 21 barn
903 859 51 20 mel-

194 895 35 21 lan
246 896 12 20 9
275 895 42 21 och
333 896 25 20 13
374 894 24 21 år
412 904 28 9 =
456 895 95 25 202,954.
581 894 76 21 Under
672 901 82 14 samma
777 893 69 22 läseär
861 893 51 21 eller
926 893 28 27 1/;

195 930 55 21 1891
266 929 80 21 funnos
369 929 66 28 enligt
450 928 41 22 den
507 928 23 21 af
545 923 176 33 Öfverstyrelsen
744 928 36 21 för
803 927 152 22 skolväsendet

195 963 139 29 publicerade
358 963 121 21 statistiken
501 963 62 21 öfver
586 962 233 27 folkundervisningen
841 962 8 20 i
871 961 83 21 landets

194 997 216 22 elementarläroverk
426 997 40 21 och
481 997 70 28 öfriga
565 997 66 28 högre
646 997 107 26 läroverk,
767 996 55 21 real-
833 996 50 21 eller
893 995 61 22 fack-

194 1032 74 21 skolor
283 1035 54 18 samt
359 1031 65 28 högre
448 1031 40 21 och
503 1031 58 28 lägre
584 1031 56 21 fasta
655 1031 123 22 folkskolor
793 1031 74 25 61,847
885 1030 71 21 elever

195 1066 52 21 eller
263 1067 44 26 30,5
321 1067 27 26 %/,
364 1065 22 22 af
402 1065 65 22 ofvan
491 1065 88 28 angifna
597 1065 58 21 antal
678 1065 59 21 barn.
768 1065 67 20 Detta
857 1067 99 25 procent-

194 1100 31 21 tal
250 1102 24 19 är
300 1099 116 22 emellertid
441 1099 87 22 alldeles
551 1099 34 21 för
607 1102 59 24 stort,
690 1101 52 20 enär
764 1099 38 21 det
827 1098 47 22 icke
900 1099 56 20 varit

195 1135 85 28 möjligt
295 1137 31 18 att
340 1134 48 21 frän
411 1133 135 22 totalantalet
568 1133 100 22 skolbarn
689 1133 88 29 afskilja
797 1133 55 26 dem,
871 1133 84 21 hvilkas

195 1168 60 22 ålder
271 1168 134 28 understiger
427 1169 13 20 9
455 1167 24 22 är
494 1168 51 21 eller
568 1167 127 28 öfverstiger
712 1169 33 20 13.
775 1167 54 21 Man
844 1167 42 21 kan
901 1167 55 21 säle-

195 1203 38 21 des
249 1203 29 28 pä
293 1203 56 28 goda
364 1202 94 29 grunder
481 1205 82 25 antaga,
588 1205 30 18 att
633 1203 82 20 antalet
738 1202 61 26 barn,
819 1201 74 22 hvilka
908 1201 48 22 icke

196 1237 78 21 besökt
288 1237 66 28 högre
369 1237 108 20 folkskola
493 1236 50 21 eller
558 1236 89 21 kommit
659 1237 7 20 i
677 1236 128 29 ätnjutande
816 1235 23 22 af
849 1235 107 22 vidsträk-

195 1274 46 19 tare
256 1271 162 28 undervisning,
439 1270 68 28 sagda
521 1270 24 21 är
559 1271 98 28 utgjorde
674 1272 86 20 75—80
776 1271 27 26 ?/,
819 1270 23 21 af
856 1270 100 21 total-an-

195 1305 53 22 talet
264 1305 51 22 barn
339 1306 6 20 i
362 1304 127 22 skoläldern.
519 1304 113 28 Medtagas
656 1305 102 28 slutligen
781 1305 7 20 i
811 1304 144 28 beräkningen

197 1339 65 22 äfven
279 1339 26 21 de
321 1339 59 27 barn,
402 1339 73 21 hvilka
491 1338 84 22 erhällit
596 1339 156 27 undervisning
767 1339 7 20 i
791 1338 165 21 ambulatoriska

197 1374 74 21 skolor
286 1376 54 19 samt
355 1374 6 21 i
378 1372 27 22 de
421 1372 178 27 smäbarnskolor,
607 1380 34 14 om
656 1372 75 23 hvilka
747 1374 13 27 $
772 1374 41 20 124
823 1373 8 20 i
840 1372 117 21 folkskole-

196 1407 156 28 förordningen
374 1407 106 26 förmäler,
501 1407 98 28 utgjorde
622 1407 184 28 skolungdomens
829 1407 48 20 hela
900 1407 56 20 antal

197 1443 92 26 251,125
305 1442 51 21 eller
374 1442 43 25 79,9
432 1442 27 27 "/y
474 1441 23 21 af
511 1441 82 21 antalet
616 1441 51 22 barn
690 1441 80 22 mellan
795 1442 10 21 7
823 1441 41 21 och
887 1442 26 20 13
928 1441 29 27 år,

266 1481 104 18 Allmänna
383 1481 168 18 Besvärsutskottets
564 1481 111 18 betänkande
688 1482 38 17 N:o
740 1481 33 18 20.
