1070 1795
198 145 27 20 28
374 144 260 23 Motionsbetänkande
650 145 43 22 N:o
709 145 23 22 3.

166 214 108 21 naturlära.
298 214 68 19 Denna
380 215 260 24 undervisoingsskyldighet
655 215 68 19 träder
733 215 7 19 i
748 215 53 20 kraft
816 215 7 19 i
834 215 36 20 den
882 215 45 20 män

166 242 72 24 nödiga
262 243 73 23 skolor,
358 243 7 18 i
388 243 66 19 hvilka
475 243 138 24 undervisning
630 249 46 18 eger
690 249 42 14 rum
747 243 26 25 pä
788 244 81 19 barnens
885 249 40 15 mo-

168 271 91 24 dersmäl,
276 271 59 20 blifva
350 272 102 20 inrättade.

523 369 10 25 $
545 369 25 25 2.

237 433 29 18 De
289 432 31 19 för
342 432 82 19 nämnda
446 432 89 19 ändamål
557 432 71 23 nödiga
644 432 163 19 läroanstalterna
822 435 34 16 äro
874 432 52 25 lägre

168 460 36 21 och
220 461 60 25 högre
294 461 108 25 folkskolor.

237 490 64 23 Lägre
323 489 109 20 folkskolor
448 490 47 18 eller
510 489 117 20 barnskolor
642 489 49 19 böra
706 490 81 18 inrättas
803 489 37 20 och
855 491 70 17 under-

166 518 62 19 hållas
244 519 7 18 i
267 519 91 18 städerna
373 519 21 18 af
408 518 137 19 kommunerna
557 518 37 19 och
605 519 25 23 på
642 518 133 23 landsbygden
787 517 21 20 af
817 518 37 19 den
865 518 59 24 kyrk-

166 547 40 24 liga
221 547 144 24 församlingen.
396 547 28 19 De
440 547 88 19 meddela
544 547 69 18 endast
629 547 36 18 den
684 546 63 20 första
762 547 163 23 undervisningen

166 576 6 18 i
188 575 92 26 religion,
295 576 75 23 läsving
385 576 37 19 och
437 575 95 24 skrifniog
543 575 20 19 af
573 575 144 23 modersmålet,
730 575 82 24 räkning
824 575 37 20 och
871 576 53 23 sång,

167 604 36 20 och
220 605 57 18 skola
292 605 82 18 besökas
390 604 21 19 af
424 605 72 18 barnen
512 604 43 19 från
571 605 30 23 sju
617 605 29 18 till
661 605 32 18 nio
709 604 32 19 års
756 604 61 19 ålder.

236 633 30 19 De
290 633 59 24 bögre
372 633 134 19 folkskolorna
528 633 47 19 böra
592 633 52 18 såväl
660 633 5 18 i
682 633 66 18 städer
763 638 40 13 som
819 632 25 25 på
859 633 66 18 landet

166 662 83 18 inrättas
274 662 35 19 och
332 662 141 24 upprätthållas
495 661 21 19 af
537 661 123 23 kommunen,
683 661 36 19 och
737 661 55 19 skola
807 661 83 19 besökas
905 660 21 19 af

166 691 74 18 barnen
256 689 44 20 från
315 691 31 18 nio
363 691 29 18 till
408 692 72 17 tretton
496 690 31 19 års
543 690 62 25 ålder,
621 691 6 18 i
643 690 92 19 händelse
751 690 61 23 skola,
823 690 55 19 hvari
890 695 34 13 un-

167 718 113 25 dervisning
303 719 97 19 meddelas
423 719 25 24 på
469 719 78 19 barnets
571 719 121 21 modersmål,
716 719 18 23 ej
758 721 21 16 är
801 718 80 24 belägen
899 718 26 24 på

166 748 67 23 längre
249 747 77 20 afständ
345 747 43 20 från
406 748 42 19 dess
463 747 42 20 hem
522 750 23 16 än
561 747 44 24 fyra
620 747 110 19 kilometer.
760 747 57 23 Barn,
833 752 40 14 som
889 752 35 14 un-

167 776 35 19 der
217 777 85 18 nämnda
311 777 27 18 tid
351 777 17 23 ej
380 776 68 19 hinner
458 777 80 22 tillegna
551 776 28 23 sig
595 777 33 18 det
643 775 119 20 föreskrifna
776 775 148 24 kunskapsmät-

168 808 36 19 tet,
220 811 47 12 vare
283 805 85 24 skyldigt
383 807 28 17 att
427 805 91 19 fortsätta
533 805 29 19 sin
574 805 94 24 skolgäng
678 805 114 23 ytterligare
805 807 28 16 ett
845 805 31 18 ärs
889 804 35 19 tid.

237 833 93 20 Befriade
352 833 43 20 frän
418 833 109 25 skyldighet
550 835 31 18 att
603 833 73 19 besöka
697 834 57 19 dessa
769 833 67 19 skolor
851 835 34 16 äro
901 833 24 18 de

168 861 56 24 barn,
248 862 67 19 hvilka
336 863 90 23 antingen
449 863 74 18 hemma
549 863 48 18 eller
620 868 70 13 annars
716 862 105 23 bevisligen
851 861 75 20 erhålla

168 896 24 14 en
216 891 136 19 motsvarande
368 891 48 19 eller
432 897 51 13 mera
499 891 119 19 omfattande
637 891 137 23 undervisning
789 891 7 18 i
811 891 24 18 de
851 893 75 19 ämnen,

167 919 67 20 hvilka
249 920 112 24 uppräknas
376 920 7 18 i
398 919 10 26 $
425 919 10 20 1
452 919 20 20 af
486 920 63 19 denna
566 919 120 24 förordning.

523 1011 10 25 8
549 1011 20 19 3.

237 1073 74 24 Hvarje
336 1073 143 19 stadskommun
502 1073 74 24 åligger
599 1075 28 17 att
650 1073 73 19 inrätta
742 1073 35 19 och
793 1072 133 25 upprätthålla

168 1101 53 19 såväl
237 1101 56 24 lägre
309 1107 39 14 som
365 1101 59 23 högre
440 1101 109 20 folkskolor
564 1102 29 18 till
610 1102 69 19 sådant
694 1102 60 22 antal,
766 1103 29 17 att
805 1101 55 19 alla
854 1097 10 32 i
873 1101 51 19 skol-

166 1129 68 20 åldern
259 1131 85 18 varande
368 1131 54 24 barn,
445 1136 39 13 som
507 1131 17 23 ej
541 1131 7 18 i
563 1131 84 18 hemmet
662 1131 48 18 eller
726 1136 69 13 annars
810 1130 77 24 åtnjuta
901 1135 23 14 en

166 1160 138 18 motsvarande
326 1159 48 18 eller
395 1165 52 13 mera
470 1159 119 19 omfattande
612 1159 145 25 undervisning,
780 1159 6 18 i
801 1159 43 19 dem
860 1158 65 19 kunna

166 1187 74 19 erhålla
255 1188 145 23 undervisning.

521 1274 10 24 8
547 1273 19 18 4.

234 1335 73 24 Hvarje
328 1335 175 23 landsförsamling,
526 1341 46 13 vare
596 1336 28 22 sig
646 1335 211 24 evangelisk-luthersk
877 1335 47 19 eller

164 1362 30 20 till
209 1367 61 15 annat
290 1363 179 24 religionssamfund
492 1364 93 22 hörande,
601 1364 75 23 åligger
690 1367 30 16 att
735 1364 72 19 inrätta
823 1363 36 19 och
875 1369 48 18 upp-

163 1391 94 20 rätthålla
280 1392 50 20 fasta
353 1393 47 18 eller
416 1393 151 19 ambulatoriska
583 1393 117 19 barnskolor
715 1393 30 19 till
762 1393 20 19 så
797 1395 50 17 stort
863 1393 60 22 antal,

163 1423 30 16 att
208 1421 38 18 alla
262 1421 48 19 barn
326 1421 42 19 från
384 1421 30 24 sju
430 1422 28 18 till
474 1422 31 19 nio
521 1421 32 19 års
569 1421 61 24 ålder,
641 1421 67 20 hvilka
723 1422 18 23 ej
757 1421 6 19 i
779 1421 84 19 hemmet
875 1421 48 19 eller

164 1455 72 13 anuers
260 1449 77 24 åtnjuta
358 1450 135 19 motsvarande
511 1451 49 18 eiier
575 1455 53 14 mera
643 1450 121 19 omfattande
779 1451 144 22 undervisning,

232 1487 106 18 Allmänna
349 1487 168 18 Besvärsutskottets
530 1488 111 18 betänkande
653 1489 37 17 N:o
702 1488 33 17 20.
