1070 1795
266 122 26 21 16
441 122 279 23 Petitionsbetänkande
736 123 45 22 N:o
796 123 37 22 41.

523 432 189 28 Reservationer.

607 503 19 22 I.

305 571 139 22 Härstädes
468 571 38 29 sig
529 577 34 16 nu
582 571 187 28 uppehållande
788 572 125 21 mosaiske
932 573 61 20 tros-

235 605 161 22 bekännares
424 605 115 29 rättsliga
567 605 120 29 ställning
711 612 76 22 synes
806 606 51 29 mig
875 606 63 22 böra
956 606 37 22 så-

236 639 56 22 vidt
318 639 99 29 möjligt
444 639 157 22 omedelbart
623 640 101 22 ordnas.
762 640 50 22 För
831 641 68 22 detta
918 640 75 22 ända-

236 673 52 22 mål
316 680 74 15 anser
418 674 43 29 jag
489 674 50 22 den
567 674 25 22 af
610 674 177 29 Lagutskottet
805 675 9 21 i
833 675 57 22 dess
908 675 85 22 betän-

235 707 85 22 kande
346 708 37 22 uti
411 709 83 21 ämnet
521 708 145 29 föreslagna
694 709 91 28 åtgärd
805 710 35 21 att
857 709 46 22 hos
923 709 70 22 Hans

236 741 142 30 Kejserliga
408 743 117 28 Majestät
555 743 8 21 i
591 743 204 29 underdånighet
827 743 99 22 anhålla
954 749 39 16 om

235 776 119 22 framtida
373 777 183 28 föreläggande
576 777 25 22 af
619 777 94 29 nådiga
732 778 186 28 propositioner
936 778 8 21 i
963 777 30 22 de

236 810 26 22 af
293 811 126 22 Utskottet
450 811 113 28 antydda
593 811 84 29 syften
706 812 56 21 icke
789 819 62 15 vara
875 812 116 29 tillfylles.

235 845 51 29 Jag
304 845 39 22 får
362 845 101 22 derföre
482 846 130 22 vördsamt
631 846 92 22 föreslå

513 916 37 21 att
568 914 145 23 Ständerna
733 915 61 22 ville
812 915 54 22 icke
884 915 110 22 allenast

444 949 107 28 vidtaga
574 949 49 22 den
644 949 10 22 i
680 949 132 23 Utskottets
835 950 159 22 betänkande

444 983 112 29 angifna
583 983 102 29 åtgärd,
705 985 64 21 utan
788 984 45 22 ock
851 984 143 22 derutöfver

444 1017 45 22 hos
516 1018 75 22 Hans
618 1018 144 29 Kejserliga
784 1019 121 28 Majestät
923 1019 10 21 i
950 1025 43 16 un-

444 1051 170 30 derdånighet
633 1052 117 27 anhålla,
765 1053 42 21 det
817 1053 92 22 täcktes
919 1053 75 22 Hans

444 1079 122 36 Majestät
592 1086 106 29 nådigst
724 1087 135 22 anbefalla
887 1089 37 20 att
941 1083 53 38 gäl-

445 1121 77 22 lande
535 1121 137 22 allmänna
685 1121 164 29 stadganden
862 1121 133 30 angående

444 1155 153 29 utländings
624 1156 52 21 rätt
702 1157 38 21 att
766 1156 11 21 i
804 1156 88 22 landet
916 1156 79 22 vistas

445 1189 44 22 och
517 1189 64 22 idka
606 1190 95 29 näring
732 1190 156 22 omedelbart
916 1190 79 22 blefve

445 1224 154 28 tillämpade
620 1224 38 29 på
677 1225 128 21 mosaiske
823 1225 172 22 trosförvand-

445 1259 43 25 ter,
517 1265 54 15 som
600 1258 40 23 för
666 1259 167 22 närvarande
856 1259 139 28 uppehålla

444 1293 40 28 sig
503 1293 10 21 i
532 1293 94 22 landet.

693 1358 234 28 G.£Langenskiöld.

308 1465 130 23 Lagutskottets
450 1466 111 18 betänkande
573 1466 36 19 N:o
621 1467 29 18 12.
