1070 1795
304 147 259 23 Motionsbetänkande
584 148 43 22 N:o
648 148 21 22 7.
827 149 11 20 TZ

111 219 96 18 frihetens
222 218 60 25 regel,
298 224 55 13 »vare
368 217 34 20 det
416 217 51 25 gildt
483 223 42 14 som
541 217 72 20 bädom
624 217 100 25 äsämjer»,
736 218 131 19 obehindradt

111 247 66 19 kunde
200 247 112 18 utsträckas
335 247 55 18 öfver
410 252 26 13 en
457 246 100 19 beräknad
573 246 50 25 årlig
638 245 98 20 återväxt.
766 246 33 19 Ett
814 246 53 25 lego-

94 289 3 3 -
111 275 48 19 aftal
181 281 32 13 om
235 275 42 19 helt
292 275 92 19 hemman
399 275 47 19 eller
461 275 92 19 besutten
569 275 143 24 hemmansdel,
727 275 140 19 innehällande

111 310 25 13 en
152 303 61 20 sädan
228 303 95 24 rättighet
338 303 30 19 för
382 303 133 25 legotagaren,
531 309 34 13 var
581 303 26 25 pä
621 303 51 19 intet
688 303 30 19 vis
734 303 81 25 olagligt
830 303 37 19 och

111 332 66 19 kunde
199 332 86 19 därför
279 327 12 35 i
304 331 43 26 laga
369 331 85 25 ordning
476 331 103 20 intecknas
601 332 37 19 och
661 332 92 19 förblifva
775 331 92 26 gällande

111 363 53 17 emot
180 367 27 18 ny
222 366 59 19 egare
295 361 20 18 af
329 360 119 22 hemmanet,
464 360 23 19 sä
501 360 59 25 länge
575 361 38 18 den
628 360 86 20 aftalade
735 360 131 25 besittnings-

112 389 37 20 och
163 389 133 25 nyttjorätten
311 389 76 19 bestod.
408 389 89 19 Vilkoret
513 395 32 12 om
561 389 64 18 utfäst
640 389 51 25 ärlig
706 389 42 19 viss
760 389 36 18 och
809 389 57 18 verk-

112 418 27 25 lig
159 418 45 25 lega
225 418 29 19 för
273 418 151 24 inteckningens
440 417 111 25 beviljande
566 418 58 18 fanns
639 418 44 19 icke
698 418 90 24 uttryckt
803 418 7 18 i
825 418 41 24 lag-

111 447 123 24 stiftningen.
265 446 92 19 Tvärtom
374 451 61 19 synes
450 446 34 19 det
499 446 59 19 hafva
573 446 51 19 varit
639 446 93 25 brukligt,
748 448 29 17 att
793 446 73 24 städjo-

111 477 81 23 tagaren
214 474 66 19 erlade
303 476 28 17 ett
346 474 159 25 proportionsvis
520 475 48 24 högt
583 474 94 25 vederlag
692 474 29 19 för
735 474 132 25 nyttjorätten

112 509 25 14 en
159 503 53 25 gång
232 503 29 19 för
276 503 37 18 alla
328 502 26 25 på
369 503 87 24 förhand,
472 503 77 25 hvarpä
565 503 25 19 15
608 504 10 23 S
637 503 25 19 16
679 503 43 24 kap.
738 503 16 18 J.
770 503 21 19 B.
807 504 59 23 anty-

111 531 41 25 der,
166 532 6 18 i
187 531 57 25 fräga
266 537 33 14 om
320 531 142 25 legostämmas
485 531 98 24 brytande
605 537 72 20 genom
697 531 44 25 köp,
757 531 45 20 med
816 531 50 19 före-

112 560 94 19 skriften:
236 560 19 19 »I
270 560 59 19 dessa
345 559 33 20 fall
393 560 64 25 gifves
472 559 72 20 landbo
561 559 22 20 sä
598 560 81 25 mycket
694 560 20 19 af
728 559 77 26 städjan
818 559 48 24 åter,

111 595 42 13 som
176 594 67 14 svarar
265 590 53 17 emot
340 589 39 18 den
402 589 34 24 tid,
451 589 72 18 honom
538 589 6 18 i
559 589 147 24 legostämman
722 588 85 19 brister»
836 588 31 19 Dä

111 617 71 19 landbo
204 617 38 19 och
264 617 108 24 hyresman
395 617 63 24 enligt
481 623 76 13 samma
579 617 79 24 lagrum
674 617 5 19 i
694 617 54 19 detta
768 617 34 19 fall
817 617 50 24 egde

111 645 78 25 åtnjuta
199 645 45 25 laga
254 645 72 26 fardag,
342 645 39 19 kan
395 645 124 20 föreskrifter
533 651 32 14 om
581 645 139 20 äterbärandet
735 645 20 19 af
769 645 97 25 »städjan»

111 674 43 19 icke
176 673 66 26 åsyfta
264 680 25 13 en
312 673 26 26 pä
360 674 83 19 förhand
465 674 67 25 erlagd
548 674 51 25 årlig
612 674 55 19 afrad
684 674 48 19 eller
747 674 55 24 hyra,
818 676 48 17 utan

111 703 156 24 uppenbarligen
280 704 29 17 ett
318 703 36 18 fixt
365 709 24 12 en
405 702 53 25 gäng
473 703 30 19 för
517 703 39 18 alla
571 703 19 18 af
605 703 86 19 landbon
706 703 77 24 erlagdt
798 702 67 19 veder-

110 731 34 25 lag
153 732 30 18 för
193 731 132 25 nyttjorätten
344 731 64 19 under
423 731 46 19 flere
484 731 22 19 är
521 731 78 24 framät,
614 737 44 13 som
674 731 131 19 betecknades
821 731 46 19 med

110 762 80 17 namnet
211 759 93 20 »städsel»
321 759 49 20 eller
385 759 90 25 »städjar.
505 759 37 20 Om
558 759 78 20 således
651 759 85 20 emellan
750 759 117 25 jordegaren

111 788 38 19 och
171 788 49 19 hans
242 788 73 19 landbo
337 790 30 17 ett
381 788 166 25 nyttjorättsaftal
562 794 33 13 om
610 788 114 19 hemmanet
739 788 128 25 uppgjordes,

111 817 74 19 hvilket
205 817 117 19 tillerkände
345 817 87 19 landbon
454 823 25 12 en
495 817 143 19 vidsträcktare
653 817 168 24 afverkningsrätt
836 816 31 19 till

110 845 123 20 hemmanets
244 845 50 24 skog
304 847 24 17 än
338 845 31 19 för
378 845 63 19 blotta
456 845 117 24 hustarfvet,
589 845 53 24 eller,
657 847 45 17 rent
712 847 22 17 ut
750 845 62 25 sagdt,
828 845 39 19 för-

111 873 137 26 säljningsrätt
271 873 29 20 till
322 873 126 26 godtyckligt
470 874 84 19 aftalade
572 874 126 25 gvantiteter,
714 875 51 18 samt
779 873 88 19 landbon

110 902 29 19 för
154 902 65 19 denna
233 904 57 17 extra
304 901 77 20 förmän
395 902 87 19 förutom
497 902 38 19 den
551 902 61 25 ärliga
627 902 59 25 legan
701 902 31 19 för
747 902 80 19 marken
842 908 25 13 en

110 931 54 24 gäng
178 931 29 19 för
216 931 38 18 alla
264 930 64 20 erlade
340 932 30 18 ett
380 933 62 17 större
453 931 48 19 eller
515 931 78 19 mindre
609 931 99 24 vederlag,
724 930 23 19 sä
762 937 36 12 var
812 930 55 19 detta

110 959 164 25 nyttjorättsaftal
300 959 46 19 fullt
370 959 70 25 lagligt
465 959 37 19 och
527 959 185 25 inteckningsgildt.
744 959 64 19 Sådan
831 965 36 13 var

110 987 152 26 lagstiftningen
273 987 82 20 rörande
368 987 130 26 upplätandet
514 988 20 18 af
549 987 107 26 nyttjorätt
670 987 30 20 till
716 987 44 19 hela
774 987 92 19 hemman

110 1016 48 19 eller
178 1017 95 18 besuttna
295 1016 55 19 delar
372 1016 60 24 däraf,
453 1017 36 18 och
509 1016 63 19 sädan
587 1018 21 17 är
623 1016 150 25 lagstiftningen
789 1016 76 19 ännu
851 1012 17 33 i

111 1045 38 24 dag
170 1045 83 19 rörande
276 1044 74 19 sådana
371 1045 120 24 lägenheter,
508 1047 48 17 enär
571 1045 165 24 förordningarna
751 1045 20 18 af
785 1044 38 19 den
840 1045 25 18 19

110 1073 109 20 December
242 1073 55 20 1864
319 1073 37 19 och
378 1073 40 19 den
442 1074 25 19 19
489 1073 94 20 Februari
607 1074 61 23 1883,
690 1073 102 24 angående
807 1073 59 19 bland

109 1103 61 18 annat
180 1101 92 26 legoaftal
282 1108 32 13 om
325 1101 66 25 någon
402 1101 32 20 del
446 1102 19 19 af
480 1101 69 20 frälse-
565 1102 37 19 och
618 1101 162 23 skattehemman,
795 1101 72 20 endast

109 1129 53 26 angå
172 1131 54 18 vissa
239 1130 114 19 territorielt
364 1130 102 19 bestämda
476 1131 158 24 hemmansegor,
652 1136 45 13 men
713 1130 44 19 icke
772 1130 95 19 besuttna

109 1159 120 24 lägenheter.

178 1187 119 20 Förberörda
309 1187 139 25 förordningar
456 1187 21 19 af
491 1187 22 19 år
529 1187 55 20 1864
599 1187 38 19 och
654 1187 54 19 1883
723 1187 58 18 hafva
796 1187 71 18 endast

109 1215 113 26 legaliserat
232 1215 34 20 det
281 1215 99 20 allmänna
395 1216 77 24 bruket,
488 1221 43 14 som
547 1215 60 20 redan
622 1215 57 25 långt
695 1215 83 25 tidigare
794 1215 73 19 vunnit

109 1244 67 25 insteg
190 1244 7 19 i
212 1244 110 25 praktiken,
344 1246 30 17 att
392 1245 93 18 inteckna
500 1243 166 26 nyttjorättsaftal
681 1244 82 19 rörande
778 1243 55 20 delar
847 1243 20 19 af

109 1273 157 24 hemmansegor.
292 1273 150 19 Aftalsfriheten
467 1273 36 18 har
523 1272 84 19 härmed
628 1272 116 25 ytterligare
765 1272 102 25 utvidgats

109 1301 7 19 i
139 1307 24 13 en
185 1301 94 25 riktning,
301 1307 46 14 men
363 1301 118 25 begränsats
496 1301 6 19 i
519 1307 26 13 en
559 1307 72 13 annan.
660 1301 69 19 Under
743 1301 33 19 det
791 1301 75 24 nyttjo-

109 1331 66 17 rätten
190 1329 31 19 till
231 1331 30 17 ett
276 1329 152 25 sjelfbestående
443 1330 92 19 hemman
550 1329 39 19 kan
604 1329 94 25 upplåtas
713 1329 153 24 vederlagsfritt,

110 1360 48 16 utan
180 1358 36 19 allt
238 1357 95 20 förbehåll
355 1364 33 13 om
404 1358 42 19 viss
461 1358 38 19 och
515 1358 76 24 verklig
606 1357 50 25 årlig
672 1357 48 25 lega,
736 1357 70 19 endast
821 1356 50 20 med

110 1386 64 20 vilkor
188 1388 29 17 att
232 1386 54 25 lego-
304 1386 48 20 eller
368 1386 147 25 städjotagaren
531 1386 74 25 fullgör
619 1386 51 25 årlig
686 1386 52 19 skatt
754 1386 36 19 och
805 1388 61 22 tunga

109 1415 38 19 och
169 1415 71 19 vårdar
262 1415 37 20 hus
321 1415 38 20 och
380 1421 48 19 egor
449 1415 50 20 efter
518 1415 34 25 lag
567 1415 37 19 och
619 1415 168 25 Byggningabalk,
803 1413 64 20 måste

110 1443 34 19 vid
156 1443 164 26 nyttjorättsaftal
332 1449 32 14 om
374 1443 54 20 delar
438 1444 21 19 af
472 1444 154 24 hemmansegor
640 1449 25 14 en
681 1443 41 20 viss
738 1443 37 19 och
790 1443 77 24 verklig

178 1493 132 22 Lagutskottets
322 1493 112 18 betänkande
446 1495 37 16 N:o
496 1493 26 18 11.
