1070 1795
279 153 276 23 Petitionsbetänkande
571 153 45 22 N:o
632 153 22 22 8.
799 154 12 20 3

289 223 41 26 för
352 222 127 21 erhållande
503 222 30 27 af
546 222 129 27 flyttnings-
697 221 39 21 och
760 222 80 20 arbets-

294 251 58 27 betyg
369 251 120 23 lindrades,
504 253 56 18 samt
576 253 31 18 att
622 250 32 21 hit
669 250 96 21 hörande
780 251 60 19 stad-

290 280 85 27 ganden
393 279 156 28 tydliggjordes
566 279 63 20 också
647 279 45 20 med
708 279 103 27 afseende
826 279 13 20 å

292 308 124 27 tolkningen
438 309 29 25 af
485 308 56 20 hvad
564 308 47 20 med
634 309 50 26 laga
706 308 77 20 hinder
797 307 43 28 för

292 337 156 27 afflyttningen
465 336 37 21 bör
513 337 95 26 förstås.

157 406 131 26 Helsingfors
304 406 40 20 den
361 407 11 18 7
388 406 59 20 Febr.
466 405 59 21 1894.

156 485 28 22 N.
200 485 140 27 Karlsberg.
533 485 76 22 Josua
623 485 146 22 Johansson.

154 599 34 21 De
199 599 8 21 i
218 599 141 22 memorialet
370 599 103 28 antydda
483 599 175 28 svårigheterna
666 599 38 21 vid
714 599 71 28 sagda
793 599 46 20 för-

86 633 113 29 fattnings
215 633 149 29 tillämpande
377 641 54 14 anse
444 634 181 27 petitionärerne
638 634 52 21 bero
701 633 48 22 dels
761 633 76 28 derpå,

85 670 35 19 att
142 668 142 21 densammas
306 668 104 28 otydliga
435 668 126 28 affattning
576 668 8 21 i
599 668 113 21 särskilda
726 668 41 21 fall
783 668 54 21 lem-

85 709 43 14 nar
139 702 170 21 vederbörande
321 702 137 28 myndighet
468 702 8 21 i
492 702 122 21 osäkerhet
630 709 42 20 om,
686 702 113 21 huruvida
810 702 27 21 de

85 736 36 21 för
145 736 132 21 erhållande
303 737 25 20 af
350 736 133 28 flyttnings-
507 736 42 21 och
573 736 147 29 arbetsbetyg
743 736 94 21 afsedda

84 771 76 21 vilkor
175 775 38 17 äro
231 771 122 28 behörigen
369 770 127 29 fullgjorda
505 771 55 20 eller
568 771 57 25 icke,
639 771 48 20 dels
698 771 77 28 derpå,
787 771 50 20 att
829 766 12 37 i

85 805 83 28 många
184 805 48 27 fall,
248 805 29 21 då
292 805 82 21 tvifvel
390 805 8 20 i
414 805 149 21 förenämndt
578 805 107 21 afseende
700 805 51 21 icke
763 805 74 24 råder,

85 839 159 22 anskaffandet
254 839 25 22 af
292 839 43 21 den
348 839 133 28 utredning,
494 847 48 14 som
554 839 113 21 erfordras
679 839 35 21 för
724 839 112 28 betygens

85 873 138 27 erhållande,
240 878 24 17 är
280 873 122 22 förbundet
418 873 51 22 med
485 873 126 22 kostnader
626 873 42 22 och
684 874 87 24 besvär,
788 881 48 13 som

85 908 108 21 särskildt
208 908 36 21 för
259 908 27 21 de
302 908 88 21 mindre
407 908 140 25 bemedlade,
563 908 79 21 hvilka
654 908 27 28 ju
693 911 83 25 utgöra
785 907 51 22 fler-

85 942 57 21 talet
158 941 23 22 af
196 942 136 25 sökandene,
349 946 38 17 äro
404 942 79 21 alltför
498 942 153 28 betungande.

153 977 82 28 Enligt
253 979 6 19 1
279 978 12 25 &
306 977 36 20 uti
361 977 156 28 kungörelsen
540 977 59 21 skall
622 976 50 25 den,
689 984 47 14 som
753 977 84 20 önskar

83 1010 68 29 flytta
165 1011 52 21 från
233 1019 27 12 en
277 1011 136 28 församling
428 1011 37 20 till
481 1019 28 13 en
521 1018 84 18 annan,
616 1011 7 20 i
636 1011 82 21 sådant
728 1011 108 20 afseende

84 1045 90 21 anmäla
198 1045 35 28 sig
255 1045 41 22 hos
319 1049 78 24 pastor
412 1045 8 21 i
436 1045 160 21 förstnämnda
611 1045 141 28 församling,
768 1045 67 21 hvar-

83 1079 58 21 efter
163 1079 81 27 denne,
268 1079 94 22 såframt
385 1079 118 22 sökanden
527 1080 97 28 styrker,
646 1082 35 19 att
696 1079 45 22 han
757 1079 78 21 blifvit

84 1113 125 29 behörigen
224 1113 204 22 mantalsskrifven
445 1117 60 18 samt
520 1114 51 21 sina
586 1114 82 21 krono-
679 1113 42 22 och
732 1114 103 21 kommu-

84 1147 53 22 nala
159 1148 121 28 utskylder
302 1148 36 21 för
360 1148 140 28 föregående
523 1149 24 20 år
566 1148 81 28 erlagt,
664 1148 41 21 och
720 1148 51 21 icke
787 1148 48 21 står

83 1182 72 21 under
178 1190 88 13 annans
290 1183 169 27 målsmanskap
483 1183 56 20 eller
561 1182 193 26 husbondevälde,
781 1185 54 25 äger

83 1223 36 14 om
145 1216 44 21 den
212 1217 133 21 tillämnade
368 1217 142 28 flyttningen
535 1217 40 21 två
599 1217 113 27 söndagar
732 1217 13 20 å
764 1216 41 21 rad
826 1217 8 20 i

82 1250 90 28 kyrkan
186 1251 106 28 kungöra
307 1251 49 28 och,
372 1251 76 21 derest
464 1251 53 28 laga
533 1251 81 21 hinder
624 1251 36 21 för
670 1251 164 28 afflyttningen

82 1284 51 21 icke
148 1287 79 24 möter,
244 1285 36 21 till
296 1285 118 22 sökanden
429 1285 94 21 utfärda
537 1285 201 28 flyttningsbetyg.

151 1319 123 22 Sökanden
294 1320 72 21 måste
387 1320 96 25 således,
500 1319 74 28 enligt
590 1319 159 28 ordalydelsen
764 1320 8 20 i
788 1319 46 21 för-

82 1352 139 28 fattningen,
245 1353 36 21 för
304 1354 205 21 åstadkommande
531 1353 26 22 af
577 1353 103 28 antydda
701 1353 132 27 utredning,

82 1387 104 21 anskaffa
208 1390 34 19 ett
264 1388 26 21 af
302 1388 214 21 häradsskrifvaren
533 1387 119 22 utfärdadt
667 1386 167 22 mantalsskrif-

81 1421 141 28 ningsbevis,
231 1425 59 18 samt
298 1422 72 21 förete
378 1422 131 27 qvitterade
516 1422 144 21 debetsedlar
668 1421 64 21 öfver
740 1421 93 28 erlagda

80 1455 83 22 krono-
188 1456 43 21 och
252 1456 148 21 kommunala
422 1456 121 28 utskylder
566 1456 35 21 för
623 1455 138 29 föregående
784 1456 49 20 året

150 1495 180 18 Ekonomiutskottets
343 1497 110 16 betänkande
465 1497 36 16 N:o
514 1497 17 16 3.
