1124 1773
646 38 52 10 N
760 38 34 7 (Lä

811 43 54 16 öns
933 52 4 8 ,

265 106 111 32 A
473 102 227 36 Petitiönsbstänkande
717 107 102 29 N:0'12.

255 174 60 18 redan
333 176 34 20 äga
386 179 22 12 en
428 173 83 18 säkallad
529 172 85 18 rullbana
631 172 28 18 för
671 172 127 23 transport
776 168 20 33 af
809 172 52 18 stock
873 165 68 25 mellan
955 171 58 23 sagda

257 198 115 27 valtendrag,
385 203 20 17 af
415 203 76 17 hvilken
504 204 34 20 väg
551 202 76 22 bolaget
635 202 95 22 begagnar
737 202 33 22 sig.
783 201 111 18 Emellertid
901 201 52 17 torde
961 200 52 18 detta

258 232 54 22 bolag
321 232 69 22 jemväl
403 232 54 17 hafva
470 232 44 22 köpt
528 232 34 16 och
574 232 62 21 genom
649 230 187 18 öfverenskommelse
850 230 57 22 slagit
918 230 59 17 under
983 230 30 22 sig
1027 231 3 1 '

258 261 26 18 all
299 261 44 23 jord
361 261 7 17 i
387 261 22 17 de
426 260 70 23 nejder,
509 259 34 19 der
555 265 22 12 en
591 261 128 21 transportväg
731 254 108 36 lämpligast
854 254 54 36 kunde
927 258 85 21 inrättas,

259 289 73 18 hvarför
344 290 44 22 inga
401 288 85 19 enskilda
498 293 89 18 personer
599 288 63 17 kunna
675 290 80 20 upptaga
762 288 141 17 konkurrensen
910 287 27 17 uti
944 286 68 23 ifräga-

258 318 83 18 varande
353 318 88 22 riktning
451 318 40 17 frän
505 318 62 17 Saima
579 316 29 18 till
621 316 88 22 Päijänne
723 316 139 22 vattendragen.
886 315 126 17 Hänvisande.

259 348 29 17 till
301 347 32 17 det
341 346 82 26 anförda
435 346 56 23 vägar
501 346 33 22 jag
547 346 107 22 ödmjukast
666 345 76 17 föreslä:

450 406 47 20 "att
509 405 37 21 det
563 404 134 21 hedervärda
715 402 166 22 Bondeständet
891 402 68 28 jemte
975 402 35 27 öf-

395 434 50 27 riga”
475 433 68 21 stånd
564 433 51 21 ville
637 433 10 20 i
666 440 27 13 en
708 432 140 27 underdänig
862 431 96 28 petition
973 431 40 21 hos

396 462 65 21 Hans
476 462 123 28 Kejserliga
615 461 104 27 Majestät
737 460 93 22 anhålla
846 467 35 14 om
896 460 117 27 öppnande

397 491 28 27 af
451 490 131 28 förenämda
612 491 155 26 transportväg
789 490 37 26 för
847 488 60 22 stock
929 488 84 21 mellan

397 520 78 21 Saima
484 519 46 28 och
546 519 111 27 Päijänne
672 518 97 21 vattnen.

329 575 118 41 Helsingfors
460 588 35 17 den
508 588 11 16 9
531 576 91 29 Februari
635 587 49 17 1894.

745 642 2 5 *
757 644 48 21 Juho
821 644 80 26 Zitting.

625 671 140 40 Representant
778 684 29 26 för
816 684 95 25 Pielavesi
925 683 90 22 domsaga

627 877 21 18 1.

329 931 146 29 Beträffande
491 930 42 22 den
547 930 8 20 i
570 928 253 31 petitionsmemorialet
837 917 128 41 föreslagna
976 927 42 21 ka-,

261 966 151 26 naliseringen
431 965 26 21 af
472 965 123 28 Vuoksens
614 970 67 15 norra
701 963 84 21 utflöde
805 963 41 21 har
865 963 124 21 Utskottet
1007 962 26 29 i

261 1001 53 21 dess
329 1000 144 22 betänkande
492 999 40 21 N:o
549 999 19 26 1,
584 999 38 21 vid
638 998 134 26 behandling
787 992 26 26 af
825 997 189 27 petitionsförsla-

261 1040 43 22 gen
320 1034 28 21 16
363 1034 41 22 och
420 1034 33 26 17,
469 1034 87 21 lemnat
570 1033 164 27 upplysningar
749 1032 41 21 och
805 1032 69 22 äfven
889 1031 126 22 framhällit

261 1070 27 22 de
306 1069 80 26 motiv,
401 1068 30 28 pä
449 1068 71 27 grund
539 1068 26 20 af
581 1067 78 21 hvilka
678 1066 124 22 Utskottet
817 1068 78 20 ansett
910 1066 35 27 sig
959 1066 56 20 böra

261 1104 107 27 afstyrka
386 1100 124 30 petitionen
529 1102 6 21 i
551 1102 74 21 denna
642 1100 41 22 del.
714 1101 43 21 För
774 1101 125 21 Utskottet
913 1100 102 22 äterstär

262 1138 88 22 säledes
369 1137 81 22 endast
469 1138 36 20 att
527 1136 140 22 beträffande
689 1135 233 27 petitionsförslagets
944 1134 71 22 andra

261 1172 131 26 alternativ,
412 1171 152 27 kanalisering
587 1170 26 22 af
631 1170 123 22 Vuoksens
774 1169 66 22 södra
860 1170 155 25 utflödesarm,

261 1207 110 26 meddela,
382 1207 38 21 det
432 1206 122 21 Utskottet
562 1199 67 36 anser
639 1206 37 20 att
687 1204 69 22 äfven
767 1204 65 22 detta
844 1204 85 27 förslag
941 1203 74 22 skulle

261 1237 107 31 medtaga
389 1241 26 21 sä
435 1242 62 20 stora
516 1240 130 25 kostnader,
666 1240 36 21 att
722 1240 27 20 de
766 1239 20 26 ej
806 1245 41 15 ens
864 1228 151 40 närmelsevis

261 1276 146 29 motsvarade
423 1276 27 20 de
465 1274 239 27 fördelar'projektets
714 1274 151 21 realiserande
877 1273 91 22 komme
979 1274 37 20 att

261 1310 108 22 medföra.
399 1310 77 26 Enligt
498 1309 13 21 a
533 1301 185 43 Öfverstyrelsen
740 1308 35 21 för
795 1310 51 25 väg-
866 1308 41 21 och
925 1308 90 21 vatten-

262 1345 161 27 byggnaderna
442 1344 77 27 gjorda:
537 1343 152 27 beräkningar
702 1343 79 21 skulle
800 1342 113 28 nemligen
931 1342 84 21 kanali-

263 1380 103 26 seringen
385 1379 26 21 af
426 1378 110 22 Vuoksen
553 1384 82 23 genom
653 1377 122 22 Kiviniemi
793 1377 54 27 fors,
863 1377 103 21 Suvanto
981 1376 34 27 sjö

262 1414 42 22 och
322 1414 91 26 Taipale
433 1413 13 21 &
461 1413 101 21 erfordra
577 1418 28 16 en
623 1412 98 22 kostnad
737 1412 26 20 af
775 1412 104 27 omkring
893 1408 94 30 800,000
1002 1411 14 20 &

318 1496 3 2 —
333 1469 200 19 Petitionsbetänkande
545 1468 35 28 N:o
593 1468 27 18 12.
