<?xml version="1.0" encoding="UTF-8"?>
<alto xmlns="http://www.loc.gov/standards/alto/ns-v3#" xmlns:xlink="http://www.w3.org/1999/xlink" xmlns:xsi="http://www.w3.org/2001/XMLSchema-instance" xsi:schemaLocation="http://www.loc.gov/standards/alto/ns-v3# http://www.loc.gov/alto/v3/alto-3-0.xsd">
	<Description>
		<MeasurementUnit>pixel</MeasurementUnit>
		<sourceImageInformation>
			<fileName>/tmp/tess_dgatm_g6_input.PNG</fileName>
		</sourceImageInformation>
		<OCRProcessing ID="OCR_0">
			<ocrProcessingStep>
				<processingSoftware>
					<softwareName>tesseract 5.3.4</softwareName>
				</processingSoftware>
			</ocrProcessingStep>
		</OCRProcessing>
	</Description>
	<Layout>
		<Page WIDTH="1070" HEIGHT="1795" PHYSICAL_IMG_NR="0" ID="page_0">
			<PrintSpace HPOS="0" VPOS="0" WIDTH="1070" HEIGHT="1795">
				<ComposedBlock ID="cblock_0" HPOS="260" VPOS="131" WIDTH="546" HEIGHT="22">
					<TextBlock ID="block_0" HPOS="260" VPOS="131" WIDTH="546" HEIGHT="22">
						<TextLine ID="line_0" HPOS="260" VPOS="131" WIDTH="546" HEIGHT="22">
							<String ID="string_0" HPOS="260" VPOS="133" WIDTH="12" HEIGHT="19" WC="0.95" CONTENT="2"/><SP WIDTH="144" VPOS="133" HPOS="272"/>
							<String ID="string_1" HPOS="416" VPOS="131" WIDTH="278" HEIGHT="22" WC="0.91" CONTENT="Petitionsbetänkande"/><SP WIDTH="16" VPOS="131" HPOS="694"/>
							<String ID="string_2" HPOS="710" VPOS="131" WIDTH="44" HEIGHT="22" WC="0.96" CONTENT="N:o"/><SP WIDTH="16" VPOS="131" HPOS="754"/>
							<String ID="string_3" HPOS="770" VPOS="131" WIDTH="36" HEIGHT="22" WC="0.95" CONTENT="15."/>
						</TextLine>
					</TextBlock>
				</ComposedBlock>
				<ComposedBlock ID="cblock_1" HPOS="229" VPOS="199" WIDTH="763" HEIGHT="1284">
					<TextBlock ID="block_1" HPOS="229" VPOS="199" WIDTH="761" HEIGHT="812">
						<TextLine ID="line_1" HPOS="300" VPOS="199" WIDTH="689" HEIGHT="28">
							<String ID="string_4" HPOS="300" VPOS="199" WIDTH="34" HEIGHT="21" WC="0.95" CONTENT="De"/><SP WIDTH="16" VPOS="199" HPOS="334"/>
							<String ID="string_5" HPOS="350" VPOS="199" WIDTH="25" HEIGHT="21" WC="0.96" CONTENT="af"/><SP WIDTH="13" VPOS="199" HPOS="375"/>
							<String ID="string_6" HPOS="388" VPOS="199" WIDTH="89" HEIGHT="21" WC="0.96" CONTENT="landets"/><SP WIDTH="17" VPOS="199" HPOS="477"/>
							<String ID="string_7" HPOS="494" VPOS="199" WIDTH="128" HEIGHT="28" WC="0.96" CONTENT="domsagor,"/><SP WIDTH="17" VPOS="199" HPOS="622"/>
							<String ID="string_8" HPOS="639" VPOS="199" WIDTH="5" HEIGHT="19" WC="0.96" CONTENT="i"/><SP WIDTH="18" VPOS="199" HPOS="644"/>
							<String ID="string_9" HPOS="662" VPOS="199" WIDTH="79" HEIGHT="21" WC="0.96" CONTENT="hvilka"/><SP WIDTH="15" VPOS="199" HPOS="741"/>
							<String ID="string_10" HPOS="756" VPOS="207" WIDTH="28" HEIGHT="14" WC="0.96" CONTENT="en"/><SP WIDTH="17" VPOS="207" HPOS="784"/>
							<String ID="string_11" HPOS="801" VPOS="199" WIDTH="37" HEIGHT="22" WC="0.96" CONTENT="del"/><SP WIDTH="15" VPOS="199" HPOS="838"/>
							<String ID="string_12" HPOS="853" VPOS="199" WIDTH="136" HEIGHT="22" WC="0.96" CONTENT="kommuner"/>
						</TextLine>
						<TextLine ID="line_2" HPOS="229" VPOS="233" WIDTH="758" HEIGHT="28">
							<String ID="string_13" HPOS="229" VPOS="233" WIDTH="73" HEIGHT="22" WC="0.93" CONTENT="hafva"/><SP WIDTH="16" VPOS="233" HPOS="302"/>
							<String ID="string_14" HPOS="318" VPOS="233" WIDTH="171" HEIGHT="28" WC="0.91" CONTENT="öfvervägande"/><SP WIDTH="15" VPOS="233" HPOS="489"/>
							<String ID="string_15" HPOS="504" VPOS="233" WIDTH="61" HEIGHT="22" WC="0.96" CONTENT="finsk"/><SP WIDTH="16" VPOS="233" HPOS="565"/>
							<String ID="string_16" HPOS="581" VPOS="233" WIDTH="43" HEIGHT="22" WC="0.97" CONTENT="och"/><SP WIDTH="14" VPOS="233" HPOS="624"/>
							<String ID="string_17" HPOS="638" VPOS="241" WIDTH="28" HEIGHT="14" WC="0.96" CONTENT="en"/><SP WIDTH="11" VPOS="241" HPOS="666"/>
							<String ID="string_18" HPOS="677" VPOS="233" WIDTH="37" HEIGHT="22" WC="0.93" CONTENT="del"/><SP WIDTH="11" VPOS="233" HPOS="714"/>
							<String ID="string_19" HPOS="725" VPOS="233" WIDTH="169" HEIGHT="26" WC="0.92" CONTENT="öfvervägande"/><SP WIDTH="10" VPOS="233" HPOS="894"/>
							<String ID="string_20" HPOS="904" VPOS="234" WIDTH="83" HEIGHT="21" WC="0.96" CONTENT="svensk"/>
						</TextLine>
						<TextLine ID="line_3" HPOS="230" VPOS="267" WIDTH="757" HEIGHT="30">
							<String ID="string_21" HPOS="230" VPOS="267" WIDTH="145" HEIGHT="28" WC="0.96" CONTENT="befolkning,"/><SP WIDTH="29" VPOS="267" HPOS="375"/>
							<String ID="string_22" HPOS="404" VPOS="271" WIDTH="38" HEIGHT="18" WC="0.96" CONTENT="äro"/><SP WIDTH="23" VPOS="271" HPOS="442"/>
							<String ID="string_23" HPOS="465" VPOS="267" WIDTH="36" HEIGHT="22" WC="0.95" CONTENT="till"/><SP WIDTH="24" VPOS="267" HPOS="501"/>
							<String ID="string_24" HPOS="525" VPOS="267" WIDTH="87" HEIGHT="22" WC="0.96" CONTENT="antalet"/><SP WIDTH="23" VPOS="267" HPOS="612"/>
							<String ID="string_25" HPOS="635" VPOS="267" WIDTH="93" HEIGHT="28" WC="0.95" CONTENT="fjorton,"/><SP WIDTH="23" VPOS="267" HPOS="728"/>
							<String ID="string_26" HPOS="751" VPOS="268" WIDTH="118" HEIGHT="29" WC="0.93" CONTENT="nämligen"/><SP WIDTH="23" VPOS="268" HPOS="869"/>
							<String ID="string_27" HPOS="892" VPOS="268" WIDTH="95" HEIGHT="25" WC="0.90" CONTENT="Vehmo,"/>
						</TextLine>
						<TextLine ID="line_4" HPOS="230" VPOS="301" WIDTH="757" HEIGHT="30">
							<String ID="string_28" HPOS="230" VPOS="301" WIDTH="91" HEIGHT="26" WC="0.92" CONTENT="Masku,"/><SP WIDTH="27" VPOS="301" HPOS="321"/>
							<String ID="string_29" HPOS="348" VPOS="301" WIDTH="98" HEIGHT="26" WC="0.88" CONTENT="Piikkis,"/><SP WIDTH="29" VPOS="301" HPOS="446"/>
							<String ID="string_30" HPOS="475" VPOS="302" WIDTH="137" HEIGHT="27" WC="0.95" CONTENT="Raseborgs,"/><SP WIDTH="24" VPOS="302" HPOS="612"/>
							<String ID="string_31" HPOS="636" VPOS="301" WIDTH="64" HEIGHT="29" WC="0.96" CONTENT="Lojo,"/><SP WIDTH="24" VPOS="301" HPOS="700"/>
							<String ID="string_32" HPOS="724" VPOS="302" WIDTH="119" HEIGHT="29" WC="0.95" CONTENT="Helsinge,"/><SP WIDTH="24" VPOS="302" HPOS="843"/>
							<String ID="string_33" HPOS="867" VPOS="303" WIDTH="120" HEIGHT="26" WC="0.96" CONTENT="Mäntsälä,"/>
						</TextLine>
						<TextLine ID="line_5" HPOS="230" VPOS="335" WIDTH="757" HEIGHT="30">
							<String ID="string_34" HPOS="230" VPOS="336" WIDTH="86" HEIGHT="28" WC="0.93" CONTENT="Borgå,"/><SP WIDTH="27" VPOS="336" HPOS="316"/>
							<String ID="string_35" HPOS="343" VPOS="335" WIDTH="69" HEIGHT="27" WC="0.71" CONTENT="littiss"/><SP WIDTH="30" VPOS="335" HPOS="412"/>
							<String ID="string_36" HPOS="442" VPOS="335" WIDTH="82" HEIGHT="22" WC="0.96" CONTENT="Gamla"/><SP WIDTH="22" VPOS="335" HPOS="524"/>
							<String ID="string_37" HPOS="546" VPOS="335" WIDTH="110" HEIGHT="29" WC="0.96" CONTENT="Karleby,"/><SP WIDTH="23" VPOS="335" HPOS="656"/>
							<String ID="string_38" HPOS="679" VPOS="336" WIDTH="142" HEIGHT="29" WC="0.96" CONTENT="Nykarleby,"/><SP WIDTH="23" VPOS="336" HPOS="821"/>
							<String ID="string_39" HPOS="844" VPOS="337" WIDTH="143" HEIGHT="27" WC="0.93" CONTENT="Korsholms,"/>
						</TextLine>
						<TextLine ID="line_6" HPOS="230" VPOS="369" WIDTH="758" HEIGHT="30">
							<String ID="string_40" HPOS="230" VPOS="370" WIDTH="90" HEIGHT="27" WC="0.96" CONTENT="Närpes"/><SP WIDTH="10" VPOS="370" HPOS="320"/>
							<String ID="string_41" HPOS="330" VPOS="369" WIDTH="42" HEIGHT="22" WC="0.96" CONTENT="och"/><SP WIDTH="8" VPOS="369" HPOS="372"/>
							<String ID="string_42" HPOS="380" VPOS="370" WIDTH="130" HEIGHT="27" WC="0.96" CONTENT="Kymmene"/><SP WIDTH="9" VPOS="370" HPOS="510"/>
							<String ID="string_43" HPOS="519" VPOS="369" WIDTH="129" HEIGHT="29" WC="0.96" CONTENT="domsagor."/><SP WIDTH="18" VPOS="369" HPOS="648"/>
							<String ID="string_44" HPOS="666" VPOS="370" WIDTH="54" HEIGHT="21" WC="0.96" CONTENT="Med"/><SP WIDTH="13" VPOS="370" HPOS="720"/>
							<String ID="string_45" HPOS="733" VPOS="370" WIDTH="120" HEIGHT="29" WC="0.95" CONTENT="undantag"/><SP WIDTH="12" VPOS="370" HPOS="853"/>
							<String ID="string_46" HPOS="865" VPOS="370" WIDTH="26" HEIGHT="22" WC="0.93" CONTENT="af"/><SP WIDTH="8" VPOS="370" HPOS="891"/>
							<String ID="string_47" HPOS="899" VPOS="371" WIDTH="89" HEIGHT="21" WC="0.91" CONTENT="Vehmo"/>
						</TextLine>
						<TextLine ID="line_7" HPOS="230" VPOS="403" WIDTH="758" HEIGHT="30">
							<String ID="string_48" HPOS="230" VPOS="403" WIDTH="118" HEIGHT="29" WC="0.96" CONTENT="domsaga,"/><SP WIDTH="25" VPOS="403" HPOS="348"/>
							<String ID="string_49" HPOS="373" VPOS="403" WIDTH="40" HEIGHT="22" WC="0.95" CONTENT="där"/><SP WIDTH="23" VPOS="403" HPOS="413"/>
							<String ID="string_50" HPOS="436" VPOS="404" WIDTH="81" HEIGHT="22" WC="0.95" CONTENT="endast"/><SP WIDTH="15" VPOS="404" HPOS="517"/>
							<String ID="string_51" HPOS="532" VPOS="404" WIDTH="51" HEIGHT="21" WC="0.95" CONTENT="Iniö"/><SP WIDTH="16" VPOS="404" HPOS="583"/>
							<String ID="string_52" HPOS="599" VPOS="404" WIDTH="77" HEIGHT="28" WC="0.95" CONTENT="kapell"/><SP WIDTH="16" VPOS="404" HPOS="676"/>
							<String ID="string_53" HPOS="692" VPOS="408" WIDTH="25" HEIGHT="18" WC="0.96" CONTENT="är"/><SP WIDTH="15" VPOS="408" HPOS="717"/>
							<String ID="string_54" HPOS="732" VPOS="405" WIDTH="103" HEIGHT="25" WC="0.96" CONTENT="svenskt,"/><SP WIDTH="17" VPOS="405" HPOS="835"/>
							<String ID="string_55" HPOS="852" VPOS="405" WIDTH="43" HEIGHT="21" WC="0.97" CONTENT="och"/><SP WIDTH="16" VPOS="405" HPOS="895"/>
							<String ID="string_56" HPOS="911" VPOS="405" WIDTH="77" HEIGHT="28" WC="0.96" CONTENT="Borgå"/>
						</TextLine>
						<TextLine ID="line_8" HPOS="231" VPOS="438" WIDTH="756" HEIGHT="29">
							<String ID="string_57" HPOS="231" VPOS="438" WIDTH="118" HEIGHT="27" WC="0.96" CONTENT="domsaga,"/><SP WIDTH="24" VPOS="438" HPOS="349"/>
							<String ID="string_58" HPOS="373" VPOS="438" WIDTH="41" HEIGHT="21" WC="0.96" CONTENT="där"/><SP WIDTH="22" VPOS="438" HPOS="414"/>
							<String ID="string_59" HPOS="436" VPOS="438" WIDTH="81" HEIGHT="21" WC="0.96" CONTENT="endast"/><SP WIDTH="22" VPOS="438" HPOS="517"/>
							<String ID="string_60" HPOS="539" VPOS="438" WIDTH="105" HEIGHT="28" WC="0.95" CONTENT="Borgnäs"/><SP WIDTH="22" VPOS="438" HPOS="644"/>
							<String ID="string_61" HPOS="666" VPOS="438" WIDTH="77" HEIGHT="28" WC="0.96" CONTENT="kapell"/><SP WIDTH="24" VPOS="438" HPOS="743"/>
							<String ID="string_62" HPOS="767" VPOS="442" WIDTH="24" HEIGHT="17" WC="0.93" CONTENT="är"/><SP WIDTH="24" VPOS="442" HPOS="791"/>
							<String ID="string_63" HPOS="815" VPOS="438" WIDTH="172" HEIGHT="29" WC="0.91" CONTENT="öfvervägande"/>
						</TextLine>
						<TextLine ID="line_9" HPOS="231" VPOS="471" WIDTH="757" HEIGHT="29">
							<String ID="string_64" HPOS="231" VPOS="471" WIDTH="78" HEIGHT="27" WC="0.96" CONTENT="finskt,"/><SP WIDTH="17" VPOS="471" HPOS="309"/>
							<String ID="string_65" HPOS="326" VPOS="471" WIDTH="118" HEIGHT="22" WC="0.96" CONTENT="äfvensom"/><SP WIDTH="17" VPOS="471" HPOS="444"/>
							<String ID="string_66" HPOS="461" VPOS="472" WIDTH="82" HEIGHT="21" WC="0.95" CONTENT="Gamla"/><SP WIDTH="15" VPOS="472" HPOS="543"/>
							<String ID="string_67" HPOS="558" VPOS="472" WIDTH="107" HEIGHT="28" WC="0.95" CONTENT="Karleby,"/><SP WIDTH="16" VPOS="472" HPOS="665"/>
							<String ID="string_68" HPOS="681" VPOS="472" WIDTH="53" HEIGHT="21" WC="0.96" CONTENT="med"/><SP WIDTH="16" VPOS="472" HPOS="734"/>
							<String ID="string_69" HPOS="750" VPOS="474" WIDTH="33" HEIGHT="19" WC="0.93" CONTENT="ett"/><SP WIDTH="12" VPOS="474" HPOS="783"/>
							<String ID="string_70" HPOS="795" VPOS="472" WIDTH="111" HEIGHT="21" WC="0.91" CONTENT="blandadt"/><SP WIDTH="10" VPOS="472" HPOS="906"/>
							<String ID="string_71" HPOS="916" VPOS="473" WIDTH="72" HEIGHT="27" WC="0.92" CONTENT="tings-"/>
						</TextLine>
						<TextLine ID="line_10" HPOS="231" VPOS="505" WIDTH="759" HEIGHT="29">
							<String ID="string_72" HPOS="231" VPOS="505" WIDTH="47" HEIGHT="28" WC="0.96" CONTENT="lag,"/><SP WIDTH="18" VPOS="505" HPOS="278"/>
							<String ID="string_73" HPOS="296" VPOS="505" WIDTH="41" HEIGHT="21" WC="0.96" CONTENT="och"/><SP WIDTH="16" VPOS="505" HPOS="337"/>
							<String ID="string_74" HPOS="353" VPOS="505" WIDTH="130" HEIGHT="28" WC="0.96" CONTENT="Kymmene"/><SP WIDTH="16" VPOS="505" HPOS="483"/>
							<String ID="string_75" HPOS="499" VPOS="506" WIDTH="116" HEIGHT="28" WC="0.96" CONTENT="domsaga,"/><SP WIDTH="17" VPOS="506" HPOS="615"/>
							<String ID="string_76" HPOS="632" VPOS="506" WIDTH="51" HEIGHT="21" WC="0.95" CONTENT="med"/><SP WIDTH="16" VPOS="506" HPOS="683"/>
							<String ID="string_77" HPOS="699" VPOS="506" WIDTH="112" HEIGHT="21" WC="0.95" CONTENT="likaledes"/><SP WIDTH="16" VPOS="506" HPOS="811"/>
							<String ID="string_78" HPOS="827" VPOS="509" WIDTH="34" HEIGHT="18" WC="0.93" CONTENT="ett"/><SP WIDTH="16" VPOS="509" HPOS="861"/>
							<String ID="string_79" HPOS="877" VPOS="506" WIDTH="113" HEIGHT="21" WC="0.91" CONTENT="blandadt"/>
						</TextLine>
						<TextLine ID="line_11" HPOS="231" VPOS="539" WIDTH="757" HEIGHT="29">
							<String ID="string_80" HPOS="231" VPOS="539" WIDTH="111" HEIGHT="29" WC="0.94" CONTENT="tingslag,"/><SP WIDTH="23" VPOS="539" HPOS="342"/>
							<String ID="string_81" HPOS="365" VPOS="543" WIDTH="39" HEIGHT="18" WC="0.96" CONTENT="äro"/><SP WIDTH="22" VPOS="543" HPOS="404"/>
							<String ID="string_82" HPOS="426" VPOS="540" WIDTH="45" HEIGHT="21" WC="0.96" CONTENT="alla"/><SP WIDTH="16" VPOS="540" HPOS="471"/>
							<String ID="string_83" HPOS="487" VPOS="540" WIDTH="66" HEIGHT="21" WC="0.96" CONTENT="dessa"/><SP WIDTH="15" VPOS="540" HPOS="553"/>
							<String ID="string_84" HPOS="568" VPOS="540" WIDTH="122" HEIGHT="28" WC="0.96" CONTENT="domsagor"/><SP WIDTH="15" VPOS="540" HPOS="690"/>
							<String ID="string_85" HPOS="705" VPOS="540" WIDTH="25" HEIGHT="21" WC="0.96" CONTENT="så"/><SP WIDTH="15" VPOS="540" HPOS="730"/>
							<String ID="string_86" HPOS="745" VPOS="540" WIDTH="114" HEIGHT="27" WC="0.96" CONTENT="indelade,"/><SP WIDTH="16" VPOS="540" HPOS="859"/>
							<String ID="string_87" HPOS="875" VPOS="543" WIDTH="35" HEIGHT="18" WC="0.93" CONTENT="att"/><SP WIDTH="14" VPOS="543" HPOS="910"/>
							<String ID="string_88" HPOS="924" VPOS="541" WIDTH="64" HEIGHT="20" WC="0.92" CONTENT="kom-"/>
						</TextLine>
						<TextLine ID="line_12" HPOS="230" VPOS="573" WIDTH="757" HEIGHT="29">
							<String ID="string_89" HPOS="230" VPOS="581" WIDTH="83" HEIGHT="14" WC="0.96" CONTENT="muner"/><SP WIDTH="16" VPOS="581" HPOS="313"/>
							<String ID="string_90" HPOS="329" VPOS="573" WIDTH="52" HEIGHT="22" WC="0.93" CONTENT="med"/><SP WIDTH="15" VPOS="573" HPOS="381"/>
							<String ID="string_91" HPOS="396" VPOS="573" WIDTH="171" HEIGHT="29" WC="0.91" CONTENT="öfvervägande"/><SP WIDTH="16" VPOS="573" HPOS="567"/>
							<String ID="string_92" HPOS="583" VPOS="574" WIDTH="83" HEIGHT="21" WC="0.96" CONTENT="svensk"/><SP WIDTH="11" VPOS="574" HPOS="666"/>
							<String ID="string_93" HPOS="677" VPOS="574" WIDTH="138" HEIGHT="28" WC="0.93" CONTENT="befolkning"/><SP WIDTH="10" VPOS="574" HPOS="815"/>
							<String ID="string_94" HPOS="825" VPOS="574" WIDTH="162" HEIGHT="22" WC="0.90" CONTENT="sammanförts"/>
						</TextLine>
						<TextLine ID="line_13" HPOS="231" VPOS="608" WIDTH="756" HEIGHT="28">
							<String ID="string_95" HPOS="231" VPOS="608" WIDTH="38" HEIGHT="21" WC="0.94" CONTENT="till"/><SP WIDTH="23" VPOS="608" HPOS="269"/>
							<String ID="string_96" HPOS="292" VPOS="610" WIDTH="34" HEIGHT="19" WC="0.95" CONTENT="ett"/><SP WIDTH="20" VPOS="610" HPOS="326"/>
							<String ID="string_97" HPOS="346" VPOS="608" WIDTH="108" HEIGHT="28" WC="0.95" CONTENT="tingslag,"/><SP WIDTH="16" VPOS="608" HPOS="454"/>
							<String ID="string_98" HPOS="470" VPOS="609" WIDTH="136" HEIGHT="20" WC="0.96" CONTENT="kommuner"/><SP WIDTH="15" VPOS="609" HPOS="606"/>
							<String ID="string_99" HPOS="621" VPOS="608" WIDTH="52" HEIGHT="21" WC="0.93" CONTENT="med"/><SP WIDTH="15" VPOS="608" HPOS="673"/>
							<String ID="string_100" HPOS="688" VPOS="608" WIDTH="173" HEIGHT="28" WC="0.91" CONTENT="öfvervägande"/><SP WIDTH="15" VPOS="608" HPOS="861"/>
							<String ID="string_101" HPOS="876" VPOS="609" WIDTH="60" HEIGHT="20" WC="0.91" CONTENT="finsk"/><SP WIDTH="16" VPOS="609" HPOS="936"/>
							<String ID="string_102" HPOS="952" VPOS="609" WIDTH="35" HEIGHT="20" WC="0.91" CONTENT="be-"/>
						</TextLine>
						<TextLine ID="line_14" HPOS="231" VPOS="642" WIDTH="756" HEIGHT="29">
							<String ID="string_103" HPOS="231" VPOS="642" WIDTH="110" HEIGHT="28" WC="0.93" CONTENT="folkning"/><SP WIDTH="21" VPOS="642" HPOS="341"/>
							<String ID="string_104" HPOS="362" VPOS="642" WIDTH="37" HEIGHT="21" WC="0.95" CONTENT="till"/><SP WIDTH="23" VPOS="642" HPOS="399"/>
							<String ID="string_105" HPOS="422" VPOS="645" WIDTH="34" HEIGHT="18" WC="0.96" CONTENT="ett"/><SP WIDTH="22" VPOS="645" HPOS="456"/>
							<String ID="string_106" HPOS="478" VPOS="644" WIDTH="77" HEIGHT="25" WC="0.96" CONTENT="annat,"/><SP WIDTH="23" VPOS="644" HPOS="555"/>
							<String ID="string_107" HPOS="578" VPOS="642" WIDTH="94" HEIGHT="21" WC="0.96" CONTENT="hvarför"/><SP WIDTH="19" VPOS="642" HPOS="672"/>
							<String ID="string_108" HPOS="691" VPOS="642" WIDTH="88" HEIGHT="21" WC="0.93" CONTENT="således"/><SP WIDTH="16" VPOS="642" HPOS="779"/>
							<String ID="string_109" HPOS="795" VPOS="643" WIDTH="139" HEIGHT="28" WC="0.90" CONTENT="tingslagen,"/><SP WIDTH="17" VPOS="643" HPOS="934"/>
							<String ID="string_110" HPOS="951" VPOS="650" WIDTH="36" HEIGHT="14" WC="0.96" CONTENT="om"/>
						</TextLine>
						<TextLine ID="line_15" HPOS="231" VPOS="675" WIDTH="757" HEIGHT="30">
							<String ID="string_111" HPOS="231" VPOS="683" WIDTH="55" HEIGHT="14" WC="0.93" CONTENT="man"/><SP WIDTH="16" VPOS="683" HPOS="286"/>
							<String ID="string_112" HPOS="302" VPOS="675" WIDTH="88" HEIGHT="22" WC="0.91" CONTENT="frånser"/><SP WIDTH="16" VPOS="675" HPOS="390"/>
							<String ID="string_113" HPOS="406" VPOS="676" WIDTH="27" HEIGHT="21" WC="0.96" CONTENT="de"/><SP WIDTH="16" VPOS="676" HPOS="433"/>
							<String ID="string_114" HPOS="449" VPOS="677" WIDTH="71" HEIGHT="20" WC="0.96" CONTENT="oftast"/><SP WIDTH="15" VPOS="677" HPOS="520"/>
							<String ID="string_115" HPOS="535" VPOS="676" WIDTH="133" HEIGHT="28" WC="0.93" CONTENT="obetydliga"/><SP WIDTH="15" VPOS="676" HPOS="668"/>
							<String ID="string_116" HPOS="683" VPOS="676" WIDTH="244" HEIGHT="29" WC="0.91" CONTENT="språkminoriteterna"/><SP WIDTH="15" VPOS="676" HPOS="927"/>
							<String ID="string_117" HPOS="942" VPOS="677" WIDTH="8" HEIGHT="20" WC="0.95" CONTENT="i"/><SP WIDTH="10" VPOS="677" HPOS="950"/>
							<String ID="string_118" HPOS="960" VPOS="677" WIDTH="28" HEIGHT="21" WC="0.95" CONTENT="de"/>
						</TextLine>
						<TextLine ID="line_16" HPOS="231" VPOS="709" WIDTH="757" HEIGHT="30">
							<String ID="string_119" HPOS="231" VPOS="709" WIDTH="107" HEIGHT="22" WC="0.96" CONTENT="enskilda"/><SP WIDTH="11" VPOS="709" HPOS="338"/>
							<String ID="string_120" HPOS="349" VPOS="710" WIDTH="170" HEIGHT="27" WC="0.95" CONTENT="kommunerna,"/><SP WIDTH="14" VPOS="710" HPOS="519"/>
							<String ID="string_121" HPOS="533" VPOS="710" WIDTH="63" HEIGHT="22" WC="0.94" CONTENT="bilda"/><SP WIDTH="8" VPOS="710" HPOS="596"/>
							<String ID="string_122" HPOS="604" VPOS="711" WIDTH="8" HEIGHT="20" WC="0.94" CONTENT="i"/><SP WIDTH="8" VPOS="711" HPOS="612"/>
							<String ID="string_123" HPOS="620" VPOS="710" WIDTH="114" HEIGHT="29" WC="0.96" CONTENT="språkligt"/><SP WIDTH="9" VPOS="710" HPOS="734"/>
							<String ID="string_124" HPOS="743" VPOS="710" WIDTH="108" HEIGHT="21" WC="0.95" CONTENT="afseende"/><SP WIDTH="8" VPOS="710" HPOS="851"/>
							<String ID="string_125" HPOS="859" VPOS="710" WIDTH="129" HEIGHT="29" WC="0.95" CONTENT="homogena"/>
						</TextLine>
						<TextLine ID="line_17" HPOS="232" VPOS="744" WIDTH="756" HEIGHT="29">
							<String ID="string_126" HPOS="232" VPOS="744" WIDTH="117" HEIGHT="21" WC="0.94" CONTENT="områden."/><SP WIDTH="30" VPOS="744" HPOS="349"/>
							<String ID="string_127" HPOS="379" VPOS="744" WIDTH="35" HEIGHT="21" WC="0.95" CONTENT="De"/><SP WIDTH="23" VPOS="744" HPOS="414"/>
							<String ID="string_128" HPOS="437" VPOS="744" WIDTH="155" HEIGHT="29" WC="0.96" CONTENT="olägenheter,"/><SP WIDTH="24" VPOS="744" HPOS="592"/>
							<String ID="string_129" HPOS="616" VPOS="751" WIDTH="47" HEIGHT="14" WC="0.96" CONTENT="som"/><SP WIDTH="16" VPOS="751" HPOS="663"/>
							<String ID="string_130" HPOS="679" VPOS="745" WIDTH="79" HEIGHT="20" WC="0.96" CONTENT="kunna"/><SP WIDTH="16" VPOS="745" HPOS="758"/>
							<String ID="string_131" HPOS="774" VPOS="745" WIDTH="84" HEIGHT="27" WC="0.96" CONTENT="uppstå"/><SP WIDTH="16" VPOS="745" HPOS="858"/>
							<String ID="string_132" HPOS="874" VPOS="744" WIDTH="68" HEIGHT="21" WC="0.96" CONTENT="däraf"/><SP WIDTH="12" VPOS="744" HPOS="942"/>
							<String ID="string_133" HPOS="954" VPOS="747" WIDTH="34" HEIGHT="19" WC="0.96" CONTENT="att"/>
						</TextLine>
						<TextLine ID="line_18" HPOS="232" VPOS="778" WIDTH="756" HEIGHT="29">
							<String ID="string_134" HPOS="232" VPOS="778" WIDTH="185" HEIGHT="21" WC="0.91" CONTENT="nämdemännen"/><SP WIDTH="10" VPOS="778" HPOS="417"/>
							<String ID="string_135" HPOS="427" VPOS="774" WIDTH="15" HEIGHT="38" WC="0.95" CONTENT="i"/><SP WIDTH="20" VPOS="774" HPOS="442"/>
							<String ID="string_136" HPOS="462" VPOS="781" WIDTH="33" HEIGHT="18" WC="0.95" CONTENT="ett"/><SP WIDTH="14" VPOS="781" HPOS="495"/>
							<String ID="string_137" HPOS="509" VPOS="779" WIDTH="103" HEIGHT="28" WC="0.96" CONTENT="tingslag"/><SP WIDTH="15" VPOS="779" HPOS="612"/>
							<String ID="string_138" HPOS="627" VPOS="778" WIDTH="51" HEIGHT="21" WC="0.96" CONTENT="icke"/><SP WIDTH="16" VPOS="778" HPOS="678"/>
							<String ID="string_139" HPOS="694" VPOS="778" WIDTH="66" HEIGHT="21" WC="0.96" CONTENT="alltid"/><SP WIDTH="16" VPOS="778" HPOS="760"/>
							<String ID="string_140" HPOS="776" VPOS="782" WIDTH="39" HEIGHT="17" WC="0.96" CONTENT="äro"/><SP WIDTH="17" VPOS="782" HPOS="815"/>
							<String ID="string_141" HPOS="832" VPOS="779" WIDTH="102" HEIGHT="28" WC="0.96" CONTENT="mäktige"/><SP WIDTH="16" VPOS="779" HPOS="934"/>
							<String ID="string_142" HPOS="950" VPOS="779" WIDTH="38" HEIGHT="21" WC="0.96" CONTENT="det"/>
						</TextLine>
						<TextLine ID="line_19" HPOS="231" VPOS="811" WIDTH="756" HEIGHT="30">
							<String ID="string_143" HPOS="231" VPOS="811" WIDTH="64" HEIGHT="22" WC="0.96" CONTENT="inför"/><SP WIDTH="14" VPOS="811" HPOS="295"/>
							<String ID="string_144" HPOS="309" VPOS="814" WIDTH="76" HEIGHT="19" WC="0.96" CONTENT="rätten"/><SP WIDTH="8" VPOS="814" HPOS="385"/>
							<String ID="string_145" HPOS="393" VPOS="812" WIDTH="106" HEIGHT="21" WC="0.93" CONTENT="använda"/><SP WIDTH="8" VPOS="812" HPOS="499"/>
							<String ID="string_146" HPOS="507" VPOS="812" WIDTH="261" HEIGHT="29" WC="0.90" CONTENT="förhandlingsspråket,"/><SP WIDTH="14" VPOS="812" HPOS="768"/>
							<String ID="string_147" HPOS="782" VPOS="812" WIDTH="98" HEIGHT="21" WC="0.96" CONTENT="hänföra"/><SP WIDTH="13" VPOS="812" HPOS="880"/>
							<String ID="string_148" HPOS="893" VPOS="813" WIDTH="35" HEIGHT="28" WC="0.93" CONTENT="sig"/><SP WIDTH="10" VPOS="813" HPOS="928"/>
							<String ID="string_149" HPOS="938" VPOS="813" WIDTH="49" HEIGHT="27" WC="0.92" CONTENT="följ-"/>
						</TextLine>
						<TextLine ID="line_20" HPOS="231" VPOS="846" WIDTH="757" HEIGHT="28">
							<String ID="string_150" HPOS="231" VPOS="846" WIDTH="106" HEIGHT="28" WC="0.88" CONTENT="aktligen"/><SP WIDTH="16" VPOS="846" HPOS="337"/>
							<String ID="string_151" HPOS="353" VPOS="846" WIDTH="36" HEIGHT="21" WC="0.95" CONTENT="till"/><SP WIDTH="16" VPOS="846" HPOS="389"/>
							<String ID="string_152" HPOS="405" VPOS="849" WIDTH="33" HEIGHT="18" WC="0.96" CONTENT="ett"/><SP WIDTH="15" VPOS="849" HPOS="438"/>
							<String ID="string_153" HPOS="453" VPOS="847" WIDTH="92" HEIGHT="27" WC="0.96" CONTENT="mycket"/><SP WIDTH="16" VPOS="847" HPOS="545"/>
							<String ID="string_154" HPOS="561" VPOS="847" WIDTH="51" HEIGHT="20" WC="0.95" CONTENT="litet"/><SP WIDTH="16" VPOS="847" HPOS="612"/>
							<String ID="string_155" HPOS="628" VPOS="846" WIDTH="62" HEIGHT="21" WC="0.95" CONTENT="antal"/><SP WIDTH="16" VPOS="846" HPOS="690"/>
							<String ID="string_156" HPOS="706" VPOS="846" WIDTH="52" HEIGHT="26" WC="0.96" CONTENT="fall;"/><SP WIDTH="17" VPOS="846" HPOS="758"/>
							<String ID="string_157" HPOS="775" VPOS="847" WIDTH="42" HEIGHT="20" WC="0.96" CONTENT="och"/><SP WIDTH="16" VPOS="847" HPOS="817"/>
							<String ID="string_158" HPOS="833" VPOS="847" WIDTH="46" HEIGHT="21" WC="0.96" CONTENT="kan"/><SP WIDTH="11" VPOS="847" HPOS="879"/>
							<String ID="string_159" HPOS="890" VPOS="847" WIDTH="26" HEIGHT="20" WC="0.96" CONTENT="af"/><SP WIDTH="8" VPOS="847" HPOS="916"/>
							<String ID="string_160" HPOS="924" VPOS="846" WIDTH="64" HEIGHT="22" WC="0.96" CONTENT="detta"/>
						</TextLine>
						<TextLine ID="line_21" HPOS="231" VPOS="880" WIDTH="756" HEIGHT="29">
							<String ID="string_161" HPOS="231" VPOS="880" WIDTH="153" HEIGHT="24" WC="0.96" CONTENT="förhållande,"/><SP WIDTH="24" VPOS="880" HPOS="384"/>
							<String ID="string_162" HPOS="408" VPOS="881" WIDTH="74" HEIGHT="28" WC="0.96" CONTENT="enligt"/><SP WIDTH="21" VPOS="881" HPOS="482"/>
							<String ID="string_163" HPOS="503" VPOS="880" WIDTH="133" HEIGHT="22" WC="0.96" CONTENT="Utskottets"/><SP WIDTH="21" VPOS="880" HPOS="636"/>
							<String ID="string_164" HPOS="657" VPOS="881" WIDTH="77" HEIGHT="27" WC="0.95" CONTENT="tanke,"/><SP WIDTH="17" VPOS="881" HPOS="734"/>
							<String ID="string_165" HPOS="751" VPOS="881" WIDTH="24" HEIGHT="20" WC="0.96" CONTENT="så"/><SP WIDTH="16" VPOS="881" HPOS="775"/>
							<String ID="string_166" HPOS="791" VPOS="881" WIDTH="93" HEIGHT="27" WC="0.96" CONTENT="mycket"/><SP WIDTH="15" VPOS="881" HPOS="884"/>
							<String ID="string_167" HPOS="899" VPOS="880" WIDTH="88" HEIGHT="22" WC="0.96" CONTENT="mindre"/>
						</TextLine>
						<TextLine ID="line_22" HPOS="231" VPOS="914" WIDTH="756" HEIGHT="29">
							<String ID="string_168" HPOS="231" VPOS="915" WIDTH="80" HEIGHT="27" WC="0.96" CONTENT="någon"/><SP WIDTH="15" VPOS="915" HPOS="311"/>
							<String ID="string_169" HPOS="326" VPOS="915" WIDTH="91" HEIGHT="28" WC="0.93" CONTENT="verklig"/><SP WIDTH="12" VPOS="915" HPOS="417"/>
							<String ID="string_170" HPOS="429" VPOS="915" WIDTH="118" HEIGHT="21" WC="0.91" CONTENT="rättsvåda"/><SP WIDTH="11" VPOS="915" HPOS="547"/>
							<String ID="string_171" HPOS="558" VPOS="914" WIDTH="106" HEIGHT="29" WC="0.91" CONTENT="härflyta,"/><SP WIDTH="11" VPOS="914" HPOS="664"/>
							<String ID="string_172" HPOS="675" VPOS="922" WIDTH="48" HEIGHT="14" WC="0.96" CONTENT="som"/><SP WIDTH="8" VPOS="922" HPOS="723"/>
							<String ID="string_173" HPOS="731" VPOS="915" WIDTH="28" HEIGHT="28" WC="0.96" CONTENT="ju"/><SP WIDTH="10" VPOS="915" HPOS="759"/>
							<String ID="string_174" HPOS="769" VPOS="915" WIDTH="108" HEIGHT="20" WC="0.95" CONTENT="domaren"/><SP WIDTH="12" VPOS="915" HPOS="877"/>
							<String ID="string_175" HPOS="889" VPOS="915" WIDTH="7" HEIGHT="20" WC="0.96" CONTENT="i"/><SP WIDTH="13" VPOS="915" HPOS="896"/>
							<String ID="string_176" HPOS="909" VPOS="915" WIDTH="78" HEIGHT="28" WC="0.96" CONTENT="hvarje"/>
						</TextLine>
						<TextLine ID="line_23" HPOS="231" VPOS="949" WIDTH="757" HEIGHT="28">
							<String ID="string_177" HPOS="231" VPOS="949" WIDTH="113" HEIGHT="21" WC="0.96" CONTENT="händelse"/><SP WIDTH="23" VPOS="949" HPOS="344"/>
							<String ID="string_178" HPOS="367" VPOS="949" WIDTH="74" HEIGHT="28" WC="0.95" CONTENT="enligt"/><SP WIDTH="15" VPOS="949" HPOS="441"/>
							<String ID="string_179" HPOS="456" VPOS="949" WIDTH="108" HEIGHT="28" WC="0.96" CONTENT="gällande"/><SP WIDTH="16" VPOS="949" HPOS="564"/>
							<String ID="string_180" HPOS="580" VPOS="949" WIDTH="166" HEIGHT="28" WC="0.95" CONTENT="författningar"/><SP WIDTH="16" VPOS="949" HPOS="746"/>
							<String ID="string_181" HPOS="762" VPOS="949" WIDTH="41" HEIGHT="21" WC="0.96" CONTENT="bör"/><SP WIDTH="15" VPOS="949" HPOS="803"/>
							<String ID="string_182" HPOS="818" VPOS="956" WIDTH="55" HEIGHT="14" WC="0.93" CONTENT="vara"/><SP WIDTH="16" VPOS="956" HPOS="873"/>
							<String ID="string_183" HPOS="889" VPOS="949" WIDTH="99" HEIGHT="21" WC="0.91" CONTENT="hemma-"/>
						</TextLine>
						<TextLine ID="line_24" HPOS="232" VPOS="983" WIDTH="380" HEIGHT="28">
							<String ID="string_184" HPOS="232" VPOS="983" WIDTH="69" HEIGHT="22" WC="0.95" CONTENT="stadd"/><SP WIDTH="15" VPOS="983" HPOS="301"/>
							<String ID="string_185" HPOS="316" VPOS="983" WIDTH="7" HEIGHT="20" WC="0.96" CONTENT="i"/><SP WIDTH="15" VPOS="983" HPOS="323"/>
							<String ID="string_186" HPOS="338" VPOS="983" WIDTH="92" HEIGHT="21" WC="0.96" CONTENT="landets"/><SP WIDTH="17" VPOS="983" HPOS="430"/>
							<String ID="string_187" HPOS="447" VPOS="983" WIDTH="73" HEIGHT="28" WC="0.96" CONTENT="bägge"/><SP WIDTH="15" VPOS="983" HPOS="520"/>
							<String ID="string_188" HPOS="535" VPOS="983" WIDTH="77" HEIGHT="28" WC="0.96" CONTENT="språk."/>
						</TextLine>
					</TextBlock>
					<TextBlock ID="block_2" HPOS="232" VPOS="1017" WIDTH="758" HEIGHT="368">
						<TextLine ID="line_25" HPOS="303" VPOS="1017" WIDTH="686" HEIGHT="28">
							<String ID="string_189" HPOS="303" VPOS="1017" WIDTH="69" HEIGHT="21" WC="0.95" CONTENT="Hvad"/><SP WIDTH="17" VPOS="1017" HPOS="372"/>
							<String ID="string_190" HPOS="389" VPOS="1017" WIDTH="107" HEIGHT="21" WC="0.96" CONTENT="beträffar"/><SP WIDTH="15" VPOS="1017" HPOS="496"/>
							<String ID="string_191" HPOS="511" VPOS="1017" WIDTH="40" HEIGHT="21" WC="0.96" CONTENT="det"/><SP WIDTH="16" VPOS="1017" HPOS="551"/>
							<String ID="string_192" HPOS="567" VPOS="1017" WIDTH="26" HEIGHT="20" WC="0.93" CONTENT="af"/><SP WIDTH="7" VPOS="1017" HPOS="593"/>
							<String ID="string_193" HPOS="600" VPOS="1017" WIDTH="180" HEIGHT="28" WC="0.91" CONTENT="petitionärerne"/><SP WIDTH="11" VPOS="1017" HPOS="780"/>
							<String ID="string_194" HPOS="791" VPOS="1017" WIDTH="104" HEIGHT="27" WC="0.91" CONTENT="antydda"/><SP WIDTH="10" VPOS="1017" HPOS="895"/>
							<String ID="string_195" HPOS="905" VPOS="1017" WIDTH="84" HEIGHT="21" WC="0.92" CONTENT="förhål-"/>
						</TextLine>
						<TextLine ID="line_26" HPOS="232" VPOS="1051" WIDTH="757" HEIGHT="28">
							<String ID="string_196" HPOS="232" VPOS="1051" WIDTH="87" HEIGHT="26" WC="0.95" CONTENT="landet,"/><SP WIDTH="26" VPOS="1051" HPOS="319"/>
							<String ID="string_197" HPOS="345" VPOS="1054" WIDTH="35" HEIGHT="18" WC="0.96" CONTENT="att"/><SP WIDTH="22" VPOS="1054" HPOS="380"/>
							<String ID="string_198" HPOS="402" VPOS="1051" WIDTH="28" HEIGHT="21" WC="0.96" CONTENT="de"/><SP WIDTH="18" VPOS="1051" HPOS="430"/>
							<String ID="string_199" HPOS="448" VPOS="1051" WIDTH="8" HEIGHT="21" WC="0.96" CONTENT="i"/><SP WIDTH="15" VPOS="1051" HPOS="456"/>
							<String ID="string_200" HPOS="471" VPOS="1051" WIDTH="115" HEIGHT="28" WC="0.96" CONTENT="språkligt"/><SP WIDTH="14" VPOS="1051" HPOS="586"/>
							<String ID="string_201" HPOS="600" VPOS="1051" WIDTH="130" HEIGHT="21" WC="0.96" CONTENT="hänseende"/><SP WIDTH="15" VPOS="1051" HPOS="730"/>
							<String ID="string_202" HPOS="745" VPOS="1051" WIDTH="140" HEIGHT="28" WC="0.93" CONTENT="heterogena"/><SP WIDTH="16" VPOS="1051" HPOS="885"/>
							<String ID="string_203" HPOS="901" VPOS="1051" WIDTH="88" HEIGHT="21" WC="0.91" CONTENT="domsa-"/>
						</TextLine>
						<TextLine ID="line_27" HPOS="232" VPOS="1085" WIDTH="757" HEIGHT="28">
							<String ID="string_204" HPOS="232" VPOS="1092" WIDTH="86" HEIGHT="21" WC="0.91" CONTENT="gornas"/><SP WIDTH="16" VPOS="1092" HPOS="318"/>
							<String ID="string_205" HPOS="334" VPOS="1085" WIDTH="185" HEIGHT="28" WC="0.90" CONTENT="landtdagsmän,"/><SP WIDTH="17" VPOS="1085" HPOS="519"/>
							<String ID="string_206" HPOS="536" VPOS="1086" WIDTH="30" HEIGHT="27" WC="0.96" CONTENT="på"/><SP WIDTH="15" VPOS="1086" HPOS="566"/>
							<String ID="string_207" HPOS="581" VPOS="1085" WIDTH="75" HEIGHT="28" WC="0.96" CONTENT="grund"/><SP WIDTH="16" VPOS="1085" HPOS="656"/>
							<String ID="string_208" HPOS="672" VPOS="1085" WIDTH="26" HEIGHT="21" WC="0.96" CONTENT="af"/><SP WIDTH="12" VPOS="1085" HPOS="698"/>
							<String ID="string_209" HPOS="710" VPOS="1085" WIDTH="118" HEIGHT="22" WC="0.96" CONTENT="olikheten"/><SP WIDTH="16" VPOS="1085" HPOS="828"/>
							<String ID="string_210" HPOS="844" VPOS="1085" WIDTH="8" HEIGHT="21" WC="0.96" CONTENT="i"/><SP WIDTH="15" VPOS="1085" HPOS="852"/>
							<String ID="string_211" HPOS="867" VPOS="1085" WIDTH="69" HEIGHT="28" WC="0.93" CONTENT="språk"/><SP WIDTH="16" VPOS="1085" HPOS="936"/>
							<String ID="string_212" HPOS="952" VPOS="1085" WIDTH="37" HEIGHT="21" WC="0.91" CONTENT="de-"/>
						</TextLine>
						<TextLine ID="line_28" HPOS="232" VPOS="1119" WIDTH="757" HEIGHT="25">
							<String ID="string_213" HPOS="232" VPOS="1127" WIDTH="38" HEIGHT="13" WC="0.93" CONTENT="ras"/><SP WIDTH="16" VPOS="1127" HPOS="270"/>
							<String ID="string_214" HPOS="286" VPOS="1119" WIDTH="92" HEIGHT="21" WC="0.90" CONTENT="valmän"/><SP WIDTH="16" VPOS="1119" HPOS="378"/>
							<String ID="string_215" HPOS="394" VPOS="1119" WIDTH="103" HEIGHT="25" WC="0.96" CONTENT="emellan,"/><SP WIDTH="16" VPOS="1119" HPOS="497"/>
							<String ID="string_216" HPOS="513" VPOS="1119" WIDTH="51" HEIGHT="21" WC="0.96" CONTENT="icke"/><SP WIDTH="16" VPOS="1119" HPOS="564"/>
							<String ID="string_217" HPOS="580" VPOS="1119" WIDTH="76" HEIGHT="22" WC="0.96" CONTENT="kunde"/><SP WIDTH="16" VPOS="1119" HPOS="656"/>
							<String ID="string_218" HPOS="672" VPOS="1127" WIDTH="66" HEIGHT="13" WC="0.95" CONTENT="anses"/><SP WIDTH="11" VPOS="1127" HPOS="738"/>
							<String ID="string_219" HPOS="749" VPOS="1119" WIDTH="54" HEIGHT="21" WC="0.95" CONTENT="fullt"/><SP WIDTH="13" VPOS="1119" HPOS="803"/>
							<String ID="string_220" HPOS="816" VPOS="1119" WIDTH="115" HEIGHT="21" WC="0.91" CONTENT="företräda"/><SP WIDTH="10" VPOS="1119" HPOS="931"/>
							<String ID="string_221" HPOS="941" VPOS="1119" WIDTH="48" HEIGHT="21" WC="0.91" CONTENT="val-"/>
						</TextLine>
						<TextLine ID="line_29" HPOS="232" VPOS="1153" WIDTH="757" HEIGHT="28">
							<String ID="string_222" HPOS="232" VPOS="1153" WIDTH="95" HEIGHT="21" WC="0.96" CONTENT="kretsen"/><SP WIDTH="23" VPOS="1153" HPOS="327"/>
							<String ID="string_223" HPOS="350" VPOS="1153" WIDTH="7" HEIGHT="21" WC="0.96" CONTENT="i"/><SP WIDTH="23" VPOS="1153" HPOS="357"/>
							<String ID="string_224" HPOS="380" VPOS="1153" WIDTH="51" HEIGHT="21" WC="0.96" CONTENT="dess"/><SP WIDTH="23" VPOS="1153" HPOS="431"/>
							<String ID="string_225" HPOS="454" VPOS="1153" WIDTH="85" HEIGHT="28" WC="0.96" CONTENT="helhet,"/><SP WIDTH="22" VPOS="1153" HPOS="539"/>
							<String ID="string_226" HPOS="561" VPOS="1153" WIDTH="74" HEIGHT="21" WC="0.96" CONTENT="finner"/><SP WIDTH="22" VPOS="1153" HPOS="635"/>
							<String ID="string_227" HPOS="657" VPOS="1153" WIDTH="122" HEIGHT="22" WC="0.96" CONTENT="Utskottet"/><SP WIDTH="18" VPOS="1153" HPOS="779"/>
							<String ID="string_228" HPOS="797" VPOS="1153" WIDTH="127" HEIGHT="21" WC="0.96" CONTENT="detsamma"/><SP WIDTH="14" VPOS="1153" HPOS="924"/>
							<String ID="string_229" HPOS="938" VPOS="1153" WIDTH="51" HEIGHT="21" WC="0.96" CONTENT="icke"/>
						</TextLine>
						<TextLine ID="line_30" HPOS="234" VPOS="1187" WIDTH="755" HEIGHT="28">
							<String ID="string_230" HPOS="234" VPOS="1187" WIDTH="75" HEIGHT="21" WC="0.95" CONTENT="heller"/><SP WIDTH="21" VPOS="1187" HPOS="309"/>
							<String ID="string_231" HPOS="330" VPOS="1187" WIDTH="77" HEIGHT="21" WC="0.96" CONTENT="lemna"/><SP WIDTH="22" VPOS="1187" HPOS="407"/>
							<String ID="string_232" HPOS="429" VPOS="1187" WIDTH="52" HEIGHT="22" WC="0.96" CONTENT="stöd"/><SP WIDTH="23" VPOS="1187" HPOS="481"/>
							<String ID="string_233" HPOS="504" VPOS="1187" WIDTH="36" HEIGHT="21" WC="0.96" CONTENT="för"/><SP WIDTH="19" VPOS="1187" HPOS="540"/>
							<String ID="string_234" HPOS="559" VPOS="1195" WIDTH="28" HEIGHT="13" WC="0.96" CONTENT="en"/><SP WIDTH="15" VPOS="1195" HPOS="587"/>
							<String ID="string_235" HPOS="602" VPOS="1187" WIDTH="98" HEIGHT="28" WC="0.96" CONTENT="petition"/><SP WIDTH="16" VPOS="1187" HPOS="700"/>
							<String ID="string_236" HPOS="716" VPOS="1187" WIDTH="26" HEIGHT="21" WC="0.96" CONTENT="af"/><SP WIDTH="13" VPOS="1187" HPOS="742"/>
							<String ID="string_237" HPOS="755" VPOS="1187" WIDTH="151" HEIGHT="21" WC="0.96" CONTENT="förevarande"/><SP WIDTH="16" VPOS="1187" HPOS="906"/>
							<String ID="string_238" HPOS="922" VPOS="1187" WIDTH="67" HEIGHT="28" WC="0.96" CONTENT="syfte,"/>
						</TextLine>
						<TextLine ID="line_31" HPOS="233" VPOS="1221" WIDTH="757" HEIGHT="28">
							<String ID="string_239" HPOS="233" VPOS="1225" WIDTH="57" HEIGHT="17" WC="0.96" CONTENT="enär"/><SP WIDTH="22" VPOS="1225" HPOS="290"/>
							<String ID="string_240" HPOS="312" VPOS="1221" WIDTH="68" HEIGHT="21" WC="0.95" CONTENT="valen"/><SP WIDTH="22" VPOS="1221" HPOS="380"/>
							<String ID="string_241" HPOS="402" VPOS="1221" WIDTH="35" HEIGHT="21" WC="0.93" CONTENT="till"/><SP WIDTH="16" VPOS="1221" HPOS="437"/>
							<String ID="string_242" HPOS="453" VPOS="1221" WIDTH="174" HEIGHT="22" WC="0.92" CONTENT="Bondeståndet"/><SP WIDTH="15" VPOS="1221" HPOS="627"/>
							<String ID="string_243" HPOS="642" VPOS="1221" WIDTH="8" HEIGHT="21" WC="0.96" CONTENT="i"/><SP WIDTH="16" VPOS="1221" HPOS="650"/>
							<String ID="string_244" HPOS="666" VPOS="1221" WIDTH="65" HEIGHT="21" WC="0.96" CONTENT="dessa"/><SP WIDTH="16" VPOS="1221" HPOS="731"/>
							<String ID="string_245" HPOS="747" VPOS="1221" WIDTH="122" HEIGHT="28" WC="0.96" CONTENT="domsagor"/><SP WIDTH="16" VPOS="1221" HPOS="869"/>
							<String ID="string_246" HPOS="885" VPOS="1221" WIDTH="50" HEIGHT="21" WC="0.93" CONTENT="icke"/><SP WIDTH="16" VPOS="1221" HPOS="935"/>
							<String ID="string_247" HPOS="951" VPOS="1229" WIDTH="39" HEIGHT="20" WC="0.91" CONTENT="ge-"/>
						</TextLine>
						<TextLine ID="line_32" HPOS="233" VPOS="1255" WIDTH="757" HEIGHT="28">
							<String ID="string_248" HPOS="233" VPOS="1255" WIDTH="72" HEIGHT="21" WC="0.92" CONTENT="stalta"/><SP WIDTH="22" VPOS="1255" HPOS="305"/>
							<String ID="string_249" HPOS="327" VPOS="1255" WIDTH="35" HEIGHT="28" WC="0.96" CONTENT="sig"/><SP WIDTH="22" VPOS="1255" HPOS="362"/>
							<String ID="string_250" HPOS="384" VPOS="1255" WIDTH="144" HEIGHT="22" WC="0.96" CONTENT="annorlunda"/><SP WIDTH="20" VPOS="1255" HPOS="528"/>
							<String ID="string_251" HPOS="548" VPOS="1259" WIDTH="29" HEIGHT="17" WC="0.96" CONTENT="än"/><SP WIDTH="16" VPOS="1259" HPOS="577"/>
							<String ID="string_252" HPOS="593" VPOS="1255" WIDTH="67" HEIGHT="21" WC="0.95" CONTENT="valen"/><SP WIDTH="16" VPOS="1255" HPOS="660"/>
							<String ID="string_253" HPOS="676" VPOS="1255" WIDTH="37" HEIGHT="21" WC="0.92" CONTENT="till"/><SP WIDTH="15" VPOS="1255" HPOS="713"/>
							<String ID="string_254" HPOS="728" VPOS="1255" WIDTH="196" HEIGHT="28" WC="0.91" CONTENT="Borgareståndet"/><SP WIDTH="15" VPOS="1255" HPOS="924"/>
							<String ID="string_255" HPOS="939" VPOS="1255" WIDTH="7" HEIGHT="21" WC="0.96" CONTENT="i"/><SP WIDTH="16" VPOS="1255" HPOS="946"/>
							<String ID="string_256" HPOS="962" VPOS="1255" WIDTH="28" HEIGHT="21" WC="0.95" CONTENT="de"/>
						</TextLine>
						<TextLine ID="line_33" HPOS="232" VPOS="1289" WIDTH="758" HEIGHT="22">
							<String ID="string_257" HPOS="232" VPOS="1289" WIDTH="69" HEIGHT="21" WC="0.94" CONTENT="festa"/><SP WIDTH="22" VPOS="1289" HPOS="301"/>
							<String ID="string_258" HPOS="323" VPOS="1289" WIDTH="77" HEIGHT="21" WC="0.96" CONTENT="städer"/><SP WIDTH="22" VPOS="1289" HPOS="400"/>
							<String ID="string_259" HPOS="422" VPOS="1289" WIDTH="43" HEIGHT="21" WC="0.96" CONTENT="och"/><SP WIDTH="23" VPOS="1289" HPOS="465"/>
							<String ID="string_260" HPOS="488" VPOS="1297" WIDTH="28" HEIGHT="13" WC="0.95" CONTENT="en"/><SP WIDTH="22" VPOS="1297" HPOS="516"/>
							<String ID="string_261" HPOS="538" VPOS="1292" WIDTH="47" HEIGHT="19" WC="0.96" CONTENT="stor"/><SP WIDTH="16" VPOS="1292" HPOS="585"/>
							<String ID="string_262" HPOS="601" VPOS="1289" WIDTH="37" HEIGHT="21" WC="0.96" CONTENT="del"/><SP WIDTH="15" VPOS="1289" HPOS="638"/>
							<String ID="string_263" HPOS="653" VPOS="1289" WIDTH="26" HEIGHT="22" WC="0.96" CONTENT="af"/><SP WIDTH="13" VPOS="1289" HPOS="679"/>
							<String ID="string_264" HPOS="692" VPOS="1289" WIDTH="28" HEIGHT="21" WC="0.96" CONTENT="de"/><SP WIDTH="16" VPOS="1289" HPOS="720"/>
							<String ID="string_265" HPOS="736" VPOS="1289" WIDTH="148" HEIGHT="21" WC="0.96" CONTENT="kommunala"/><SP WIDTH="15" VPOS="1289" HPOS="884"/>
							<String ID="string_266" HPOS="899" VPOS="1290" WIDTH="68" HEIGHT="20" WC="0.96" CONTENT="valen"/><SP WIDTH="15" VPOS="1290" HPOS="967"/>
							<String ID="string_267" HPOS="982" VPOS="1290" WIDTH="8" HEIGHT="20" WC="0.96" CONTENT="i"/>
						</TextLine>
						<TextLine ID="line_34" HPOS="233" VPOS="1323" WIDTH="757" HEIGHT="28">
							<String ID="string_268" HPOS="233" VPOS="1323" WIDTH="86" HEIGHT="25" WC="0.95" CONTENT="landet,"/><SP WIDTH="17" VPOS="1323" HPOS="319"/>
							<String ID="string_269" HPOS="336" VPOS="1326" WIDTH="60" HEIGHT="18" WC="0.96" CONTENT="samt"/><SP WIDTH="15" VPOS="1326" HPOS="396"/>
							<String ID="string_270" HPOS="411" VPOS="1327" WIDTH="55" HEIGHT="17" WC="0.96" CONTENT="enär"/><SP WIDTH="12" VPOS="1327" HPOS="466"/>
							<String ID="string_271" HPOS="478" VPOS="1323" WIDTH="27" HEIGHT="28" WC="0.95" CONTENT="ju"/><SP WIDTH="14" VPOS="1323" HPOS="505"/>
							<String ID="string_272" HPOS="519" VPOS="1323" WIDTH="8" HEIGHT="21" WC="0.96" CONTENT="i"/><SP WIDTH="16" VPOS="1323" HPOS="527"/>
							<String ID="string_273" HPOS="543" VPOS="1323" WIDTH="79" HEIGHT="28" WC="0.96" CONTENT="regeln"/><SP WIDTH="15" VPOS="1323" HPOS="622"/>
							<String ID="string_274" HPOS="637" VPOS="1323" WIDTH="46" HEIGHT="21" WC="0.96" CONTENT="alla"/><SP WIDTH="14" VPOS="1323" HPOS="683"/>
							<String ID="string_275" HPOS="697" VPOS="1323" WIDTH="37" HEIGHT="21" WC="0.93" CONTENT="val"/><SP WIDTH="16" VPOS="1323" HPOS="734"/>
							<String ID="string_276" HPOS="750" VPOS="1323" WIDTH="91" HEIGHT="28" WC="0.92" CONTENT="afgöras"/><SP WIDTH="16" VPOS="1323" HPOS="841"/>
							<String ID="string_277" HPOS="857" VPOS="1323" WIDTH="32" HEIGHT="27" WC="0.96" CONTENT="så,"/><SP WIDTH="16" VPOS="1323" HPOS="889"/>
							<String ID="string_278" HPOS="905" VPOS="1326" WIDTH="35" HEIGHT="18" WC="0.93" CONTENT="att"/><SP WIDTH="10" VPOS="1326" HPOS="940"/>
							<String ID="string_279" HPOS="950" VPOS="1323" WIDTH="40" HEIGHT="21" WC="0.91" CONTENT="mi-"/>
						</TextLine>
						<TextLine ID="line_35" HPOS="232" VPOS="1356" WIDTH="700" HEIGHT="29">
							<String ID="string_280" HPOS="232" VPOS="1357" WIDTH="118" HEIGHT="21" WC="0.92" CONTENT="noriteten"/><SP WIDTH="16" VPOS="1357" HPOS="350"/>
							<String ID="string_281" HPOS="366" VPOS="1357" WIDTH="35" HEIGHT="21" WC="0.96" CONTENT="får"/><SP WIDTH="15" VPOS="1357" HPOS="401"/>
							<String ID="string_282" HPOS="416" VPOS="1357" WIDTH="55" HEIGHT="28" WC="0.96" CONTENT="foga"/><SP WIDTH="16" VPOS="1357" HPOS="471"/>
							<String ID="string_283" HPOS="487" VPOS="1357" WIDTH="35" HEIGHT="28" WC="0.96" CONTENT="sig"/><SP WIDTH="16" VPOS="1357" HPOS="522"/>
							<String ID="string_284" HPOS="538" VPOS="1356" WIDTH="59" HEIGHT="22" WC="0.96" CONTENT="efter"/><SP WIDTH="14" VPOS="1356" HPOS="597"/>
							<String ID="string_285" HPOS="611" VPOS="1356" WIDTH="157" HEIGHT="29" WC="0.96" CONTENT="majoritetens"/><SP WIDTH="16" VPOS="1356" HPOS="768"/>
							<String ID="string_286" HPOS="784" VPOS="1356" WIDTH="148" HEIGHT="29" WC="0.96" CONTENT="önskningar."/>
						</TextLine>
					</TextBlock>
					<TextBlock ID="block_3" HPOS="232" VPOS="1390" WIDTH="760" HEIGHT="63">
						<TextLine ID="line_36" HPOS="304" VPOS="1390" WIDTH="688" HEIGHT="30">
							<String ID="string_287" HPOS="304" VPOS="1390" WIDTH="115" HEIGHT="29" WC="0.96" CONTENT="Slutligen"/><SP WIDTH="15" VPOS="1390" HPOS="419"/>
							<String ID="string_288" HPOS="434" VPOS="1391" WIDTH="42" HEIGHT="21" WC="0.96" CONTENT="vill"/><SP WIDTH="10" VPOS="1391" HPOS="476"/>
							<String ID="string_289" HPOS="486" VPOS="1391" WIDTH="121" HEIGHT="22" WC="0.95" CONTENT="Utskottet"/><SP WIDTH="11" VPOS="1391" HPOS="607"/>
							<String ID="string_290" HPOS="618" VPOS="1391" WIDTH="115" HEIGHT="26" WC="0.96" CONTENT="anmärka,"/><SP WIDTH="12" VPOS="1391" HPOS="733"/>
							<String ID="string_291" HPOS="745" VPOS="1394" WIDTH="34" HEIGHT="18" WC="0.96" CONTENT="att"/><SP WIDTH="11" VPOS="1394" HPOS="779"/>
							<String ID="string_292" HPOS="790" VPOS="1390" WIDTH="39" HEIGHT="22" WC="0.96" CONTENT="det"/><SP WIDTH="11" VPOS="1390" HPOS="829"/>
							<String ID="string_293" HPOS="840" VPOS="1390" WIDTH="152" HEIGHT="30" WC="0.95" CONTENT="fullständiga"/>
						</TextLine>
						<TextLine ID="line_37" HPOS="232" VPOS="1425" WIDTH="758" HEIGHT="28">
							<String ID="string_294" HPOS="232" VPOS="1425" WIDTH="202" HEIGHT="28" WC="0.95" CONTENT="förverkligandet"/><SP WIDTH="15" VPOS="1425" HPOS="434"/>
							<String ID="string_295" HPOS="449" VPOS="1425" WIDTH="26" HEIGHT="21" WC="0.93" CONTENT="af"/><SP WIDTH="12" VPOS="1425" HPOS="475"/>
							<String ID="string_296" HPOS="487" VPOS="1425" WIDTH="191" HEIGHT="28" WC="0.91" CONTENT="petitionärernes"/><SP WIDTH="16" VPOS="1425" HPOS="678"/>
							<String ID="string_297" HPOS="694" VPOS="1425" WIDTH="176" HEIGHT="26" WC="0.91" CONTENT="önskningsmål"/><SP WIDTH="12" VPOS="1425" HPOS="870"/>
							<String ID="string_298" HPOS="882" VPOS="1425" WIDTH="108" HEIGHT="22" WC="0.92" CONTENT="förutsät-"/>
						</TextLine>
					</TextBlock>
					<TextBlock ID="block_4" HPOS="303" VPOS="1464" WIDTH="494" HEIGHT="19">
						<TextLine ID="line_38" HPOS="303" VPOS="1464" WIDTH="494" HEIGHT="19">
							<String ID="string_299" HPOS="303" VPOS="1465" WIDTH="103" HEIGHT="17" WC="0.93" CONTENT="Allmänna"/><SP WIDTH="11" VPOS="1465" HPOS="406"/>
							<String ID="string_300" HPOS="417" VPOS="1465" WIDTH="169" HEIGHT="18" WC="0.92" CONTENT="Besvärsutskottets"/><SP WIDTH="13" VPOS="1465" HPOS="586"/>
							<String ID="string_301" HPOS="599" VPOS="1465" WIDTH="109" HEIGHT="18" WC="0.96" CONTENT="betänkande"/><SP WIDTH="11" VPOS="1465" HPOS="708"/>
							<String ID="string_302" HPOS="719" VPOS="1464" WIDTH="38" HEIGHT="18" WC="0.95" CONTENT="N:o"/><SP WIDTH="11" VPOS="1464" HPOS="757"/>
							<String ID="string_303" HPOS="768" VPOS="1465" WIDTH="29" HEIGHT="17" WC="0.96" CONTENT="13."/>
						</TextLine>
					</TextBlock>
				</ComposedBlock>
			</PrintSpace>
		</Page>
	</Layout>
</alto>
