1070 1795
288 184 263 23 Motionsbetänkande
567 185 43 22 N:o
626 185 22 22 3.
795 186 26 19 21

161 253 93 20 Befriade
270 254 44 19 från
329 254 137 25 skyldigheten
483 257 29 17 att
527 255 75 19 besöka
618 255 59 19 dessa
692 255 69 20 skolor
775 257 34 18 äro
825 256 25 19 de

94 283 55 23 barn,
168 283 68 19 hvilka
259 283 92 24 antingen
374 283 6 19 i
400 283 85 19 hemmet
500 283 48 19 eller
563 289 72 14 annars
651 283 108 25 bevisligen
774 284 76 20 erhålla

93 312 139 19 motsvarande
249 311 50 20 eller
313 317 53 14 mera
382 311 121 20 omfattande
519 312 148 24 undervisning.

449 402 46 27 83.

160 466 74 23 Hvarje
256 466 147 19 stadskommun
425 466 75 24 äligger
522 469 30 16 att
571 467 74 19 inrätta
661 467 36 19 och
713 467 135 24 upprätthälla

92 494 54 19 såväl
162 495 54 23 lägre
232 499 42 14 som
289 495 60 23 högre
368 494 112 20 folkskolor
495 495 30 19 till
541 495 34 20 det
590 496 62 23 antal,
674 497 30 18 att
718 496 39 19 alla
771 495 7 20 i
794 496 53 19 skol-

91 523 69 19 äldern
184 523 86 19 varande
293 523 56 24 barn,
372 529 42 14 som
436 523 44 20 icke
499 524 6 19 i
520 524 85 19 hemmet
620 524 50 19 eller
684 529 72 15 annars
771 525 77 24 ätnjuta

91 552 137 19 motsvarande
252 551 49 20 eller
323 557 54 14 mera
395 551 121 21 omfattande
531 553 147 24 undervisning,
701 553 7 18 i
723 553 43 20 dem
781 553 67 20 kunna

92 580 74 19 erhälla
181 581 147 22 undervisning.

447 661 10 25 8
473 661 20 19 4.

159 723 74 25 Hvarje
256 723 114 25 församling
387 724 26 24 pä
428 724 74 25 landet,
525 730 47 14 vare
588 725 29 23 sig
633 725 213 23 evangelisk-luthersk

91 752 48 19 eller
154 752 30 19 till
200 754 60 18 annat
275 753 186 24 religionssamfund
475 753 96 24 hörande,
587 753 76 24 äligger
678 756 28 17 att
721 754 73 19 inrätta
809 754 36 19 och

90 781 135 24 upprätthälla
240 781 52 20 fasta
307 782 49 19 eller
368 781 155 20 ambulatoriska
534 782 120 19 barnskolor
664 782 30 19 till
704 783 71 19 sädant
785 783 60 25 antal,

90 812 29 17 att
141 810 37 19 alla
202 810 49 19 barn
267 810 43 19 frän
326 811 30 23 sju
372 810 29 19 till
418 811 32 18 nio
465 811 33 19 ärs
514 811 63 22 älder,
600 811 67 19 hvilka
682 811 43 19 icke
740 811 8 19 i
762 811 84 20 hemmet

90 838 49 19 eller
162 844 72 13 annars
254 839 76 23 ätnjuta
346 839 138 19 motsvarande
505 839 49 19 eller
569 845 54 13 mera
639 839 119 20 omfattande
774 840 71 19 under-

91 867 83 24 visning,
196 867 101 20 äfvensom
319 868 55 19 äldre
396 867 56 24 barn,
473 873 42 14 som
531 870 35 17 äro
583 868 128 19 förhindrade
727 871 29 16 att
771 868 75 20 besöka

90 895 61 24 högre
162 895 111 28 folkskola,
288 896 67 19 kunna
370 896 6 19 i
392 896 44 19 dem
452 897 75 19 erhålla
541 897 146 23 undervisning.

158 919 29 24 Är
209 924 120 20 barnskolan
352 925 149 24 ambulatorisk,
524 925 37 20 bör
584 925 113 20 densamma
711 925 52 20 inom
777 925 68 24 hvarje

90 952 63 25 läslag
168 959 48 13 vara
231 953 7 18 i
254 953 105 19 oafbruten
375 936 126 46 verksamhet
515 954 59 19 minst
589 954 43 19 åtta
647 954 73 19 veckor
735 954 81 24 årligen,
839 955 6 18 i

89 981 81 19 hvilken
185 981 95 20 händelse
297 982 50 19 dock
363 982 44 19 icke
422 981 48 20 flere
486 985 24 16 än
526 983 55 24 tjugu
598 983 47 18 barn
662 983 49 18 böra
725 983 7 18 i
745 985 28 17 ett
783 983 63 24 läslag

89 1010 122 20 undervisas.
243 1006 29 23 Är
294 1010 85 19 barnens
403 1011 53 19 antal
478 1013 72 21 större,
573 1011 36 19 bör
625 1011 98 20 lärotiden
738 1011 106 24 förlängas.

88 1038 58 20 Dock
168 1039 31 19 må
222 1039 63 24 aldrig
304 1041 28 17 ett
348 1041 64 18 större
427 1040 53 19 antal
496 1042 24 17 än
537 1039 72 24 fyratio
624 1040 50 19 barn
689 1040 115 19 undervisas
819 1040 26 24 på

88 1072 24 15 en
128 1067 56 24 gång.

442 1154 10 25 8
468 1153 20 22 5.

156 1227 74 25 Hvarje
254 1228 150 19 landskommun
427 1229 76 23 äligger
523 1230 29 18 att
567 1229 74 19 inrätta
657 1228 36 20 och
710 1227 133 26 upprätthälla

85 1255 61 25 högre
170 1256 114 20 folkskolor
306 1257 50 19 efter
372 1257 60 20 sådan
448 1257 117 24 beräkning,
588 1259 30 18 att
632 1257 7 19 i
655 1257 25 19 de
694 1257 120 23 kommuner,
837 1257 6 18 i

85 1285 66 19 hvilka
174 1285 134 20 folktätheten
324 1288 22 17 är
361 1286 6 19 i
382 1286 93 19 medeltal
491 1287 28 18 tio
535 1291 96 19 personer
646 1285 50 20 eller
711 1285 92 20 däröfver
817 1285 26 24 pä

86 1313 202 24 gvadratkilometern
304 1315 53 22 land,
373 1314 37 20 bör
425 1315 34 18 det
473 1314 64 20 finnas
552 1315 59 19 minst
626 1319 25 14 en
667 1315 60 23 högre
744 1313 99 20 folkskola

86 1342 32 18 för
133 1342 68 24 hvarje
217 1343 149 19 ättahundratal
382 1343 103 23 invånare;
509 1343 7 19 i
532 1343 24 19 de
571 1343 122 23 kommuner,
716 1343 77 19 hvilkas
808 1342 35 19 be-

84 1370 90 25 folkning
196 1372 6 18 i
224 1371 94 19 medeltal
340 1374 22 16 är
384 1372 63 18 under
469 1372 28 18 tio
520 1377 43 13 men
583 1371 55 19 öfver
654 1370 38 20 fem
707 1376 95 19 personer
816 1370 27 25 pä

84 1399 203 24 gvadratkilometern
303 1401 53 22 land,
372 1400 37 19 bör
424 1401 34 18 det
473 1400 65 20 finnas
554 1401 59 19 minst
629 1406 23 13 en
669 1401 60 23 högre
744 1399 99 20 folkskola

83 1428 31 19 för
136 1428 68 24 hvarje
228 1429 218 19 ettusentvähundratal
468 1429 103 23 invånare,
595 1429 37 19 och
655 1429 7 18 i
682 1429 25 19 de
722 1429 121 23 kommuner,

82 1456 80 20 hvarest
178 1457 132 20 folktätheten
325 1457 26 24 pä
367 1457 202 24 gvadratkilometern
590 1457 47 20 land
653 1460 23 16 är
690 1459 52 18 ännu
757 1457 83 26 mindre,

82 1485 38 19 bör
135 1485 61 20 finnas
210 1487 60 18 minst
282 1491 24 14 en
317 1486 60 23 högre
388 1485 101 20 folkskola
499 1485 32 21 för
541 1487 67 23 hvarje
619 1485 221 20 ettusensexhundratal

149 1523 105 19 Allmänna
268 1524 166 18 Besvärsuiskotteis
447 1524 111 18 betänkande
570 1524 38 18 N:o
621 1524 33 18 20.
