1070 1795
230 139 28 20 48
399 137 262 24 Motionsbetänkande
677 138 44 22 N:o
736 137 24 22 3.

202 207 108 28 manhang
325 207 33 21 till
373 206 131 29 behandling
518 209 113 26 upptagas.
660 205 103 22 Rörande
784 204 178 22 barnaundervis-

203 241 81 28 ningen
305 241 58 21 inom
386 241 26 21 de
428 240 197 29 grekisk-katolska
645 240 180 27 församlingarna
846 238 117 22 innehåller

203 275 29 21 K.
247 275 165 28 Förordningen
428 275 23 21 af
465 275 43 21 den
524 276 12 20 5
551 282 56 14 mars
624 275 56 21 1883
692 276 97 19 närmare
800 273 163 28 bestämningar.

274 309 53 22 Med
343 309 119 22 beaktande
485 309 23 21 af
523 309 41 21 alla
587 309 63 21 dessa
673 308 184 27 omständigheter
871 307 38 21 har
922 307 42 22 Ut-

204 343 82 22 skottet
307 344 49 21 icke
378 347 70 18 ansett
471 344 33 27 sig
527 343 52 21 böra
602 343 85 28 afgifva
702 343 68 28 något
784 342 80 28 förslag
879 341 32 21 till
926 341 38 22 all-

204 379 78 20 männä
304 378 134 28 stadganden
461 377 90 22 rörande
567 378 58 27 lägre
641 377 127 21 folkskolor.
799 376 35 21 Då
849 376 37 21 det
901 376 63 21 emel-

204 412 64 22 lertid
292 414 18 27 ej
334 420 52 14 vore
408 413 134 27 konseqvent
565 415 32 18 att
619 411 49 22 med
691 411 89 29 tystnad
795 411 85 28 förbigå
895 410 69 22 denna

207 454 71 21 grupp
294 447 23 21 af
332 447 78 26 skolor,
420 447 38 20 har
473 446 113 22 Utskottet
601 447 73 20 funnit
688 447 34 26 sig
738 446 51 21 böra
804 447 7 19 i
827 445 138 28 lagförslaget

205 481 70 21 införa
291 489 26 13 en
333 481 63 21 enkel
410 481 129 27 hänvisning
553 481 32 20 till
597 480 100 28 gällande
710 479 168 28 förordningar
870 475 13 38 i
889 481 75 20 ämnet.

276 641 35 21 Då
326 641 41 20 den
383 641 107 28 skolpligt,
505 648 46 13 som
567 640 113 22 Utskottet
694 640 89 21 härmed
799 640 103 26 förordar,
917 640 48 21 icke

206 675 86 21 komme
303 678 31 18 att
345 675 84 28 påkalla
440 675 131 21 omedelbart
581 675 121 21 inrättande
714 675 24 20 af
746 674 135 29 synnerligen
890 674 75 28 många

207 717 41 20 nya
264 709 79 26 skolor,
358 709 61 21 skola
434 709 51 21 våra
500 709 124 21 nuvarande
640 709 131 26 seminarier,
786 709 73 21 hvilka
875 709 23 20 år
911 709 54 20 1892

207 743 135 22 dimitterade
358 744 75 21 inalles
449 745 26 20 82
491 743 41 22 och
547 743 24 22 är
587 745 55 20 1893
657 744 131 21 tillsamman
804 744 26 21 96
846 743 120 21 lärarekan-

208 777 84 27 ditater,
307 778 119 28 säkerligen
442 780 56 19 ännu
513 778 72 28 någon
600 777 31 22 tid
655 778 74 21 kunna
745 777 58 22 förse
818 777 83 21 landets
917 777 49 21 sko-

207 812 33 21 lor
255 812 48 21 med
320 815 31 18 ett
365 812 124 28 tillräckligt
503 813 58 20 antal
576 813 73 20 lärare.

279 972 114 29 Utgående
408 973 48 20 från
479 973 65 21 ofvan
560 973 94 28 antydda
674 972 135 29 synpunkter
824 972 39 21 har
877 972 90 21 Utskot-

208 1009 31 18 tet
254 1006 29 29 på
298 1007 66 21 basen
380 1007 23 21 af
417 1007 140 21 förevarande
573 1007 176 27 motionsförslag
763 1007 108 20 utarbetat
881 1009 31 18 ett
921 1009 47 26 nytt

208 1040 82 29 förslag
305 1041 32 20 till
352 1041 127 28 författning
494 1041 89 21 rörande
599 1041 57 21 skol-
672 1041 41 21 och
729 1041 106 28 läropligt.

278 1075 156 28 Paragraferna
450 1077 54 20 1—6
520 1077 7 20 i
549 1075 104 28 förslaget
669 1075 98 22 erfordra
788 1075 128 28 näppeligen
931 1075 38 21 nå-

208 1117 43 20 gon
266 1110 125 28 förklaring.
421 1110 12 21 I
448 1111 26 26 $8
488 1111 68 20 7—11
573 1111 48 27 ingå
638 1110 28 21 de
682 1111 108 20 allmänna
805 1109 164 28 bestämningar,

208 1144 75 21 hvilka
298 1144 74 29 hvarje
388 1145 59 20 såväl
461 1144 70 21 stads-
547 1152 45 13 som
608 1145 173 25 landskommun,
792 1144 34 21 för
836 1144 24 21 så
870 1144 47 21 vidt
927 1144 41 21 den

209 1178 89 21 beslutit
313 1179 28 28 på
356 1180 38 19 sitt
409 1179 86 20 område
510 1179 71 20 införa
595 1179 106 28 läropligt,
715 1186 52 14 vore
779 1178 85 29 skyldig
873 1181 32 18 att
915 1179 54 20 iakt-

208 1216 57 24 taga.
296 1213 137 28 Detaljerade
450 1213 157 28 bestämningar
629 1213 91 21 rörande
738 1212 122 22 skolåldern
876 1213 39 20 har
931 1212 38 22 Ut-

209 1247 82 21 skottet
307 1248 18 27 ej
341 1247 59 21 velat
414 1247 88 28 inrycka
517 1248 7 19 i
539 1248 38 20 sitt
592 1247 87 28 förslag.
704 1247 66 22 Såväl
782 1247 131 28 kyrkolagen
924 1254 45 14 som

209 1281 264 28 folkskoleförordningen
496 1281 107 21 innehålla
625 1281 135 28 stadganden
784 1281 79 26 härom,
879 1281 40 21 och
934 1281 37 21 det

209 1323 65 20 synes
291 1315 109 22 dessutom
416 1323 50 13 vara
481 1315 102 28 önskligt,
603 1318 32 19 att
650 1315 131 22 affattandet
795 1315 24 21 af
834 1315 79 21 sådana
928 1315 42 21 till-

209 1350 229 27 läggsbestämningar,
460 1358 45 13 som
529 1350 128 21 härutinnan
680 1350 74 21 kunna
771 1350 114 26 erfordras,
900 1350 71 20 öfver-

210 1384 82 21 lemnas
308 1384 22 21 åt
345 1384 152 21 kommunerna
513 1384 82 29 själfva.
621 1384 76 21 Såsom
713 1384 258 28 tillrättavisningsmedel

210 1421 45 18 mot
270 1419 132 20 tredskande
424 1419 37 20 har
477 1419 112 21 Utskottet
612 1419 77 21 endast
704 1419 60 21 velat
786 1419 33 20 till
834 1418 138 29 användning

210 1454 82 20 föreslå
315 1455 84 19 enskild
415 1455 40 19 och
478 1455 97 26 ottentlig
589 1455 91 26 varning
702 1455 115 20 äfvensom
832 1455 139 20 kommunens

282 1493 103 17 Allmänna
397 1493 168 18 Besvärsutskottets
579 1493 110 18 betänkande
701 1493 39 18 N:o
753 1493 32 17 20.
