1070 1795
281 151 278 23 Petitionsbetänkande
574 151 43 22 N:o
632 150 40 23 22.
812 151 13 20 3

99 221 125 24 hvarigenom
247 221 159 24 löneförböjning
428 221 26 24 på
475 221 68 24 längre
558 221 49 19 eller
621 221 81 19 kortare
718 221 29 19 tid
762 220 93 24 förloras,

99 256 43 13 men
158 250 38 19 den
211 250 97 19 tilltalade
323 249 31 20 får
368 250 44 20 icke
428 249 78 20 tillfälle
522 251 29 18 att
566 249 90 20 försvara
666 250 30 23 sig
705 249 53 19 inför
768 249 86 20 Senaten

99 278 37 20 och
158 279 113 24 därigenom
293 278 62 24 gifves
377 279 72 19 honom
471 277 107 25 anledning
592 278 30 19 till
638 278 37 19 den
691 277 110 23 förmodan,
824 275 31 22 att

99 307 45 20 icke
159 307 39 20 alla
214 307 141 20 förmildrande
371 307 168 24 omständigheter
548 306 65 20 blifvit
628 310 59 20 tagna
697 306 7 19 i
714 306 139 21 betraktande.

168 336 31 19 Då
219 336 22 19 så
262 335 94 20 förhåller
376 337 36 22 sig,
435 338 23 17 är
477 336 6 19 i
499 335 70 24 sjelfva
584 335 69 20 verket
668 335 107 24 varningen
793 335 61 24 enligt

99 364 165 24 skolordningens
286 365 112 19 nuvarande
414 365 147 19 bestämmelser
576 370 24 13 en
615 364 178 25 bestraffningsart,
816 364 37 19 och

99 393 34 19 det
152 395 23 18 är
197 393 77 20 således
297 393 43 20 fullt
361 393 130 25 konseqvent,
513 395 30 18 att
560 399 45 13 man
620 392 56 20 äfven
693 392 56 20 öfver
763 392 90 20 tilldelad

98 423 82 22 varning
196 422 85 19 erhåller
296 424 40 18 rätt
350 424 30 18 att
400 422 83 20 besvära
499 422 30 24 sig
543 422 36 19 hos
594 422 60 22 högre
670 422 82 19 instans.
783 422 71 19 Denna

98 452 42 18 rätt
155 456 33 14 var
204 450 38 20 ock
258 451 76 19 lärarne
350 450 110 25 medgifven
477 451 7 18 i
500 450 55 19 1856
571 450 32 19 års
618 450 109 24 Gymnasii-
744 450 36 19 och
796 450 57 19 Skol-

99 479 91 24 ordning.
215 479 77 20 Samma
306 481 41 17 rätt
361 481 29 18 att
406 479 71 20 anföra
491 479 71 20 besvär
577 479 56 19 öfver
648 479 55 19 såväl
718 479 78 19 enskild
811 484 42 14 som

99 507 88 24 offentlig
202 508 83 23 varning
300 513 36 19 ega
351 511 77 21 prester
444 508 36 19 och
496 507 153 25 kyrkobetjente
665 508 38 19 enl.
719 507 24 26 $$
760 507 40 19 126
816 508 37 19 och

97 535 43 20 415
162 537 7 18 i
192 536 92 25 gällande
305 537 109 24 Kyrkolag.
444 537 24 19 Vi
490 536 58 20 hafva
571 537 16 23 ej
608 537 62 19 heller
684 537 45 19 hört
744 537 35 18 det
793 535 60 20 Dom-

97 565 89 24 kapitlen
209 565 63 20 skulle
296 568 64 17 ansett
381 565 56 20 detta
452 565 123 20 förhällande
591 565 45 20 leda
650 565 31 20 till
696 565 62 24 några
773 565 80 24 olägen-

97 594 63 19 heter.

167 623 35 19 Att
216 623 118 26 rättigheten
350 625 29 17 att
394 622 70 20 anföra
480 623 71 19 besvär
565 623 44 19 icke
627 623 101 19 försvårar
743 623 110 20 ärendenas

98 651 58 24 gång,
172 654 22 17 är
210 652 36 19 ock
262 651 41 20 helt
317 651 101 24 naturligt.
442 647 157 29 Öfverstyrelsen
610 657 46 18 eger
665 651 97 24 nämligen
773 653 41 17 rätt
824 653 30 19 att

97 680 78 19 tilldela
197 681 30 18 sin
242 681 81 22 varning
341 684 69 20 genast
426 680 51 19 efter
492 681 34 19 det
541 680 147 24 undersökning
704 684 32 19 egt
751 686 49 18 rum,
816 681 37 19 och

97 711 24 17 är
135 709 45 19 icke
203 709 77 24 skyldig
302 711 29 17 att
354 709 124 19 underställa
493 709 34 20 sitt
542 709 65 24 utslag
623 709 116 20 Hofrättens
755 708 98 26 pröfning.

97 737 45 20 Den
164 737 97 20 tilltalade
284 737 61 24 gifves
368 737 84 20 sålunda
466 738 6 19 i
488 737 70 25 själfva
574 737 68 20 verket
657 737 77 20 tillfälle
750 740 30 17 att
795 738 58 25 vädja

97 766 31 19 till
151 765 105 20 Hofrätten
278 767 71 18 endast
370 767 123 19 beträffande
511 767 117 24 varningens
644 767 78 24 följder.
752 767 35 19 Om
803 767 50 20 Hof-

98 796 65 17 rätten
178 794 70 25 finner,
264 795 34 19 det
313 795 42 20 skäl
371 795 30 19 till
416 796 107 23 varningen
539 796 44 19 icke
599 795 103 24 förelegat,
722 799 23 16 är
760 796 38 19 den
814 797 38 18 till-

97 823 67 20 talade
186 824 44 19 icke
253 823 78 25 skyldig
346 825 30 18 att
390 827 71 16 nämna
477 825 112 19 densamma
604 825 5 18 i
625 825 30 18 sin
671 825 182 24 meritförteckning

98 852 37 19 och
158 852 95 20 behöfver
276 853 17 23 ej
315 853 63 19 heller
400 853 25 24 gå
448 854 56 19 miste
527 859 31 13 om
581 853 34 19 sitt
635 853 172 20 arvodestillskott
822 852 32 21 för

97 881 68 23 längre
181 881 49 19 eller
245 881 81 19 kortare
341 882 35 19 tid.

167 909 30 20 Då
213 910 47 19 våra
275 911 74 18 valmän
366 911 25 24 på
407 911 62 24 några
483 914 54 16 orter
553 913 106 22 uppmanat
676 916 32 14 oss
724 913 30 18 att
768 911 86 19 inlämna

97 940 30 17 ett
141 939 195 23 petitionsmemorial
351 940 6 18 i
373 939 77 24 frågan,
469 940 49 23 våga
533 940 18 19 vi
567 939 25 25 på
607 940 63 23 grund
686 939 21 20 af
720 939 58 20 ofvan
794 939 58 20 fram-

97 966 73 20 ställda
185 967 122 25 synpunkter
322 968 100 19 vördsamt
437 969 80 22 föreslå,

371 1020 34 19 att
426 1021 15 24 $
468 1020 29 20 77
510 1019 11 21 i
534 1018 89 29 Nådiga
639 1018 174 29 Skolordningen
828 1020 25 26 af

303 1047 41 21 den
361 1048 15 21 8
390 1047 92 28 augusti
496 1048 63 21 1872
573 1047 67 22 mätte
654 1048 83 21 ändras
752 1047 10 21 i
773 1047 82 22 sädant

302 1076 57 28 syfte
374 1077 34 20 att
424 1076 34 21 uti
475 1077 44 27 alla
533 1077 25 20 de
573 1076 46 21 mäl
633 1077 16 27 $
667 1077 29 20 76
712 1076 142 28 omförmäler

304 1104 96 28 ändring
422 1105 11 20 i
451 1105 183 28 Ofverstyrelsens
648 1105 37 28 för
701 1105 154 21 Skolväsendet

303 1133 73 28 utslag
395 1133 39 21 mä
456 1133 78 22 kunna
555 1134 62 21 sökas
639 1134 10 20 i
670 1133 42 22 den
729 1133 95 28 ordning
839 1133 16 28 $

307 1163 29 19 77
349 1163 106 20 närmare
470 1162 107 28 angifver,

98 1213 37 20 och
152 1213 19 19 fä
186 1214 18 18 vi
220 1213 66 20 tillika
301 1215 101 18 vördsamt
416 1214 87 23 anhälla,
522 1215 34 19 det
571 1215 45 19 ville
631 1215 128 24 Högvördiga
775 1215 78 19 Preste-

97 1241 81 20 ständet
193 1242 77 20 skänka
286 1243 54 19 detta
354 1243 199 24 petitionsmemoria!
569 1244 36 19 sitt
620 1244 107 19 understöd
743 1249 69 18 genom
825 1246 29 17 att

97 1271 103 19 remittera
215 1271 107 20 detsamma
337 1271 31 19 till
383 1271 134 26 vederbörligt
533 1272 82 20 utskott.

166 1322 124 25 Helsingfors
306 1323 36 19 den
359 1322 13 20 9
388 1323 87 20 februari
492 1323 63 21 1894.

166 1389 31 24 H.
212 1390 131 23 Melander.
585 1391 61 24 Alfr.
661 1392 124 23 Kihlman.

166 1441 28 24 E.
210 1441 28 24 6.
254 1442 110 23 Palmén.
389 1437 14 39 —
410 1443 26 23 0.
453 1443 108 24 Donner.
602 1443 27 24 E.
645 1444 138 23 Bonsdorff.

166 1499 104 19 Allmänna
281 1500 170 19 Besvärsutskottets
463 1501 110 18 betänkande
585 1501 37 18 N:o
634 1501 29 18 12.
