1070 1795
307 139 230 21 Petitionsbetänkande
553 139 34 21 N:o
603 139 20 21 2.
784 140 28 21 65

287 198 32 19 att
342 196 69 27 nådig
432 196 144 27 proposition
599 203 35 14 om
650 196 111 27 byggande
777 197 63 27 längs

220 225 68 26 sagda
303 225 88 20 sträcka
406 225 30 27 af
447 232 28 13 en
485 225 98 27 jernväg
598 225 69 27 enligt
682 225 34 20 det
727 225 36 27 för
771 227 67 19 stats-

214 253 154 27 jernvägarna
386 253 118 27 godkända
521 253 109 28 billigaste
646 253 194 28 byggnadssystem

219 281 68 21 måtte
302 280 125 29 föreläggas
444 282 135 27 Ständerna,
595 282 25 21 så
635 284 65 19 snart
710 282 128 21 kommuni-

221 310 183 27 kationsfondens
421 311 122 27 tillgångar
558 311 35 20 det
607 311 118 27 medgifva.

150 372 117 23 Helsingfors
281 372 35 18 den
328 373 11 17 6
351 373 93 18 Februari
457 373 50 18 1894.

650 437 19 20 A.
689 437 67 21 Lilius.

149 594 156 25 (Öfversättning)

438 626 41 17 30.

262 683 45 18 Till
321 683 150 18 Hedervärda
483 683 176 18 Bondeständet.

150 741 29 17 Då
198 740 106 18 Ständerna
318 741 30 17 vid
362 741 45 17 1882
420 741 31 17 års
464 741 91 22 landtdag
568 741 72 17 beslöto
653 741 106 22 byggandet
771 740 20 18 af
803 741 35 17 den

81 767 155 21 Österbottniska
247 769 60 18 banan
320 775 66 16 genom
399 769 144 18 kusttrakterna
555 769 30 18 till
595 769 98 23 Uleåborg,
702 769 36 18 och
746 769 23 18 de
776 769 63 18 hvilka

81 798 103 18 omfattade
203 798 36 18 den
255 798 53 23 äsigt,
321 800 27 15 att
357 799 104 22 jernvägen
474 798 29 17 till
517 798 95 22 Uleåborg
624 798 57 17 borde
694 798 67 22 dragas
773 803 66 17 genom

81 827 33 18 det
132 827 41 18 inre
192 827 64 17 landet
274 827 35 17 och
330 827 95 21 Savolaks,
438 827 92 17 stannade
543 827 6 16 i
562 827 126 21 minoriteten,
702 827 63 22 hystes
777 827 7 17 i
797 826 42 18 vida

82 856 74 18 kretsar
169 855 158 23 fortsättningsvis
340 855 36 18 den
389 855 129 23 uppfattning,
531 857 26 16 att
571 855 60 18 banan
644 855 29 17 till
681 855 94 23 Uleåborg
783 857 56 16 rätte-

81 885 51 22 ligen
156 885 48 17 hade
224 884 55 18 bordt
296 884 52 18 ledas
366 889 68 18 genom
447 884 105 22 upplandet
564 884 35 17 och
611 884 73 23 Kuopio
697 884 30 17 till
740 884 100 18 Uleäträsk

81 914 37 17 och
131 913 83 18 derifrän
227 913 30 17 till
271 913 92 22 Uleäborg
377 913 98 22 längsmed
488 913 23 18 de
524 913 62 22 gamla
598 912 132 18 trafiklederna
743 913 34 17 och
788 913 52 22 inga-

82 942 57 17 lunda
157 947 66 17 genom
242 941 90 18 Botniska
344 941 66 18 vikens
423 941 122 21 kusttrakter,
559 941 34 18 der
605 941 60 18 banan
678 941 24 22 pä
714 941 46 18 flere
773 941 66 18 ställen

82 971 44 17 skär
150 970 66 23 gamla,
235 969 60 19 under
315 970 55 23 långa
389 970 50 17 tider
452 970 59 22 följda
523 969 118 23 trafikvägar.
666 970 67 17 Denna
745 971 48 21 äsigt
806 970 34 17 har

83 999 109 18 sedermera
210 999 48 18 visat
276 999 28 22 sig
319 1004 44 12 vara
376 999 36 18 den
426 999 76 22 riktiga,
515 1001 46 15 enär
573 995 151 21 Österbottniska
736 999 104 17 kustbanan

82 1028 42 17 icke
143 1028 72 17 kunnat
234 1027 62 23 uppnä
314 1032 70 13 samma
398 1027 120 18 rentabilitet
531 1032 39 13 som
584 1027 36 18 den
632 1027 107 18 nuvarande
752 1028 88 17 Savolaks

82 1057 68 17 banan.
174 1057 42 17 Den
229 1053 150 21 Österbottniska
390 1056 118 17 kustbanans
521 1056 76 17 tillvaro
609 1056 37 17 kan
660 1056 47 17 dock
719 1056 42 17 icke
775 1058 66 21 utgöra

83 1085 68 18 hinder
163 1085 29 18 för
205 1087 27 16 att
244 1085 65 22 frågan
322 1090 29 12 om
364 1091 24 12 en
400 1085 156 22 inlandsjernväg
567 1090 67 17 genom
648 1085 88 18 Savolaks
745 1085 29 17 till
785 1085 55 18 Uleå-

83 1115 46 22 borg
137 1115 40 17 åter
190 1116 52 21 tagas
255 1114 28 17 till
296 1114 40 17 tals.
361 1114 29 17 Nu
398 1113 59 18 borde
464 1114 42 17 icke
519 1113 61 18 heller
592 1114 182 22 österbottningarna
786 1113 55 18 hafva

82 1143 58 22 något
152 1145 27 15 att
190 1142 82 18 invända
284 1145 50 15 emot
346 1145 27 15 ett
386 1143 68 17 sådant
467 1142 78 23 företag,
558 1144 45 15 utan
615 1142 57 18 borde
686 1142 22 18 de
721 1142 30 18 väl
758 1147 44 13 anse
809 1142 32 18 det

82 1172 62 17 såsom
162 1172 30 17 sin
210 1171 52 22 pligt,
282 1173 27 15 att
327 1171 77 18 omfatta
422 1171 91 22 förslaget
529 1171 34 17 och
577 1171 100 18 medverka
688 1171 29 17 till
730 1171 43 18 dess
786 1171 55 18 reali-

82 1200 85 18 serande.

152 1229 28 17 Då
190 1229 34 22 jag
237 1229 56 22 vågar
305 1228 56 22 bedja
374 1230 26 15 att
413 1227 19 18 få
445 1228 56 17 länka
513 1227 115 19 Ständernas
640 1227 165 24 uppmärksamhet
817 1229 23 21 på

83 1258 43 17 mitt
150 1257 161 23 petitionsförslag
335 1262 29 12 om
383 1257 145 22 undersökning
546 1256 21 18 af
583 1262 24 12 en
618 1263 24 16 ny
653 1257 133 22 jernvägslinje
799 1257 42 17 från

83 1287 61 22 någon
156 1286 60 23 punkt
229 1285 30 18 vid
272 1285 88 18 Savolaks
368 1285 62 18 banan
437 1287 66 16 norrut
509 1291 68 17 genom
585 1285 100 18 Idensalmi
691 1285 29 18 till
727 1286 72 22 Kajana
806 1286 35 17 och

83 1314 84 19 derifrån
181 1319 45 13 norr
239 1319 29 12 om
282 1314 100 18 Uleåträsk
394 1314 31 17 till
438 1314 65 21 Vaala,
516 1314 96 17 hvarifrån
626 1314 36 18 den
674 1314 62 18 skulle
745 1314 96 18 fortsättas

83 1343 30 17 till
138 1343 99 22 Uleåborg,
262 1343 20 17 så
300 1345 34 19 gör
350 1343 33 21 jag
402 1343 32 17 det
453 1342 42 18 med
514 1343 37 17 den
564 1343 48 17 fasta
624 1342 129 23 öfvervygelse,
765 1345 28 15 att
805 1343 36 17 alla

82 1372 97 23 opartiska
203 1371 101 23 granskare
323 1370 58 18 redan
399 1371 32 17 vid
450 1371 59 18 första
528 1371 91 23 ögonkast
637 1371 52 17 skola
701 1370 55 23 finna,
769 1373 27 15 att
807 1371 34 18 här

83 1401 62 22 gäller
156 1401 73 17 trakter
241 1400 34 17 och
289 1399 137 22 förhållanden,
439 1400 69 22 hvilka,
521 1400 59 18 sedan
593 1400 89 18 arbetena
694 1400 84 18 slutförts
791 1401 11 16 &
818 1400 23 18 de

82 1430 31 17 till
137 1429 85 23 byggnad
236 1429 85 18 beslutna
333 1429 202 23 bansträckningarna,
548 1429 6 17 i
568 1429 76 18 främsta
660 1431 79 15 rummet
755 1429 47 17 böra
814 1431 27 16 ta-

83 1463 33 18 gas
140 1459 7 16 i
165 1457 130 22 betraktande,
313 1457 23 18 då
354 1457 117 23 anläggning
483 1457 20 18 af
513 1463 37 18 nya
562 1457 58 18 banor
632 1457 148 23 ifrågakommer.
804 1457 37 18 Vid

153 1497 203 19 Petitionsbetänkande
370 1497 37 18 N:o
420 1498 17 17 2.
761 1499 10 16 5
