1070 1795
244 135 12 20 2
400 134 279 23 Petitionsbetänkande
694 135 45 22 N:o
755 135 37 22 19.

214 203 22 20 af
260 205 51 18 dem.
342 204 46 19 Men
415 205 23 19 de
463 205 78 19 komma
567 205 7 19 i
602 205 38 19 alla
671 205 106 19 händelser
804 205 38 19 den
867 204 110 20 teoretiska

214 233 58 19 sidan
296 232 21 21 af
338 233 61 19 saken
422 233 31 19 till
475 233 58 24 godo.
564 233 44 20 Den
624 233 104 24 praktiska
743 233 168 24 undervisningen
926 239 50 18 upp-

214 261 78 25 bjelpes
315 263 18 22 ej
356 261 79 24 mycket
457 267 70 18 genom
550 262 50 19 dem.
630 262 37 19 Att
688 264 91 22 uppgöra
801 261 110 20 teoretiska
930 267 45 19 pro-

213 295 56 19 gram
300 293 21 16 är
352 292 35 23 ett,
417 292 30 17 att
468 290 7 19 i
498 290 107 25 praktiken
635 291 122 24 förverkliga
787 291 44 19 dem
856 293 29 17 ett
909 292 67 18 annat.

213 319 80 20 Ytterst
319 319 63 19 sällan
409 319 58 19 hafva
482 319 71 19 herrar
578 319 224 24 distriktsinspektorer
827 319 93 24 företagit
946 319 29 24 sig

213 350 31 17 att
266 347 54 20 hålla
340 347 196 25 profföreläsningar,
559 348 32 19 vid
613 347 68 20 hvilka
704 348 113 19 distriktets
839 348 66 19 lärare
924 347 51 24 finge

214 382 28 19 se,
258 376 52 19 huru
325 377 166 23 undervisningen
502 377 6 18 i
521 376 114 19 folkskolan
651 377 66 18 kunde
733 376 101 20 bedrifvas
850 377 26 23 på
891 378 28 17 ett
934 376 40 19 för-

214 405 99 24 delaktigt
336 407 46 17 sätt.
413 405 41 19 Och
477 410 30 14 om
531 405 25 19 de
579 404 58 20 äfven
653 405 64 19 skulle
734 405 53 20 hålla
803 405 74 19 sådana
892 405 82 19 föreläs-

214 434 71 23 ningar
307 434 62 18 under
391 439 23 13 en
439 434 50 18 eller
511 434 33 19 två
567 434 83 23 timmar,
674 434 22 19 så
712 434 64 19 skulle
793 434 54 19 detta
863 436 52 17 ännu
930 434 44 19 icke

214 462 68 24 bjelpa
305 461 55 24 långt
382 462 25 23 på
422 461 279 25 folkskoleundervisningens
716 462 161 24 mångbuktande
893 464 41 21 väg.
965 462 10 19 I

214 490 270 20 folkskollärareseminariet
509 490 75 20 erhålla
605 496 38 19 nog
664 491 215 19 lärarekandidaterna
894 490 81 25 ledning

214 520 34 19 vid
270 519 104 24 praktiska
398 519 97 24 öfningar.
526 519 47 19 Men
596 519 36 20 allt
648 520 54 19 detta
718 522 22 17 är
756 520 18 23 ej
791 519 122 23 tillräckligt.
943 518 31 19 Då

215 549 80 18 läraren
318 548 68 24 börjar
408 548 30 19 sin
454 548 125 19 verksamhet
595 548 36 19 och
646 548 40 20 haa
701 549 52 18 skall
769 548 50 19 fatta
835 548 103 23 ledningen
954 547 22 19 af

214 583 25 13 en
262 577 107 24 fyrklassig
391 576 106 25 folkskola,
520 577 23 19 så
565 582 38 18 nog
626 576 30 20 får
671 577 37 19 han
725 577 85 19 fundera
825 577 33 24 på,
874 577 49 18 huru
938 575 36 20 allt

214 606 57 19 detta
294 605 51 20 skall
367 605 62 24 tillgå.
459 605 70 24 Någon
553 611 64 13 annan
640 607 60 22 utväg
720 605 65 20 finnes
800 606 26 23 ej,
842 607 24 18 än
882 607 29 17 att
925 604 49 19 hvar

216 633 38 20 och
270 639 24 14 en
309 633 83 25 pröfvar
406 634 51 19 hvad
473 639 42 14 som
530 636 23 17 är
567 633 53 21 bäst.
645 633 47 20 Man
709 634 31 19 må
756 639 61 19 gerna
832 632 98 25 medgifva
944 635 29 17 att

214 663 72 20 herrar
309 663 218 24 distriktsinspektorer
549 668 39 19 nog
603 662 52 24 gifva
670 663 107 24 hugneliga
800 662 43 23 råd,
858 668 43 13 men
916 662 58 19 dessa

214 691 60 20 hafva
290 693 17 22 ej
323 697 74 14 samma
412 691 67 23 värde,
495 697 42 13 som
553 697 31 13 om
599 691 78 19 läraren
692 692 46 19 med
754 697 50 18 egna
819 693 52 22 ögon
886 690 50 24 finge
952 695 21 14 se

215 720 37 19 och
269 720 44 19 med
328 725 50 18 egna
394 721 49 18 öron
459 719 50 20 höra
524 719 32 20 för
571 721 30 18 att
616 721 60 18 sedan
693 719 47 25 själf
755 720 20 19 af
791 720 24 19 de
825 719 70 24 gjorda
906 719 68 19 obser-

214 749 118 19 vationerna
347 749 54 18 bilda
417 754 23 13 en
453 748 116 24 fullständig
579 749 206 24 undervisningsplan.
808 747 35 20 Ett
853 748 71 19 sådant
934 747 39 20 för-

214 777 84 20 farande
320 777 98 19 förfäktas
442 776 27 25 på
491 777 40 19 alla
553 777 63 19 andra
635 777 101 20 områden.
768 777 42 19 Och
832 782 31 14 om
879 777 61 18 saken
956 776 17 24 ej

215 806 65 19 skulle
296 805 86 20 förhålla
398 806 29 23 sig
437 806 28 23 så,
480 805 81 20 hvarför
577 805 63 20 skulle
648 806 25 19 då
681 806 37 19 alls
730 805 63 24 gifvas
806 804 168 25 resestipendier?

215 835 37 19 Om
272 834 140 25 någonstädes,
435 835 22 18 så
472 837 23 16 är
511 835 34 18 det
559 835 26 24 på
600 834 124 20 folkskolans
742 834 81 20 område
839 839 41 14 som
896 834 78 19 läraren

214 865 37 22 gör
274 863 77 19 skolan.
382 862 32 20 Då
435 863 38 19 han
497 863 70 24 riktigt
589 863 31 20 får
642 863 85 19 stelna
719 858 14 35 i
744 863 44 19 sina
803 868 51 19 egna
869 867 68 20 vanor,
952 862 22 19 så

214 892 78 19 lemnar
306 891 38 20 han
360 892 44 19 dem
420 892 24 24 ej.
475 891 35 19 Ett
525 892 71 19 sådant
612 892 103 19 stelnande
732 894 23 17 är
770 891 62 24 enligt
846 891 40 19 min
897 891 77 23 mening

215 927 25 13 en
263 920 87 24 naturlig
372 920 49 24 följd
442 920 21 19 af
485 921 36 18 den
545 921 99 23 ställning,
660 921 6 18 i
682 920 80 20 hvilken
786 920 71 19 nämda
872 919 103 20 lärarekår

215 949 53 20 ända
283 949 71 19 hittills
370 949 73 23 hållits.
463 949 48 19 Man
527 949 36 19 har
578 949 62 19 redan
655 949 46 19 hört
716 949 75 19 uttalas
807 949 75 18 sådana
893 948 81 24 åsikter,

215 983 43 14 som
281 980 30 17 att
333 978 38 19 den
394 978 69 25 gamla,
480 979 79 18 utnötta
574 977 128 20 lärarekåren
718 978 27 23 på
761 977 64 24 grund
841 977 20 19 af
875 977 30 19 sin
921 976 53 19 oför-

215 1007 58 23 måga
295 1006 62 19 borde
380 1006 69 24 skiljas
471 1005 43 20 från
530 1006 91 24 tjensten.
652 1007 8 18 I
676 1007 57 18 detta
748 1006 35 19 fall
799 1006 63 19 borde
877 1005 24 20 de
916 1005 59 20 hafva

215 1035 97 24 rättighet
334 1037 30 17 att
378 1034 20 20 få
413 1035 36 19 full
464 1035 90 25 pension,
571 1040 72 14 annars
659 1035 57 19 torde
733 1035 34 18 det
784 1035 17 24 ej
818 1035 24 23 gå
857 1034 31 19 för
903 1034 35 25 sig,
954 1035 21 23 ty

215 1064 81 20 läraren
318 1063 36 20 har
368 1064 22 23 ju
405 1069 70 18 genom
490 1063 93 20 fullmakt
597 1064 72 19 insatts
684 1064 7 18 i
708 1064 89 19 ämbetet
812 1063 36 19 och
865 1062 50 20 först
930 1063 45 18 där-

214 1093 52 19 efter
288 1092 63 19 under
373 1093 30 18 sin
426 1092 198 24 tjensteverksamhet
647 1092 90 25 utslitits,
762 1092 22 19 så
806 1093 31 18 att
857 1091 38 19 han
911 1091 65 19 blifvit

214 1121 115 23 oförmögen
352 1124 28 16 att
404 1121 58 19 sköta
485 1121 92 23 tjensten.
608 1121 46 19 Men
677 1126 31 14 om
723 1121 81 19 läraren
821 1121 109 22 berättigas
946 1120 29 19 till

214 1151 86 24 pension
322 1149 69 20 därför
413 1151 30 18 att
464 1149 39 19 han
526 1149 66 20 blifvit
610 1149 31 20 för
663 1149 59 24 tidigt
737 1149 114 25 utarbetad,
867 1148 69 19 blifver
952 1153 23 14 en

215 1179 63 19 sådan
302 1178 104 23 utslitning
426 1178 67 19 alltför
515 1179 36 23 dyr
573 1178 32 19 för
620 1180 72 17 staten.
722 1173 18 24 Å
757 1178 63 19 andra
843 1178 55 18 sidan
914 1177 62 19 mäste

214 1207 110 24 medgifvas
340 1209 30 17 att
386 1213 23 12 en
424 1207 79 24 mycket
511 1207 105 19 utarbetad
627 1207 65 19 lärare
704 1209 23 17 är
739 1207 29 18 till
781 1206 64 19 skada
859 1205 30 20 för
900 1205 77 20 skolan.

215 1236 43 19 Där
279 1235 96 20 behöfvas
398 1235 123 24 spänstighet
544 1236 37 19 och
603 1236 114 19 entusiasm.
749 1235 36 20 Om
809 1235 20 19 ät
849 1235 78 18 läraren
943 1234 34 19 be-

215 1265 74 19 reddes
305 1264 79 19 tillfälle
400 1265 29 18 att
444 1264 115 19 auskultera
575 1264 31 19 vid
622 1265 62 18 aodra
700 1264 76 25 skolor,
787 1263 64 20 skulle
864 1263 113 23 därigenom

215 1293 82 25 mycket
318 1293 76 20 vinnas.
424 1293 47 18 Med
493 1298 26 19 ny
541 1292 52 20 ifver
616 1293 35 19 och
674 1292 133 25 uppfriskade
823 1291 75 20 krafter
914 1291 63 20 skulle

216 1322 40 20 han
279 1321 43 20 åter
345 1324 45 21 taga
413 1321 46 24 ihop
483 1321 44 19 med
548 1322 35 18 sitt
605 1321 75 19 arbete.
710 1317 66 23 Äfven
793 1321 38 19 den
847 1320 131 23 folkskola,
965 1313 15 36 i

215 1350 83 20 hvilken
320 1355 24 14 en
366 1349 120 19 främmande
508 1350 65 19 lärare
596 1350 62 23 några
677 1350 62 24 dagar
755 1348 46 25 följt
816 1349 45 19 med
876 1348 101 20 undervis-

216 1379 81 25 ningen,
313 1378 64 19 skulle
388 1378 61 24 draga
461 1380 56 22 nytta
527 1378 22 20 af
557 1378 102 19 lärarenes
672 1378 182 24 öfverläggningar.
873 1377 105 20 Distrikts-

216 1408 163 24 inspektorernes
395 1407 63 19 besök
470 1409 35 18 äro
516 1407 61 24 enligt
587 1407 39 19 min
638 1407 52 19 åsikt
701 1407 18 24 ej
735 1407 2 18 i
750 1412 73 14 samma
835 1407 49 23 grad
895 1407 82 23 nyttiga.

215 1436 121 25 Inspektorn
360 1438 22 13 är
404 1436 55 17 alltid
483 1436 26 24 på
531 1437 35 17 sitt
589 1437 39 18 sätt
643 1441 23 14 en
682 1434 197 24 respektingifvande
895 1434 82 24 förman,

285 1473 102 18 Allmänna
399 1473 168 18 Besvärsutskottets
579 1472 110 20 betänkande
701 1473 37 18 N:o
751 1473 29 18 15.
