<?xml version="1.0" encoding="UTF-8"?>
<alto xmlns="http://www.loc.gov/standards/alto/ns-v3#" xmlns:xlink="http://www.w3.org/1999/xlink" xmlns:xsi="http://www.w3.org/2001/XMLSchema-instance" xsi:schemaLocation="http://www.loc.gov/standards/alto/ns-v3# http://www.loc.gov/alto/v3/alto-3-0.xsd">
	<Description>
		<MeasurementUnit>pixel</MeasurementUnit>
		<sourceImageInformation>
			<fileName>/tmp/tess_0h84g7xa_input.PNG</fileName>
		</sourceImageInformation>
		<OCRProcessing ID="OCR_0">
			<ocrProcessingStep>
				<processingSoftware>
					<softwareName>tesseract 5.3.4</softwareName>
				</processingSoftware>
			</ocrProcessingStep>
		</OCRProcessing>
	</Description>
	<Layout>
		<Page WIDTH="1070" HEIGHT="1795" PHYSICAL_IMG_NR="0" ID="page_0">
			<PrintSpace HPOS="0" VPOS="0" WIDTH="1070" HEIGHT="1795">
				<ComposedBlock ID="cblock_0" HPOS="248" VPOS="102" WIDTH="505" HEIGHT="22">
					<TextBlock ID="block_0" HPOS="248" VPOS="102" WIDTH="505" HEIGHT="22">
						<TextLine ID="line_0" HPOS="248" VPOS="102" WIDTH="505" HEIGHT="22">
							<String ID="string_0" HPOS="248" VPOS="103" WIDTH="14" HEIGHT="20" WC="0.96" CONTENT="8"/><SP WIDTH="174" VPOS="103" HPOS="262"/>
							<String ID="string_1" HPOS="436" VPOS="102" WIDTH="230" HEIGHT="22" WC="0.91" CONTENT="Petitionsbetänkande"/><SP WIDTH="16" VPOS="102" HPOS="666"/>
							<String ID="string_2" HPOS="682" VPOS="102" WIDTH="34" HEIGHT="21" WC="0.96" CONTENT="N:o"/><SP WIDTH="16" VPOS="102" HPOS="716"/>
							<String ID="string_3" HPOS="732" VPOS="102" WIDTH="21" HEIGHT="21" WC="0.96" CONTENT="2."/>
						</TextLine>
					</TextBlock>
				</ComposedBlock>
				<ComposedBlock ID="cblock_1" HPOS="356" VPOS="159" WIDTH="627" HEIGHT="256">
					<TextBlock ID="block_1" HPOS="356" VPOS="159" WIDTH="622" HEIGHT="142">
						<TextLine ID="line_1" HPOS="429" VPOS="159" WIDTH="549" HEIGHT="27">
							<String ID="string_4" HPOS="429" VPOS="159" WIDTH="22" HEIGHT="27" WC="0.85" CONTENT="2)"/><SP WIDTH="29" VPOS="159" HPOS="451"/>
							<String ID="string_5" HPOS="480" VPOS="161" WIDTH="33" HEIGHT="18" WC="0.96" CONTENT="att"/><SP WIDTH="15" VPOS="161" HPOS="513"/>
							<String ID="string_6" HPOS="528" VPOS="166" WIDTH="27" HEIGHT="14" WC="0.96" CONTENT="en"/><SP WIDTH="16" VPOS="166" HPOS="555"/>
							<String ID="string_7" HPOS="571" VPOS="159" WIDTH="135" HEIGHT="27" WC="0.96" CONTENT="fullständig"/><SP WIDTH="10" VPOS="159" HPOS="706"/>
							<String ID="string_8" HPOS="716" VPOS="159" WIDTH="85" HEIGHT="20" WC="0.96" CONTENT="teknisk"/><SP WIDTH="12" VPOS="159" HPOS="801"/>
							<String ID="string_9" HPOS="813" VPOS="159" WIDTH="165" HEIGHT="27" WC="0.96" CONTENT="undersökning"/>
						</TextLine>
						<TextLine ID="line_2" HPOS="357" VPOS="187" WIDTH="621" HEIGHT="28">
							<String ID="string_10" HPOS="357" VPOS="187" WIDTH="69" HEIGHT="22" WC="0.89" CONTENT="mätte"/><SP WIDTH="23" VPOS="187" HPOS="426"/>
							<String ID="string_11" HPOS="449" VPOS="187" WIDTH="111" HEIGHT="28" WC="0.90" CONTENT="företagas"/><SP WIDTH="22" VPOS="187" HPOS="560"/>
							<String ID="string_12" HPOS="582" VPOS="189" WIDTH="59" HEIGHT="19" WC="0.92" CONTENT="samt"/><SP WIDTH="21" VPOS="189" HPOS="641"/>
							<String ID="string_13" HPOS="662" VPOS="187" WIDTH="190" HEIGHT="28" WC="0.89" CONTENT="kostnadsförslag"/><SP WIDTH="15" VPOS="187" HPOS="852"/>
							<String ID="string_14" HPOS="867" VPOS="190" WIDTH="111" HEIGHT="25" WC="0.92" CONTENT="uppgöras"/>
						</TextLine>
						<TextLine ID="line_3" HPOS="358" VPOS="215" WIDTH="620" HEIGHT="28">
							<String ID="string_15" HPOS="358" VPOS="216" WIDTH="10" HEIGHT="21" WC="0.77" CONTENT="i"/><SP WIDTH="18" VPOS="216" HPOS="368"/>
							<String ID="string_16" HPOS="386" VPOS="216" WIDTH="40" HEIGHT="21" WC="0.93" CONTENT="och"/><SP WIDTH="15" VPOS="216" HPOS="426"/>
							<String ID="string_17" HPOS="441" VPOS="216" WIDTH="38" HEIGHT="27" WC="0.94" CONTENT="för"/><SP WIDTH="14" VPOS="216" HPOS="479"/>
							<String ID="string_18" HPOS="493" VPOS="223" WIDTH="28" HEIGHT="14" WC="0.93" CONTENT="en"/><SP WIDTH="10" VPOS="223" HPOS="521"/>
							<String ID="string_19" HPOS="531" VPOS="216" WIDTH="98" HEIGHT="27" WC="0.82" CONTENT="jernväg"/><SP WIDTH="15" VPOS="216" HPOS="629"/>
							<String ID="string_20" HPOS="644" VPOS="216" WIDTH="10" HEIGHT="21" WC="0.95" CONTENT="i"/><SP WIDTH="14" VPOS="216" HPOS="654"/>
							<String ID="string_21" HPOS="668" VPOS="217" WIDTH="44" HEIGHT="20" WC="0.93" CONTENT="den"/><SP WIDTH="14" VPOS="217" HPOS="712"/>
							<String ID="string_22" HPOS="726" VPOS="216" WIDTH="110" HEIGHT="27" WC="0.96" CONTENT="riktning,"/><SP WIDTH="15" VPOS="216" HPOS="836"/>
							<String ID="string_23" HPOS="851" VPOS="215" WIDTH="127" HEIGHT="28" WC="0.58" CONTENT="hvilken"/><SP WIDTH="-27" VPOS="215" HPOS="978"/>
							<String ID="string_24" HPOS="951" VPOS="211" WIDTH="30" HEIGHT="36" WC="0.91" CONTENT="pä"/>
						</TextLine>
						<TextLine ID="line_4" HPOS="356" VPOS="244" WIDTH="621" HEIGHT="28">
							<String ID="string_25" HPOS="356" VPOS="245" WIDTH="77" HEIGHT="27" WC="0.96" CONTENT="grund"/><SP WIDTH="13" VPOS="245" HPOS="433"/>
							<String ID="string_26" HPOS="446" VPOS="244" WIDTH="29" HEIGHT="27" WC="0.93" CONTENT="af"/><SP WIDTH="11" VPOS="244" HPOS="475"/>
							<String ID="string_27" HPOS="486" VPOS="245" WIDTH="10" HEIGHT="20" WC="0.93" CONTENT="i"/><SP WIDTH="15" VPOS="245" HPOS="496"/>
							<String ID="string_28" HPOS="511" VPOS="244" WIDTH="131" HEIGHT="28" WC="0.90" CONTENT="föregäende"/><SP WIDTH="11" VPOS="244" HPOS="642"/>
							<String ID="string_29" HPOS="653" VPOS="246" WIDTH="98" HEIGHT="19" WC="0.96" CONTENT="moment"/><SP WIDTH="7" VPOS="246" HPOS="751"/>
							<String ID="string_30" HPOS="758" VPOS="244" WIDTH="128" HEIGHT="28" WC="0.93" CONTENT="föreslagna"/><SP WIDTH="7" VPOS="244" HPOS="886"/>
							<String ID="string_31" HPOS="893" VPOS="245" WIDTH="84" HEIGHT="20" WC="0.90" CONTENT="under-"/>
						</TextLine>
						<TextLine ID="line_5" HPOS="358" VPOS="273" WIDTH="405" HEIGHT="28">
							<String ID="string_32" HPOS="358" VPOS="273" WIDTH="95" HEIGHT="27" WC="0.93" CONTENT="sökning"/><SP WIDTH="16" VPOS="273" HPOS="453"/>
							<String ID="string_33" HPOS="469" VPOS="273" WIDTH="99" HEIGHT="28" WC="0.92" CONTENT="befinnes"/><SP WIDTH="16" VPOS="273" HPOS="568"/>
							<String ID="string_34" HPOS="584" VPOS="273" WIDTH="179" HEIGHT="27" WC="0.46" CONTENT="fördelaktigast"/><SP WIDTH="-10" VPOS="273" HPOS="763"/>
							<String ID="string_35" HPOS="753" VPOS="269" WIDTH="12" HEIGHT="36" WC="0.46" CONTENT=";"/>
						</TextLine>
					</TextBlock>
					<TextBlock ID="block_2" HPOS="359" VPOS="301" WIDTH="624" HEIGHT="114">
						<TextLine ID="line_6" HPOS="430" VPOS="301" WIDTH="547" HEIGHT="28">
							<String ID="string_36" HPOS="430" VPOS="303" WIDTH="24" HEIGHT="25" WC="0.95" CONTENT="3)"/><SP WIDTH="25" VPOS="303" HPOS="454"/>
							<String ID="string_37" HPOS="479" VPOS="303" WIDTH="32" HEIGHT="20" WC="0.94" CONTENT="att"/><SP WIDTH="15" VPOS="303" HPOS="511"/>
							<String ID="string_38" HPOS="526" VPOS="302" WIDTH="50" HEIGHT="21" WC="0.96" CONTENT="med"/><SP WIDTH="14" VPOS="302" HPOS="576"/>
							<String ID="string_39" HPOS="590" VPOS="302" WIDTH="49" HEIGHT="21" WC="0.96" CONTENT="stöd"/><SP WIDTH="15" VPOS="302" HPOS="639"/>
							<String ID="string_40" HPOS="654" VPOS="301" WIDTH="29" HEIGHT="28" WC="0.96" CONTENT="af"/><SP WIDTH="12" VPOS="301" HPOS="683"/>
							<String ID="string_41" HPOS="695" VPOS="302" WIDTH="25" HEIGHT="20" WC="0.93" CONTENT="de"/><SP WIDTH="15" VPOS="302" HPOS="720"/>
							<String ID="string_42" HPOS="735" VPOS="301" WIDTH="98" HEIGHT="22" WC="0.91" CONTENT="sälunda"/><SP WIDTH="16" VPOS="301" HPOS="833"/>
							<String ID="string_43" HPOS="849" VPOS="308" WIDTH="79" HEIGHT="14" WC="0.91" CONTENT="vunna"/><SP WIDTH="14" VPOS="308" HPOS="928"/>
							<String ID="string_44" HPOS="942" VPOS="308" WIDTH="35" HEIGHT="13" WC="0.92" CONTENT="re-"/>
						</TextLine>
						<TextLine ID="line_7" HPOS="359" VPOS="329" WIDTH="620" HEIGHT="22">
							<String ID="string_45" HPOS="359" VPOS="331" WIDTH="99" HEIGHT="20" WC="0.86" CONTENT="sultaten"/><SP WIDTH="29" VPOS="331" HPOS="458"/>
							<String ID="string_46" HPOS="487" VPOS="331" WIDTH="267" HEIGHT="20" WC="0.82" CONTENT="nästsammanträdande"/><SP WIDTH="32" VPOS="331" HPOS="754"/>
							<String ID="string_47" HPOS="786" VPOS="329" WIDTH="96" HEIGHT="22" WC="0.81" CONTENT="Ständer"/><SP WIDTH="29" VPOS="329" HPOS="882"/>
							<String ID="string_48" HPOS="911" VPOS="329" WIDTH="68" HEIGHT="21" WC="0.95" CONTENT="måtte"/>
						</TextLine>
						<TextLine ID="line_8" HPOS="360" VPOS="358" WIDTH="623" HEIGHT="29">
							<String ID="string_49" HPOS="360" VPOS="359" WIDTH="123" HEIGHT="28" WC="0.92" CONTENT="föreläggas"/><SP WIDTH="16" VPOS="359" HPOS="483"/>
							<String ID="string_50" HPOS="499" VPOS="366" WIDTH="27" HEIGHT="13" WC="0.93" CONTENT="en"/><SP WIDTH="15" VPOS="366" HPOS="526"/>
							<String ID="string_51" HPOS="541" VPOS="359" WIDTH="69" HEIGHT="27" WC="0.96" CONTENT="nådig"/><SP WIDTH="14" VPOS="359" HPOS="610"/>
							<String ID="string_52" HPOS="624" VPOS="359" WIDTH="143" HEIGHT="28" WC="0.96" CONTENT="proposition"/><SP WIDTH="16" VPOS="359" HPOS="767"/>
							<String ID="string_53" HPOS="783" VPOS="365" WIDTH="35" HEIGHT="14" WC="0.96" CONTENT="om"/><SP WIDTH="16" VPOS="365" HPOS="818"/>
							<String ID="string_54" HPOS="834" VPOS="359" WIDTH="111" HEIGHT="27" WC="0.52" CONTENT="byggande"/><SP WIDTH="9" VPOS="359" HPOS="945"/>
							<String ID="string_55" HPOS="954" VPOS="358" WIDTH="29" HEIGHT="27" WC="0.52" CONTENT="af"/>
						</TextLine>
						<TextLine ID="line_9" HPOS="360" VPOS="387" WIDTH="255" HEIGHT="28">
							<String ID="string_56" HPOS="360" VPOS="387" WIDTH="175" HEIGHT="28" WC="0.95" CONTENT="ifrågavarande"/><SP WIDTH="16" VPOS="387" HPOS="535"/>
							<String ID="string_57" HPOS="551" VPOS="387" WIDTH="64" HEIGHT="22" WC="0.96" CONTENT="bana."/>
						</TextLine>
					</TextBlock>
				</ComposedBlock>
				<ComposedBlock ID="cblock_2" HPOS="293" VPOS="450" WIDTH="357" HEIGHT="23">
					<TextBlock ID="block_3" HPOS="293" VPOS="450" WIDTH="357" HEIGHT="23">
						<TextLine ID="line_10" HPOS="293" VPOS="450" WIDTH="357" HEIGHT="23">
							<String ID="string_58" HPOS="293" VPOS="450" WIDTH="117" HEIGHT="23" WC="0.96" CONTENT="Helsingfors"/><SP WIDTH="14" VPOS="450" HPOS="410"/>
							<String ID="string_59" HPOS="424" VPOS="450" WIDTH="35" HEIGHT="17" WC="0.96" CONTENT="den"/><SP WIDTH="14" VPOS="450" HPOS="459"/>
							<String ID="string_60" HPOS="473" VPOS="450" WIDTH="9" HEIGHT="17" WC="0.95" CONTENT="7"/><SP WIDTH="13" VPOS="450" HPOS="482"/>
							<String ID="string_61" HPOS="495" VPOS="450" WIDTH="91" HEIGHT="17" WC="0.96" CONTENT="Februari"/><SP WIDTH="15" VPOS="450" HPOS="586"/>
							<String ID="string_62" HPOS="601" VPOS="450" WIDTH="49" HEIGHT="18" WC="0.95" CONTENT="1894."/>
						</TextLine>
					</TextBlock>
				</ComposedBlock>
				<ComposedBlock ID="cblock_3" HPOS="665" VPOS="501" WIDTH="212" HEIGHT="28">
					<TextBlock ID="block_4" HPOS="665" VPOS="501" WIDTH="212" HEIGHT="28">
						<TextLine ID="line_11" HPOS="665" VPOS="501" WIDTH="212" HEIGHT="28">
							<String ID="string_63" HPOS="665" VPOS="502" WIDTH="102" HEIGHT="27" WC="0.93" CONTENT="Johannes"/><SP WIDTH="16" VPOS="502" HPOS="767"/>
							<String ID="string_64" HPOS="783" VPOS="501" WIDTH="94" HEIGHT="22" WC="0.64" CONTENT="ilmanen."/>
						</TextLine>
					</TextBlock>
				</ComposedBlock>
				<ComposedBlock ID="cblock_4" HPOS="294" VPOS="658" WIDTH="318" HEIGHT="49">
					<TextBlock ID="block_5" HPOS="294" VPOS="658" WIDTH="318" HEIGHT="49">
						<TextLine ID="line_12" HPOS="294" VPOS="658" WIDTH="157" HEIGHT="26">
							<String ID="string_65" HPOS="294" VPOS="658" WIDTH="157" HEIGHT="26" WC="0.90" CONTENT="(Öfversättning)"/>
						</TextLine>
						<TextLine ID="line_13" HPOS="589" VPOS="690" WIDTH="23" HEIGHT="17">
							<String ID="string_66" HPOS="589" VPOS="690" WIDTH="23" HEIGHT="17" WC="0.96" CONTENT="5."/>
						</TextLine>
					</TextBlock>
				</ComposedBlock>
				<ComposedBlock ID="cblock_5" HPOS="404" VPOS="752" WIDTH="396" HEIGHT="18">
					<TextBlock ID="block_6" HPOS="404" VPOS="752" WIDTH="396" HEIGHT="18">
						<TextLine ID="line_14" HPOS="404" VPOS="752" WIDTH="396" HEIGHT="18">
							<String ID="string_67" HPOS="404" VPOS="752" WIDTH="45" HEIGHT="17" WC="0.93" CONTENT="Till"/><SP WIDTH="13" VPOS="752" HPOS="449"/>
							<String ID="string_68" HPOS="462" VPOS="752" WIDTH="147" HEIGHT="18" WC="0.92" CONTENT="Hedervärda"/><SP WIDTH="12" VPOS="752" HPOS="609"/>
							<String ID="string_69" HPOS="621" VPOS="752" WIDTH="179" HEIGHT="18" WC="0.90" CONTENT="Bondeständet."/>
						</TextLine>
					</TextBlock>
				</ComposedBlock>
				<ComposedBlock ID="cblock_6" HPOS="224" VPOS="806" WIDTH="761" HEIGHT="622">
					<TextBlock ID="block_7" HPOS="224" VPOS="806" WIDTH="761" HEIGHT="570">
						<TextLine ID="line_15" HPOS="295" VPOS="806" WIDTH="685" HEIGHT="26">
							<String ID="string_70" HPOS="295" VPOS="809" WIDTH="43" HEIGHT="18" WC="0.90" CONTENT="Med"/><SP WIDTH="20" VPOS="809" HPOS="338"/>
							<String ID="string_71" HPOS="358" VPOS="810" WIDTH="90" HEIGHT="22" WC="0.95" CONTENT="otålighet"/><SP WIDTH="17" VPOS="810" HPOS="448"/>
							<String ID="string_72" HPOS="465" VPOS="810" WIDTH="35" HEIGHT="17" WC="0.96" CONTENT="har"/><SP WIDTH="18" VPOS="810" HPOS="500"/>
							<String ID="string_73" HPOS="518" VPOS="815" WIDTH="23" HEIGHT="12" WC="0.96" CONTENT="en"/><SP WIDTH="13" VPOS="815" HPOS="541"/>
							<String ID="string_74" HPOS="554" VPOS="811" WIDTH="39" HEIGHT="16" WC="0.96" CONTENT="stor"/><SP WIDTH="14" VPOS="811" HPOS="593"/>
							<String ID="string_75" HPOS="607" VPOS="809" WIDTH="30" HEIGHT="18" WC="0.96" CONTENT="del"/><SP WIDTH="13" VPOS="809" HPOS="637"/>
							<String ID="string_76" HPOS="650" VPOS="809" WIDTH="20" HEIGHT="18" WC="0.96" CONTENT="af"/><SP WIDTH="11" VPOS="809" HPOS="670"/>
							<String ID="string_77" HPOS="681" VPOS="809" WIDTH="134" HEIGHT="22" WC="0.96" CONTENT="befolkningen"/><SP WIDTH="12" VPOS="809" HPOS="815"/>
							<String ID="string_78" HPOS="827" VPOS="809" WIDTH="7" HEIGHT="17" WC="0.96" CONTENT="i"/><SP WIDTH="13" VPOS="809" HPOS="834"/>
							<String ID="string_79" HPOS="847" VPOS="809" WIDTH="60" HEIGHT="18" WC="0.93" CONTENT="Södra"/><SP WIDTH="12" VPOS="809" HPOS="907"/>
							<String ID="string_80" HPOS="919" VPOS="806" WIDTH="61" HEIGHT="21" WC="0.56" CONTENT="Öster-"/>
						</TextLine>
						<TextLine ID="line_16" HPOS="224" VPOS="837" WIDTH="757" HEIGHT="24">
							<String ID="string_81" HPOS="224" VPOS="838" WIDTH="66" HEIGHT="18" WC="0.93" CONTENT="botten"/><SP WIDTH="13" VPOS="838" HPOS="290"/>
							<String ID="string_82" HPOS="303" VPOS="838" WIDTH="81" HEIGHT="18" WC="0.86" CONTENT="afvaktat"/><SP WIDTH="12" VPOS="838" HPOS="384"/>
							<String ID="string_83" HPOS="396" VPOS="839" WIDTH="105" HEIGHT="22" WC="0.96" CONTENT="byggandet"/><SP WIDTH="12" VPOS="839" HPOS="501"/>
							<String ID="string_84" HPOS="513" VPOS="838" WIDTH="22" HEIGHT="17" WC="0.96" CONTENT="af"/><SP WIDTH="10" VPOS="838" HPOS="535"/>
							<String ID="string_85" HPOS="545" VPOS="843" WIDTH="23" HEIGHT="13" WC="0.93" CONTENT="en"/><SP WIDTH="11" VPOS="843" HPOS="568"/>
							<String ID="string_86" HPOS="579" VPOS="838" WIDTH="79" HEIGHT="23" WC="0.92" CONTENT="jernväg"/><SP WIDTH="13" VPOS="838" HPOS="658"/>
							<String ID="string_87" HPOS="671" VPOS="837" WIDTH="42" HEIGHT="18" WC="0.93" CONTENT="från"/><SP WIDTH="13" VPOS="837" HPOS="713"/>
							<String ID="string_88" HPOS="726" VPOS="838" WIDTH="112" HEIGHT="17" WC="0.91" CONTENT="Vasabanan"/><SP WIDTH="13" VPOS="838" HPOS="838"/>
							<String ID="string_89" HPOS="851" VPOS="838" WIDTH="29" HEIGHT="17" WC="0.93" CONTENT="till"/><SP WIDTH="9" VPOS="838" HPOS="880"/>
							<String ID="string_90" HPOS="889" VPOS="837" WIDTH="92" HEIGHT="18" WC="0.93" CONTENT="Kristine-"/>
						</TextLine>
						<TextLine ID="line_17" HPOS="224" VPOS="866" WIDTH="757" HEIGHT="24">
							<String ID="string_91" HPOS="224" VPOS="867" WIDTH="48" HEIGHT="18" WC="0.94" CONTENT="stad."/><SP WIDTH="25" VPOS="867" HPOS="272"/>
							<String ID="string_92" HPOS="297" VPOS="867" WIDTH="67" HEIGHT="18" WC="0.92" CONTENT="Denna"/><SP WIDTH="17" VPOS="867" HPOS="364"/>
							<String ID="string_93" HPOS="381" VPOS="867" WIDTH="90" HEIGHT="23" WC="0.91" CONTENT="otälighet"/><SP WIDTH="18" VPOS="867" HPOS="471"/>
							<String ID="string_94" HPOS="489" VPOS="867" WIDTH="73" HEIGHT="18" WC="0.92" CONTENT="bevisas"/><SP WIDTH="19" VPOS="867" HPOS="562"/>
							<String ID="string_95" HPOS="581" VPOS="867" WIDTH="42" HEIGHT="18" WC="0.91" CONTENT="icke"/><SP WIDTH="13" VPOS="867" HPOS="623"/>
							<String ID="string_96" HPOS="636" VPOS="867" WIDTH="80" HEIGHT="17" WC="0.92" CONTENT="allenast"/><SP WIDTH="13" VPOS="867" HPOS="716"/>
							<String ID="string_97" HPOS="729" VPOS="866" WIDTH="20" HEIGHT="18" WC="0.96" CONTENT="af"/><SP WIDTH="12" VPOS="866" HPOS="749"/>
							<String ID="string_98" HPOS="761" VPOS="867" WIDTH="30" HEIGHT="18" WC="0.93" CONTENT="det"/><SP WIDTH="13" VPOS="867" HPOS="791"/>
							<String ID="string_99" HPOS="804" VPOS="867" WIDTH="77" HEIGHT="21" WC="0.93" CONTENT="faktum,"/><SP WIDTH="13" VPOS="867" HPOS="881"/>
							<String ID="string_100" HPOS="894" VPOS="868" WIDTH="27" HEIGHT="16" WC="0.93" CONTENT="att"/><SP WIDTH="12" VPOS="868" HPOS="921"/>
							<String ID="string_101" HPOS="933" VPOS="867" WIDTH="48" HEIGHT="22" WC="0.93" CONTENT="peti-"/>
						</TextLine>
						<TextLine ID="line_18" HPOS="224" VPOS="895" WIDTH="757" HEIGHT="23">
							<String ID="string_102" HPOS="224" VPOS="896" WIDTH="63" HEIGHT="17" WC="0.92" CONTENT="tioner"/><SP WIDTH="13" VPOS="896" HPOS="287"/>
							<String ID="string_103" HPOS="300" VPOS="896" WIDTH="6" HEIGHT="17" WC="0.96" CONTENT="i"/><SP WIDTH="13" VPOS="896" HPOS="306"/>
							<String ID="string_104" HPOS="319" VPOS="895" WIDTH="61" HEIGHT="18" WC="0.93" CONTENT="denna"/><SP WIDTH="12" VPOS="895" HPOS="380"/>
							<String ID="string_105" HPOS="392" VPOS="895" WIDTH="54" HEIGHT="23" WC="0.92" CONTENT="fräga"/><SP WIDTH="11" VPOS="895" HPOS="446"/>
							<String ID="string_106" HPOS="457" VPOS="895" WIDTH="59" HEIGHT="18" WC="0.93" CONTENT="redan"/><SP WIDTH="12" VPOS="895" HPOS="516"/>
							<String ID="string_107" HPOS="528" VPOS="896" WIDTH="101" HEIGHT="17" WC="0.91" CONTENT="inlemnats"/><SP WIDTH="13" VPOS="896" HPOS="629"/>
							<String ID="string_108" HPOS="642" VPOS="895" WIDTH="31" HEIGHT="18" WC="0.96" CONTENT="vid"/><SP WIDTH="13" VPOS="895" HPOS="673"/>
							<String ID="string_109" HPOS="686" VPOS="895" WIDTH="47" HEIGHT="18" WC="0.93" CONTENT="flera"/><SP WIDTH="12" VPOS="895" HPOS="733"/>
							<String ID="string_110" HPOS="745" VPOS="895" WIDTH="112" HEIGHT="23" WC="0.90" CONTENT="föregäende"/><SP WIDTH="8" VPOS="895" HPOS="857"/>
							<String ID="string_111" HPOS="865" VPOS="895" WIDTH="116" HEIGHT="22" WC="0.90" CONTENT="landtdagar,"/>
						</TextLine>
						<TextLine ID="line_19" HPOS="224" VPOS="924" WIDTH="758" HEIGHT="23">
							<String ID="string_112" HPOS="224" VPOS="926" WIDTH="46" HEIGHT="15" WC="0.92" CONTENT="utan"/><SP WIDTH="17" VPOS="926" HPOS="270"/>
							<String ID="string_113" HPOS="287" VPOS="924" WIDTH="54" HEIGHT="17" WC="0.96" CONTENT="äfven"/><SP WIDTH="14" VPOS="924" HPOS="341"/>
							<String ID="string_114" HPOS="355" VPOS="924" WIDTH="58" HEIGHT="21" WC="0.96" CONTENT="deraf,"/><SP WIDTH="13" VPOS="924" HPOS="413"/>
							<String ID="string_115" HPOS="426" VPOS="926" WIDTH="28" HEIGHT="16" WC="0.96" CONTENT="att"/><SP WIDTH="11" VPOS="926" HPOS="454"/>
							<String ID="string_116" HPOS="465" VPOS="925" WIDTH="24" HEIGHT="22" WC="0.96" CONTENT="pä"/><SP WIDTH="12" VPOS="925" HPOS="489"/>
							<String ID="string_117" HPOS="501" VPOS="924" WIDTH="63" HEIGHT="23" WC="0.97" CONTENT="privat"/><SP WIDTH="11" VPOS="924" HPOS="564"/>
							<String ID="string_118" HPOS="575" VPOS="925" WIDTH="83" HEIGHT="16" WC="0.93" CONTENT="initiativ"/><SP WIDTH="12" VPOS="925" HPOS="658"/>
							<String ID="string_119" HPOS="670" VPOS="924" WIDTH="127" HEIGHT="17" WC="0.87" CONTENT="bansträckan"/><SP WIDTH="13" VPOS="924" HPOS="797"/>
							<String ID="string_120" HPOS="810" VPOS="924" WIDTH="117" HEIGHT="21" WC="0.92" CONTENT="undersökts,"/><SP WIDTH="13" VPOS="924" HPOS="927"/>
							<String ID="string_121" HPOS="940" VPOS="924" WIDTH="42" HEIGHT="17" WC="0.93" CONTENT="kar-"/>
						</TextLine>
						<TextLine ID="line_20" HPOS="224" VPOS="953" WIDTH="758" HEIGHT="22">
							<String ID="string_122" HPOS="224" VPOS="955" WIDTH="29" HEIGHT="15" WC="0.89" CONTENT="tor"/><SP WIDTH="25" VPOS="955" HPOS="253"/>
							<String ID="string_123" HPOS="278" VPOS="953" WIDTH="35" HEIGHT="17" WC="0.89" CONTENT="och"/><SP WIDTH="19" VPOS="953" HPOS="313"/>
							<String ID="string_124" HPOS="332" VPOS="953" WIDTH="217" HEIGHT="22" WC="0.91" CONTENT="kostnadsberäkningar"/><SP WIDTH="19" VPOS="953" HPOS="549"/>
							<String ID="string_125" HPOS="568" VPOS="953" WIDTH="103" HEIGHT="22" WC="0.89" CONTENT="uppgjorts,"/><SP WIDTH="19" VPOS="953" HPOS="671"/>
							<String ID="string_126" HPOS="690" VPOS="953" WIDTH="103" HEIGHT="22" WC="0.92" CONTENT="hvarjemte"/><SP WIDTH="18" VPOS="953" HPOS="793"/>
							<String ID="string_127" HPOS="811" VPOS="953" WIDTH="41" HEIGHT="17" WC="0.96" CONTENT="före"/><SP WIDTH="13" VPOS="953" HPOS="852"/>
							<String ID="string_128" HPOS="865" VPOS="953" WIDTH="61" HEIGHT="17" WC="0.93" CONTENT="denna"/><SP WIDTH="13" VPOS="953" HPOS="926"/>
							<String ID="string_129" HPOS="939" VPOS="957" WIDTH="43" HEIGHT="18" WC="0.92" CONTENT="nyss"/>
						</TextLine>
						<TextLine ID="line_21" HPOS="224" VPOS="981" WIDTH="757" HEIGHT="23">
							<String ID="string_130" HPOS="224" VPOS="981" WIDTH="78" HEIGHT="22" WC="0.92" CONTENT="började"/><SP WIDTH="24" VPOS="981" HPOS="302"/>
							<String ID="string_131" HPOS="326" VPOS="981" WIDTH="90" HEIGHT="23" WC="0.91" CONTENT="landtdag"/><SP WIDTH="18" VPOS="981" HPOS="416"/>
							<String ID="string_132" HPOS="434" VPOS="983" WIDTH="39" HEIGHT="16" WC="0.49" CONTENT="åter"/><SP WIDTH="18" VPOS="983" HPOS="473"/>
							<String ID="string_133" HPOS="491" VPOS="981" WIDTH="60" HEIGHT="23" WC="0.90" CONTENT="lifliga"/><SP WIDTH="20" VPOS="981" HPOS="551"/>
							<String ID="string_134" HPOS="571" VPOS="982" WIDTH="142" HEIGHT="22" WC="0.91" CONTENT="önskningsmäl"/><SP WIDTH="19" VPOS="982" HPOS="713"/>
							<String ID="string_135" HPOS="732" VPOS="982" WIDTH="7" HEIGHT="17" WC="0.96" CONTENT="i"/><SP WIDTH="19" VPOS="982" HPOS="739"/>
							<String ID="string_136" HPOS="758" VPOS="987" WIDTH="70" HEIGHT="12" WC="0.96" CONTENT="samma"/><SP WIDTH="12" VPOS="987" HPOS="828"/>
							<String ID="string_137" HPOS="840" VPOS="981" WIDTH="47" HEIGHT="23" WC="0.93" CONTENT="syfte"/><SP WIDTH="13" VPOS="981" HPOS="887"/>
							<String ID="string_138" HPOS="900" VPOS="981" WIDTH="81" HEIGHT="18" WC="0.96" CONTENT="uttalats."/>
						</TextLine>
						<TextLine ID="line_22" HPOS="224" VPOS="1010" WIDTH="758" HEIGHT="23">
							<String ID="string_139" HPOS="224" VPOS="1011" WIDTH="58" HEIGHT="17" WC="0.93" CONTENT="Detta"/><SP WIDTH="12" VPOS="1011" HPOS="282"/>
							<String ID="string_140" HPOS="294" VPOS="1010" WIDTH="116" HEIGHT="19" WC="0.92" CONTENT="fortfarande"/><SP WIDTH="12" VPOS="1010" HPOS="410"/>
							<String ID="string_141" HPOS="422" VPOS="1011" WIDTH="80" HEIGHT="18" WC="0.96" CONTENT="intresse"/><SP WIDTH="13" VPOS="1011" HPOS="502"/>
							<String ID="string_142" HPOS="515" VPOS="1011" WIDTH="37" HEIGHT="17" WC="0.96" CONTENT="kan"/><SP WIDTH="13" VPOS="1011" HPOS="552"/>
							<String ID="string_143" HPOS="565" VPOS="1011" WIDTH="29" HEIGHT="18" WC="0.93" CONTENT="väl"/><SP WIDTH="12" VPOS="1011" HPOS="594"/>
							<String ID="string_144" HPOS="606" VPOS="1011" WIDTH="42" HEIGHT="18" WC="0.90" CONTENT="icke"/><SP WIDTH="14" VPOS="1011" HPOS="648"/>
							<String ID="string_145" HPOS="662" VPOS="1016" WIDTH="43" HEIGHT="12" WC="0.96" CONTENT="vara"/><SP WIDTH="13" VPOS="1016" HPOS="705"/>
							<String ID="string_146" HPOS="718" VPOS="1010" WIDTH="66" HEIGHT="18" WC="0.96" CONTENT="endast"/><SP WIDTH="13" VPOS="1010" HPOS="784"/>
							<String ID="string_147" HPOS="797" VPOS="1013" WIDTH="26" HEIGHT="15" WC="0.93" CONTENT="ett"/><SP WIDTH="12" VPOS="1013" HPOS="823"/>
							<String ID="string_148" HPOS="835" VPOS="1011" WIDTH="95" HEIGHT="22" WC="0.92" CONTENT="hugskott,"/><SP WIDTH="8" VPOS="1011" HPOS="930"/>
							<String ID="string_149" HPOS="938" VPOS="1012" WIDTH="44" HEIGHT="16" WC="0.96" CONTENT="utan"/>
						</TextLine>
						<TextLine ID="line_23" HPOS="224" VPOS="1039" WIDTH="759" HEIGHT="24">
							<String ID="string_150" HPOS="224" VPOS="1039" WIDTH="36" HEIGHT="17" WC="0.93" CONTENT="bör"/><SP WIDTH="12" VPOS="1039" HPOS="260"/>
							<String ID="string_151" HPOS="272" VPOS="1039" WIDTH="87" HEIGHT="23" WC="0.93" CONTENT="grunden"/><SP WIDTH="13" VPOS="1039" HPOS="359"/>
							<String ID="string_152" HPOS="372" VPOS="1039" WIDTH="63" HEIGHT="18" WC="0.91" CONTENT="dertill"/><SP WIDTH="14" VPOS="1039" HPOS="435"/>
							<String ID="string_153" HPOS="449" VPOS="1040" WIDTH="54" HEIGHT="17" WC="0.96" CONTENT="sökas"/><SP WIDTH="13" VPOS="1040" HPOS="503"/>
							<String ID="string_154" HPOS="516" VPOS="1040" WIDTH="37" HEIGHT="17" WC="0.96" CONTENT="ien"/><SP WIDTH="14" VPOS="1040" HPOS="553"/>
							<String ID="string_155" HPOS="567" VPOS="1039" WIDTH="36" HEIGHT="18" WC="0.93" CONTENT="fast"/><SP WIDTH="13" VPOS="1039" HPOS="603"/>
							<String ID="string_156" HPOS="616" VPOS="1039" WIDTH="124" HEIGHT="24" WC="0.85" CONTENT="öfvertygelse"/><SP WIDTH="13" VPOS="1039" HPOS="740"/>
							<String ID="string_157" HPOS="753" VPOS="1045" WIDTH="29" HEIGHT="12" WC="0.93" CONTENT="om"/><SP WIDTH="12" VPOS="1045" HPOS="782"/>
							<String ID="string_158" HPOS="794" VPOS="1039" WIDTH="58" HEIGHT="23" WC="0.93" CONTENT="sagda"/><SP WIDTH="12" VPOS="1039" HPOS="852"/>
							<String ID="string_159" HPOS="864" VPOS="1039" WIDTH="57" HEIGHT="18" WC="0.90" CONTENT="banas"/><SP WIDTH="13" VPOS="1039" HPOS="921"/>
							<String ID="string_160" HPOS="934" VPOS="1041" WIDTH="49" HEIGHT="16" WC="0.96" CONTENT="stora"/>
						</TextLine>
						<TextLine ID="line_24" HPOS="224" VPOS="1064" WIDTH="759" HEIGHT="27">
							<String ID="string_161" HPOS="224" VPOS="1067" WIDTH="98" HEIGHT="24" WC="0.96" CONTENT="betydelse"/><SP WIDTH="14" VPOS="1067" HPOS="322"/>
							<String ID="string_162" HPOS="336" VPOS="1068" WIDTH="30" HEIGHT="17" WC="0.96" CONTENT="för"/><SP WIDTH="11" VPOS="1068" HPOS="366"/>
							<String ID="string_163" HPOS="377" VPOS="1068" WIDTH="44" HEIGHT="18" WC="0.96" CONTENT="hela"/><SP WIDTH="14" VPOS="1068" HPOS="421"/>
							<String ID="string_164" HPOS="435" VPOS="1064" WIDTH="122" HEIGHT="22" WC="0.93" CONTENT="Österbotten."/><SP WIDTH="25" VPOS="1064" HPOS="557"/>
							<String ID="string_165" HPOS="582" VPOS="1068" WIDTH="29" HEIGHT="17" WC="0.96" CONTENT="Då"/><SP WIDTH="13" VPOS="1068" HPOS="611"/>
							<String ID="string_166" HPOS="624" VPOS="1068" WIDTH="96" HEIGHT="18" WC="0.96" CONTENT="utskotten"/><SP WIDTH="13" VPOS="1068" HPOS="720"/>
							<String ID="string_167" HPOS="733" VPOS="1068" WIDTH="31" HEIGHT="17" WC="0.95" CONTENT="vid"/><SP WIDTH="9" VPOS="1068" HPOS="764"/>
							<String ID="string_168" HPOS="773" VPOS="1067" WIDTH="92" HEIGHT="18" WC="0.93" CONTENT="särskilda"/><SP WIDTH="8" VPOS="1067" HPOS="865"/>
							<String ID="string_169" HPOS="873" VPOS="1067" WIDTH="110" HEIGHT="22" WC="0.92" CONTENT="landtdagar"/>
						</TextLine>
						<TextLine ID="line_25" HPOS="225" VPOS="1096" WIDTH="758" HEIGHT="23">
							<String ID="string_170" HPOS="225" VPOS="1096" WIDTH="99" HEIGHT="23" WC="0.92" CONTENT="medgifvit"/><SP WIDTH="24" VPOS="1096" HPOS="324"/>
							<String ID="string_171" HPOS="348" VPOS="1097" WIDTH="62" HEIGHT="17" WC="0.95" CONTENT="denna"/><SP WIDTH="20" VPOS="1097" HPOS="410"/>
							<String ID="string_172" HPOS="430" VPOS="1097" WIDTH="95" HEIGHT="22" WC="0.79" CONTENT="betydelse"/><SP WIDTH="14" VPOS="1097" HPOS="525"/>
							<String ID="string_173" HPOS="539" VPOS="1097" WIDTH="34" HEIGHT="18" WC="0.96" CONTENT="och"/><SP WIDTH="13" VPOS="1097" HPOS="573"/>
							<String ID="string_174" HPOS="586" VPOS="1097" WIDTH="42" HEIGHT="17" WC="0.95" CONTENT="med"/><SP WIDTH="14" VPOS="1097" HPOS="628"/>
							<String ID="string_175" HPOS="642" VPOS="1097" WIDTH="32" HEIGHT="17" WC="0.96" CONTENT="allt"/><SP WIDTH="13" VPOS="1097" HPOS="674"/>
							<String ID="string_176" HPOS="687" VPOS="1099" WIDTH="59" HEIGHT="15" WC="0.93" CONTENT="större"/><SP WIDTH="14" VPOS="1099" HPOS="746"/>
							<String ID="string_177" HPOS="760" VPOS="1097" WIDTH="100" HEIGHT="22" WC="0.91" CONTENT="eftertryck"/><SP WIDTH="13" VPOS="1097" HPOS="860"/>
							<String ID="string_178" HPOS="873" VPOS="1096" WIDTH="53" HEIGHT="23" WC="0.92" CONTENT="gifvit"/><SP WIDTH="13" VPOS="1096" HPOS="926"/>
							<String ID="string_179" HPOS="939" VPOS="1097" WIDTH="44" HEIGHT="17" WC="0.93" CONTENT="den-"/>
						</TextLine>
						<TextLine ID="line_26" HPOS="225" VPOS="1125" WIDTH="758" HEIGHT="22">
							<String ID="string_180" HPOS="225" VPOS="1130" WIDTH="72" HEIGHT="12" WC="0.93" CONTENT="samma"/><SP WIDTH="12" VPOS="1130" HPOS="297"/>
							<String ID="string_181" HPOS="309" VPOS="1125" WIDTH="126" HEIGHT="22" WC="0.96" CONTENT="erkännande,"/><SP WIDTH="13" VPOS="1125" HPOS="435"/>
							<String ID="string_182" HPOS="448" VPOS="1127" WIDTH="47" HEIGHT="16" WC="0.93" CONTENT="samt"/><SP WIDTH="13" VPOS="1127" HPOS="495"/>
							<String ID="string_183" HPOS="508" VPOS="1125" WIDTH="78" HEIGHT="18" WC="0.96" CONTENT="emedan"/><SP WIDTH="13" VPOS="1125" HPOS="586"/>
							<String ID="string_184" HPOS="599" VPOS="1125" WIDTH="58" HEIGHT="18" WC="0.96" CONTENT="redan"/><SP WIDTH="14" VPOS="1125" HPOS="657"/>
							<String ID="string_185" HPOS="671" VPOS="1125" WIDTH="31" HEIGHT="18" WC="0.93" CONTENT="vid"/><SP WIDTH="13" VPOS="1125" HPOS="702"/>
							<String ID="string_186" HPOS="715" VPOS="1127" WIDTH="74" HEIGHT="16" WC="0.92" CONTENT="senaste"/><SP WIDTH="8" VPOS="1127" HPOS="789"/>
							<String ID="string_187" HPOS="797" VPOS="1125" WIDTH="90" HEIGHT="22" WC="0.73" CONTENT="landtdag"/><SP WIDTH="7" VPOS="1125" HPOS="887"/>
							<String ID="string_188" HPOS="894" VPOS="1125" WIDTH="89" HEIGHT="22" WC="0.91" CONTENT="Borgare-"/>
						</TextLine>
						<TextLine ID="line_27" HPOS="226" VPOS="1153" WIDTH="758" HEIGHT="23">
							<String ID="string_189" HPOS="226" VPOS="1153" WIDTH="81" HEIGHT="21" WC="0.92" CONTENT="ständet,"/><SP WIDTH="13" VPOS="1153" HPOS="307"/>
							<String ID="string_190" HPOS="320" VPOS="1153" WIDTH="93" HEIGHT="18" WC="0.89" CONTENT="äfvensom"/><SP WIDTH="21" VPOS="1153" HPOS="413"/>
							<String ID="string_191" HPOS="434" VPOS="1159" WIDTH="23" HEIGHT="12" WC="0.96" CONTENT="en"/><SP WIDTH="13" VPOS="1159" HPOS="457"/>
							<String ID="string_192" HPOS="470" VPOS="1154" WIDTH="105" HEIGHT="22" WC="0.93" CONTENT="betydande"/><SP WIDTH="13" VPOS="1154" HPOS="575"/>
							<String ID="string_193" HPOS="588" VPOS="1154" WIDTH="97" HEIGHT="17" WC="0.91" CONTENT="minoritet"/><SP WIDTH="12" VPOS="1154" HPOS="685"/>
							<String ID="string_194" HPOS="697" VPOS="1154" WIDTH="6" HEIGHT="17" WC="0.93" CONTENT="i"/><SP WIDTH="13" VPOS="1154" HPOS="703"/>
							<String ID="string_195" HPOS="716" VPOS="1153" WIDTH="141" HEIGHT="18" WC="0.92" CONTENT="Bondeständet"/><SP WIDTH="12" VPOS="1153" HPOS="857"/>
							<String ID="string_196" HPOS="869" VPOS="1153" WIDTH="74" HEIGHT="18" WC="0.96" CONTENT="förenat"/><SP WIDTH="12" VPOS="1153" HPOS="943"/>
							<String ID="string_197" HPOS="955" VPOS="1153" WIDTH="29" HEIGHT="22" WC="0.97" CONTENT="sig"/>
						</TextLine>
						<TextLine ID="line_28" HPOS="225" VPOS="1181" WIDTH="758" HEIGHT="24">
							<String ID="string_198" HPOS="225" VPOS="1187" WIDTH="29" HEIGHT="12" WC="0.90" CONTENT="om"/><SP WIDTH="20" VPOS="1187" HPOS="254"/>
							<String ID="string_199" HPOS="274" VPOS="1182" WIDTH="161" HEIGHT="23" WC="0.90" CONTENT="petitionsförslag"/><SP WIDTH="15" VPOS="1182" HPOS="435"/>
							<String ID="string_200" HPOS="450" VPOS="1182" WIDTH="97" HEIGHT="23" WC="0.86" CONTENT="avgående"/><SP WIDTH="14" VPOS="1182" HPOS="547"/>
							<String ID="string_201" HPOS="561" VPOS="1183" WIDTH="61" HEIGHT="18" WC="0.93" CONTENT="denna"/><SP WIDTH="13" VPOS="1183" HPOS="622"/>
							<String ID="string_202" HPOS="635" VPOS="1183" WIDTH="58" HEIGHT="16" WC="0.92" CONTENT="banas"/><SP WIDTH="12" VPOS="1183" HPOS="693"/>
							<String ID="string_203" HPOS="705" VPOS="1181" WIDTH="157" HEIGHT="23" WC="0.96" CONTENT="förverkligande,"/><SP WIDTH="14" VPOS="1181" HPOS="862"/>
							<String ID="string_204" HPOS="876" VPOS="1182" WIDTH="21" HEIGHT="17" WC="0.94" CONTENT="sä"/><SP WIDTH="12" VPOS="1182" HPOS="897"/>
							<String ID="string_205" HPOS="909" VPOS="1181" WIDTH="45" HEIGHT="23" WC="0.97" CONTENT="vilja"/><SP WIDTH="12" VPOS="1181" HPOS="954"/>
							<String ID="string_206" HPOS="966" VPOS="1181" WIDTH="17" HEIGHT="17" WC="0.97" CONTENT="vi"/>
						</TextLine>
						<TextLine ID="line_29" HPOS="226" VPOS="1210" WIDTH="759" HEIGHT="23">
							<String ID="string_207" HPOS="226" VPOS="1212" WIDTH="51" HEIGHT="16" WC="0.92" CONTENT="ännu"/><SP WIDTH="19" VPOS="1212" HPOS="277"/>
							<String ID="string_208" HPOS="296" VPOS="1211" WIDTH="42" HEIGHT="17" WC="0.90" CONTENT="icke"/><SP WIDTH="13" VPOS="1211" HPOS="338"/>
							<String ID="string_209" HPOS="351" VPOS="1211" WIDTH="39" HEIGHT="17" WC="0.93" CONTENT="läta"/><SP WIDTH="12" VPOS="1211" HPOS="390"/>
							<String ID="string_210" HPOS="402" VPOS="1211" WIDTH="65" HEIGHT="22" WC="0.88" CONTENT="frägan"/><SP WIDTH="13" VPOS="1211" HPOS="467"/>
							<String ID="string_211" HPOS="480" VPOS="1210" WIDTH="81" HEIGHT="18" WC="0.91" CONTENT="förfalla."/><SP WIDTH="24" VPOS="1210" HPOS="561"/>
							<String ID="string_212" HPOS="585" VPOS="1211" WIDTH="45" HEIGHT="17" WC="0.96" CONTENT="Man"/><SP WIDTH="13" VPOS="1211" HPOS="630"/>
							<String ID="string_213" HPOS="643" VPOS="1211" WIDTH="34" HEIGHT="16" WC="0.92" CONTENT="har"/><SP WIDTH="13" VPOS="1211" HPOS="677"/>
							<String ID="string_214" HPOS="690" VPOS="1211" WIDTH="102" HEIGHT="17" WC="0.90" CONTENT="behandlat"/><SP WIDTH="12" VPOS="1211" HPOS="792"/>
							<String ID="string_215" HPOS="804" VPOS="1210" WIDTH="65" HEIGHT="23" WC="0.92" CONTENT="frägan"/><SP WIDTH="12" VPOS="1210" HPOS="869"/>
							<String ID="string_216" HPOS="881" VPOS="1215" WIDTH="30" HEIGHT="12" WC="0.96" CONTENT="om"/><SP WIDTH="12" VPOS="1215" HPOS="911"/>
							<String ID="string_217" HPOS="923" VPOS="1210" WIDTH="62" HEIGHT="18" WC="0.93" CONTENT="denna"/>
						</TextLine>
						<TextLine ID="line_30" HPOS="226" VPOS="1238" WIDTH="758" HEIGHT="25">
							<String ID="string_218" HPOS="226" VPOS="1239" WIDTH="50" HEIGHT="17" WC="0.92" CONTENT="bana"/><SP WIDTH="12" VPOS="1239" HPOS="276"/>
							<String ID="string_219" HPOS="288" VPOS="1239" WIDTH="80" HEIGHT="18" WC="0.92" CONTENT="allenast"/><SP WIDTH="12" VPOS="1239" HPOS="368"/>
							<String ID="string_220" HPOS="380" VPOS="1245" WIDTH="22" HEIGHT="11" WC="0.93" CONTENT="ur"/><SP WIDTH="12" VPOS="1245" HPOS="402"/>
							<String ID="string_221" HPOS="414" VPOS="1239" WIDTH="61" HEIGHT="24" WC="0.92" CONTENT="lokala"/><SP WIDTH="13" VPOS="1239" HPOS="475"/>
							<String ID="string_222" HPOS="488" VPOS="1239" WIDTH="124" HEIGHT="23" WC="0.96" CONTENT="synpunkter;"/><SP WIDTH="14" VPOS="1239" HPOS="612"/>
							<String ID="string_223" HPOS="626" VPOS="1244" WIDTH="42" HEIGHT="12" WC="0.96" CONTENT="man"/><SP WIDTH="13" VPOS="1244" HPOS="668"/>
							<String ID="string_224" HPOS="681" VPOS="1239" WIDTH="34" HEIGHT="18" WC="0.93" CONTENT="har"/><SP WIDTH="13" VPOS="1239" HPOS="715"/>
							<String ID="string_225" HPOS="728" VPOS="1238" WIDTH="84" HEIGHT="19" WC="0.92" CONTENT="betviflat"/><SP WIDTH="12" VPOS="1238" HPOS="812"/>
							<String ID="string_226" HPOS="824" VPOS="1241" WIDTH="27" HEIGHT="15" WC="0.92" CONTENT="att"/><SP WIDTH="6" VPOS="1241" HPOS="851"/>
							<String ID="string_227" HPOS="857" VPOS="1238" WIDTH="127" HEIGHT="18" WC="0.91" CONTENT="Kristinestad"/>
						</TextLine>
						<TextLine ID="line_31" HPOS="225" VPOS="1267" WIDTH="759" HEIGHT="24">
							<String ID="string_228" HPOS="225" VPOS="1272" WIDTH="44" HEIGHT="13" WC="0.92" CONTENT="vore"/><SP WIDTH="25" VPOS="1272" HPOS="269"/>
							<String ID="string_229" HPOS="294" VPOS="1267" WIDTH="76" HEIGHT="23" WC="0.95" CONTENT="lämplig"/><SP WIDTH="19" VPOS="1267" HPOS="370"/>
							<String ID="string_230" HPOS="389" VPOS="1273" WIDTH="39" HEIGHT="12" WC="0.93" CONTENT="som"/><SP WIDTH="19" VPOS="1273" HPOS="428"/>
							<String ID="string_231" HPOS="447" VPOS="1268" WIDTH="71" HEIGHT="17" WC="0.88" CONTENT="banans"/><SP WIDTH="19" VPOS="1268" HPOS="518"/>
							<String ID="string_232" HPOS="537" VPOS="1268" WIDTH="99" HEIGHT="22" WC="0.92" CONTENT="slutpunkt"/><SP WIDTH="19" VPOS="1268" HPOS="636"/>
							<String ID="string_233" HPOS="655" VPOS="1268" WIDTH="34" HEIGHT="17" WC="0.93" CONTENT="och"/><SP WIDTH="14" VPOS="1268" HPOS="689"/>
							<String ID="string_234" HPOS="703" VPOS="1268" WIDTH="37" HEIGHT="17" WC="0.92" CONTENT="fäst"/><SP WIDTH="12" VPOS="1268" HPOS="740"/>
							<String ID="string_235" HPOS="752" VPOS="1267" WIDTH="188" HEIGHT="24" WC="0.92" CONTENT="uppmärksamheten"/><SP WIDTH="13" VPOS="1267" HPOS="940"/>
							<String ID="string_236" HPOS="953" VPOS="1267" WIDTH="31" HEIGHT="18" WC="0.96" CONTENT="vid"/>
						</TextLine>
						<TextLine ID="line_32" HPOS="225" VPOS="1296" WIDTH="760" HEIGHT="23">
							<String ID="string_237" HPOS="225" VPOS="1296" WIDTH="81" HEIGHT="17" WC="0.91" CONTENT="hamnar"/><SP WIDTH="18" VPOS="1296" HPOS="306"/>
							<String ID="string_238" HPOS="324" VPOS="1296" WIDTH="50" HEIGHT="17" WC="0.96" CONTENT="såväl"/><SP WIDTH="12" VPOS="1296" HPOS="374"/>
							<String ID="string_239" HPOS="386" VPOS="1297" WIDTH="8" HEIGHT="16" WC="0.96" CONTENT="i"/><SP WIDTH="16" VPOS="1297" HPOS="394"/>
							<String ID="string_240" HPOS="410" VPOS="1296" WIDTH="63" HEIGHT="18" WC="0.96" CONTENT="Kaskö"/><SP WIDTH="13" VPOS="1296" HPOS="473"/>
							<String ID="string_241" HPOS="486" VPOS="1301" WIDTH="39" HEIGHT="13" WC="0.93" CONTENT="som"/><SP WIDTH="13" VPOS="1301" HPOS="525"/>
							<String ID="string_242" HPOS="538" VPOS="1297" WIDTH="74" HEIGHT="22" WC="0.93" CONTENT="Sideby,"/><SP WIDTH="14" VPOS="1297" HPOS="612"/>
							<String ID="string_243" HPOS="626" VPOS="1299" WIDTH="48" HEIGHT="15" WC="0.93" CONTENT="samt"/><SP WIDTH="12" VPOS="1299" HPOS="674"/>
							<String ID="string_244" HPOS="686" VPOS="1297" WIDTH="68" HEIGHT="17" WC="0.96" CONTENT="uttalat"/><SP WIDTH="12" VPOS="1297" HPOS="754"/>
							<String ID="string_245" HPOS="766" VPOS="1297" WIDTH="36" HEIGHT="17" WC="0.93" CONTENT="den"/><SP WIDTH="12" VPOS="1297" HPOS="802"/>
							<String ID="string_246" HPOS="814" VPOS="1296" WIDTH="130" HEIGHT="23" WC="0.96" CONTENT="förhoppning,"/><SP WIDTH="13" VPOS="1296" HPOS="944"/>
							<String ID="string_247" HPOS="957" VPOS="1297" WIDTH="28" HEIGHT="16" WC="0.96" CONTENT="att"/>
						</TextLine>
						<TextLine ID="line_33" HPOS="225" VPOS="1324" WIDTH="759" HEIGHT="23">
							<String ID="string_248" HPOS="225" VPOS="1325" WIDTH="103" HEIGHT="22" WC="0.93" CONTENT="utredning"/><SP WIDTH="18" VPOS="1325" HPOS="328"/>
							<String ID="string_249" HPOS="346" VPOS="1325" WIDTH="80" HEIGHT="18" WC="0.92" CONTENT="rörande"/><SP WIDTH="19" VPOS="1325" HPOS="426"/>
							<String ID="string_250" HPOS="445" VPOS="1325" WIDTH="55" HEIGHT="18" WC="0.96" CONTENT="dessa"/><SP WIDTH="18" VPOS="1325" HPOS="500"/>
							<String ID="string_251" HPOS="518" VPOS="1325" WIDTH="77" HEIGHT="18" WC="0.96" CONTENT="hamnar"/><SP WIDTH="15" VPOS="1325" HPOS="595"/>
							<String ID="string_252" HPOS="610" VPOS="1325" WIDTH="35" HEIGHT="18" WC="0.96" CONTENT="och"/><SP WIDTH="13" VPOS="1325" HPOS="645"/>
							<String ID="string_253" HPOS="658" VPOS="1331" WIDTH="29" HEIGHT="12" WC="0.96" CONTENT="om"/><SP WIDTH="14" VPOS="1331" HPOS="687"/>
							<String ID="string_254" HPOS="701" VPOS="1325" WIDTH="23" HEIGHT="18" WC="0.93" CONTENT="de"/><SP WIDTH="11" VPOS="1325" HPOS="724"/>
							<String ID="string_255" HPOS="735" VPOS="1325" WIDTH="101" HEIGHT="22" WC="0.92" CONTENT="jernvägar"/><SP WIDTH="12" VPOS="1325" HPOS="836"/>
							<String ID="string_256" HPOS="848" VPOS="1330" WIDTH="39" HEIGHT="12" WC="0.96" CONTENT="som"/><SP WIDTH="12" VPOS="1330" HPOS="887"/>
							<String ID="string_257" HPOS="899" VPOS="1324" WIDTH="30" HEIGHT="18" WC="0.96" CONTENT="till"/><SP WIDTH="13" VPOS="1324" HPOS="929"/>
							<String ID="string_258" HPOS="942" VPOS="1325" WIDTH="42" HEIGHT="17" WC="0.96" CONTENT="dem"/>
						</TextLine>
						<TextLine ID="line_34" HPOS="226" VPOS="1352" WIDTH="721" HEIGHT="24">
							<String ID="string_259" HPOS="226" VPOS="1352" WIDTH="65" HEIGHT="18" WC="0.93" CONTENT="kunde"/><SP WIDTH="14" VPOS="1352" HPOS="291"/>
							<String ID="string_260" HPOS="305" VPOS="1352" WIDTH="65" HEIGHT="23" WC="0.92" CONTENT="dragas"/><SP WIDTH="13" VPOS="1352" HPOS="370"/>
							<String ID="string_261" HPOS="383" VPOS="1353" WIDTH="61" HEIGHT="18" WC="0.93" CONTENT="skulle"/><SP WIDTH="13" VPOS="1353" HPOS="444"/>
							<String ID="string_262" HPOS="457" VPOS="1353" WIDTH="124" HEIGHT="21" WC="0.92" CONTENT="införskaffas,"/><SP WIDTH="13" VPOS="1353" HPOS="581"/>
							<String ID="string_263" HPOS="594" VPOS="1354" WIDTH="58" HEIGHT="16" WC="0.92" CONTENT="innan"/><SP WIDTH="13" VPOS="1354" HPOS="652"/>
							<String ID="string_264" HPOS="665" VPOS="1353" WIDTH="66" HEIGHT="23" WC="0.92" CONTENT="frägan"/><SP WIDTH="17" VPOS="1353" HPOS="731"/>
							<String ID="string_265" HPOS="748" VPOS="1352" WIDTH="89" HEIGHT="18" WC="0.92" CONTENT="definitift"/><SP WIDTH="12" VPOS="1352" HPOS="837"/>
							<String ID="string_266" HPOS="849" VPOS="1352" WIDTH="98" HEIGHT="24" WC="0.91" CONTENT="afgjordes."/>
						</TextLine>
					</TextBlock>
					<TextBlock ID="block_8" HPOS="226" VPOS="1381" WIDTH="759" HEIGHT="47">
						<TextLine ID="line_35" HPOS="297" VPOS="1381" WIDTH="688" HEIGHT="24">
							<String ID="string_267" HPOS="297" VPOS="1381" WIDTH="8" HEIGHT="18" WC="0.95" CONTENT="I"/><SP WIDTH="13" VPOS="1381" HPOS="305"/>
							<String ID="string_268" HPOS="318" VPOS="1381" WIDTH="102" HEIGHT="24" WC="0.96" CONTENT="anledning"/><SP WIDTH="12" VPOS="1381" HPOS="420"/>
							<String ID="string_269" HPOS="432" VPOS="1382" WIDTH="54" HEIGHT="18" WC="0.96" CONTENT="häraf"/><SP WIDTH="11" VPOS="1382" HPOS="486"/>
							<String ID="string_270" HPOS="497" VPOS="1382" WIDTH="76" HEIGHT="17" WC="0.96" CONTENT="anhålla"/><SP WIDTH="10" VPOS="1382" HPOS="573"/>
							<String ID="string_271" HPOS="583" VPOS="1382" WIDTH="17" HEIGHT="17" WC="0.93" CONTENT="vi"/><SP WIDTH="8" VPOS="1382" HPOS="600"/>
							<String ID="string_272" HPOS="608" VPOS="1382" WIDTH="140" HEIGHT="18" WC="0.91" CONTENT="vördnadsfullt"/><SP WIDTH="7" VPOS="1382" HPOS="748"/>
							<String ID="string_273" HPOS="755" VPOS="1387" WIDTH="29" HEIGHT="12" WC="0.93" CONTENT="om"/><SP WIDTH="7" VPOS="1387" HPOS="784"/>
							<String ID="string_274" HPOS="791" VPOS="1381" WIDTH="116" HEIGHT="18" WC="0.92" CONTENT="hedervärda"/><SP WIDTH="6" VPOS="1381" HPOS="907"/>
							<String ID="string_275" HPOS="913" VPOS="1381" WIDTH="72" HEIGHT="18" WC="0.91" CONTENT="Bonde-"/>
						</TextLine>
						<TextLine ID="line_36" HPOS="226" VPOS="1409" WIDTH="478" HEIGHT="19">
							<String ID="string_276" HPOS="226" VPOS="1409" WIDTH="85" HEIGHT="18" WC="0.91" CONTENT="ståndets"/><SP WIDTH="13" VPOS="1409" HPOS="311"/>
							<String ID="string_277" HPOS="324" VPOS="1409" WIDTH="114" HEIGHT="19" WC="0.96" CONTENT="medverkan"/><SP WIDTH="12" VPOS="1409" HPOS="438"/>
							<String ID="string_278" HPOS="450" VPOS="1411" WIDTH="30" HEIGHT="17" WC="0.96" CONTENT="till"/><SP WIDTH="14" VPOS="1411" HPOS="480"/>
							<String ID="string_279" HPOS="494" VPOS="1416" WIDTH="22" HEIGHT="12" WC="0.96" CONTENT="en"/><SP WIDTH="13" VPOS="1416" HPOS="516"/>
							<String ID="string_280" HPOS="529" VPOS="1411" WIDTH="89" HEIGHT="17" WC="0.96" CONTENT="anhållan"/><SP WIDTH="14" VPOS="1411" HPOS="618"/>
							<String ID="string_281" HPOS="632" VPOS="1411" WIDTH="72" HEIGHT="17" WC="0.95" CONTENT="därom:"/>
						</TextLine>
					</TextBlock>
				</ComposedBlock>
				<ComposedBlock ID="cblock_7" HPOS="297" VPOS="1450" WIDTH="282" HEIGHT="19">
					<TextBlock ID="block_9" HPOS="297" VPOS="1450" WIDTH="282" HEIGHT="19">
						<TextLine ID="line_37" HPOS="297" VPOS="1450" WIDTH="282" HEIGHT="19">
							<String ID="string_282" HPOS="297" VPOS="1450" WIDTH="203" HEIGHT="19" WC="0.21" CONTENT="Peiiitonsoetankanäe"/><SP WIDTH="11" VPOS="1450" HPOS="500"/>
							<String ID="string_283" HPOS="511" VPOS="1451" WIDTH="38" HEIGHT="17" WC="0.93" CONTENT="N:o"/><SP WIDTH="12" VPOS="1451" HPOS="549"/>
							<String ID="string_284" HPOS="561" VPOS="1451" WIDTH="18" HEIGHT="18" WC="0.96" CONTENT="2."/>
						</TextLine>
					</TextBlock>
				</ComposedBlock>
			</PrintSpace>
		</Page>
	</Layout>
</alto>
