1070 1795
274 117 28 20 26

314 181 32 20 att
368 179 72 28 hvarje
463 180 164 22 landskommun
649 180 72 22 ålades
744 181 80 21 inrätta
838 179 119 23 folkskolor
971 180 32 22 till

244 217 37 19 det
296 214 64 27 antal,
376 215 34 21 att
423 214 60 27 barn,
498 215 34 22 för
547 214 73 23 hvilka
634 215 85 22 inträde
734 216 7 21 i
756 215 61 22 skola
831 215 70 27 sökes,
916 215 46 22 icke
972 215 31 22 af-

244 249 56 22 visas
315 249 27 27 på
356 249 69 27 grund
440 249 23 22 af
477 249 108 22 bristande
600 250 112 27 utrymme.

315 283 56 27 18:0)
387 285 33 20 att
430 283 33 22 för
473 284 116 27 stipendier
604 284 6 21 i
626 285 140 26 pedagogiskt
780 284 54 27 syfte
845 284 23 21 åt
878 283 124 22 folkskollä-

244 324 58 15 rare-
324 319 39 21 och
390 318 119 23 lärarinnor
531 319 7 21 i
561 319 217 22 landskommunerna
800 319 65 22 måtte
888 319 33 21 för
944 319 59 21 kom-

244 353 77 22 mande
336 353 145 27 finansperiod
496 352 72 23 anslås
583 360 27 15 en
625 360 82 15 summa
722 354 23 21 af
758 353 65 27 3,600
838 354 61 21 mark
915 353 87 27 årligen,

244 388 33 21 till
300 387 119 29 fördelning
442 388 78 22 mellan
535 388 83 22 landets
639 389 98 27 samtliga
752 388 251 28 folkskoleinspektions-

244 422 96 27 distrikt;

314 457 56 27 19:0)
382 459 32 20 att
429 458 7 21 i
451 459 108 20 närmaste
574 457 86 22 framtid
676 464 26 15 en
717 464 110 21 noggrann
845 457 158 27 undersökning

244 492 68 21 måtte
334 492 127 22 verkställas
475 493 8 20 i
499 492 54 27 syfte
573 493 33 21 att
620 493 83 24 utreda,
719 493 105 21 huruvida
839 493 27 21 de
882 492 121 27 upprepade

244 526 134 28 klagomålen
395 527 59 21 öfver
469 533 25 16 en
506 527 132 26 obegränsad
649 526 157 28 skogssköfling
816 529 37 20 äro
864 527 138 27 berättigade,

244 561 41 22 och
301 563 31 20 att
347 562 7 21 i
370 561 114 28 anledning
499 561 22 22 af
536 561 40 22 den
591 561 121 22 verkstälda
727 561 186 27 undersökningen
929 561 26 21 de
970 561 33 21 åt-

244 595 78 28 gärder
343 596 66 21 måtte
432 595 103 28 vidtagas,
558 595 33 22 till
609 595 73 22 hvilka
696 595 163 22 förhållandena
875 596 71 21 kunna
961 595 42 22 för-

244 631 87 26 anleda;

314 664 58 27 20:0)
388 664 37 22 det
439 665 82 22 täcktes
536 665 59 22 Hans
606 665 118 27 Kejserliga
736 664 105 28 Majestät,
856 665 54 21 efter
925 665 35 22 det
971 671 31 16 er-

245 699 103 27 forderlig
370 699 115 27 utredning
500 699 7 21 i
523 700 72 21 ämnet
609 705 76 21 genom
700 706 26 15 en
742 699 33 21 för
791 699 121 22 ändamålet
926 699 77 22 tillsatt

245 734 80 22 komité
348 733 104 28 erhållits,
475 734 111 27 förelägga
605 734 119 22 Ständerna
739 733 66 28 nådig
819 735 132 26 proposition
967 741 36 15 an-

244 769 82 27 gående
341 769 162 22 underlättande
519 769 23 21 af
555 771 51 25 väg-
621 769 39 21 och
675 769 259 27 brobyggnadsbesväret;

314 803 58 27 21:0)
384 805 31 20 att
425 810 26 15 en
461 803 34 22 för
505 803 27 22 de
547 803 24 22 af
584 803 68 22 finska
662 804 129 21 statsverket
799 809 75 22 genom
885 803 118 28 Kungörel-

244 845 39 15 sen
294 838 23 22 af
326 839 41 21 den
378 838 26 21 17
414 838 92 27 Augusti
517 838 56 21 1893
584 837 124 28 öfvertagna
718 838 155 27 arkeologiska,
889 838 114 23 historiska

245 873 40 21 och
307 872 145 28 etnografiska
473 872 114 27 samlingar
603 872 84 28 lämpad
702 872 173 28 museibyggnad,
891 873 7 21 i
913 873 90 21 hufvud-

244 907 71 27 saklig
328 907 219 22 öfverensstämmelse
562 907 48 22 med
626 907 71 22 dertill
712 907 66 22 redan
795 907 115 28 uppgjordt
920 907 84 27 projekt

242 942 67 27 jemte
331 941 184 28 kostnadsförslag
533 942 12 21 &
561 941 93 28 550,000
669 942 68 25 mark,
753 941 66 22 måtte
834 942 7 21 i
857 941 67 22 nåder
938 942 65 22 varda

244 976 34 22 till
293 976 113 22 utförande
422 976 107 22 anbefald.

315 1011 57 27 22:0)
388 1013 32 20 att
435 1011 59 22 Hans
511 1011 118 28 Kejserliga
645 1011 101 28 Majestät
761 1011 6 22 i
783 1011 66 22 nåder
864 1011 83 22 täcktes
961 1011 42 22 för-

245 1046 68 22 ordna
336 1052 34 15 om
385 1045 179 28 genomförandet
579 1046 23 21 af
615 1045 166 27 skattelindring
795 1045 33 22 för
844 1045 25 22 de
883 1045 120 28 jordlägen-

244 1081 63 21 heter
322 1081 27 26 på
369 1075 70 27 Åland
459 1083 55 20 samt
529 1081 7 21 i
551 1079 113 29 Egentliga
679 1080 102 22 Finlands
796 1080 139 27 kusttrakter,
952 1081 52 22 hvil-

244 1115 40 22 kas
300 1115 128 27 grundskatt
450 1117 24 20 är
493 1115 93 27 oskäligt
601 1115 41 28 hög
657 1115 7 22 i
679 1115 133 22 förhållande
828 1115 33 21 till
876 1115 127 22 förändrade

245 1149 139 22 ekonomiska
400 1149 69 22 vilkor
485 1150 39 22 och
545 1150 135 21 hemmanens
696 1149 123 22 nuvarande
834 1149 169 28 inkomstkällor,

244 1186 58 20 samt
316 1184 84 27 nådigst
417 1185 75 27 tillåta,
508 1187 33 19 att
556 1185 69 22 denna
640 1185 164 26 skattelindring
819 1184 62 27 finge,
896 1186 52 20 utan
962 1185 41 21 till-

244 1219 110 27 lämpning
368 1218 24 22 af
406 1219 37 21 det
458 1219 33 21 för
507 1219 97 22 enskilda
614 1219 225 26 skatteförmedlingar
849 1218 102 28 stadgade
962 1219 42 22 för-

246 1255 105 26 farandet,
367 1254 155 27 åvägabringas
537 1255 28 26 på
580 1253 168 23 föranstaltande
764 1253 39 22 och
819 1253 54 22 efter
889 1253 115 22 undersök-

244 1290 54 26 ning
312 1289 22 22 af
348 1289 69 22 länets
432 1290 112 26 guvernör,
560 1289 62 22 hvars
638 1288 80 27 förslag
734 1289 6 21 i
756 1290 72 20 ämnet
843 1287 69 23 skulle
927 1289 77 21 under-

245 1324 75 22 ställas
336 1323 102 22 Senatens
453 1323 100 28 pröfning
568 1324 40 21 och
622 1323 122 27 afgörande.
