1070 1795
286 137 231 22 Petitionsbetänkande
531 137 36 22 N:o
582 137 35 22 28.
775 137 14 22 3

267 195 38 19 2:0
320 195 33 20 att
368 194 177 27 farhastigheten
555 195 14 20 å
580 194 75 27 öfriga
665 195 57 27 efter
732 202 86 13 samma

196 223 195 27 byggnadssystem
406 223 93 27 utförda
509 223 125 27 jernvägar
644 223 10 21 i
666 224 74 21 landet
751 224 65 27 finge,

195 251 9 20 i
220 251 54 20 män
289 251 29 27 af
330 252 108 27 trafikens
454 251 58 28 kraf,
528 252 58 21 ökas.

128 320 118 22 Helsingfors
260 320 36 17 den
308 320 11 17 9
332 320 92 18 Februari
437 321 50 17 1894.

149 401 15 22 J.
180 401 15 21 J.
210 401 134 22 Westerlund.
526 403 63 21 Josua
604 403 123 21 Johansson.

126 541 48 20 Den
190 540 156 27 kommission,
363 541 94 21 hvilken
473 541 38 21 vid
528 541 113 21 1877—78
656 541 38 21 ärs
710 541 108 27 landtdag

58 575 110 22 tillsattes
191 575 51 22 med
266 569 102 33 uppdrag
390 577 38 20 att
450 575 88 28 afgifva
557 575 85 27 förslag
661 575 35 22 till
715 575 103 27 billigare

58 610 209 27 byggnadssystem
287 610 35 21 för
342 611 92 20 landets
450 610 109 21 framtida
574 611 128 26 jernvägar,
719 610 99 27 föreslog

57 644 77 22 såsom
154 650 27 16 en
197 645 221 26 grundbestämning
434 645 35 20 för
483 644 134 27 uppnäende
633 645 26 20 af
670 645 39 21 det
724 645 95 21 afsedda

57 679 78 26 målet,
151 680 37 21 att
202 679 14 21 å
232 679 26 22 de
275 679 109 22 framtida
399 679 153 27 jernvägarne
568 679 73 22 skulle
657 679 117 28 tillämpas
789 685 29 16 en

57 714 73 21 medel
153 714 154 27 farhastighet
329 714 27 21 af
372 715 70 26 högst
461 715 28 20 25
504 714 87 21 versti
607 714 103 22 timmen.
741 714 76 26 Detta,

57 749 97 20 likasom
174 748 191 22 kommissionens
385 749 74 26 öfriga
478 749 93 26 förslag,
591 749 48 22 blef
652 749 26 20 af
690 749 128 21 Ständerna

56 783 116 27 godkändt
187 783 42 22 och
240 783 40 21 har
291 783 177 28 ifrågavarande
479 783 153 27 farhastighet
642 783 75 22 derför
728 783 14 21 å
752 783 65 27 ingen

56 817 70 22 sedan
142 818 52 21 dess
210 818 5 20 i
232 818 77 21 landet
324 818 78 21 utförd
418 819 96 26 jernväg
530 818 45 21 fätt
591 818 163 21 öfverskridas.

124 852 62 22 Utan
207 852 82 22 tvifvel
309 853 41 20 har
370 853 44 21 den
432 852 175 27 ifrägavarande
622 851 194 28 inskränkningen

51 883 36 35 af:
94 887 182 27 farhastigheten
288 887 51 22 haft
350 887 44 22 sitt
405 887 57 21 fulla
473 887 158 26 berättigande
644 887 40 21 och
694 887 6 20 i
712 887 105 21 väsendt-

57 921 29 27 lig
101 922 54 27 grad
170 922 139 26 möjliggjort
324 923 38 20 att
377 922 28 21 de
417 922 71 21 sedan
499 922 56 21 1878
565 922 92 21 utförda
667 921 150 26 jernvägarne

56 956 89 21 kunnat
164 956 73 27 billigt
255 956 65 21 säväl
337 957 89 26 byggas
443 962 50 15 som
508 956 128 22 trafikeras.
668 956 80 21 Denna
763 955 54 22 min-

56 990 71 22 skade
143 991 153 27 farhastighet
312 991 41 21 har
369 991 112 26 derjemte
497 991 61 21 varit
574 992 34 20 ett
624 991 95 26 uttryck
730 991 35 20 för
775 991 43 20 den

56 1026 57 26 sats,
129 1027 37 21 att
180 1025 36 21 för
230 1025 136 27 uppnäende
376 1025 28 21 af
412 1026 39 21 det
463 1025 106 27 äsyftade
580 1025 124 22 resultatet
714 1025 40 22 det
764 1031 54 15 vore

55 1060 140 27 nödvändigt
210 1061 37 20 att
260 1059 63 22 afstå
339 1059 52 22 från
408 1066 28 15 en
452 1060 36 22 del
503 1060 26 21 af
542 1060 27 21 de
585 1060 103 26 fördelar,
700 1060 51 21 dem
761 1060 56 26 jern-

56 1095 100 26 vägarne
171 1094 75 21 kurde
262 1094 94 27 erbjuda
372 1095 8 20 i
396 1095 72 20 andra
483 1095 85 26 länder,
584 1095 95 21 hvarest
694 1094 74 27 utsigt
782 1093 35 22 till

56 1129 53 21 vida
125 1130 77 21 större
221 1129 86 22 rörelse
326 1129 127 22 förefanns.
484 1129 50 22 Men
555 1129 38 22 det
612 1129 45 21 kan
673 1129 21 26 ej
710 1129 107 21 förnekas

56 1165 37 20 att
107 1163 7 21 i
131 1164 42 21 den
188 1163 54 22 män
258 1163 100 22 trafiken
370 1165 81 25 växer,
463 1163 26 22 sä
500 1163 110 22 framstär
621 1163 43 22 den
674 1163 144 28 längsamma

57 1198 181 27 farhastigheten
250 1203 49 16 som
309 1203 29 16 en
349 1198 43 21 allt
404 1198 95 21 svärare
510 1198 98 21 hämsko
615 1198 29 27 pä
652 1197 165 22 samfärdselns

55 1233 78 21 vidare
152 1233 139 27 utveckling.
321 1232 45 21 För
381 1233 45 21 den
442 1233 97 22 resande
554 1233 153 21 allmänheten
724 1233 94 20 innebär

55 1273 28 15 en
103 1267 142 27 förkortning
264 1267 26 21 af
305 1267 119 22 resetiden
443 1267 7 21 i
470 1267 64 22 vissa
549 1267 40 21 fall
605 1267 69 22 äfven
690 1273 28 16 en
733 1267 84 21 minsk-

56 1302 53 26 ning
131 1302 27 21 af
173 1301 217 28 resekostnaderna,
410 1302 8 21 i
438 1302 127 27 synnerhet
583 1307 37 16 om
635 1302 132 27 härigenom
782 1302 36 21 ett

55 1336 166 27 nattuppehäll,
238 1336 77 22 säsom
332 1336 40 21 det
387 1336 15 21 å
417 1333 143 30 Östermyra,
577 1336 45 21 kan
637 1335 121 21 undvikas.
784 1335 33 21 En

55 1370 60 21 ökad
131 1370 155 28 farhastighet
300 1370 46 21 kan
362 1370 78 22 derför
456 1370 30 28 pä
502 1370 118 22 enahanda
636 1372 50 20 sätt
700 1376 51 16 som
761 1369 56 21 min-

56 1405 71 22 skade:
150 1405 245 27 passagerareafgifter
418 1405 37 22 till
478 1405 74 27 någon
571 1405 36 22 del
624 1405 92 27 bidraga
732 1405 35 22 till
782 1405 35 21 ett

55 1439 88 22 ökande
161 1440 27 21 af
203 1440 191 27 persontrafiken.
426 1440 30 21 Ju
475 1445 64 16 mera
553 1440 175 27 jernvägsnätet
743 1439 74 22 utvid-

124 1489 181 24 Jernvägsutskottets
318 1490 115 18 betänkande
446 1490 38 18 N:o
496 1491 17 17 5.
