1070 1795
62 203 34 18 N:o
120 204 11 17 3
143 204 6 17 i
161 203 99 23 anledning
278 204 21 17 af
316 205 27 16 ett
360 203 50 18 inom
428 203 137 18 Presteståndet
582 203 56 18 väckt
650 203 70 22 förslag
732 203 30 18 till

142 232 78 23 petition
232 237 29 13 om
273 232 77 23 ändring
362 232 22 17 af
395 232 9 17 1
418 232 33 17 och
463 233 10 16 2
485 231 21 24 88
518 231 7 18 i
535 231 68 23 nådiga
611 231 123 23 kungörelsen
743 231 21 18 af

142 261 34 17 den
195 261 21 17 17
234 261 50 17 Mars
302 261 44 18 1879
358 261 94 22 angående
465 260 88 23 flyttning
565 260 42 18 från
618 265 23 13 en
653 260 109 23 församling

141 289 29 18 till
184 295 21 12 en
218 295 60 12 annan
290 292 47 15 samt
348 295 29 12 om
390 289 142 18 arbetssökande
544 289 49 18 inom
605 289 47 18 eller
660 291 50 16 utom
718 289 43 18 Fin-

141 319 53 22 land;
207 324 19 12 se
238 320 35 21 pet.
286 318 34 18 bet.
333 318 34 18 N:o
380 319 11 17 8
411 332 3 4 .

119 347 30 18 4i
162 333 99 37 anledning
269 347 21 18 af
296 347 51 18 Hans
355 347 106 22 Kejserliga
469 328 95 46 Majestäts
574 331 71 38 nådiga
649 327 112 46 proposition

142 375 93 24 angäende
254 375 110 18 förändrade
380 375 139 18 bestämmelser
531 375 76 18 rörande
618 375 111 23 utgörandet
742 375 20 18 af

141 405 51 17 skatt
204 405 28 17 för
244 405 80 22 hundar;
337 410 19 12 se
368 410 50 17 prop.
430 405 33 17 N:o
476 405 22 17 12

117 434 11 17 5
141 434 6 17 i
160 433 99 23 anledning
270 434 22 17 af
301 415 44 45 flera
357 433 50 18 inom
420 433 136 18 Bondeståndet
568 418 72 33 väckta
648 418 70 37 förslag
724 418 37 32 till

141 461 103 23 petitioner,
263 461 97 23 äsyttande
378 461 115 18 inrättandet
506 461 21 18 af
537 463 28 16 ett
577 463 59 16 större
648 461 51 18 antal
710 461 50 22 jord-

143 491 117 18 bruksskolor
272 490 28 18 uti
313 490 90 18 särskilda
412 490 49 18 delar
469 490 21 18 af
496 490 69 22 landet;
575 495 19 12 se
603 492 35 20 pet.
648 489 36 18 bet.
693 490 35 17 N:o
738 490 22 17 17

119 520 11 17 6
143 519 6 18 i
161 519 99 23 anledning
277 519 21 18 af
315 521 26 16 ett
353 519 48 18 inom
414 519 157 23 Borgareständet
583 519 56 18 väckt
650 519 70 22 förslag
733 518 27 18 till

142 547 78 24 petition
238 553 28 12 om
278 548 101 23 beviljande
392 549 20 16 af
423 548 67 22 anslag
502 548 29 17 för
542 547 78 24 höjande
632 548 21 17 af
664 547 96 18 hönssköt-

141 577 37 18 seln
191 577 6 18 i
209 577 71 21 landet;
292 582 19 13 se
324 579 37 20 pet.
373 577 37 18 bet.
422 577 34 18 N:o
469 577 32 18 18.
526 590 3 5 .
584 590 3 4 a

118 607 10 17 7
141 606 6 17 i
160 606 98 23 anledning
276 605 21 18 af
313 608 27 15 ett
357 605 49 18 inom
425 605 136 18 Bondeständet
577 591 55 32 väckt
640 590 76 38 förslag
726 590 33 33 till

141 635 77 22 petition
237 640 28 12 om
284 634 112 19 inrättandet
414 635 20 17 af
451 634 227 22 kreatursskötareskolor;
692 639 18 13 se
723 636 36 20 pet.

140 663 35 18 bet.
188 663 33 18 N:o
233 664 38 17 28
262 659 12 32 .

117 693 11 17 8
140 692 6 17 i
158 692 98 23 anledning
268 692 21 17 af
299 694 27 15 ett
338 677 49 32 inom
395 673 26 47 R.
434 697 16 12 o.
462 677 22 32 N
497 677 60 32 väckt
563 677 71 38 förslag
639 677 33 32 till
682 676 78 38 petition

140 726 28 12 om
186 721 104 18 inrättande
308 721 20 18 af
345 726 22 13 en
380 721 134 22 entomologisk
526 720 150 23 försöksstation;
690 725 20 13 se
721 722 37 21 pet.

140 749 35 18 bet.
188 749 32 18 N:o
232 750 40 17 24
264 745 12 32 .
354 763 32 4 PE"

117 779 11 17 9
141 778 6 17 i
159 778 99 23 anledning
276 778 21 17 af
314 780 26 15 ett
352 778 28 17 till
392 763 157 38 Borgareständet
554 763 106 33 "inlemnadt
669 763 90 33 motions-

140 807 75 22 förslag,
233 807 96 22 äsyftande
344 807 108 23 förändring
464 807 21 18 af
495 807 10 23 &
517 808 10 17 9
540 807 7 18 i
559 807 130 23 förordningen
702 807 34 18 den
748 807 11 17 9

139 835 44 18 Juni
201 836 45 18 1892
264 835 94 23 angäende
376 835 117 24 försäljning,
508 836 78 23 forsling
601 837 47 16 samt
659 836 68 22 upplag
740 836 20 17 af

140 865 77 18 bränvin
236 865 31 18 och
285 865 57 17 andra
359 865 69 18 brända
443 865 45 18 eller
501 865 111 18 distillerade
625 865 133 22 spritärycker;

141 898 18 13 se
172 889 43 32 mot.
228 893 35 18 bet.
283 893 69 18 Nol.
377 907 3 4 .
406 907 32 4 ..
550 907 60 4 vie

107 923 22 18 10
141 922 6 18 i
156 922 100 23 anledning
264 923 20 17 af
290 922 51 18 Hans
350 922 105 23 Kejserliga
463 903 97 47 Majestäts
569 908 70 37 nådiga
645 907 113 38 proposition

139 951 94 23 angäende
252 951 50 18 vissa
319 951 172 23 inskränkningar
483 947 12 31 i
504 951 78 18 handeln
600 951 40 18 med
658 951 52 18 viner
725 951 33 17 och

139 981 58 17 andra
208 986 77 17 svagare
297 981 115 22 rusdrycker;
426 985 19 13 se
457 985 51 18 prop.
520 980 33 18 N:o
565 981 22 17 27
752 993 4 4 N

105 1010 19 17 11
140 1009 6 18 i
158 1009 100 22 anledning
276 1009 21 18 af
313 1009 91 18 särskilda
421 1009 50 18 inom
489 1009 71 18 Preste-
573 1009 32 18 och
617 990 141 45 Bondeständen

139 1039 67 17 väckta
223 1038 85 17 motions-
321 1038 33 17 och
365 1037 164 24 petitionsförslag,
541 1038 96 22 äsyftande
649 1037 78 23 ändring
739 1037 22 18 af

139 1067 153 22 förordningarna
309 1067 21 17 af
347 1066 34 18 den
394 1067 11 16 2
416 1066 54 23 April
483 1067 44 17 1883
539 1067 33 17 och
585 1066 33 18 den
633 1067 11 17 9
655 1065 45 19 Juni
712 1066 46 17 1892

139 1095 94 23 angäende
252 1095 130 47 su
378 1095 33 18 och
429 1095 126 23 utskänkning
567 1096 22 17 af
598 1095 128 22 maltdrycker,
738 1100 20 12 se

137 1126 43 16 mot.
193 1124 36 18 bet.
241 1124 56 18 N:o
291 1120 10 32 2
321 1138 4 3 .
351 1139 3 2 .
408 1137 4 5 e

105 1153 21 18 12
139 1153 6 18 i
157 1153 99 23 anledning
273 1153 21 18 af
311 1155 27 16 ett
355 1153 49 18 inom
422 1138 136 33 Bondeständet
576 1137 55 34 väckt
637 1133 77 47 "förslag
723 1137 34 34 till

139 1181 79 23 petition
230 1187 28 12 om
270 1181 101 18 beredande
384 1182 20 17 af
414 1181 97 24 möjlighet
524 1182 28 17 för
560 1181 69 18 mindre
635 1181 122 24 jordbrukare

139 1213 27 15 att
178 1211 24 22 på
215 1210 109 23 förmånliga
332 1210 61 18 vilkor
400 1210 58 19 undfå
465 1210 109 23 odlingslån,
583 1216 19 13 se
609 1212 36 21 pet.
652 1210 36 18 bet.
694 1210 33 18 N:o
734 1211 23 17 30

106 1240 22 17 13
141 1239 6 18 i
159 1239 100 23 anledning
275 1239 21 18 af
305 1241 67 16 tvenne
384 1239 30 18 till
426 1239 137 18 Bondeståndet
575 1239 101 18 inlemnade
688 1239 69 23 förslag

138 1268 28 18 till
185 1268 103 23 petitioner,
306 1268 95 23 åsyftande
419 1268 134 24 befrämjandet
570 1269 21 17 af
601 1268 48 18 låne-
662 1268 32 18 och
707 1273 49 18 spar-

138 1297 177 23 kasseinrättningar
330 1299 48 16 samt
390 1297 57 18 andra
459 1297 86 23 åtgärder
557 1297 29 18 till
599 1297 126 18 förbättrande
737 1297 21 17 af

138 1325 70 18 mindre
219 1325 225 23 lägenhetsinnehafvares
456 1326 94 22 ställning,
563 1331 19 13 se
594 1328 36 20 pet.
643 1325 36 18 bet.
691 1325 33 18 N:o
733 1326 22 17 31

104 1354 21 18 14
138 1354 6 18 i
156 1354 100 23 anledning
268 1354 22 18 af
300 1354 40 23 fyra
351 1354 27 18 till
386 1355 72 17 Preste-
467 1355 33 17 och
508 1354 139 18 Bondestånden
655 1354 101 18 inlemnade

137 1383 70 23 förslag
219 1382 29 19 till
260 1382 104 24 petitioner,
376 1383 98 23 åsyftande
487 1383 91 24 stäfjande
590 1383 20 18 af
622 1382 133 47 Skogeskpnlin

135 1412 133 22 gen
179 1408 11 31 i
200 1412 68 22 landet,
281 1417 19 13 se
313 1408 35 31 pet.
361 1412 36 18 bet.
410 1412 88 18 N:o
460 1408 22 31 36
497 1408 12 31 .
523 1427 4 3 .
552 1426 3 4 .
580 1426 4 3 .
609 1426 3 4 .
637 1425 4 5 .
694 1425 61 4 Pen

793 403 25 18 IL.

796 490 22 17 V.

780 980 35 17 TIL.
