1070 1795
262 118 28 20 30
415 118 279 23 Petitionsbetänkande
710 119 46 22 N:o
771 119 40 22 33.

230 185 27 23 af
272 185 43 22 den
331 186 139 29 ifrågasatta
493 187 112 28 åtgärden
631 190 25 18 är
680 187 139 28 tillräckligt
842 189 59 19 stort
922 187 8 22 i
943 187 46 22 för-

230 219 113 22 hållande
360 220 38 23 tik
419 221 45 21 den
485 220 95 22 därmed
602 221 110 21 förenade
730 221 169 28 statsutgiften,
921 228 68 22 synes

230 254 123 22 Utskottet
369 255 176 28 otvifvelaktigt
561 255 26 22 af
600 255 102 28 följande
718 255 57 22 skäl.

300 289 11 21 I
333 289 97 22 främsta
452 292 99 19 rummet
574 293 25 18 är
621 293 34 18 att
673 289 91 27 beakta,
781 292 35 19 att
831 292 35 19 ett
880 290 110 21 klassiskt

230 323 90 28 lyceum
344 324 53 21 med
418 323 139 29 fullständig
579 323 105 30 reallinje
700 324 100 21 faktiskt
815 324 100 21 skänker
930 324 59 21 skol-

230 357 82 22 staden
328 358 120 21 förmånen
465 358 26 21 af
503 358 150 29 fullständigt
668 358 64 21 såväl
749 358 111 22 klassiskt
875 366 48 14 som
932 359 58 21 real-

230 392 92 29 lyceum
346 392 36 22 för
406 400 27 14 en
456 393 146 29 ojämförligt
624 393 92 29 ringare
738 393 100 21 kostnad
860 397 30 17 än
906 393 29 22 då
950 393 39 22 två

232 428 77 20 skilda
330 428 79 21 skolor
428 427 36 22 för
486 427 196 28 tillgodoseendet
705 428 26 21 af
744 428 28 21 de
788 428 59 21 båda
863 428 127 28 bildnings-

231 461 111 29 linjernas
359 461 72 22 behof
444 461 175 29 upprätthållas.
643 462 123 21 Dessutom
777 461 91 22 medför
879 469 28 14 en
918 461 71 22 sådan

232 495 132 29 anordning
387 496 44 21 den
454 496 111 26 fördelen,
582 498 35 19 att
633 496 27 21 de
676 504 27 13 en
720 497 64 28 gång
799 497 30 28 på
844 496 76 28 lyceet
935 496 54 21 ned-

232 530 71 28 lagda
329 530 156 21 kostraderna
509 530 94 21 komma
626 533 34 18 ett
684 532 74 19 större
780 530 64 21 antal
863 530 75 21 elever
954 530 35 21 till

233 565 61 28 godo
310 568 29 17 än
356 565 41 21 där
412 565 122 28 reallinjen
550 565 52 20 icke
617 564 120 22 fortsättes
748 565 73 28 uppåt
833 565 65 21 öfver
908 565 30 20 kl.
950 565 39 20 IV.

232 599 36 21 De
284 599 82 25 elever,
382 606 48 14 som
446 606 32 14 nu
493 599 89 28 nödgas
595 599 54 28 afgå
660 599 51 21 från
724 599 77 21 denna
811 599 70 26 klass,
892 599 97 27 komme,

233 641 38 14 om
286 633 121 28 reallinjen
422 633 93 28 gjordes
531 633 145 28 fullständig,
692 636 36 19 att
742 633 9 21 i
765 633 132 22 läroverket
912 633 78 21 kunna

232 668 102 24 kvarstå,
350 667 43 22 och
409 667 64 22 detta
488 668 7 21 i
511 667 28 22 de
555 667 67 22 flesta
632 667 41 22 fall
686 671 56 18 utan
756 671 35 18 att
802 668 187 21 elevnumerären

233 702 76 21 skulle
332 701 143 22 öfverskrida
491 701 44 22 den
551 701 36 22 för
603 701 79 30 hvarje
697 702 62 21 klass
775 702 94 21 tillåtna
884 705 104 25 gränsen.

233 737 44 21 Att
292 737 45 21 den
347 736 154 28 fullständiga
511 736 63 21 reala
586 736 72 29 linjen
670 736 121 29 verkligen
803 736 93 21 erhållit
908 736 81 27 elever,

233 771 103 28 framgår
358 771 26 21 af
404 771 44 20 den
464 770 137 27 erfarenhet,
618 777 48 14 som
681 771 96 20 vunnits
792 770 40 21 vid
848 770 28 21 de
892 770 97 21 svenska

234 805 108 29 lyceerna
358 805 8 21 i
381 805 61 21 Vasa
458 805 43 21 och
515 805 125 28 Uleåborg,
656 805 8 21 i
680 805 39 20 det
732 807 35 19 att
777 804 45 21 den
833 805 62 21 reala
907 804 82 29 linjens

234 840 116 21 elevantal
366 839 42 22 där
422 839 61 22 varit
497 839 9 22 i
521 839 105 28 ständigt
641 839 107 28 stigande
764 839 52 21 från
833 839 44 21 den
896 839 34 21 tid
946 839 43 21 den

234 875 127 21 successivt
382 874 161 28 organiserats,
568 873 118 22 äfvensom
711 877 35 18 att
768 873 77 22 denna
860 873 56 28 linje
931 873 59 22 före-

234 909 114 21 trädesvis
371 909 84 21 vunnit
477 908 142 28 anslutning.
650 909 50 20 Den
724 907 173 29 omständighet
913 910 34 19 att
961 907 28 21 de

233 943 65 21 reala
319 943 105 28 linjerna,
441 943 41 20 där
497 943 28 20 de
541 943 51 20 icke
608 943 72 27 gjorts
696 942 160 29 fullständiga,
873 943 75 20 såsom
962 949 28 14 ur

234 977 46 21 den
306 977 100 22 officiela
432 977 131 21 statistiken
589 977 122 26 inhemtas,
737 977 61 20 varit
819 976 170 29 jämförelsevis

233 1011 54 22 litet
312 1012 102 25 besökta,
438 1011 67 26 visar,
533 1011 68 21 äfven
618 1011 50 26 den,
695 1011 171 28 behöfligheten
892 1010 25 22 af
940 1010 50 21 dess

232 1047 150 28 utvidgning,
399 1046 29 21 då
442 1048 25 24 ju
486 1045 114 22 föräldrar
622 1046 8 20 i
653 1046 95 28 månget
769 1045 42 22 fall
835 1045 52 22 icke
912 1045 78 21 veder-

233 1083 62 28 våga
318 1081 50 22 sina
391 1081 68 21 barns
479 1081 125 28 intagning
620 1081 13 20 å
648 1081 45 20 den
708 1080 63 21 reala
786 1080 79 28 linjen,
882 1080 25 21 så
921 1080 68 28 länge

234 1117 46 21 den
303 1116 52 21 från
377 1115 31 22 kl.
431 1115 33 21 IV
487 1114 118 29 afgångne
627 1115 79 20 eleven
722 1115 105 21 hvarken
843 1114 103 29 bibragts
961 1121 29 14 en

234 1151 102 22 afslutad
358 1149 174 28 bildningskurs
555 1149 56 21 eller
633 1152 57 18 utan
709 1149 282 28 kompletteringsstudier

233 1186 48 21 kan
297 1185 71 21 vinna
383 1183 90 22 inträde
488 1183 9 22 i
512 1183 139 28 reallyceum
667 1183 30 28 på
712 1191 78 13 annan
806 1186 42 24 ort,
859 1183 72 28 något
942 1191 48 14 som

234 1219 114 29 därjämte
364 1219 49 21 ofta
429 1218 25 21 af
467 1218 150 21 ekonomiska
632 1218 50 21 skäl
693 1218 51 21 icke
755 1218 46 21 kan
813 1217 26 22 af
846 1217 144 22 föräldrarna

234 1254 158 29 möjliggöras.
422 1253 70 21 Detta
516 1252 146 22 förhållande
684 1253 42 20 har
750 1252 25 21 af
795 1252 53 21 dem
870 1252 63 21 inom
948 1253 43 21 Ut-

234 1289 96 26 skottet,
353 1287 80 22 hvilka
448 1287 7 22 i
471 1287 64 22 detta
551 1287 95 21 afsende
662 1294 43 21 ega
720 1287 119 28 personlig
854 1286 136 28 erfarenhet,

234 1323 92 21 kunnat
341 1322 126 22 bekräftas.

305 1357 36 21 Då
356 1356 40 21 det
410 1356 129 21 emellertid
555 1359 25 17 är
595 1356 67 24 klart,
678 1357 36 19 att
729 1354 45 22 den
789 1354 63 22 reala
862 1354 84 29 linjens
956 1357 36 19 ut-

234 1391 118 29 vidgning
368 1390 123 29 onekligen
507 1393 103 18 närmast
626 1389 42 22 och
678 1389 164 28 förnämligast
853 1389 91 22 komme
957 1391 35 19 att

234 1426 66 29 tiena
315 1428 34 19 ett
365 1425 73 21 lokalt
449 1424 127 26 skolbehof,
588 1424 30 21 då
628 1424 118 21 dessutom
759 1423 28 22 de
799 1423 83 28 städer,
893 1424 8 21 i
912 1423 80 22 hvilka

305 1465 104 18 Allmänna
421 1465 168 17 Besvärsutskottets
601 1464 111 18 betänkande
724 1464 37 17 N:o
773 1463 32 18 22.
