1070 1795
263 122 13 21 2
415 122 280 23 Petitionsbetänkande
711 123 45 23 N:o
772 123 37 22 16.

233 194 31 18 att
280 193 57 19 dessa
353 193 86 24 upphört
454 196 29 16 att
499 195 48 21 göra
562 199 74 13 samma
651 193 62 20 skada
729 199 41 13 som
787 193 47 23 förr,
845 193 37 23 och
893 193 25 19 då
928 193 63 20 folket

234 221 56 24 själft
311 222 44 19 icke
378 221 44 20 haft
444 222 51 19 bröd
517 221 30 20 till
570 225 45 21 eget
632 221 67 24 behof,
714 223 48 18 utan
777 222 52 19 varit
843 224 81 22 tvunget
939 225 30 17 att
983 222 7 19 i

232 250 148 19 medlidsamma
396 250 123 19 människors
535 251 53 24 hjelp
604 250 49 19 söka
669 251 35 18 sitt
718 251 72 23 skydd.

304 278 55 20 1888
374 279 32 19 års
421 279 104 19 Allmänna
541 279 163 19 Besvärsutskott
719 279 100 23 framhöll,
835 280 30 18 att
875 279 114 24 zigenarnes

233 307 55 19 antal
303 313 46 14 vore
366 309 60 18 störst
442 308 6 18 i
463 307 96 20 Savolaks
576 307 37 20 och
629 308 93 24 Karelen,
738 308 36 19 och
790 308 77 23 möjligt
882 310 29 21 är,
926 310 29 17 att
965 308 24 19 de

234 335 37 20 där
286 338 34 17 äro
336 336 98 23 talrikast,
449 342 43 13 men
509 337 5 18 i
531 337 126 23 tidningarna
672 336 58 20 hafva
747 342 30 14 om
793 337 44 19 dem
853 336 50 19 varit
914 336 75 24 synliga

233 365 101 23 uppgifter
362 365 36 19 och
417 365 97 23 klagomål
529 365 43 20 från
589 365 39 19 alla
644 365 38 19 län.
713 365 70 20 Under
798 365 138 19 diskussionen
957 365 32 19 vid

232 392 57 20 1888
305 393 31 19 års
351 393 95 25 landtdag
461 394 121 25 påpekades,
598 396 29 17 att
637 393 91 25 gällande
739 393 140 25 förordningar
889 394 100 23 angående

231 422 119 19 lösdrifvare
370 422 45 20 icke
431 423 44 19 med
490 422 96 24 tillbörlig
601 423 103 23 stränghet
719 423 108 23 tillämpats
847 422 25 24 på
892 423 97 23 zigenare,

231 455 45 14 men
293 450 24 19 då
332 451 44 18 med
392 451 105 24 anledning
512 451 58 19 häraf
585 451 32 19 det
627 451 89 24 yrkande
727 451 86 24 gjordes,
826 453 29 17 att
865 451 123 24 Regeringen

231 478 64 20 borde
317 479 197 24 uppmärksamgöras
536 480 26 24 på
584 482 29 17 att
634 485 137 18 noggrannare
792 479 107 20 öfvervaka
919 479 70 20 nämda

231 507 151 24 förordningars
398 507 123 24 efterlefnad,
538 508 70 23 ansågs
624 514 23 13 en
664 509 53 24 dylik
734 508 79 19 erinran
829 509 99 23 olämplig.
948 508 40 19 Eno-

230 537 37 23 ligt
288 536 52 20 hvad
354 537 33 24 jag
403 537 43 19 med
461 537 94 19 säkerhet
570 540 42 16 tror
627 537 39 24 mig
681 540 52 20 veta,
749 537 63 19 skulle
828 537 51 20 dock
895 543 23 13 en
934 537 55 24 dylik

230 565 81 19 erinran
332 566 79 23 mycket
432 565 107 20 förbättrat
561 566 71 19 nämda
654 565 169 24 sakförhållande,
846 569 20 20 ty
888 566 23 19 de
934 565 53 24 lägre

230 594 158 24 tjenstemännen
412 594 63 19 skulle
498 595 40 19 helt
559 595 50 18 visst
623 595 7 18 i
645 594 107 20 allmänhet
768 596 49 22 göra
832 595 29 18 sin
877 594 112 25 skyldighet

230 625 102 21 gentemot
353 623 111 24 zigenarne,
488 629 30 14 om
540 623 53 19 blott
611 623 44 20 icke
676 623 119 24 ordningens
818 623 61 23 högre
900 623 88 24 väktare,

231 657 46 13 vare
301 651 29 24 sig
351 651 31 20 för
402 653 29 18 att
446 651 105 25 inbespara
567 652 98 19 allmänna
680 651 65 20 medel
761 651 49 20 eller
826 651 21 20 af
861 657 64 14 annan
941 652 46 19 obe-

230 679 50 20 kant
300 680 66 23 orsak,
388 681 66 18 visade
476 682 29 18 att
528 681 23 18 de
574 681 76 18 mindre
671 686 61 18 gerna
755 680 46 19 ville
816 682 46 22 taga
878 680 110 24 befattning

230 709 45 18 med
300 709 29 18 till
356 709 42 19 dem
417 708 82 20 afsända
514 709 91 24 zigenare
622 709 36 19 och
674 709 58 19 döma
748 709 43 19 dem
807 712 30 16 att
852 711 33 17 äta
900 709 87 19 kronans

230 737 60 20 kaka.
320 737 27 19 Af
361 740 45 21 eget
420 738 85 19 initiativ
519 738 38 19 har
571 737 123 24 Regeringen
710 738 63 19 delvis
789 738 61 19 redan
866 738 49 23 tagit
926 737 60 20 saken

231 771 31 14 om
286 766 59 23 hand,
362 768 48 17 enär
425 767 124 23 tidoingarna
564 767 79 23 nyligen
659 767 60 18 visste
733 767 85 22 berätta,
841 769 29 16 att
891 766 96 24 Regerin-

229 799 38 19 gen
281 795 75 19 erinrat
366 795 149 19 vederbörande
523 801 31 13 om
565 798 30 16 att
605 795 43 20 icke
661 795 53 24 gifva
722 795 128 24 arbetsbetyg
857 795 21 19 ät
885 800 100 19 personer,

229 823 69 19 hvilka
318 823 44 20 icke
379 823 67 20 kunna
460 824 74 23 styrka,
551 825 30 18 att
597 824 23 19 de
636 823 60 20 blifva
712 824 6 19 i
735 824 44 23 laga
795 824 84 23 ordning
894 824 91 19 mantals-

230 851 83 24 skrifna,
337 852 63 23 erlagt
422 852 119 24 föregående
563 853 33 19 års
618 853 104 24 utskylder
746 852 36 20 och
805 852 45 19 icke
871 852 31 19 stä
923 853 64 18 under

230 886 76 14 annans
328 881 168 19 husbondevälde.
526 881 46 19 Men
594 881 65 19 denna
678 881 70 24 åtgärd
774 881 76 19 medför
873 881 68 19 endast
961 887 24 13 en

230 909 58 24 ringa
311 909 125 24 förbättring,
459 910 22 19 sä
503 910 56 23 länge
581 910 26 19 bl.
622 915 18 14 a.
656 911 24 18 de
696 915 97 19 personer
808 915 58 14 anses
882 910 103 23 rätteligen

228 938 168 23 mantalsskrifna,
413 939 66 19 hvilka
494 939 44 19 icke
553 939 27 24 pä
595 939 69 23 mänga
680 939 22 19 är
717 938 45 19 lätit
776 938 160 19 mantalsskrifva
949 939 35 23 sig,

228 971 44 14 men
294 967 66 19 hvilka
383 967 185 19 häradsskrifvaren
591 967 44 20 icke
657 967 77 19 kunnat
752 967 63 19 afföra
837 973 24 13 ur
881 967 105 24 böckerna,

229 995 83 20 emedar
336 996 23 19 de
383 998 52 17 ännu
459 996 93 23 existera,
575 1001 30 14 om
622 996 37 19 ock
675 996 66 19 såsom
756 995 119 20 lösdrifvare
891 997 45 18 utan
952 996 33 19 be-

228 1025 76 18 stämdt
327 1024 89 19 hemvist.
448 1025 41 19 Och
505 1025 58 19 dessa
579 1025 30 19 stä
624 1025 44 19 icke
683 1025 64 19 under
762 1030 65 13 annan
843 1029 82 19 persons
940 1024 46 19 hus-

227 1052 132 21 bondevälde.

298 1081 46 20 Men
368 1081 61 20 ehuru
452 1087 68 18 genom
544 1081 176 24 förordningarnas
744 1084 101 21 strängare
869 1081 117 20 efterlefnad

230 1109 79 24 mycket
324 1109 66 20 blefve
406 1113 79 21 vunnet,
501 1116 46 13 vore
564 1111 51 19 dock
630 1111 44 19 icke
690 1110 149 24 zigenarfrägan
855 1110 6 19 i
878 1110 29 19 sin
920 1110 67 19 helhet

228 1138 83 19 därmed
326 1139 78 23 utredd,
420 1139 26 20 dä
460 1145 44 13 man
519 1139 45 20 icke
580 1139 82 24 känner,
677 1139 51 20 huru
744 1141 51 18 stort
810 1139 76 19 antalet
896 1139 89 24 zigenare

227 1167 7 18 i
251 1167 45 19 värt
314 1167 48 20 land
377 1169 28 22 är,
421 1167 68 21 hvilka
505 1168 21 19 af
540 1168 43 19 dem
599 1173 41 14 som
655 1170 35 17 äro
704 1168 124 23 berättigade
839 1169 30 18 att
879 1167 36 20 här
925 1173 60 19 uppe-

227 1195 56 20 hålla
306 1196 30 24 sig
358 1196 26 24 pä
405 1197 64 23 grund
491 1196 21 20 af
531 1196 51 19 finsk
597 1197 167 24 medborgarrätt,
780 1199 51 16 samt
845 1197 50 18 huru
911 1196 23 19 de
950 1199 35 16 äro

227 1223 105 20 fördelade
355 1225 26 24 pä
404 1225 54 19 olika
483 1225 54 19 delar
559 1225 21 20 af
605 1226 73 19 landet.
711 1225 62 20 Först
800 1225 61 19 sedan
887 1224 99 25 uppgifter

227 1252 71 20 härom
314 1253 142 24 införskaffats,
472 1254 37 19 blir
525 1255 33 18 det
573 1254 76 24 möjligt
664 1257 29 16 att
708 1254 76 19 föreslä
799 1254 26 24 pä
840 1253 88 20 faktiska
942 1253 43 19 skäl

229 1282 80 23 stödda,
320 1282 93 24 lämpliga
425 1282 92 25 ätgärder
528 1283 30 18 till
569 1283 71 19 sakens
651 1282 145 20 förbättrande.
812 1281 143 20 Anskaffandet
965 1281 22 20 af

228 1310 113 19 statistiska
356 1311 100 24 uppgifter
471 1311 84 19 rörande
571 1312 105 23 zigenarne
692 1317 59 14 anser
764 1311 34 24 jag
813 1311 68 19 därför
895 1316 47 14 vara
953 1311 32 18 det

228 1339 66 19 första
316 1339 86 19 vilkoret
422 1340 32 19 för
474 1339 79 25 frägans
577 1340 152 23 förberedande,
753 1339 112 19 statistiska
887 1339 99 24 uppgifter

227 1367 46 20 icke
296 1368 70 19 endast
385 1373 30 14 om
431 1368 50 23 dem,
497 1368 67 20 hvilka
579 1371 34 17 äro
630 1372 100 21 upptagna
745 1368 7 19 i
767 1368 167 24 kyrkoböckerna
948 1368 37 19 och

226 1397 7 18 i
256 1396 198 21 häradsskrifvarens
477 1397 37 20 och
529 1397 127 20 kommunens
672 1397 83 25 böcker,
771 1399 48 18 utan
835 1397 56 19 äfven
908 1402 30 13 om
954 1397 30 18 sä-

227 1425 61 26 dana,
310 1431 41 14 som
372 1425 76 20 ströfva
462 1426 90 24 omkring
567 1426 37 19 och
619 1426 68 19 tidtals
702 1426 61 19 vistas
779 1426 27 24 pä
821 1431 24 14 en
861 1425 60 24 trakt,
937 1425 48 20 eller

298 1463 101 18 Allmänna
410 1463 172 20 Besvärsutskotteis
594 1464 110 19 betänkande
716 1463 39 19 N:o
763 1464 28 18 14.
