1070 1795
296 145 283 23 Petitionsbetänkande::N:d
593 145 36 25 27.
783 146 14 21 5

272 205 33 19 att
322 203 39 21 vid
379 203 156 21 utarbetandet
555 203 29 27 af
597 203 85 28 förslag
698 203 36 21 till
752 210 27 14 en
793 209 32 22 ny

204 232 66 27 tariff
282 231 37 28 för
332 231 178 28 godsbefordran
525 231 14 22 å
557 232 62 21 dessa
629 231 125 28 jernvägar
763 232 61 27 jem-

203 261 37 20 väl
258 260 150 28 xontariffens
424 260 119 28 principer
561 260 76 27 blefve,
656 260 26 21 så
701 260 48 21 vidt
767 261 56 27 möj-

204 289 45 28 ligt,
266 289 108 22 beaktade.

135 365 124 22 Helsingfors,
272 364 35 18 den
319 365 11 17 9
343 364 85 18 februari
442 364 51 18 1894.

589 428 60 22 Frith.
666 428 92 22 Neovius.

135 545 93 22 Tanken
247 546 37 20 att
303 544 105 27 tillämpa
427 546 36 20 ett
485 544 197 27 zontariffsystem
701 544 29 27 pä
749 549 76 22 passa-

66 580 181 28 gerarerörelsen
270 579 14 22 å
305 579 154 27 jernvägarne
483 579 170 21 framkastades
676 579 7 20 i
702 579 80 26 början
801 579 26 20 af

67 615 56 21 1880
141 614 58 22 talet
217 614 34 21 uti
270 620 28 15 en
317 614 113 27 broschyr
450 614 26 21 af
492 614 38 21 D:r
549 613 77 28 Engel.
657 613 59 22 Förf.
736 613 89 22 beteck-

66 649 57 22 nade
138 649 80 21 härvid
237 649 77 22 säsom
332 648 85 22 idealet
436 648 35 21 för
489 649 164 27 jernvägarnes
668 653 157 22 passagerare-

65 683 65 22 tariff
148 681 184 30 ,personportot*
354 683 20 21 d.
394 689 22 15 v.
437 689 18 15 s.
475 689 28 16 en
521 683 61 21 inom
598 683 64 22 vissa
680 685 94 25 gränser
789 688 36 16 en-

65 718 78 27 hetlig,
158 718 27 21 af
197 723 80 16 resans
292 717 68 28 längd
376 718 127 21 oberoende
518 717 73 28 afgift,
603 718 6 21 i
620 718 73 21 likhet
706 717 52 22 med
768 717 57 22 bref-

65 753 79 26 portot
166 752 61 22 inom
250 753 172 26 postväsendet.
454 753 60 20 Enär
536 753 39 21 det
597 752 126 22 emellertid
745 753 80 26 syntes

66 787 102 27 omöjligt
187 788 36 21 att
242 787 141 22 omedelbart
402 787 135 27 genomföra
555 793 27 16 en
599 787 26 21 sä
644 787 133 27 fullständig
793 793 32 15 re-

66 821 66 27 form,
152 821 98 28 föreslog
268 821 58 27 förf.,
343 821 79 22 såsom
438 827 29 16 en
483 821 131 28 öfvergäng,
629 821 196 27 jernvägsafstän-

67 857 70 20 denas
151 856 113 27 indelning
279 856 7 21 i
302 856 52 27 fyra
370 856 76 21 skilda
465 856 174 21 afständszoner
656 856 52 21 med
724 855 101 22 faststäl-

66 891 78 21 landet
159 891 26 21 af
197 892 36 20 ett
248 891 42 21 och
305 896 91 16 samma
413 890 124 27 biljettpris
553 890 35 21 för
603 890 45 21 alla
658 890 94 22 afständ
764 890 61 21 inom

67 931 89 15 samma
171 931 49 16 zon.

135 959 35 22 Dä
184 959 29 28 pä
224 960 72 21 slutet
307 959 25 22 af
344 959 57 22 1880
413 959 76 22 talet
485 955 12 36 i
500 959 92 28 Ungern
604 959 66 28 fräga
681 959 97 22 väektes
789 963 36 18 om

66 993 148 28 reformering
234 994 26 21 af
275 995 254 26 passageraretaxorna
547 994 14 21 å
579 995 28 20 de
625 994 116 27 ungerska
756 995 69 21 stats-

66 1028 108 27 banorna,
190 1029 6 20 i
212 1028 62 27 syfte
294 1030 35 20 att
344 1028 115 27 befrämja
475 1029 188 26 persontrafiken,
680 1029 74 21 beslöt
772 1034 54 15 man

65 1063 105 27 tillämpa
185 1063 71 27 nägra
271 1063 26 21 af
313 1063 27 22 de
356 1063 69 26 ideer,
443 1069 50 16 som
508 1063 51 27 lägo
574 1063 35 22 till
623 1063 73 27 grund
712 1063 34 21 för
761 1069 64 20 nyss-

65 1097 100 21 nämnda
180 1097 86 28 förslag
282 1097 25 22 af
319 1097 39 21 D:r
373 1097 79 28 Engel,
465 1097 41 22 och
521 1097 103 27 sälunda,
634 1098 72 26 jemte
721 1103 27 16 en
760 1097 65 22 sänk-

65 1131 54 28 ning
142 1131 26 22 af
187 1131 283 28 passagerareafgifterna,
491 1132 70 22 ocksä
583 1132 57 21 söka
662 1132 56 22 ernä
736 1138 29 15 en
783 1131 42 22 för-

66 1166 90 27 enkling
174 1166 7 21 i
201 1166 348 27 passagerarebiljettväsendet.
572 1166 183 28 Försigtigheten
774 1166 52 27 bjöd

66 1200 57 21 dock
138 1201 37 21 att
193 1200 118 22 fastställa
328 1202 37 20 ett
384 1201 66 26 längt
469 1202 75 21 större
563 1201 63 21 antal
645 1207 74 20 zoner,
736 1201 34 21 för
789 1202 37 20 att

65 1235 50 21 icke
131 1234 151 22 öfverhöfvan
297 1235 89 27 hastigt
402 1235 71 27 bryta
487 1235 52 22 med
554 1235 96 28 tidigare
664 1235 161 22 förhållanden.

65 1269 11 21 I
92 1269 82 22 sådant
190 1269 107 22 afseende
316 1269 102 22 infördes
434 1271 86 21 tvenne
537 1270 130 22 lokalzoner
683 1281 27 4 —
726 1270 42 22 den
783 1275 44 16 ena

66 1303 143 22 omfattande
232 1309 63 16 resor
320 1304 100 22 emellan
443 1306 86 20 tvenne
554 1304 138 27 närbelägna
714 1304 112 22 stationer

67 1339 61 20 samt
147 1337 43 22 den
208 1338 70 21 andra
293 1344 63 16 resor
372 1338 52 22 från
442 1345 28 15 en
486 1339 85 21 station
587 1339 35 21 till
637 1344 28 16 en
684 1344 76 16 annan
774 1338 51 22 med

66 1371 144 28 förbigående
226 1372 26 22 af
265 1378 29 17 en
308 1373 193 28 mellanliggande
517 1373 86 22 station
622 1384 21 2 —
662 1372 120 23 äfvensom
798 1372 29 22 14

66 1406 180 23 afståndszoner.
276 1407 42 22 För
334 1407 44 22 den
393 1407 77 22 första
485 1408 133 21 lokalzonen
634 1407 145 22 fastställdes
795 1407 32 21 af-

65 1440 99 28 gifterna
179 1441 61 22 inom
259 1442 27 21 de
304 1443 36 20 tre
360 1442 76 21 skilda
452 1442 195 27 vagnsklasserna
663 1442 34 22 till
712 1448 59 21 resp.
791 1442 35 26 75,

135 1497 181 24 Jernvägsutskottets
328 1496 115 20 betänkande
455 1499 38 18 N:o
505 1500 16 16 4.
