1070 1795
308 149 229 21 Petitionsbetänkande
555 149 34 21 N:o
603 149 20 21 2.
771 149 40 21 169

153 207 44 22 Det
213 208 63 21 torde
290 207 50 22 icke
356 207 100 22 behöfva
471 207 100 27 påvisas,
587 208 7 21 i
609 208 58 21 huru
682 207 44 27 hög
736 208 55 26 grad
799 208 42 21 och

85 242 57 21 huru
158 242 83 21 snabbt
255 242 152 26 jernvägarna
424 242 113 21 förkofrat
553 241 133 27 landsdelar,
702 241 79 22 hvilka
789 242 51 21 med

84 275 106 22 afseende
214 276 13 21 å
242 277 74 26 odling
332 276 59 21 stått
407 276 31 27 på
453 282 27 15 en
496 277 63 26 lägre
575 276 147 27 ståndpunkt.
753 276 28 21 Vi
797 276 43 21 till-

84 310 48 21 låta
154 316 39 16 oss
216 311 56 21 dock
295 312 36 20 att
350 311 81 21 beröra
447 311 71 26 några
533 311 77 21 härtill
625 311 99 21 hörande
740 312 99 20 omstän-

79 345 111 26 dUigheter.
215 345 80 21 Såsom
313 345 84 22 bekant
413 345 105 22 lemnade
534 341 305 31 boskapsskötseln
747 337 13 40 i
767 337 76 40 Öster-

83 380 80 21 botten
186 379 66 27 ingen
268 380 114 26 synnerlig
399 380 138 27 afkastning
552 380 69 21 innan
636 379 203 28 Uleäborgsbanan

84 414 105 27 byggdes.
221 414 75 22 Under
320 414 78 27 loppet
414 414 27 21 af
454 415 13 21 7
483 415 13 21 å
511 415 15 20 8
541 415 26 21 år
582 414 70 22 hafva
668 414 171 22 förhållandena

83 448 47 22 helt
153 449 41 21 och
216 448 70 22 hållet
306 449 171 26 omgestaltats.
510 450 85 20 Värdet
610 449 26 20 af
649 450 39 20 det
703 450 68 25 smör,
789 455 50 15 som

82 483 71 21 under
175 485 79 19 senast
276 483 106 22 förflutna
404 489 63 16 mars
483 483 83 22 månad
581 483 79 26 hvarje
676 483 73 22 vecka
763 483 75 21 afsän-

82 517 39 22 des
145 517 50 21 från
211 517 141 22 stationerna
367 518 38 21 vid
422 517 158 28 Uleåborgska
595 518 129 26 jernvägen,
740 517 98 28 uppgick

82 552 35 21 till
147 551 93 27 160,000
261 552 65 21 mark
350 553 41 20 och
414 553 69 26 utgör
505 553 7 20 i
536 552 107 22 medeltal
659 552 72 21 minst
746 552 93 25 150,000

81 587 67 20 mark
163 587 6 20 i
186 587 87 21 veckan
290 587 53 21 eller
359 587 116 26 7,800,000
490 587 67 21 mark
573 587 34 21 för
622 587 48 21 helt
686 587 31 21 är.
748 587 44 21 Det
803 587 35 20 får

82 621 94 22 sålunda
199 621 49 22 icke
272 621 112 27 betviflas,
401 623 37 20 att
454 622 82 21 värdet
551 621 26 21 af
591 618 160 25 Österbottens
767 622 70 20 smör-

81 657 81 25 export
178 656 68 21 innan
261 656 52 21 kort
329 656 59 21 skall
404 656 77 27 uppgä
496 656 34 21 till
547 657 27 20 10
585 656 54 26 milj.
650 655 66 22 mark
725 656 42 21 och
776 655 61 21 inom

81 690 112 27 förloppet
208 690 26 21 af
247 692 35 20 ett
298 691 133 21 decennium
447 691 114 21 mähända
577 691 34 21 till
623 691 26 20 15
658 691 110 26 miljoner.
784 690 52 21 Men

80 725 30 26 pä
133 731 88 15 samma
245 725 59 27 gäng
326 725 245 27 mejerihandteringen
594 725 100 26 tillväxt,
710 725 41 20 har
767 725 69 21 äfven

80 759 203 27 boskapsskötseln
301 755 6 36 =
314 759 133 22 förkofrats.
483 760 33 21 En
539 760 108 21 talrikare
672 759 164 27 boskapsstam

79 793 150 27 underhälles,
249 794 43 21 den
307 794 63 21 födes
387 794 77 21 bättre
481 795 41 21 och
538 795 35 20 till
589 795 40 20 och
644 795 52 20 med
712 799 66 16 rasen
795 794 41 20 har

79 828 132 21 förbättras.
241 828 119 27 Härjemte
376 829 42 20 har
435 829 104 26 odlingen
555 829 26 21 af
593 829 27 20 hö
636 829 95 26 mycket
741 828 93 21 utveck-

79 863 52 21 lats.
162 863 35 20 Hö
213 864 133 25 exporteras
368 869 97 16 numera
481 864 6 20 i
503 863 89 27 ganska
607 865 48 20 stor
670 863 90 27 mängd,
776 863 58 21 utöf-

79 903 40 16 ver
134 896 60 22 hväd
210 903 49 16 som
274 897 121 22 förbrukas
412 898 98 21 hemma.
541 897 99 22 Sålunda
647 897 104 22 utfördes
760 902 74 17 exem-

78 932 73 27 pelvis
167 931 50 22 frän
233 931 76 28 Lappo
325 932 87 21 station
428 932 60 21 ifrän
504 932 111 27 ingängen
630 932 26 21 af
669 935 93 18 senaste
780 932 55 21 höst

77 967 59 21 intill
166 967 42 21 den
238 967 27 20 27
288 967 104 21 sistlidne
417 972 63 16 mars
496 967 93 26 749,600
608 967 35 26 kg.
659 967 35 25 hö,
710 967 71 21 ehuru
798 967 36 26 sju

77 1001 104 26 mejerier
204 1003 38 20 äro
264 1001 5 20 i
294 1001 151 22 verksamhet
469 1002 61 21 inom
546 1001 144 22 kommunen.
721 1001 113 22 Jemsides

77 1036 93 21 härmed
193 1035 41 21 har
256 1035 68 22 äfven
346 1036 137 26 jordbruket
498 1036 143 27 väsentligen
656 1036 119 27 utvidgats
791 1036 42 21 och

77 1070 138 22 förbättrats
230 1071 62 20 samt
307 1070 115 22 särskilda
438 1071 180 26 industrigrenar
632 1071 42 21 och
690 1076 75 15 annan
776 1070 56 21 före-

77 1105 131 26 tagsamhet
223 1105 47 21 dels
290 1105 154 26 framkallats,
460 1105 48 22 dels
524 1105 132 21 förkofrats.
687 1105 41 21 Om
744 1105 88 21 derföre

77 1139 207 26 Uleäborgsbanan,
316 1139 42 22 den
381 1139 43 27 dag
448 1145 50 16 som
521 1141 32 25 är,
573 1140 49 21 icke
637 1140 87 21 lemnar
740 1145 92 21 synner-

76 1173 58 26 ligen
157 1174 49 20 stor
228 1173 200 28 nettobehällning,
453 1174 26 21 sä
502 1174 45 21 kan
563 1174 42 21 den
620 1174 112 21 indirekta
747 1175 84 26 nyttan

76 1207 25 21 af
121 1207 133 22 densamma
276 1208 49 21 icke
348 1214 44 21 nog
408 1209 56 26 högt
480 1209 146 26 uppskattas.
658 1209 133 26 Uppenbart
807 1210 25 19 är

53 1259 2 2 -
75 1242 76 27 äfven,
174 1244 36 20 att
233 1249 37 15 om
288 1243 201 27 Uleäborgsbanan
505 1244 50 21 icke
571 1244 112 21 existerat
700 1244 40 21 och
756 1239 75 26 Öster-

75 1277 79 21 hotten
172 1277 87 22 således
275 1277 140 22 fortfarande
432 1277 112 22 förblifvit
554 1278 29 27 pä
591 1284 89 15 samma
688 1278 144 27 ståndpunkt

75 1317 50 15 som
148 1311 68 27 förut,
240 1311 26 22 sä
289 1312 73 21 skulle
379 1312 65 21 detta
460 1313 111 26 landskap
587 1313 50 21 haft
652 1313 113 26 betydligt
781 1312 49 21 svä-

75 1351 49 15 rare
147 1347 37 19 att
205 1346 53 23 reda
278 1346 33 26 sig
326 1346 71 21 under
414 1348 81 20 senast
509 1346 120 22 inträffade
645 1346 75 26 nödär,
737 1346 94 21 hvarför

75 1380 77 21 staten
183 1380 41 21 och
254 1380 102 21 enskilda
386 1381 149 27 medborgare
559 1381 46 22 fått
623 1381 127 22 vidkännas
766 1380 64 27 långt

75 1415 73 20 större
170 1414 152 27 uppotfringar
346 1415 35 20 för
404 1417 37 19 att
466 1416 69 21 rädda
551 1415 159 28 befolkningen
726 1415 49 22 frän
791 1421 39 15 un-

73 1448 99 27 dergäng
186 1448 82 27 genom
283 1449 85 27 hunger
385 1450 41 21 och
443 1450 162 21 umbäranden.

141 1498 201 19 Petitionsbetänkande
355 1499 37 18 N:o
404 1500 18 17 2.
