1070 1795
261 159 277 24 Petitionsbetänkande
553 160 100 29 N:oj25.

352 533 170 24 Allmänna
539 534 295 29 Besvärsuitskottets

286 567 184 24 betänkande
491 569 52 22 N:o
566 569 44 28 17,
632 570 9 22 i
661 571 134 28 anledning
810 571 27 22 af

285 602 35 21 ett
335 602 9 21 i
355 602 180 29 Ridderskapet
546 603 46 23 och
602 604 79 23 Adeln
692 605 72 22 väckt
774 605 60 28 peti-

285 636 161 29 tionsförslag
461 643 39 16 om
515 638 85 28 anslag
610 645 31 15 ur
651 639 124 22 allmänna
787 645 47 16 me-

285 670 39 22 del
344 671 40 22 för
407 671 154 28 uppförande
587 672 27 23 af
629 674 36 21 ett
686 674 148 27 gemensamt

284 704 45 23 hus
344 705 40 22 för
399 706 186 29 vetenskapliga
600 707 46 22 och
662 708 114 22 litterära
785 708 49 23 för-

284 739 102 28 eningar
401 739 9 22 i
425 739 163 30 Helsingfors.

147 826 89 22 Genom
252 825 213 30 protokollsutdrag
479 826 27 21 af
519 826 44 22 den
579 828 13 20 2
607 827 61 22 Mars
681 827 42 22 har
737 829 96 22 Ridder-

78 860 82 29 skapet
180 860 43 22 och
245 860 75 22 Adeln
343 860 37 22 till
402 860 144 29 behandling
560 861 8 21 i
583 861 126 23 Allmänna
724 863 109 22 Besvärs-

77 895 115 21 utskottet
207 895 129 22 remitterat
350 895 104 29 följande
469 895 243 29 petitionsmemoria!:

176 994 49 19 Till
241 994 140 24 Höglofliga
396 994 183 25 Ridderskapet
594 995 42 20 och
652 995 86 20 Adeln.

146 1057 9 20 I
170 1059 29 18 ett
214 1057 31 19 vid
266 1060 77 17 senaste
358 1057 94 24 landtdag
467 1058 31 19 till
512 1058 146 25 Ridderskapet
672 1059 37 19 och
724 1053 63 26 Adeln
802 1060 29 19 in-

77 1086 86 19 lemnadt
185 1087 98 18 vördsamt
297 1086 194 25 petitionsmemoria]
506 1086 90 20 framhö:l
611 1087 146 20 undertecknad
773 1089 58 19 önsk-

78 1115 106 19 värdheten
199 1115 21 19 af
234 1117 29 18 att
284 1115 31 20 för
334 1115 24 20 de
374 1115 150 24 vetenskapliga
539 1116 36 19 och
591 1116 89 19 litterära
695 1116 136 25 föreningarna

77 1143 101 20 härstädes
202 1145 28 18 ett
250 1146 116 21 gemensamt
381 1144 36 19 hus
432 1144 64 19 blefve
511 1144 95 25 uppfördt
620 1145 37 20 och
672 1147 30 17 att
717 1145 31 20 för
762 1146 68 20 sädant

77 1172 89 20 ändamål
188 1173 68 23 nödigt
278 1173 65 23 anslag
359 1178 21 13 ur
396 1173 97 19 allmänna
507 1173 64 20 medel
585 1174 59 19 måtte
661 1173 86 24 beviljas.
778 1175 52 20 Peti-

77 1201 125 24 tionsförslag
217 1201 7 19 i
242 1201 100 20 enahanda
364 1201 51 24 syfte
438 1202 80 19 väcktes
540 1201 57 20 äfven
619 1203 52 18 inom
693 1202 77 21 Preste-
793 1205 37 19 och

77 1229 176 24 Borgareständen,
264 1230 36 19 och
311 1229 65 20 blefvo
391 1230 90 24 samtliga
497 1231 56 19 dessa
569 1230 72 25 förslag
660 1231 125 21 remitterade
801 1233 29 20 till

77 1259 158 26 Statsutskottet,
258 1264 40 14 som
320 1259 60 19 likväl
396 1259 6 19 i
417 1259 98 20 anseende
538 1259 29 20 till
586 1260 60 19 andra
662 1260 168 25 maktpäliggande

76 1287 80 20 arbeten
178 1288 18 23 ej
220 1287 34 24 säg
271 1288 50 23 sigi
336 1287 78 20 tillfälle
430 1290 29 17 att
475 1287 54 20 öfver
544 1288 43 19 dem
603 1287 72 25 afgifva
690 1289 58 23 nägot
763 1290 65 20 betän-

77 1316 70 23 kande,
165 1315 79 20 hvarför
259 1317 24 18 de
299 1317 17 23 ej
332 1316 62 19 heller
410 1316 26 20 dä
450 1317 77 19 kommo
542 1317 62 19 under
620 1317 117 20 Ständernas
754 1319 77 24 slutliga

77 1345 123 23 behandling.
230 1345 30 19 Dä
275 1345 36 19 den
326 1345 7 18 i
348 1345 60 23 sagda
423 1345 107 24 petitioner
545 1345 83 20 berörda
643 1345 67 24 frägan
722 1348 107 19 emellertid

77 1379 56 18 synes
149 1379 45 14 vara
210 1373 20 20 af
244 1372 130 21 framstäende
394 1374 47 23 vigt,
457 1374 18 24 ej
492 1374 51 19 blott
557 1373 31 20 för
603 1374 24 20 de
642 1374 133 25 ifrägakomna
791 1376 39 21 för-

77 1403 114 23 eningarnas
206 1401 78 20 trefnad
300 1402 36 20 och
351 1402 131 24 fortbeständ,
497 1405 46 17 utan
559 1402 56 20 äfven
634 1403 31 20 för
680 1403 116 25 främjandet
811 1405 21 20 af

76 1431 24 20 de
122 1431 64 20 ideala
208 1431 38 19 mål
268 1431 134 24 öfverhufvud,
425 1431 32 20 för
477 1431 66 20 hvilka
558 1432 56 19 dessa
629 1431 111 25 föreningar
756 1434 74 27 arbeta,

76 1459 59 24 vågar
154 1460 34 24 jag
210 1460 48 24 hysa
279 1460 37 19 den
338 1460 56 25 åsigt,
418 1462 30 17 att
469 1459 67 25 frågan
551 1460 44 20 icke
611 1461 60 19 borde
686 1461 6 18 i
708 1461 48 25 följd
771 1463 22 19 af
807 1469 23 14 en

143 1498 103 18 Allmänna
257 1498 169 18 Besvärsutskottets
439 1498 110 19 betänkande
562 1498 37 19 N:o
611 1499 29 18 17.
