1070 1795
276 138 279 23 Petitionsbetänkande
570 138 43 23 N:o
628 138 38 23 19.
813 139 13 20 3

97 209 37 20 och
149 209 175 23 undervisningens
337 209 50 23 gång
403 211 23 16 är
437 208 63 19 under
509 208 140 24 inspektionen
658 208 17 24 ej
684 208 6 19 i
700 209 39 18 alla
748 208 107 20 afseenden

97 237 92 26 naturlig,
212 240 20 21 ty
248 237 5 19 i
268 237 70 24 många
356 237 34 19 fall
406 237 74 19 ändras
497 237 160 23 läseordningen.
688 237 30 19 De
734 237 68 19 starka
817 237 38 20 och

97 266 26 20 de
138 271 59 18 svaga
212 266 81 19 sidorna
307 265 64 20 skulle
384 265 81 24 mycket
475 265 65 20 bättre
551 265 109 20 framträda
670 265 64 20 under
744 265 111 20 kamraters

98 297 95 21 umgänge
208 295 44 18 med
267 295 118 19 hvarandra.

165 323 28 19 På
215 323 63 24 grund
300 323 21 19 af
342 323 52 19 hvad
414 323 35 23 jag
472 323 36 18 här
531 323 59 19 ofvan
613 322 97 24 framlagt,
737 323 59 23 vågar
819 323 36 23 jag

97 352 101 19 vördsamt
224 352 78 19 auhålla
318 357 30 14 om
372 351 124 20 hedervärda
515 351 161 20 Bondeständets
700 351 109 20 understöd
824 351 31 19 till

98 381 88 24 följande
201 381 93 24 petition:

370 438 32 18 att
424 436 24 20 ät
467 436 203 27 folkskollärarene
695 436 37 20 och
747 436 108 21 -lärarin-

302 471 71 14 norna
400 465 9 20 i
435 464 223 21 landskommunerna
687 464 65 21 mätte
775 464 80 21 medels

304 493 120 27 stipendier
440 493 89 21 beredas
544 493 92 27 tillfälle
647 495 32 18 att
694 492 76 22 besöka
780 493 75 21 antin-

301 528 41 21 gen
356 522 171 21 seminariernas
543 521 157 22 normalskolor
715 522 51 21 eller
781 521 73 21 andra

300 549 146 29 folkskolor
437 545 14 37 i
461 550 38 21 och
509 551 42 27 för
567 550 150 28 auskultering
735 551 30 27 af
774 550 80 21 under-

305 586 117 21 visningen.

165 637 123 24 Helsingfors
305 638 37 19 den
358 637 13 20 9
387 638 98 19 Februari
502 637 61 20 1894.

553 722 29 22 K.
598 722 28 22 V.
641 721 144 23 Hellström.

165 813 203 21 Folkskolläraren
384 813 56 21 eller
459 813 143 22 -lärarinnan
621 813 30 28 pä
666 813 80 21 landet
761 812 41 21 har
817 812 36 28 sig

95 847 9 20 i
119 847 63 28 regel
206 847 68 28 älagd
296 847 44 21 den
362 848 68 21 svära
451 847 123 29 uppgiften
593 850 35 18 att
644 854 78 14 ensam
737 846 117 21 handleda

96 881 198 29 undervisningen
301 882 7 20 i
315 889 28 13 en
352 882 66 21 skola
426 882 53 21 med
486 881 52 28 fyra
545 881 189 28 ärsafdelningar.
750 881 103 21 Hvilken

95 915 133 29 päfallande
243 915 118 29 betydelse
381 915 327 29 folkskollärarepersonalens
731 915 123 29 duglighet

96 950 42 21 har
152 949 36 22 för
203 949 143 23 folkskolans
361 950 188 29 framgängsrika
567 949 153 28 verksamhet,
737 953 25 18 är
777 949 78 22 därför

96 984 44 21 lätt
156 987 34 18 att
205 984 56 22 inse.

165 1018 89 21 Genom
269 1018 200 29 undervisningen
480 1018 40 21 vid
531 1019 133 21 seminariet
672 1018 118 29 bibringas
799 1018 55 21 tvif-

96 1051 106 22 velsutan
223 1052 44 21 den
292 1052 117 22 blifvande
430 1053 194 21 folkskolläraren
640 1053 56 21 eller
711 1053 142 20 -lärarinnan

98 1086 40 21 det
153 1087 59 20 mätt
226 1087 26 21 af
265 1087 84 21 allmän
366 1087 42 22 och
424 1087 145 29 pedagogisk
578 1087 112 28 bildning,
702 1094 48 14 som
762 1086 37 22 för
807 1094 47 14 om-

96 1120 200 29 händertagandet
317 1121 26 21 af
363 1129 29 14 en
415 1121 118 22 folkskola
555 1129 67 14 anses
642 1121 151 28 nödvändigt,
810 1121 43 21 och

97 1154 139 29 öfningarna
251 1155 39 22 vid
306 1155 145 22 seminariets
468 1156 156 21 normalskola
640 1158 60 19 sätta
714 1156 82 21 lärare-
809 1155 44 22 och

95 1189 261 22 lärarinnekandidaten
372 1190 8 21 i
396 1190 95 21 tillfälle
507 1193 35 18 att
556 1190 73 21 under
644 1190 146 28 vederbörlig
805 1189 48 22 led-

96 1223 57 28 ning
168 1226 54 26 taga
238 1223 28 22 de
281 1223 73 22 första
368 1227 82 25 stegen
466 1225 30 28 pä
509 1224 44 21 den
564 1224 120 29 praktiska
694 1224 158 21 lärarebanan.

95 1257 49 22 När
159 1257 44 22 den
219 1257 161 30 sjelfständiga
394 1258 179 21 verksamheten
591 1258 125 29 begynner,
733 1259 68 21 ställa
817 1259 36 28 sig

96 1291 128 22 emellertid
240 1292 44 21 lätt
299 1295 140 18 stötestenar
454 1293 8 20 i
478 1296 75 25 vägen
569 1292 36 22 för
620 1293 89 20 läraren
726 1293 55 21 eller
794 1293 60 21 lära-

95 1326 90 26 rinnan,
202 1326 43 21 och
261 1326 39 21 det
314 1327 74 27 gäller
404 1335 33 13 nu
450 1329 36 19 att
497 1327 111 28 skickligt
618 1327 56 21 söka
687 1327 103 21 undvika
801 1327 52 21 dem

96 1360 43 21 och
154 1360 97 21 sälunda
266 1360 49 22 lösa
330 1360 39 22 det
384 1361 8 21 i
408 1361 103 28 sanning
525 1361 135 21 invecklade
677 1362 126 27 problemet
819 1364 35 18 att

95 1394 121 29 samtidigt
238 1395 14 21 &
273 1395 51 28 fyra
347 1395 77 22 skilda
438 1395 118 22 ärskurser
571 1396 106 21 meddela
692 1396 106 21 eleverna
814 1395 40 22 det

95 1429 121 21 faststälda
240 1429 210 29 kunskapsmättet.
480 1430 73 21 Deras
569 1431 63 21 anta]
648 1435 25 16 är
688 1431 97 21 förvisso
801 1430 52 21 icke

95 1463 73 28 ringa,
191 1463 80 22 hvilka
294 1463 39 22 vid
356 1463 109 22 försöken
485 1467 34 18 att
533 1465 30 28 pä
579 1473 57 20 egen
652 1465 62 21 hand
730 1465 63 21 finna
808 1465 44 21 lös-

163 1503 103 18 Allmänna
278 1503 169 18 Besvärsutskottets
460 1505 111 17 betänkande
583 1505 36 18 N:o
632 1506 28 17 15.
