1070 1795
254 109 13 20 2
406 109 278 22 Petitionsbetänkande
704 109 42 23 N:o
762 109 39 22 43.

224 177 63 20 sådan
311 178 100 25 synpunkt
436 178 111 20 framstäldt
569 178 75 24 förslag
666 179 30 19 till
719 178 116 25 förändring
853 179 22 20 af
893 180 92 23 gällande

223 207 239 24 grundiagssiadyanden,
477 207 122 24 nödvändigt
609 207 62 20 måste
682 209 52 18 sätta
744 207 71 25 sjelfva
827 208 157 24 grundlagarnes

223 235 85 20 bestånd
322 235 6 19 i
344 235 49 20 fara.

293 264 37 23 Jag
345 266 43 17 tror
403 265 38 23 mig
457 264 78 20 derföre
555 264 44 20 icke
620 264 84 19 behöfva
719 264 68 20 befara
802 264 134 20 förebråelsen
952 267 33 17 att

223 293 18 24 ej
256 292 60 20 hafva
331 293 51 23 tagit
404 293 95 24 tillbörlig
520 293 74 24 hänsyn
615 293 29 19 till
662 293 88 19 rådande
765 293 218 24 tidsomständigheter,

222 321 26 19 då
262 321 34 24 jag
311 321 35 24 går
362 323 29 18 att
406 322 122 19 underställa
546 321 112 24 Höglofliga
674 321 156 25 Ridderskapets
847 322 36 19 och
899 322 84 24 Adelns,

222 353 51 16 samt
289 351 61 18 under
370 350 141 24 förutsättning
529 350 22 19 af
568 351 44 18 dess
631 350 107 25 samtycke,
760 351 57 19 äfven
834 351 63 22 öfriga
913 351 68 19 ständs

221 379 94 24 upplysta
330 378 134 25 bepröfvande
481 382 28 16 ett
528 379 74 22 förslag
623 379 30 18 till
669 385 23 12 en
708 379 123 24 underdånig
846 380 84 23 petition
946 385 36 14 an-

221 407 77 24 gående
313 407 84 24 ändring
412 407 22 20 af
447 408 52 19 vissa
515 407 85 25 punkter
615 408 6 18 i
636 407 22 19 L.
676 407 33 20 O:s
725 407 23 26 $$
762 407 25 20 12
801 408 37 20 och
857 407 26 21 13
895 409 84 19 rörande

221 436 32 19 val
269 436 22 19 af
304 436 149 23 landtdagsmän
469 436 32 19 till
516 436 97 23 Borgare-
629 436 36 19 och
681 436 162 20 Bondeständen.

291 464 30 19 Dä
343 465 22 18 L.
382 464 33 20 O:s
432 465 10 25 $
458 464 12 19 1
487 465 78 23 uttalar,
581 467 30 17 att
632 465 95 19 Finlands
743 465 87 23 ständer,
846 465 86 20 samlade
949 465 30 19 till

220 493 102 24 landtdag,
344 495 139 22 representera
505 493 64 19 finska
591 493 70 24 folket,
677 494 22 19 sä
719 493 120 20 förutsätter
854 494 55 19 detta
924 494 55 19 stad-

219 521 73 24 gande,
308 521 30 20 för
354 524 29 17 att
398 522 44 19 icke
458 527 48 14 vara
526 524 29 17 ett
570 522 50 19 blott
634 525 52 20 yttre
705 522 46 23 bud,
767 524 47 17 utan
830 528 36 17 ega
882 522 55 19 äfven
954 528 24 13 en

218 550 45 19 inre
286 550 69 24 grund,
378 552 29 17 ett
429 551 26 24 pä
477 550 69 24 sjelfva
570 550 188 20 sakförhällandena
780 551 91 19 hvilande
896 551 82 19 berätti-

218 579 72 24 gande,
313 581 30 17 att
365 579 83 19 stånden
466 579 72 24 jemväl
561 579 90 25 faktiskt,
674 579 65 20 sävidt
761 579 72 20 sådant
848 579 130 20 öfverhufvud

218 607 53 20 läter
286 607 69 20 förena
375 608 29 23 sig
423 608 44 19 med
485 607 221 24 fyrkammarsystemet,
722 608 49 19 böra
793 607 53 25 gifva
862 608 79 23 uttryck
956 608 21 19 ät

218 636 39 19 och
280 638 48 21 göra
350 637 90 22 gällande
464 636 126 19 sträfvanden
612 637 37 18 och
672 636 65 24 behof,
757 641 40 14 som
819 636 106 20 förefinnas
941 637 36 19 hos

217 665 47 19 hela
279 665 64 18 folket
358 665 37 19 och
411 665 17 24 ej
444 665 51 18 blott
513 665 36 19 hos
564 665 52 19 vissa
626 665 78 19 klasser
718 665 22 19 af
748 665 115 20 detsamma.
881 665 35 19 Ett
926 667 51 17 mot-

218 693 41 19 sait
275 693 123 20 förhällande
418 694 65 18 kunde
507 693 71 19 endast
597 699 47 14 vara
662 694 73 23 egnadt
750 697 30 16 att
795 694 76 19 minska
887 694 34 19 det
936 693 39 20 för-

217 722 92 23 troende,
324 722 93 19 hvarmed
432 721 63 20 folket
511 722 77 19 blickar
603 728 39 18 upp
658 722 30 19 till
699 723 43 18 sina
752 725 163 22 representanter
925 725 51 16 samt.

216 752 31 18 att
262 751 114 23 derigenom
391 750 96 24 försvaga
502 751 193 23 representationens
717 751 101 24 betydelse
835 751 36 19 och
887 751 88 23 förmäga

216 781 30 18 att
262 781 60 17 värna
338 779 47 19 våra
395 779 95 24 politiska
504 779 105 20 intressen.
633 779 31 20 Då
679 779 79 20 derföre
773 780 54 19 inom
837 780 24 19 de
873 779 102 20 samhälls-

216 807 85 24 klasser,
323 807 76 20 hvilkas
422 808 72 19 ombud
516 808 32 19 vid
571 808 142 23 landtdagarne
733 808 54 19 bilda
809 809 34 18 det
858 808 63 24 tredje
937 808 38 19 och

216 836 64 23 fjerde
296 836 85 23 ständet,
403 837 112 23 bildningen
535 837 36 18 och
594 837 80 18 dermed
690 836 87 24 följande
793 837 84 19 intresse
893 837 31 18 för
939 837 35 19 all-

215 867 74 17 männa
304 865 166 24 angelägenheter
485 865 35 19 allt
535 871 53 13 mera
603 865 81 19 tillväxa
699 865 37 20 och
752 866 68 23 sprida
835 865 36 24 sig,
887 865 39 19 blir
940 866 35 18 det

215 893 123 24 nödvändigt
360 896 30 17 att
412 893 57 20 äfven
493 894 74 19 sädana
589 894 136 25 medborgare,
744 899 41 14 som
808 895 51 18 varit
875 893 100 20 uteslutne

215 922 45 19 från
284 922 81 24 politisk
387 922 79 23 valrätt,
490 927 70 19 genom
579 923 73 18 dennas
676 923 119 22 utvidgande
814 922 20 19 få
853 922 76 19 tillfälle
944 925 31 16 att

215 951 47 19 öfva
277 951 60 23 något
352 950 107 25 inflytande
469 951 26 24 på
505 951 194 24 representationens
712 952 181 22 sammansättning.
909 947 63 23 Äfven

214 985 31 14 om
263 979 18 19 vi
297 979 43 20 icke
357 979 47 24 vilja
419 982 46 21 taga
483 979 64 24 någon
568 979 75 24 hänsyn
658 979 74 23 dertill,
749 982 30 17 att
793 980 40 19 alla
847 980 63 19 andra
925 979 49 24 folk,

214 1007 69 20 hvilka
298 1013 36 18 ega
349 1009 29 18 ett
392 1009 154 23 representativt
561 1011 79 21 system,
655 1014 41 13 mer
712 1008 37 19 och
764 1014 41 13 mer
820 1008 101 19 utsträckt
931 1008 41 19 val-

213 1039 74 21 rätten,
303 1037 36 18 bör
354 1037 62 18 redan
432 1042 103 18 omsorgen
551 1039 29 17 att
595 1037 73 19 bevara
683 1037 37 19 och
736 1037 69 19 stärka
820 1037 35 19 vår
869 1042 104 19 represen-

213 1066 75 19 tations
304 1065 92 24 ställning
411 1071 58 13 mana
487 1071 32 14 oss
540 1067 29 17 att
584 1065 44 20 icke
646 1067 48 22 göra
710 1066 38 18 den
765 1065 94 24 politiska
875 1065 98 20 valrätten

213 1094 30 19 till
260 1096 30 17 ett
304 1094 92 25 monopol
419 1093 31 20 för
466 1093 51 20 vissa
534 1094 90 24 gynnade
642 1094 179 23 samhällskretsar,
838 1097 54 22 utan,
908 1094 65 19 såvidt

213 1122 149 19 bibehällandet
376 1121 22 20 af
411 1123 112 23 grunderna
539 1123 30 19 för
585 1123 43 18 vårt
642 1123 244 24 representationssystem
902 1122 71 19 sådant

212 1151 84 23 tillåter,
311 1151 102 20 utsträcka
428 1151 113 19 densamma
556 1151 29 19 till
596 1151 84 23 kretsar,
692 1157 41 13 som
747 1151 84 24 uppnått
843 1152 37 19 den
891 1151 81 20 utveck-

212 1179 42 24 ling
270 1181 29 18 att
314 1179 62 24 sagda
390 1179 94 24 rättighet
498 1182 48 17 utan
562 1179 43 20 fara
620 1180 39 19 kan
674 1180 44 19 dem
734 1180 107 19 anförtros.

283 1207 67 20 Såsom
366 1208 72 19 bekant
454 1208 59 19 hafva
528 1209 24 18 de
568 1209 6 18 i
590 1209 22 18 L.
628 1209 22 18 O.
667 1208 11 25 $
695 1207 26 20 12
737 1210 102 23 upptagna
849 1208 122 24 stadganden

212 1237 103 23 angående
331 1237 56 19 valen
403 1237 31 18 till
452 1237 168 24 Borgareståndet
639 1237 57 24 länge
715 1237 74 24 utgjort
805 1237 82 19 föremål
903 1237 21 19 så
940 1237 31 18 väl

211 1265 32 19 för
269 1265 54 20 olika
344 1265 149 24 uppfattningar
515 1271 42 14 som
579 1265 32 20 för
634 1265 98 24 klagomål
755 1266 36 19 och
817 1265 155 20 statsmakterna

210 1293 62 20 hafva
294 1299 40 14 mer
354 1296 23 17 än
401 1299 25 14 en
446 1294 51 23 gång
519 1295 67 18 sökt
582 1289 14 32 i
607 1295 43 18 dem
670 1294 137 19 åstadkomma
822 1294 150 23 förbättringar.

210 1323 177 23 Bestämningarne
404 1327 30 14 om
450 1323 56 18 valen
523 1323 30 18 till
574 1323 148 19 Bondeständet
737 1323 7 18 i
759 1323 22 20 L.
798 1323 33 19 O:s
845 1323 11 25 $
870 1322 26 19 13
912 1322 59 19 hafva

210 1350 118 24 visserligen
344 1350 44 20 icke
404 1351 7 18 i
432 1356 71 14 samma
518 1351 49 23 grad
586 1350 98 20 föranledt
700 1351 160 23 anmärkningar,
875 1351 18 23 ej
909 1351 64 19 heller

212 1379 74 20 hittills
302 1380 107 23 veterligen
425 1379 114 20 framkallat
556 1380 64 23 någon
640 1380 100 24 synnerlig
760 1380 160 19 missbelåtenhet
936 1380 36 19 hos

210 1409 46 18 dem
272 1408 24 19 de
317 1410 87 17 närmast
426 1409 74 23 angått.
529 1408 47 19 Men
599 1408 57 19 äfven
671 1409 36 18 här
725 1408 58 20 hafva
799 1409 52 19 dock
867 1408 105 25 praktiska

280 1452 129 23 Lagutskottets
422 1453 109 17 betänkande
544 1453 78 23 m:ogis.
