1070 1795
257 160 279 23 Petitionsbetänkande
557 160 43 22 N:o
615 160 39 23 33.
797 161 11 20 7

446 246 23 22 4.

149 270 151 27 (Öfversättning.)

196 333 57 20 Till
268 333 195 19 Hedervärda
485 333 234 19 Bondeständet.

147 395 48 21 Man
211 396 35 20 har
262 396 78 20 försökt
354 395 49 25 fylla
418 396 45 19 vårt
477 395 53 20 folks
546 395 162 25 bildningsbehof
721 401 69 19 genom
800 395 37 21 tal-

81 424 43 20 rika
147 424 67 20 skolor
237 425 21 19 af
278 425 54 19 olika
354 426 48 22 slag,
418 425 69 19 hvilka
502 425 90 19 meddela
607 424 72 20 allmän
694 425 144 24 medborgerlig

82 453 87 24 bildning
187 453 49 20 eller
253 453 60 24 högre
328 453 187 24 lärdomskunskap.
544 453 41 19 Det
599 453 113 20 nuvarande
728 453 111 20 tillståndet

83 481 6 19 i
105 481 76 20 Torneå
196 481 118 25 fyrklassiga
329 482 54 24 lägre
400 481 166 20 elementarskola
581 482 75 19 lemnar
672 481 57 20 äfven
745 484 28 17 ett
783 482 55 24 gläd-

81 510 60 24 jande
161 510 54 20 bevis
237 511 69 25 därpä,
329 514 29 16 att
378 510 124 20 sträfvandet
517 511 26 24 pä
558 511 54 18 detta
628 511 79 19 omräde
722 511 19 23 ej
756 511 61 19 heller
832 511 7 18 i

81 541 83 22 ytterstä
179 539 74 20 norden
269 540 51 19 varit
335 539 83 26 fäfängt,
434 541 46 17 utan
497 542 29 16 att
541 539 34 19 det
589 539 63 24 flitiga
666 539 77 20 arbetet
752 539 26 24 pä
787 539 51 20 bild-

82 567 80 24 ningens
178 567 36 20 fält
228 568 57 23 gifvit
300 574 24 13 en
339 568 59 23 riklig
414 568 37 19 och
467 568 73 24 dyrbar
556 567 68 20 skörd.
649 568 35 19 Ett
694 568 145 24 ovedersägligt

82 596 122 19 vittnesbörd
220 597 68 19 därom
303 599 22 17 är
340 597 34 19 det
390 597 54 19 antal
459 597 122 23 elever,som
594 597 76 23 årligen
680 597 71 19 besökt
760 597 79 19 Torneå

83 625 62 20 skola.
161 625 74 20 hvilket
250 631 26 14 nu
292 628 22 17 är
329 625 22 20 så
366 628 59 21 stort,
441 628 30 17 att
486 626 61 23 sagda
557 625 119 24 fyrklassiga
688 625 58 20 skola
756 626 17 23 ej
784 631 55 14 mera

81 656 23 17 är
126 653 106 25 tillräcklig
255 657 30 16 att
306 654 48 24 fylla
377 654 38 19 den
432 654 116 19 allmänhets
564 653 67 26 behof,
647 659 42 14 som
704 654 89 24 betjenar
809 654 30 24 sig

81 682 22 19 af
124 682 74 19 skolan.
230 683 60 19 Detta
313 682 172 20 missförhållande
504 683 37 19 bör
556 683 110 19 emellertid
681 682 104 24 aflägsnas,
801 683 38 19 och

81 711 26 19 då
128 711 128 24 utvidgandet
277 711 22 19 af
318 711 79 20 Torneå
418 712 57 19 skola
497 713 23 18 är
535 713 29 18 ett
580 711 71 24 viktigt
666 711 38 20 och
718 711 122 24 nödvändigt

81 739 65 20 vilkor
176 739 30 20 för
231 740 97 25 fyllandet
352 740 21 19 af
392 741 121 22 ungdomens
538 741 7 18 i
567 740 80 20 Torneå
668 740 45 19 stad
736 740 37 19 och
801 740 37 19 den

82 767 122 24 omgifvande
221 769 125 19 landsdelens
357 769 163 23 bildningsbehof
529 772 50 16 samt
592 769 31 19 för
634 771 68 17 ortens
713 769 79 24 andliga
803 769 37 19 och

81 797 111 19 materiella
206 797 110 24 förkofran,
331 797 31 20 får
384 798 34 23 jag
440 798 100 19 vördsamt
559 797 85 24 anhålla,
661 799 31 18 att
717 797 123 20 hedervärda

83 824 148 21 Bondeståndet
255 827 45 18 ville
324 832 68 18 genom
418 827 69 18 remiss
513 826 30 19 till
563 827 77 19 utskott
656 826 129 24 understödja
800 827 39 18 min

81 853 97 25 anhållan,

354 896 28 17 att
403 894 141 20 Bondeständet
557 895 64 25 jämte
641 895 64 25 öfriga
723 895 59 19 stånd
795 895 43 20 ville

286 923 29 19 till
329 923 57 19 Hans
400 923 108 26 Kejserliga
522 923 90 26 Majestät
623 923 48 26 ingå
682 923 44 20 med
736 930 24 13 en
768 923 70 20 under-

287 951 60 26 dånig
357 951 84 26 petition
456 958 32 13 om
503 952 153 25 reorganisation
671 952 26 25 af
710 952 72 20 Torneå
796 952 42 25 fyr-

287 980 83 25 klassiga
390 980 156 20 elementarskola
566 981 29 19 till
616 982 24 18 ett
662 980 125 26 femklassigt,
805 981 34 25 för

286 1015 67 18 gossar
363 1009 34 19 och
411 1009 68 25 flickor
492 1011 119 23 gemensamt
626 1009 90 20 läroverk.

149 1070 130 25 Helsingfors,
296 1071 37 20 den
349 1071 13 20 8
376 1071 98 20 Februari
493 1071 59 20 1894.

551 1133 57 22 Isak
622 1133 105 28 Hoikka,

436 1180 148 24 Representant
603 1179 32 21 för
653 1180 79 20 Torneå
748 1181 94 24 domsaga

449 1293 23 22 5.

238 1339 46 19 Till
301 1339 143 24 Vällofliga
459 1340 221 23 Borgareståndet.

152 1396 39 20 Det
206 1397 56 19 torde
277 1397 97 24 knappast
389 1397 61 19 finnas
466 1397 63 24 någon
545 1397 42 19 stad
603 1397 6 19 i
625 1397 43 19 vårt
683 1397 45 20 land
744 1398 42 19 med
801 1398 37 19 den

82 1425 116 20 merkantila
213 1426 36 19 och
270 1426 123 19 industriella
409 1426 100 23 betydelse
525 1431 40 14 som
582 1426 72 23 Kotka,
671 1427 78 18 hvarest
763 1426 76 19 tillfälle

82 1454 31 19 till
128 1454 137 20 förvärfvande
276 1455 21 18 af
311 1460 23 13 en
349 1455 61 23 högre
426 1455 139 25 skolbildning,
581 1455 94 19 särskildt
690 1455 31 19 för
732 1455 36 19 den
779 1455 62 20 finska

150 1492 104 18 Allmänna
265 1492 169 19 Besvärsutskottets
447 1492 110 18 betänkande
569 1495 37 15 N:o
618 1493 32 17 22.
