1070 1795
298 153 230 22 Petitionsbetänkande
545 154 34 21 N:o
594 153 20 22 2.
784 154 27 21 89

80 214 91 19 tröstan
186 213 35 21 till
233 213 122 21 framtiden
368 212 35 21 för
415 213 43 26 att,
469 212 58 21 midt
541 213 70 21 under
622 212 100 21 rådande
733 212 107 27 hungers-

80 247 49 26 nöd,
146 247 63 27 gripa
229 247 39 26 sig!
283 253 29 14 an
330 247 52 21 med
398 248 36 20 ett
450 247 159 21 vidtutseende
625 247 91 26 företag
732 247 26 20 af
771 247 28 21 då
815 247 25 21 så

80 282 54 26 godt
156 287 49 15 som
228 281 111 27 opröfvad
362 282 43 20 art.
436 281 45 22 Att
502 287 38 20 nu,
557 281 68 22 sedan
646 281 26 21 så
691 281 98 27 kraftigt
807 283 32 20 ta-

80 316 65 21 lande
165 316 63 21 bevis
248 315 110 28 föreligga
376 315 29 27 på
424 316 61 21 hvad
503 316 152 27 jernvägarne
676 315 74 22 förmå
765 316 74 21 åstad-

80 351 98 26 komma,
202 356 56 15 vara
280 356 64 16 mera
367 351 115 24 tveksam,
507 356 70 21 synes
598 351 118 21 utskottet
739 351 48 21 icke
811 350 29 27 på

81 385 69 27 något
165 386 49 21 sätt
229 385 148 21 motiveradt.

149 420 42 22 Vid
210 420 152 21 bedömandet
381 420 26 20 af
424 420 26 22 de
469 420 128 22 inlemnade
613 420 227 27 petitionsförslagen

79 455 97 26 uppstår
192 454 126 21 emellertid
333 454 69 21 äfven
418 460 29 15 en
463 454 64 27 fråga
543 454 26 21 af
581 460 76 15 annan
674 455 164 21 beskaffenhet.

79 489 87 22 Jemför
182 494 54 15 man
251 489 51 21 med
317 489 132 20 hvarandra
465 489 26 21 de
503 489 129 26 föreslagna
642 489 196 26 jernvägssträck-

78 524 118 26 ningarna,
217 523 25 21 så
264 523 72 22 finner
359 529 53 15 man
437 525 36 20 att
495 523 117 22 desamma
631 523 78 21 kunna
728 523 86 22 indelas
832 523 7 21 i

79 560 85 20 tvenne
180 558 196 27 hufvudgrupper:
394 557 14 22 å
424 564 43 15 ena
483 558 64 21 sidan
563 558 77 26 längre
656 558 64 21 linier
736 558 26 21 af
769 559 69 20 stam-

79 593 134 26 banenatur,
228 592 93 22 afsedda
338 594 36 20 att
390 593 93 26 betjena
494 592 169 21 vidsträcktare
674 592 139 26 landsdelar;
825 592 14 21 &

79 628 71 21 andra
170 627 64 22 sidan
253 627 67 21 korta
340 627 101 26 bibanor,
458 627 123 26 äsyftande
597 628 35 20 att
648 627 52 20 med
715 627 123 21 bestäende

78 662 122 27 jernvägar
223 661 79 22 förena
324 661 71 27 nägot
414 661 168 26 jemförelsevis
601 663 57 19 nära
673 661 59 21 intill
747 661 91 27 beläget

79 696 182 22 trafikcentrum.
296 696 44 21 Det
359 696 72 27 ligger
450 696 6 21 i
477 696 84 21 sakens
579 697 70 20 natur
668 697 44 25 att,
732 695 26 22 sä
773 696 65 27 länge

79 731 39 22 det
133 733 25 19 är
174 731 65 26 fräga
254 736 35 15 om
306 730 135 21 utförandet
456 731 26 20 af
494 731 122 26 jernvägar
631 730 35 21 för
682 732 91 20 statens
788 731 50 20 räk-

79 765 60 27 ning,
151 766 26 21 de
193 765 64 22 linier
272 765 79 21 hvilka
367 765 72 20 hafva
455 771 27 15 en
499 766 73 20 större
587 765 118 26 betydelse
716 765 35 21 för
762 765 77 22 landet

79 801 5 20 i
102 801 52 21 dess
168 800 84 26 helhet,
269 799 65 22 skola
349 800 55 26 taga
420 799 113 27 försteget
549 800 41 21 och
605 799 26 22 de
648 799 51 22 smä
714 800 125 21 bibanorna

79 835 24 21 fä
121 835 80 20 afbida
220 834 144 26 kommande,
380 839 163 22 gynsammare
563 834 63 21 tider.
658 834 125 22 Utskottet
801 840 36 15 an-

79 875 37 16 ser
131 869 39 22 det
185 869 57 21 dock
257 868 123 27 ingalunda
399 868 96 27 lyckligt
513 874 35 15 om
564 869 52 20 värt
630 869 150 26 jernvägsnät
796 869 41 22 till-

79 904 52 26 följe
153 903 69 22 häraf
242 903 42 21 alit
307 902 116 27 framgent
446 903 104 21 kommer
574 904 36 20 att
628 902 74 23 förete
721 903 73 22 bilden
815 903 28 22 af

78 940 84 19 nästan
178 937 146 22 uteslutande
341 937 67 27 länga
425 937 193 22 stambanelinier.
642 937 123 22 Utskottet
776 938 61 22 delar

78 973 113 26 nemligen
207 973 7 20 i
230 973 65 20 detta
311 972 108 21 afseende
436 973 42 20 den
494 972 154 27 uppfattning,
662 978 50 15 som
726 973 89 21 uttalas
831 973 5 20 i

79 1009 34 20 ett
136 1007 26 21 af
182 1007 52 21 herr
258 1007 38 20 Th
313 1006 113 27 Tallgvist
447 1007 35 21 till
499 1007 195 26 Borgareständet
712 1007 125 22 inlemnadt

78 1041 234 27 petitionsmemorial,
333 1041 97 26 hvilket,
451 1041 71 22 ehuru
542 1041 145 22 remitteradt
710 1041 34 22 till
767 1044 71 19 annat

77 1075 99 27 utskott,
195 1075 76 22 blifvit
293 1075 87 27 bilagdt
404 1075 70 22 äfven
497 1077 34 20 ett
554 1075 34 21 till
607 1075 230 30 Jernvägsutskottet

77 1110 135 27 hänskjutet
229 1110 205 27 petitionsförslag.
458 1110 9 21 I
478 1111 65 20 detta
553 1110 118 21 memorial!
682 1111 77 26 yttras
770 1111 67 21 bland

77 1146 81 19 annat:

146 1215 9 7 »
157 1201 43 18 Med
218 1201 96 22 undantag
334 1201 20 18 af
371 1201 57 23 högst
446 1201 19 18 få
482 1201 79 18 bibanor
579 1201 63 18 består
661 1202 39 17 vårt
715 1202 122 22 jernvägsnät

76 1230 105 17 tillsvidare
200 1230 66 17 endast
283 1230 20 17 af
317 1231 63 16 nakna
396 1233 93 15 stammar.
515 1230 25 17 Af
554 1230 102 17 detsamma
669 1231 36 16 kan
718 1230 73 18 derföre
805 1231 32 22 pä-

76 1259 69 17 räknas
163 1259 82 17 hvarken
265 1259 24 16 all
309 1258 36 17 den
364 1261 55 20 nyttä
437 1260 31 17 för
486 1259 74 17 landets
578 1259 96 17 förkofran
693 1259 5 17 i
718 1259 119 18 ekonumiskt

76 1287 107 18 hänseende
200 1287 46 18 eller
260 1287 36 18 den
309 1287 75 18 direkta
397 1288 88 21 inkomst,
499 1293 39 12 som
551 1293 42 12 vore
607 1289 26 16 att
646 1289 70 16 emotse
729 1287 39 18 ifall
782 1288 55 18 dessa

77 1318 87 15 stammar
182 1316 46 22 egde
248 1318 39 15 täta
305 1322 74 17 grenar.
405 1317 29 17 En
448 1317 89 22 jernvägs
553 1316 83 23 förmåga
651 1318 27 15 att
691 1316 97 18 framkalla
801 1317 35 18 och

76 1345 97 21 uppsamla
191 1344 55 18 trafik
264 1345 84 17 sträcker
366 1345 35 23 sig,
422 1346 63 16 såsom
503 1345 64 21 kändt,
585 1345 42 18 icke
648 1345 53 23 långt
721 1346 19 16 åt
761 1346 75 18 sidorna

75 1374 35 16 och
123 1373 72 23 aftager
207 1374 6 16 i
226 1373 43 17 vida
283 1374 95 22 hastigare
392 1375 109 22 proportion
515 1376 23 15 än
552 1374 118 18 distanserna
680 1374 82 17 tillväxa.
781 1374 54 18 Häri-

75 1407 66 17 genom
160 1403 64 17 kunna
242 1403 71 17 sådana
331 1403 32 17 fall
383 1403 82 22 inträffa,
481 1405 27 16 att
523 1409 23 12 en
560 1404 79 22 jernväg
651 1403 29 18 för
692 1409 24 12 en
728 1403 49 18 ifrån
791 1403 44 18 den-

75 1435 70 13 samma
160 1431 24 22 på
200 1434 26 14 ett
242 1431 46 17 visst
301 1431 76 18 afstånd
392 1431 80 23 belägen
486 1434 29 15 ort
527 1432 36 17 kan
578 1432 56 17 blifva
646 1433 42 17 icke
702 1433 78 17 allenast
792 1432 43 18 full-

74 1459 79 23 komligt
168 1460 70 22 onyttig
251 1462 45 15 utan
309 1460 29 17 till
352 1461 36 16 och
398 1460 43 19 med
451 1461 80 22 skadlig.
550 1461 41 18 Den
601 1455 33 33 ort,
645 1462 99 22 jernvägen
753 1463 83 16 närmast

144 1506 203 17 Petitionsbetänkande
358 1507 40 17 N:o
410 1507 19 17 2.
