1070 1795
256 139 13 20 6
408 137 278 23 Petitionsbetänkande
703 137 45 23 N:o
764 137 37 22 16.

224 207 59 24 dring
298 208 6 18 i
319 207 73 20 folkets
407 207 123 26 uppförande
546 210 100 22 gentemot
660 209 105 23 zigenarne
781 208 64 21 under
856 208 38 19 den
905 210 75 17 närma-

226 238 30 18 ste
272 236 104 19 framtiden
392 236 42 19 ske.

297 265 29 19 Ur
348 265 38 19 den
408 265 118 23 diskussion,
543 265 63 19 som
597 260 14 32 i
630 265 84 19 ärendet
736 265 33 19 vid
788 264 55 20 1888
864 264 32 20 års
916 265 65 19 landt-

224 293 40 24 dag
284 293 66 20 fördes
372 294 6 18 i
400 294 55 19 detta
471 294 128 19 Hedervärda
614 294 69 23 Stånd,
700 293 96 24 framgick
812 293 65 24 äfven,
892 297 28 16 att
936 294 24 19 de
975 294 6 19 i

223 321 45 20 vårt
283 321 46 20 land
346 322 76 19 boende
438 323 115 22 zigenarnes
568 322 60 22 antal,
644 322 70 20 liksom
732 322 37 20 ock
792 322 58 19 deras
866 321 117 20 lefnadssätt

224 350 38 20 och
285 351 24 18 de
325 351 114 24 förderfliga
457 350 98 25 följderna
575 351 62 24 däraf,
658 353 34 17 äro
708 351 59 24 högst
781 351 115 23 bristfälligt
910 351 72 20 kända.

226 379 48 19 Med
290 379 75 24 hänsyn
380 379 68 20 härtill
464 385 47 14 anse
527 380 18 19 vi
561 380 34 19 det
611 385 46 14 vara
673 386 23 13 en
712 380 113 23 nödvändig
834 379 37 20 och
880 379 102 24 zigenare-

224 407 81 25 frågans
325 408 68 20 vidare
409 408 118 24 behandling
542 407 109 25 främjande
667 408 77 24 åtgärd,
761 411 29 17 att
805 414 68 17 genom
887 408 94 24 Regerin-

224 442 49 18 gens
289 436 99 19 särskilda
403 437 78 24 försorg
495 437 100 24 möjligast
610 442 114 19 noggranna
748 438 111 18 statistiska
882 437 100 24 uppgifter

225 470 32 14 om
273 465 64 19 denna
353 465 134 24 egendomliga
503 465 105 25 folkgrupp
624 465 69 20 främst
708 466 60 19 måtte
784 465 132 20 införskaffas.

297 493 28 20 Af
346 494 48 19 våra
414 500 53 18 resp.
488 494 111 19 valkretsar
620 495 132 24 uttryckligen
769 494 67 19 därtill
852 493 129 25 uppmanade,

224 527 49 14 anse
289 523 18 18 vi
323 523 33 18 det
371 528 47 14 vara
435 523 34 19 vår
484 523 113 24 skyldighet
612 525 30 17 att
656 523 62 20 väcka
734 523 65 19 denna
815 523 56 23 fråga
886 523 37 19 och
938 523 44 18 med

226 551 46 19 stöd
296 551 21 19 af
336 551 131 20 ofvannämda
489 551 123 25 synpunkter
626 552 108 24 vördsamt
758 551 85 24 anhålla,
867 551 33 20 det
922 551 60 19 måtte

225 579 130 20 Hedervärda
377 579 148 20 Bondeståndet
547 581 69 18 förena
639 581 30 23 sig
692 586 30 13 om
746 586 23 13 en
793 580 122 23 underdånig
930 580 52 24 peti-

224 608 44 19 tion
284 609 66 19 därom

499 661 32 18 att
551 665 75 21 genom
650 659 147 27 Regeringens
815 659 93 28 försorg
930 665 51 20 nog-

430 694 88 21 granna
550 687 121 21 statistiska
696 687 116 28 uppgifter
835 695 33 13 om
898 687 84 21 landets

434 717 99 26 2igenare
555 717 65 20 måtte
643 716 150 27 införskaffas,
817 717 111 26 äfvensom
950 718 32 18 att

432 745 160 27 efterlefnaden
608 745 30 27 af
648 745 105 27 gällande
763 745 165 27 förordningar
943 751 40 14 an-

432 773 81 27 gående
529 773 133 28 lösdrifvare
678 773 38 21 och
732 773 77 28 öfriga
821 774 32 26 på
867 774 115 26 zigenarne

434 802 132 49 lämpliga
582 802 136 28 stadganden
734 803 66 20 måtte
815 804 86 25 strängt
911 802 70 27 öfver-

432 837 73 14 vakas.

298 882 23 19 Vi
344 883 79 19 anhålla
444 883 117 24 ödmjukast,
584 885 28 17 att
634 883 54 19 detta
710 883 197 24 petitionsmemorial
922 883 60 19 måtte

226 911 113 19 remitteras
355 911 30 19 till
401 911 148 20 vederbörande
565 912 84 19 utskott.

298 962 124 24 Helsingfors
438 963 37 19 den
491 963 12 19 8
519 963 95 20 Februari
632 963 62 20 1894.

226 1017 30 22 K.
272 1017 24 23 J.
311 1018 96 23 Konsti.
752 1018 75 23 K.H.
843 1018 132 23 Teittinen.

226 1057 29 22 E.
271 1057 154 24 Tensikkala.
752 1058 30 23 K.
797 1058 29 23 V.
841 1059 143 22 Hellström.

226 1097 24 22 S.
266 1097 90 29 Ryösä.
470 1099 74 28 Aapel
559 1099 134 28 Häyrinen.
754 1099 65 22 Juho
834 1099 121 23 Koivisto.

398 1138 111 23 Rautalampi
521 1139 91 22 domsagas
625 1139 128 22 representant.

299 1269 51 22 Allt
371 1269 71 22 sedan
457 1270 81 29 början
554 1270 26 22 af
595 1271 128 27 1400-talet,
740 1270 30 21 dä
784 1270 115 29 zigenare,
914 1271 70 21 äfven

226 1303 94 22 kallade
335 1306 92 25 tattare,
442 1304 58 22 först
507 1304 80 22 visade
598 1305 36 28 sig
646 1305 8 21 i
664 1305 101 28 Europa,
775 1304 43 22 har
829 1305 75 21 denna
915 1313 70 20 egen-

226 1337 111 29 domliga,
352 1337 52 22 frän
418 1338 82 22 Indien
510 1339 138 21 kommande
661 1339 118 25 folkstam,
791 1339 52 21 med
854 1339 41 21 sitt
904 1339 80 28 kring-

226 1372 134 28 strykande,
377 1372 82 22 endast
474 1372 26 22 af
513 1380 60 22 egna
588 1372 114 23 sedvanor
717 1372 96 23 bundna
823 1372 34 28 lif,
871 1373 52 22 med
933 1373 51 22 sina

226 1406 119 28 spädoms-
365 1407 43 21 och
423 1403 156 47 trollkonster,
594 1407 90 30 utgjort
699 1407 98 22 föremäl
813 1407 36 22 för
864 1407 120 45 sama

226 1447 42 7 nas
299 1441 101 13 kurkans
425 1441 39 12 och
493 1441 25 12 Ja
544 1441 84 12 infällda
647 1442 69 11 1-L011

226 1457 50 11 258,
298 1456 103 13 Xyrdäns
424 1455 43 8 Con
491 1455 29 8 ac
534 1442 98 22 infödda
648 1455 62 9 befoli

296 1481 103 18 Allmänna
412 1482 169 17 Besvärsutskottets
594 1481 110 18 betänkande
717 1484 38 15 N:o
768 1482 27 17 14.
