1070 1795
275 150 277 22 Petitionsbetänkande
571 150 45 22 N:o
632 150 38 22 10.
811 151 12 21 7

95 218 63 29 ligen
174 217 115 30 påkallad,
305 220 35 19 ter
355 217 36 29 sig
407 217 187 22 önskvärdheten
612 218 70 21 häraf
694 225 48 14 som
759 226 28 13 en
802 218 51 29 bju-

99 252 75 21 dande
194 251 182 29 nödvändighet,
399 259 37 14 om
458 252 82 28 frågan
562 252 138 21 skärskådas
718 252 51 21 icke
792 252 60 21 blott

94 293 29 14 ur
149 294 29 13 en
206 287 86 21 allmän
317 286 163 29 vetenskaplig
505 286 127 29 synpunkt,
655 290 57 17 utan
735 286 75 22 tillika
825 293 28 14 ur

95 321 150 28 synpunkten
268 321 26 21 af
313 320 44 21 den
380 320 75 21 finska
477 320 103 28 kyrkans
603 320 76 27 behof,
705 320 90 22 hvilket
818 321 35 21 äf-

94 362 52 21 ven,
162 355 75 21 såsom
253 355 26 21 af
291 362 54 21 nyss
356 354 134 22 meddelade
498 355 85 28 utdrag
591 355 107 28 framgår,
708 355 26 21 af
741 355 111 21 universi-

95 391 69 20 tetets
181 389 165 22 konsistorium
371 389 113 21 betonats.
525 389 105 21 Emedan
656 389 75 21 denna
767 389 85 29 kyrkas

94 426 94 26 prester,
208 424 74 28 jämte
308 424 36 20 sin
365 424 118 27 egentliga
507 424 96 20 kallelse
628 426 35 18 att
687 431 56 14 vara
767 424 85 22 folkets

94 458 74 21 lärare
192 458 42 21 och
258 457 132 29 rådgifvare
408 457 8 22 i
440 457 95 28 andliga
550 458 57 28 ting,
623 457 143 22 fortfarande
782 458 71 21 hafva

95 492 36 29 sig
156 492 83 29 ålagda
263 491 54 22 flere
340 493 36 20 för
401 491 39 22 det
463 491 185 29 medborgerliga
671 491 122 22 samhället
815 492 38 21 be-

94 526 149 28 tydelsefulla
258 525 124 30 uppgifter,
399 529 25 18 är
440 526 39 21 det
495 525 26 22 af
534 525 98 22 särskild
648 526 50 21 vikt
720 526 36 21 för
778 527 75 28 kyrka

94 561 44 21 och
153 561 135 26 fosterland,
305 564 33 17 att
354 560 46 21 den
414 560 140 21 studerande
569 560 109 29 ungdom,
695 568 47 13 som
759 561 94 21 bereder

95 595 36 28 sig
146 597 34 20 att
195 595 92 21 inträda
302 595 8 21 1
325 595 103 28 kyrkans
444 595 77 28 tjenst,
532 595 41 20 vid
587 595 92 21 landets
693 595 59 21 enda
765 597 87 26 presta-

95 629 213 29 bildningsanstalt,
337 629 45 21 den
412 629 130 28 teologiska
566 629 136 25 fakulteten,
735 629 117 29 bibringas

94 663 51 22 icke
161 663 60 22 blott
237 664 117 28 möjligast
374 666 86 19 största
485 663 112 22 kvantum
621 663 230 28 kunskapsmaterial,

94 701 57 18 utan
167 698 113 29 därjämte
295 697 108 22 lefvande
418 698 99 21 intresse
533 697 36 22 för
584 698 41 21 sitt
640 697 118 22 blifvande
773 698 80 28 mång-

95 733 75 28 sidiga
185 733 48 21 kall
249 732 43 21 och
307 732 46 29 håg
368 732 37 21 för
420 732 99 21 studiers
531 733 109 21 fortsatta
650 732 107 21 idkande.
782 733 71 20 Detta

96 771 25 18 är
136 768 25 20 så
176 767 94 28 mycket
285 774 62 13 mera
370 766 26 21 af
416 767 83 26 nöden,
521 774 49 14 som
594 767 28 21 de
642 767 59 21 efter
724 769 36 19 att
782 766 71 22 hafva

95 801 63 22 trädt
172 801 8 21 i
196 801 71 29 tjenst
290 801 7 21 i
320 801 267 28 lokalförsamlingarna,
610 802 8 20 i
641 801 57 21 allra
720 801 66 22 flesta
810 801 43 21 fall

95 836 93 21 komma
203 838 35 19 att
253 835 71 22 sakna
340 835 188 28 uppmuntrande
544 836 43 21 och
602 835 119 22 väckande
736 839 117 25 umgänge

95 871 8 20 i
118 871 96 27 kretsar,
233 870 7 21 i
256 870 79 21 hvilka
350 870 110 21 intresset
475 870 36 21 för
527 870 94 29 andliga
644 870 149 21 sträfvanden
810 870 43 21 och

95 905 198 28 kulturuppgifter
309 904 64 21 öfver
384 904 90 21 hufvud
500 908 25 17 är
549 905 77 20 vaket.
656 905 42 20 Ett
720 904 83 21 sådant
818 904 35 21 in-

94 942 72 19 tresse
182 939 43 21 och
249 947 29 13 en
301 939 71 21 sådan
394 939 54 28 håg,
472 946 49 14 som
544 939 74 21 håller
640 941 26 19 ut
688 939 69 21 äfven
779 938 74 22 under

94 981 152 21 ogynsamma
268 975 62 27 yttre
354 973 207 29 omständigheter,
585 974 73 20 måste
681 973 73 22 blifva
783 973 70 21 väckt

94 1008 74 22 under
190 1008 141 21 studietiden
353 1007 40 22 vid
417 1007 137 29 högskolan.
584 1008 54 21 Men
663 1007 68 22 häraf
751 1007 102 28 framgår

95 1042 58 21 huru
176 1043 64 21 såväl
262 1049 28 14 ur
311 1042 95 29 kyrklig
428 1049 49 14 som
501 1042 96 22 allmänt
620 1041 155 22 fosterländsk
797 1049 56 20 syn-

94 1077 76 28 punkt
194 1077 62 28 höga
284 1077 98 27 anspråk
404 1077 75 20 måste
501 1077 79 20 ställas
603 1077 30 28 på
656 1076 43 21 den
725 1076 128 28 teologiska

93 1111 143 22 fakultetens
252 1111 80 22 lärare.
355 1111 12 21 I
383 1111 154 21 betraktande
552 1110 69 22 häraf
634 1111 49 21 åter
698 1114 25 17 är
739 1118 27 13 en
778 1110 75 21 tudel-

93 1146 59 27 ning
174 1145 26 22 af
220 1145 160 29 professionen
396 1145 9 21 i
420 1145 108 28 exegetik
552 1147 34 19 ett
601 1145 149 28 synnerligen
765 1144 89 29 viktigt

94 1179 106 28 kyrkligt
222 1179 182 29 önskningsmål,
421 1179 97 22 emedan
537 1179 76 21 denna
628 1179 140 28 professions
793 1179 60 21 läro-

94 1213 93 22 område
211 1217 25 18 är
263 1214 25 21 så
312 1213 203 27 vidtomfattande,
532 1215 35 19 att
585 1213 39 21 det
649 1217 25 17 är
696 1213 106 28 omöjligt
817 1212 37 22 för

93 1255 30 14 en
146 1255 84 22 person
253 1251 41 24 att,
317 1251 58 18 trots
399 1248 43 21 allt
464 1247 149 22 berömvärdt
635 1247 41 27 nit,
698 1247 79 21 kunna
798 1247 56 21 fullt

94 1282 112 22 beherska
222 1283 46 21 alla
283 1283 27 20 de
321 1283 140 28 discipliner,
478 1282 80 21 hvilka
571 1282 55 21 falla
641 1281 63 22 inom
719 1281 134 22 detsamma.

94 1317 44 21 Att
159 1317 143 28 tillmötesgå
324 1317 64 21 detta
410 1316 179 29 önskningsmål
614 1316 43 21 och
680 1315 93 22 därmed
789 1315 65 29 gifva

94 1358 30 14 en
140 1350 175 29 handräckning
340 1351 24 21 åt
386 1351 42 21 vår
452 1350 131 28 folkkyrka,
600 1357 49 14 som
664 1350 8 21 i
687 1350 84 28 många
787 1350 68 21 svåra

94 1385 87 22 skiften
196 1386 90 29 utgjort
302 1384 85 23 folkets
404 1385 59 28 stöd,
480 1393 68 20 synes
570 1385 25 21 så
610 1384 94 29 mycket
719 1392 63 14 mera
797 1391 56 14 vara

94 1420 116 28 påkallad,
226 1427 48 14 som
291 1419 75 22 denna
382 1419 76 29 kyrka
474 1419 9 22 i
497 1419 145 22 närvarande
666 1418 34 21 tid
715 1418 43 22 har
769 1421 34 19 att
813 1418 41 21 vid

94 1454 106 22 lösandet
214 1454 27 22 af
254 1455 35 20 sin
306 1453 26 22 af
344 1453 115 22 historien
472 1453 111 22 anvisade
593 1453 94 28 uppgift
702 1453 83 28 kämpa
801 1453 52 22 med

162 1495 104 17 Allmänna
278 1494 170 18 Besvärsutskottets
460 1494 112 17 betänkande
587 1493 38 18 N:o
641 1494 15 17 7.
