1070 1795
306 167 260 22 Motionsbetänkande
579 167 43 22 N:o
633 167 21 22 7.
803 168 26 19 15

101 237 69 24 bytets
185 236 48 19 eller
255 242 41 19 nya
315 236 146 25 prejudikaters
478 236 61 19 makt.
571 236 234 19 Trävaruindustriernas
821 237 37 18 och

101 265 44 19 hela
160 265 78 19 landets
255 264 133 20 välförstådda
402 264 101 20 intressen
519 265 68 19 kräfva
603 265 50 19 dock
668 267 29 16 att
712 265 58 19 dessa
780 265 79 19 landets

101 294 109 19 förnämsta
232 293 154 22 storindustrier,
408 293 91 19 källorna
520 293 31 19 för
569 293 45 19 vårt
628 293 122 25 varuutbyte
765 293 46 19 med
826 295 32 17 ut-

101 322 73 24 landet,
190 321 55 20 skola
260 321 77 26 åtnjuta
352 321 34 20 det
402 321 65 25 skydd
483 322 36 19 och
539 322 91 19 säkerhet
645 322 29 19 för
689 321 111 22 framtiden,
815 327 44 14 som

101 351 63 24 ligger
187 350 6 19 i
214 350 316 25 skogsafverkningskontrakters
553 350 85 19 bestånd
656 352 53 17 emot
724 356 28 19 ny
767 356 58 19 egare
839 350 20 19 af

102 379 148 25 skogsmarken.
281 379 172 19 Industriidkaren
469 379 64 19 måste
549 385 47 13 vara
610 379 94 19 utrustad
714 379 46 19 med
773 379 86 24 förlager

101 408 29 19 för
145 407 48 25 lång
215 407 29 19 tid
266 407 76 24 framåt,
364 407 29 19 för
412 409 30 17 att
464 407 43 19 icke
523 414 46 12 vara
587 407 134 20 underkastad
737 407 87 20 vådorna
839 407 20 19 af

101 436 185 25 prisfluktuationer
308 436 26 25 på
355 436 71 19 råvara
441 436 38 19 och
494 436 67 19 risken
576 438 30 17 att
620 436 7 19 i
643 438 29 17 ett
687 436 106 24 afgörande
808 436 49 19 tids-

101 466 89 18 moment
210 464 31 19 stä
257 466 48 17 utan
317 464 67 25 förlag.
396 459 10 35 .
414 463 38 20 Om
467 464 249 25 afverkningskontrakten
731 465 43 18 icke
789 465 70 18 kunna

101 495 57 22 göras
175 492 99 20 bindande
289 493 29 19 för
332 493 38 18 alla
386 493 154 19 eventualiteter
554 493 7 19 i
576 493 112 23 framtiden,
707 493 39 18 kan
760 493 97 19 industri-

101 522 87 23 idkaren,
214 521 25 19 då
264 521 39 19 han
327 522 29 19 för
385 521 86 20 tillfället
500 523 23 18 är
551 521 117 25 tillräckligt
694 521 93 20 furnerad
812 521 46 19 med

101 550 70 19 råvara
192 550 30 19 för
240 550 38 19 den
297 552 98 17 närmaste
411 550 112 24 framtiden,
538 550 44 19 icke
597 550 99 25 uppträda
718 556 44 13 som
785 550 72 25 speku-

101 579 41 18 lant
157 578 26 25 på
206 579 76 24 skogar,
306 585 42 13 som
372 578 40 20 han
437 579 50 18 först
509 579 50 18 efter
581 585 25 13 en
626 579 68 24 längre
717 579 39 19 tids
779 579 78 24 förlopp

100 607 68 19 kunde
190 607 96 19 använda.
317 607 155 19 Konkurrensen
495 607 86 19 emellan
603 607 63 19 solida
688 607 72 25 köpare
778 607 81 24 aftager,

100 636 69 25 prisen
185 635 70 25 nedgå,
278 636 36 19 och
328 636 122 24 jordegaren,
467 641 44 14 som
526 636 44 19 icke
585 636 39 19 kan
640 636 49 25 sälja
704 635 26 26 på
744 636 70 24 längre
829 635 28 19 af-

103 664 145 25 verkningstid,
264 664 88 25 slumpar
369 665 45 18 bort
430 664 30 19 sin
477 665 50 24 skog
542 664 31 19 till
589 665 106 24 underpris
710 665 30 18 för
754 670 25 13 en
794 664 63 19 force-

103 693 35 18 rad
160 693 118 24 afverkning
300 693 26 25 på
347 693 89 19 kortaste
459 693 82 25 möjliga
562 693 35 19 tid.
628 693 78 19 Sådana
720 693 138 19 förhållanden

102 721 60 19 lända
184 721 48 19 både
248 721 217 20 trävaruindustrierna
487 721 36 20 och
539 721 217 25 skogshushållningen
770 721 7 19 i
792 721 67 19 landet

102 749 30 20 till
147 756 46 13 men
208 750 38 19 och
268 750 76 19 förlust.
374 750 36 25 Jag
425 750 36 19 har
479 750 66 19 därför
559 750 48 25 hyst
622 750 39 19 den
676 750 138 25 förhoppning,
829 751 30 17 att

102 778 225 25 lagstiftningsmakten,
342 778 25 19 då
382 779 46 18 dess
444 779 178 24 uppmärksamhet
640 779 64 19 blefve
718 778 65 19 riktad
798 777 26 26 på
834 778 25 19 de

102 807 99 18 allmänna
216 807 127 19 ekonomiska
358 807 62 19 vådor
436 807 130 19 osäkerheten
580 807 7 19 i
602 807 24 19 de
642 813 27 13 nu
684 807 87 19 rådande
785 806 73 20 förhål-

102 835 84 20 landena
208 836 93 24 medföra,
316 836 44 19 med
376 835 152 26 beredvillighet
543 835 52 20 skall
610 835 122 25 tillmötesgå
747 835 111 19 affärsvärl-

102 864 49 19 dens
169 864 36 19 allt
228 870 52 13 mera
303 865 109 24 trängande
428 864 124 25 önskningar
569 871 32 12 om
617 871 25 12 en
657 864 99 25 tydligare
770 863 87 26 lagstift-

102 893 48 24 ning
164 893 7 18 i
186 895 72 17 ämnet.
288 893 37 24 Jag
346 893 36 18 har
404 892 60 26 vågat
486 893 51 24 hysa
555 893 60 19 dessa
630 893 153 24 förhoppningar
798 893 61 18 äfven

101 921 26 24 på
143 921 38 19 den
196 921 70 24 grund,
289 923 29 18 att
333 927 25 14 en
373 921 104 25 mångårig
499 921 113 20 erfarenhet
627 921 61 20 redan
703 921 110 25 ådagalagt,
829 922 29 17 att

101 949 164 26 inteckningarna
287 951 29 18 för
338 950 316 25 skogsafverkningskontrakten,
675 949 26 26 på
716 950 24 19 de
756 951 51 18 orter
822 949 37 19 där

102 978 135 19 domstolarna
251 979 99 19 meddelat
373 978 79 24 sådana,
468 979 44 18 icke
528 979 86 19 medfört
628 978 63 25 några
705 978 91 25 rättsliga
811 977 48 20 eller

103 1005 131 21 ekonomiska
249 1007 107 19 orättvisor
372 1007 37 19 och
425 1006 68 21 vådor.

170 1035 9 20 I
194 1036 100 19 anseende
317 1036 28 19 till
372 1035 72 20 sakens
466 1035 177 25 maktpåliggande
665 1035 135 19 beskaffenhet
822 1035 37 18 har

101 1064 33 25 jag
155 1064 44 19 icke
225 1064 52 19 velat
292 1064 91 19 använda
406 1064 38 19 den
467 1064 120 19 tidsödande
601 1065 77 18 formen
693 1064 19 19 af
726 1070 26 13 en
767 1063 90 25 petition.

101 1092 29 19 På
152 1093 65 24 grund
239 1093 20 18 af
280 1093 40 18 min
340 1093 114 25 personliga
469 1092 54 25 åsigt
537 1093 7 18 i
559 1093 70 25 frågan
640 1099 32 12 om
687 1092 136 24 inteckningar
839 1091 19 19 af

101 1121 290 25 skogsafverkningskontrakt,
414 1121 51 19 hade
487 1121 32 19 det
535 1121 32 19 väl
583 1121 51 19 varit
649 1123 51 17 mest
715 1120 98 25 sakenligt
829 1122 29 17 att

100 1149 32 25 jag
147 1150 71 19 endast
234 1150 64 19 skulle
312 1150 59 19 hafva
386 1149 105 20 hemställt
506 1156 32 13 om
554 1156 25 13 en
594 1149 145 25 lagförklaring.
769 1149 46 18 Men
832 1148 26 19 dä

101 1184 25 13 en
148 1178 141 25 lagförklaring
311 1178 101 19 sannolikt
434 1178 65 19 skulle
521 1180 53 17 stöta
591 1178 26 25 på
632 1178 128 25 svårigheter,
775 1177 36 19 har
825 1177 33 25 jag

101 1207 106 24 föredragit
225 1207 33 19 det
274 1207 86 19 kortaste
376 1207 36 19 och
428 1207 96 19 snabbast
539 1207 107 24 afgörande
662 1208 64 22 sättet,
742 1207 29 18 att
786 1211 72 19 genom

101 1241 24 13 en
141 1235 75 19 motion
231 1235 43 20 lösa
288 1236 24 19 de
328 1236 109 19 sväfvande
452 1235 151 26 rättsfrågorna.

170 1292 9 19 I
188 1292 71 19 sådant
268 1293 92 19 afseende
368 1292 90 27 anhåller
465 1293 40 25 jag,
515 1294 29 18 att
555 1293 30 18 till
596 1291 176 26 Borgareståndets
783 1291 75 25 grund-

102 1321 110 24 lagsenliga
228 1321 70 25 åtgärd
313 1321 19 19 få
347 1321 110 25 framlägga
473 1321 149 20 nedanstående

170 1513 134 22 Laguiskottets
316 1513 110 18 betänkande
438 1515 38 15 N:o
489 1513 26 18 11.
