1070 1795
606 190 26 20 12
648 189 18 27 S.

325 241 43 21 Det
383 241 7 22 i
405 241 63 27 nädig
483 241 133 27 proposition
628 241 40 22 Oss
679 241 110 27 förelagda
801 241 80 27 förslag
891 241 32 22 till
931 241 82 21 förord-

255 276 52 26 ning
321 275 109 27 angäende
444 276 162 27 verkställighet
620 277 7 20 i
643 275 90 22 Finland
748 275 23 22 af
787 275 103 22 domstols
901 276 6 21 i
915 275 97 27 Kejsare-

256 310 73 21 dömet
352 310 48 21 dom
423 310 6 21 i
445 310 106 21 tvistemål
567 310 63 21 hafva
645 309 28 22 Vi
688 311 83 26 antagit
786 310 48 21 med
850 310 65 27 några
930 309 84 22 ändrin-

254 350 40 21 gar
317 344 40 22 och
380 346 30 19 ett
433 345 79 26 tillägg,
535 345 6 20 i
557 344 54 27 följd
628 344 76 21 hvaraf
717 344 150 27 förordningen
883 345 84 20 komme
983 346 30 19 att

258 379 81 21 erhälla
362 379 66 21 sädan
450 379 80 27 lydelse
545 379 44 21 Vär
605 379 146 27 underdäniga
766 379 111 22 skrifvelse
893 379 23 21 af
930 379 40 21 den
986 379 25 20 21

256 413 109 27 nysslidne
380 413 43 28 Maj
439 414 124 21 innehäller.

605 511 26 20 13
647 510 17 27 &.

326 561 59 22 Hans
403 561 119 27 Kejserliga
537 561 112 28 Majestäts
664 562 78 27 nädiga
757 562 133 27 proposition
905 561 108 28 angäende

257 596 181 27 handelsregister
453 597 56 20 samt
524 602 33 15 om
574 596 60 21 firma
650 597 39 20 och
705 596 94 27 prokura
815 597 39 20 har
864 596 23 22 af
895 596 39 22 Oss
945 596 69 21 blifvit

257 632 92 25 antagen
364 631 48 20 med
427 631 56 21 vissa
498 631 158 26 nödigansedda
672 631 121 26 ändringar,
808 631 88 21 hvarom
911 630 47 21 Vii
975 636 38 15 un-

256 664 104 27 derdänig
375 664 109 22 skrifvelse
500 665 23 21 af
537 665 40 21 den
593 665 26 21 21
636 665 90 21 förlidne
742 665 44 27 Maj
802 665 86 21 anmält.

605 763 27 20 14
647 762 18 27 8.

326 813 10 21 I
352 813 115 28 anledning
481 813 23 22 af
518 813 40 22 Oss
573 813 95 28 förelagd
684 814 64 27 nådig
763 814 132 26 proposition
906 813 107 27 angående

256 847 116 22 anvisande
388 847 23 22 af
424 848 69 21 medel
508 847 35 22 för
557 848 157 21 folkskolornas
725 848 7 21 i
742 848 73 21 landet
825 848 112 21 underhäll
947 847 66 22 under

256 882 51 21 åren
325 882 140 21 1895—1897
481 882 63 21 hafva
559 882 33 27 Vi,
608 883 27 26 pä
650 884 42 19 sätt
708 882 26 21 Vi
745 883 7 19 i
762 882 131 27 underdänig
905 881 108 22 skrifvelse

256 916 24 21 af
295 916 39 21 den
350 916 27 21 23
392 917 107 26 nysslidne
515 916 42 27 Maj
569 917 38 21 hos
618 917 58 21 Hans
687 917 119 26 Kejserliga
818 916 99 27 Majestät
927 917 86 26 anmält,

256 950 19 27 ej
292 951 80 21 mindre
388 950 34 22 för
437 951 135 22 bestridande
587 951 23 22 af
623 952 145 21 kostnaderna
783 951 34 21 för
832 951 180 21 folkskoleväsen-

256 985 37 21 det
308 985 68 21 under
390 985 92 22 nämnda
497 985 24 22 är
536 985 95 22 faststält
642 988 31 19 ett
684 986 81 26 anslag,
774 985 125 28 uppgäende
909 991 104 16 samman-

256 1019 46 28 lagt
319 1019 33 21 till
368 1019 114 27 5,200,700
497 1020 66 27 mark,
581 1021 74 21 dervid
670 1021 26 20 Vi
712 1021 94 26 beslutit,
823 1022 32 19 att
869 1020 95 27 grunden
980 1020 33 21 för

256 1054 144 27 beräkningen
420 1055 23 20 af
457 1055 36 20 det
508 1061 25 15 ur
548 1055 197 27 bevillningsmedel
761 1055 32 21 till
808 1055 112 21 underhäll
934 1054 23 21 af
971 1056 42 20 stä-

257 1088 77 21 dernas
349 1088 118 23 folkskolor
482 1089 105 27 utgäende
603 1089 75 28 bidrag
693 1090 33 21 för
740 1089 116 22 framtiden
872 1089 54 22 skall
937 1091 77 25 utgöra

256 1122 29 21 25
307 1125 87 24 procent
416 1123 23 22 af
456 1124 36 21 det
511 1123 85 28 belopp,
612 1124 85 21 hvartill
712 1123 199 22 stadskommunens
927 1123 87 27 utgifter

256 1156 34 21 för
306 1157 62 21 dessa
383 1157 78 27 skolor,
478 1158 121 21 beräknade
615 1158 27 27 pä
658 1160 43 20 sätt
716 1158 27 21 Vi
756 1157 80 29 jemväl
851 1157 162 28 antydtisagda

257 1191 118 26 skrifvelse,
398 1192 76 27 uppgä,
493 1194 27 19 än
535 1192 40 21 ock
591 1193 121 21 derutöfver
727 1193 34 20 till
777 1193 116 21 understöd
909 1192 21 21 ät
945 1192 68 21 landt-

257 1231 89 16 manna-
368 1226 39 21 och
423 1226 187 22 husmoderskolor
624 1227 110 21 äfvensom
750 1227 161 27 folkhögskolor
926 1226 88 27 beviljat

256 1266 27 15 en
299 1266 81 15 summa
395 1260 23 21 af
432 1261 75 21 inalles
523 1261 91 26 105,000
631 1262 61 20 mark
703 1263 33 20 att
748 1261 51 26 utgä
810 1261 67 21 under
888 1267 80 15 samma
976 1261 37 21 tid.

325 1294 11 21 I
352 1295 152 27 sammanhang
519 1295 88 22 härmed
621 1296 63 21 hafva
695 1295 26 22 Vi
733 1296 32 21 uti
775 1295 121 22 änberörda
903 1295 110 22 skrifvelse

256 1328 40 21 hos
317 1329 60 21 Hans
393 1329 118 27 Kejserliga
527 1329 100 27 Majestät
642 1330 155 26 underdänigst
811 1329 102 22 hemstält
927 1329 18 27 ej
960 1330 52 20 min-

256 1362 38 21 dre
309 1368 34 16 om
358 1362 66 22 sådan
439 1362 124 28 förändring
578 1363 23 22 af
616 1364 41 21 134
672 1364 11 26 8
697 1364 7 20 i
720 1363 259 27 folkskoleförordningen
993 1364 22 21 af

256 1397 42 21 den
322 1398 23 20 11
371 1397 42 28 Maj
438 1397 61 27 1866,
515 1399 32 20 att
567 1399 37 20 det
618 1398 165 22 folkskollärare
798 1399 40 21 och
853 1398 118 21 lärarinnor
986 1399 28 26 pä

256 1431 72 22 landet
350 1438 25 15 ur
398 1432 106 21 allmänna
526 1433 70 20 medel
615 1433 161 21 tillkommande
792 1433 124 26 lönebidrag
931 1432 54 22 efter
999 1433 14 20 5
