1070 1795
204 147 82 22 Ständ.
302 147 52 22 Pet.
371 159 27 3 —
414 147 170 22 Petitionsbet.
601 147 40 22 N:o
657 147 34 21 33.
785 148 13 21 3

72 213 81 21 stalter
175 213 9 21 i
207 213 25 20 sä
247 212 79 28 mätto,
343 213 35 20 att
393 212 45 21 den
453 212 133 28 allmänhet,
603 219 49 15 som
669 213 84 21 anlitar
769 213 58 27 dem,

73 247 52 22 med
147 247 100 21 barnens
270 247 116 28 skolgång
409 247 62 21 afser
487 246 82 22 endast
585 249 34 19 att
634 247 112 22 förskaffa
762 247 66 21 dessa

73 289 29 14 en
125 282 9 21 i
156 282 77 28 nägon
256 281 53 22 män
324 281 72 29 högre
412 281 162 29 skolbildning
589 285 29 18 än
634 281 44 22 den
693 281 134 22 folkskolan

73 317 87 21 förmär
175 316 95 21 skänka.

142 351 70 21 Detta
237 358 41 21 ger
304 350 52 21 stöd
378 350 38 22 för
437 351 114 28 förslaget
573 353 35 19 att
630 351 97 21 berörda
750 351 79 21 skolor

73 386 71 21 mätte
160 385 145 29 organiseras
320 385 36 21 till
374 385 79 22 skolor
464 385 53 22 med
527 385 115 22 afslutade
653 385 88 28 kurser,
753 385 76 22 hvari-

74 428 82 21 genom
173 420 20 29 ej
210 419 74 23 heller
299 420 76 21 skulle
390 420 136 28 äfventyras
542 420 158 29 nyssnämnda
714 420 53 22 med
777 420 52 22 dem

74 455 94 21 afsedda
184 454 111 28 ändamäl,
311 454 51 21 ifall
378 461 28 14 en
422 454 100 29 frivillig
538 454 55 22 kurs
609 454 8 21 i
633 455 59 21 latin
708 455 40 21 vid
763 455 66 21 dessa

74 489 78 22 skolor
177 489 176 28 upprätthölles,
382 496 38 14 om
447 489 44 22 ock
517 489 44 22 full
588 489 133 29 kongruens
744 490 85 21 mellan

74 524 112 21 kurserna
207 524 9 21 i
238 523 172 22 bottenklasser
432 523 26 22 af
482 525 34 20 ett
538 523 100 30 klassigt
656 524 91 29 lyceum
763 524 66 22 och
817 519 17 38 i

75 566 28 14 en
128 558 136 29 femklassig
290 558 66 21 skola
377 558 52 21 icke
454 558 142 29 uppnåddes.
634 558 195 29 Omorganisatio-

74 601 46 14 nen
146 593 90 22 komme
262 593 96 21 sålunda
384 594 34 20 att
444 593 71 22 hafva
540 593 37 22 till
603 593 95 29 påföljd,
722 595 34 20 att
777 593 53 22 från

74 627 137 29 femklassig
238 627 66 22 skola
330 627 135 22 dimitterad
492 628 51 21 elev
570 628 52 21 icke
650 630 57 19 utan
734 635 96 14 examen

75 662 77 22 kunde
174 662 38 21 till
234 662 69 29 sjette
325 662 93 21 klassen
442 662 25 21 af
489 662 112 22 klassiskt
623 663 91 28 lyceum
730 663 99 28 intagas,

75 697 119 22 hvaremot
209 696 233 29 dimissionsbetyget
457 697 92 21 komme
565 699 34 20 att
613 697 62 28 gälla
690 697 36 22 för
739 697 91 22 inträde

75 732 8 21 i
99 732 131 29 reallyceer,
240 731 80 22 hvilka
328 739 96 14 numera
436 732 155 29 organiserats
603 732 74 28 enligt
688 732 71 21 sådan
768 732 61 28 plan,

75 768 34 19 att
132 766 28 21 de
182 766 47 21 fem
252 766 75 28 lägsta
350 765 119 22 klasserna
491 766 64 21 bilda
571 773 28 14 en
614 766 149 22 bottenskola
777 767 53 20 med

76 801 114 22 afslutade
206 801 88 21 kurser.
316 795 78 27 Äfven
410 801 66 21 torde
493 808 28 14 en
537 801 71 21 sådan
618 801 138 28 femklassig
766 801 65 21 skola

75 835 54 22 med
151 835 114 22 afslutade
287 835 81 22 kurser
392 843 55 14 vara
469 835 76 29 egnad
565 837 34 20 att
614 836 119 28 gvarhälla
748 836 82 27 elever,

76 877 49 14 som
148 877 82 15 annars
254 870 75 21 skulle
352 870 53 29 afgä
423 870 53 21 frän
491 871 64 28 lägre
571 871 95 27 klasser,
683 870 148 21 alldenstund

75 905 76 28 målet,
176 905 182 21 skolstudiernas
375 905 136 28 afslutning,
529 905 8 21 i
553 905 50 21 dem
618 905 49 21 förr
682 905 78 22 blefve
774 912 57 21 upp-

76 939 62 28 nädt,
155 943 29 18 än
201 939 29 22 dä
244 939 153 29 fortsättning
412 939 8 22 i
435 939 151 29 fullständigt
599 940 91 28 lyceum
705 939 104 22 förestår.

144 974 161 28 Utvidgandet
320 973 26 22 af
354 973 28 22 de
392 973 143 29 fyrklassiga
546 974 111 21 skolorna
667 974 52 21 med
731 981 29 14 en
769 974 62 21 klass

75 1009 72 28 uppåt
168 1009 92 20 komme
283 1008 151 28 naturligtvis
457 1010 35 20 att
513 1008 105 22 medföra
637 1016 28 14 en
688 1009 106 28 stegring
809 1008 26 21 af

76 1043 177 28 skolbudgeten.
276 1043 66 21 Efter
358 1050 30 14 en
403 1043 119 21 beräknad
532 1043 176 21 medelkostnad
718 1050 41 21 per
769 1043 62 21 klass

75 1078 27 21 af
121 1079 64 26 6,100
207 1077 39 22 mk
270 1077 75 22 skulle
368 1077 39 22 det
430 1077 104 22 tillskott
555 1077 173 29 utvidgningen
751 1077 81 22 kräfde

76 1113 62 28 stiga
152 1113 38 21 till
204 1113 72 28 något
292 1113 66 21 öfver
374 1113 79 28 30,000
468 1113 65 21 mark
549 1113 96 28 årligen.

144 1147 135 28 Ständerna,
303 1147 81 22 hvilka
406 1147 37 21 för
467 1147 37 22 sin
526 1147 37 21 del
586 1147 108 22 omfattat
709 1147 39 21 det
762 1147 71 21 fram-

76 1181 75 22 stälda
172 1181 118 29 förslaget,
310 1181 70 22 hafva
395 1181 78 22 tillika
489 1183 76 20 ansett
581 1182 36 28 sig
632 1181 56 22 böra
703 1181 79 28 uttala,
799 1183 34 20 att

77 1216 66 21 dessa
158 1216 106 22 läroverk
280 1216 204 29 fortsättningsvis
500 1216 71 22 borde
587 1216 108 21 bekostas
712 1216 25 21 af
750 1217 81 26 staten,

76 1257 38 15 om
129 1251 43 21 ock
188 1251 8 21 i
212 1251 62 21 vissa
289 1251 41 21 fall
346 1253 34 19 ett
396 1251 60 22 efter
471 1251 230 28 omständigheterna
716 1250 117 29 afpassadt

76 1285 84 28 belopp
183 1285 37 22 till
240 1285 93 22 skolans
349 1285 124 22 underhåll
489 1285 77 22 kunde
582 1285 172 22 vederbörande
769 1285 64 21 kom-

75 1327 83 14 muner
174 1320 116 21 affordras.

145 1349 82 33 Öfriga
253 1354 172 22 ofvannämnda
447 1354 239 28 petitionsmemorial,
710 1354 123 28 åsyftande

77 1388 49 22 dels
142 1388 138 30 omändring
296 1388 24 23 af
334 1389 72 22 redan
423 1389 145 28 förefintliga
578 1388 85 29 skolor,
675 1396 53 14 vare
740 1389 36 28 sig
785 1388 48 29 fyr-

77 1423 56 21 eller
155 1423 149 29 tvåklassiga,
326 1424 38 21 till
379 1423 153 29 femklassiga
547 1423 171 28 mellanskolor,
734 1423 49 22 dels
799 1423 34 22 in-

77 1457 106 22 rättande
204 1458 57 21 eller
276 1458 167 29 öfvertagande
459 1459 31 28 på
505 1460 88 20 statens
609 1458 129 22 bekostnad
754 1458 25 21 af
793 1458 40 28 dy-
