1070 1795
245 171 278 23 Petitionsbetänkande
542 171 44 22 N:o
601 170 39 23 33.
778 171 13 21 3

271 235 125 26 femklassiga
409 235 49 20 real-
473 235 34 20 och
521 234 141 26 borgareskolor
670 234 44 20 med
725 233 95 26 afslutade

272 264 72 25 kurser,
358 264 10 19 i
380 263 64 20 hvilka
458 270 33 13 om
505 263 76 26 möjligt
595 263 67 20 såsom
670 263 90 25 frivilligt
769 263 50 19 läro-

271 293 57 19 ämne
342 292 79 25 inginge
436 292 71 24 latinet,
523 293 52 18 samt
589 293 27 18 att
625 291 56 20 dessa
690 291 64 20 skolor
763 291 57 26 äfven

270 321 30 26 pä
314 323 71 17 statens
400 321 102 20 bekostnad
515 320 60 20 måtte
589 319 130 21 underhållas.

137 382 87 23 Mikael
239 382 104 23 Lindén.
535 382 30 23 K.
581 381 29 23 H.
626 381 125 23 Renlund.

138 446 26 21 A.
179 445 28 22 E.
223 445 145 22 Andersson.
545 445 95 22 Rudolf
652 445 97 28 Elving.

435 599 23 22 2.

222 658 51 19 Till
289 657 136 24 Vällofliga
440 657 232 24 Borgareständet.

138 727 126 24 Fyrklassiga
275 727 174 18 elementarskolan
459 727 7 18 i
477 726 67 19 Gamla
555 726 93 24 Karleby,
660 726 78 20 hvilken
749 729 70 22 öppna-

70 756 33 19 des
119 755 22 20 är
158 755 61 26 1861,
234 757 57 22 ntgör
306 755 36 19 den
358 755 70 23 högsta
443 755 154 19 lärdomsskolan
611 755 7 18 i
634 755 43 19 hela
692 761 58 14 norra
766 756 57 19 delen

70 784 21 19 af
110 784 51 19 Vasa
183 784 39 19 län.
252 784 43 19 Den
315 786 46 21 äger
382 784 81 19 sålunda
484 787 29 16 att
534 784 142 19 tillfredsställa
697 784 92 19 behofvet
803 783 22 20 af

71 813 58 24 högre
152 813 85 23 bildning
260 813 30 19 för
312 819 23 12 en
358 812 112 24 folkmängd
492 813 21 19 af
533 813 88 22 omkring
636 812 78 23 43,000
729 818 94 19 personer

71 844 73 17 ensamt
158 841 43 19 frän
217 841 81 19 svenska
313 842 78 19 talande
406 841 120 26 kommuner,
540 841 112 20 hvaribland
668 841 12 20 3
697 842 70 19 städer.

138 870 95 19 Intresset
254 870 30 19 för
302 870 139 19 läroanstalten
457 870 36 19 har
508 870 51 19 visat
574 870 29 22 sig
618 871 42 18 dels
676 870 64 19 deruti
755 873 30 16 att
799 876 24 13 en

71 901 40 17 stor
127 898 68 24 mängd
212 897 71 24 elever,
299 898 55 20 äfven
370 898 21 20 af
405 898 143 26 allmogeklass,
564 898 45 19 sökt
624 898 75 20 inträde
715 899 108 23 derstädes,

71 928 40 18 dels
134 928 64 18 derati
220 930 28 16 att
268 928 68 19 staden
356 927 31 19 för
402 928 45 19 dess
462 927 83 24 räkning
561 927 80 24 uppfört
656 930 29 17 ett
700 927 30 20 för
746 928 78 19 stadens

70 955 135 20 förhällanden
222 959 50 16 stort
286 956 86 19 skolhus.
393 956 68 19 Under
476 957 24 18 de
517 956 26 19 33
558 957 22 18 är
596 956 68 19 skolan
680 957 50 18 varit
745 957 7 18 i
767 956 56 19 verk-

71 985 74 19 samhet
160 985 56 19 hafva
232 985 28 18 dit
275 985 78 23 intagits
370 984 40 20 527
426 985 66 19 elever
507 985 48 19 eller
573 985 3 18 i
592 985 90 19 medeltal
698 985 25 19 16
734 991 30 13 om
775 985 49 19 året.

71 1013 76 19 Största
162 1013 56 20 delen
234 1013 20 20 af
268 1013 55 20 dessa
338 1014 48 18 eller
401 1013 27 20 54
438 1012 27 27 ?/,
479 1013 56 20 hafva
548 1014 91 23 antingen
652 1013 110 24 genomgått
773 1014 51 19 läro-

71 1042 68 19 verket
154 1043 48 18 eller
217 1042 59 19 slutat
290 1042 25 24 pä
330 1043 44 18 dess
390 1042 46 19 4:de
451 1042 59 19 klass.
530 1042 136 19 Hufvuddelen
676 1041 21 20 af
710 1043 23 18 de
746 1043 79 23 intagna

71 1071 48 18 eller
133 1069 27 20 60
174 1070 27 27 9/,
217 1071 58 19 hafva
291 1071 56 23 slagit
365 1071 29 23 sig
409 1071 26 24 pä
450 1071 102 24 praktiska
568 1071 66 24 banor,
650 1071 68 19 medan
735 1071 89 22 omkring

71 1099 27 20 26
113 1098 28 27 9/,
162 1099 79 20 fortsatt
262 1099 41 19 sina
318 1099 80 23 studier,
415 1100 22 18 sä
454 1102 29 17 att
499 1100 24 19 de
538 1100 68 19 hunnit
620 1099 143 20 universitetet.
794 1099 30 19 Då

70 1133 80 14 numera
164 1128 32 19 för
210 1129 76 18 inträde
300 1128 26 24 pä
338 1128 46 19 flere
397 1128 104 24 praktiska
511 1129 67 25 banor,
591 1128 63 19 såsom
668 1128 31 19 vid
710 1127 114 26 telegrafen,

70 1159 77 22 posten,
166 1157 113 24 jernvägen,
297 1157 160 24 apotekaryrket,
476 1160 50 16 samt
541 1157 30 19 för
586 1157 76 19 inträde
678 1157 6 18 i
700 1157 62 19 första
777 1157 47 19 han-

71 1185 120 19 delsklassen
207 1185 21 20 af
242 1185 116 20 Brahestads
374 1186 139 19 handelsskola
528 1191 18 14 o.
563 1191 15 14 s.
592 1191 24 16 v.,
628 1185 76 20 fordras
716 1187 12 18 5
739 1186 85 19 klassers

71 1214 143 23 genomgängen
229 1214 53 22 kurs,
298 1214 57 19 hafva
370 1214 68 23 mänga
455 1215 72 23 elever,
542 1214 65 19 hvilka
622 1214 112 23 genomgätt
749 1214 75 23 skolan,

71 1248 43 13 men
135 1243 29 18 till
187 1243 49 24 följd
258 1243 21 19 af
300 1243 101 23 fattigdom
423 1243 44 19 icke
489 1243 50 19 varit
559 1243 6 18 i
584 1242 76 20 tillfälle
676 1246 28 16 att
720 1245 106 22 yttermera

71 1271 62 19 under
151 1274 28 17 ett
194 1271 32 20 års
241 1272 29 19 tid
286 1271 71 20 besöka
372 1274 60 17 annat
446 1272 26 24 pä
488 1271 85 23 aflägsen
589 1274 31 17 ort
636 1271 76 24 beläget
727 1271 98 24 läroverk,

71 1302 39 17 sett
125 1300 28 23 sig
168 1300 22 19 sä
204 1301 47 23 godt
266 1306 40 13 som
318 1299 31 20 för
363 1301 26 18 all
404 1300 80 19 framtid
499 1301 115 22 utestängda
630 1299 42 20 frän
697 1300 129 19 ofvannämda

71 1329 143 19 vidsträcktare
225 1328 175 20 verksamhetsfält.
423 1329 96 19 Behofvet
534 1329 21 19 af
568 1331 29 17 att
612 1329 147 22 ifrägavarande
774 1329 51 19 läro-

71 1356 48 20 verk
133 1357 73 19 erhölle
216 1363 24 13 en
251 1357 58 19 femte
324 1357 52 19 klass
392 1358 43 18 med
450 1357 97 19 afslutade
563 1358 69 18 kurser
647 1359 22 17 är
684 1358 80 18 sälunda
779 1359 46 17 utan

71 1386 67 19 vidare
160 1386 58 21 klart.
252 1386 35 19 Om
310 1386 168 24 nödvändigheten
499 1386 22 19 af
541 1386 38 19 den
600 1386 97 19 allmänna
719 1386 106 23 bildnings-

71 1415 68 19 niväns
159 1415 84 24 höjande
260 1415 35 19 hos
311 1415 107 23 borgarena
433 1415 7 18 i
456 1415 46 19 vära
517 1415 40 19 smä
572 1415 171 25 landsortsstäder,
759 1415 67 19 hvilka

71 1444 22 23 ju
115 1443 121 20 fortfarande
256 1444 37 19 och
308 1444 85 19 särdeles
408 1444 63 19 under
487 1444 121 23 brydsamma
622 1443 38 20 och
674 1443 84 20 kritiska
773 1443 53 20 tider

71 1471 58 20 hafva
144 1475 28 16 att
188 1473 6 18 i
202 1473 94 22 väsentlig
311 1473 42 18 män
369 1472 75 19 bevaka
459 1472 32 19 för
506 1472 119 20 vidsträckta
640 1473 129 24 landsbygder
784 1472 41 24 vig-

139 1510 103 18 Allmänna
254 1510 168 18 Besvärsutskottets
434 1510 111 19 betänkande
558 1509 37 19 N:o
607 1510 31 18 22.
