1070 1795
272 166 278 22 Petitionsbetänkande
565 165 45 23 N:o
623 165 37 23 16.

364 468 161 22 Allmänna
541 468 304 23 Besvärsutskottets

296 501 92 28 förslag
410 502 40 22 till
473 503 237 28 sammanjämkning
731 503 28 22 af
778 503 68 22 Stän-

298 537 57 21 dens
379 537 143 28 skiljaktiga
545 537 81 22 beslut
640 537 10 21 i
665 536 69 28 fråga
750 543 39 16 om
803 537 44 22 Ut-

296 571 103 22 skottets
415 571 154 22 betänkande
586 571 42 22 N:o
644 571 37 27 14,
692 571 9 21 i
712 571 134 27 anledning

296 605 26 22 af
330 605 122 22 särskilda
462 605 9 21 i
481 605 104 27 Preste-,
598 605 116 28 Borgare-
726 605 45 22 och
784 605 61 22 Bon-

298 639 128 22 deständet
456 639 87 22 väckta
572 639 211 28 petitionsförslag
806 645 40 16 om

296 673 146 28 vidtagande
458 673 28 22 af
493 673 64 22 vissa
567 673 117 28 ätgärder
694 673 152 23 beträffande

297 708 129 27 zigenarne
442 707 9 22 i
466 707 93 23 landet.

159 765 45 22 Vid
227 765 171 28 behandlingen
419 764 27 21 af
458 764 178 29 ifrägavarande
651 764 196 29 petitionsärende

89 799 71 22 hafva
183 799 110 27 Ständen,
317 799 73 28 enligt
412 799 122 21 Utskottet
555 798 200 22 tillhandakomna
769 801 77 26 proto-

89 833 152 29 kollsutdrag,
257 836 93 18 stannat
364 833 40 21 vid
420 833 103 28 följande
539 833 135 28 skiljaktiga
689 833 88 27 beslut:;

158 891 160 27 Ridderskapet
333 891 38 20 och
387 891 71 20 Adeln
475 890 47 27 har,
539 889 52 22 med
606 889 149 22 förkastande
768 889 26 22 af
803 890 44 22 Ut-

90 925 98 22 skottets
210 924 153 27 betänkande,
387 924 109 21 omfattat
511 924 45 21 den
571 924 37 21 till
624 924 157 21 betänkandet
795 925 52 21 vid-

89 959 85 29 fogade
189 959 177 25 reservationen,
383 958 66 21 hvari
465 958 106 22 föresläs:

159 996 47 26 nätt
226 993 147 28 Regeringen
392 993 71 21 måtte
480 992 136 22 införskaffa
630 999 137 22 noggranna
782 993 64 22 stati-

90 1027 72 22 stiska
185 1027 120 29 uppgifter
320 1034 36 14 om
371 1027 138 28 zigenarene
525 1027 8 21 i
549 1027 52 21 värt
622 1027 55 21 land
700 1029 60 20 samt
774 1027 71 22 sedan

89 1061 96 29 vidtaga
200 1061 28 22 de
244 1061 114 29 åtgärder,
374 1068 48 14 som
439 1061 229 29 omständigheterna
683 1061 116 28 päkalla*;

158 1119 161 21 Presteständet
334 1118 48 27 har,
395 1118 89 29 jämväl
495 1118 52 21 med
558 1118 149 22 förkastande
718 1118 26 22 af
751 1118 96 22 Utskot-

89 1155 46 19 tets
150 1153 153 26 betänkande,
319 1153 69 21 fattat
404 1155 34 18 ett
454 1153 25 20 sä
494 1152 101 29 lydande
611 1153 83 21 beslut:

158 1189 48 26 nätit
224 1187 147 29 Regeringen
390 1187 72 21 måtte
478 1187 136 21 införskaffa
629 1194 137 22 noggranna
781 1187 66 21 stati-

89 1221 73 22 stiska
177 1221 119 29 uppgifter
311 1229 37 14 om
366 1221 125 28 zigenarne
509 1222 8 21 i
536 1221 80 22 landet
633 1224 60 19 samt
712 1221 70 22 sedan
798 1221 48 22 läta

88 1263 84 22 genom
186 1255 144 29 sakkunnige
346 1263 109 21 personer
473 1256 102 28 granska
589 1255 83 29 frägan
687 1255 43 22 och
742 1259 105 25 uppgöra

88 1290 88 29 förslag
197 1290 36 21 till
256 1289 190 29 undanrödjande
469 1290 27 21 af
509 1289 28 22 de
557 1289 223 28 missförhällanden,
797 1297 49 14 som

89 1325 36 21 stä
139 1325 9 21 i
163 1324 111 22 samband
289 1324 52 21 med
356 1325 137 27 zigenarnes
508 1324 134 22 nuvarande
657 1324 75 29 läge*;

157 1382 185 28 Borgareständet
356 1381 43 22 har
412 1382 106 28 godkänt
533 1381 167 28 betänkandet;
716 1384 59 19 samt

157 1434 162 21 Bondeständet
341 1433 110 22 omfattat
473 1433 45 22 den
541 1434 36 21 till
598 1433 158 22 betänkandet
770 1433 77 22 vidfo-

87 1467 60 30 gade
162 1468 178 21 reservationen.

157 1507 103 18 Allmänna
272 1507 169 18 Besvärsutskottets
453 1507 112 19 betänkande
577 1509 37 16 N:o
626 1508 28 17 14.
