1070 1795
259 105 41 34 160
453 110 231 21 Petitionsbetänkande
700 111 35 20 N:o
750 110 21 21 2.

296 166 92 22 Främst
411 167 72 22 finner
505 168 38 26 jag
565 168 46 27 mig
630 168 7 20 i
658 167 84 22 sådant
757 168 108 21 afseende
882 168 54 21 böra
952 174 35 15 an-

227 201 62 21 mäla
311 203 37 20 att
369 201 45 27 jag,
434 201 29 28 på
486 202 27 21 de
530 202 51 21 skäl
596 208 50 15 som
663 202 74 21 finnas
753 202 5 20 i
779 202 157 21 betänkandet
952 208 35 15 an-

227 235 69 28 gifna,
318 235 72 22 håller
414 235 47 22 före
485 237 36 20 att
537 236 43 22 den
599 236 34 22 del
654 236 26 21 af
692 236 177 27 ifrågavarande
885 236 102 27 jernväg,

228 275 49 16 som
301 270 65 21 faller
388 271 98 21 emellan
502 270 144 27 Helsingfors
663 271 42 21 och
721 270 83 27 Hangö
821 271 82 26 banan,
920 271 67 26 lämp-

226 304 70 27 ligast
319 305 68 21 borde
410 305 63 21 ledas
496 305 35 20 till
555 305 121 22 Nummela
693 305 94 21 station.
820 305 43 27 Jag
879 307 48 19 tror
943 305 46 27 mig

227 339 57 20 dock
300 339 20 26 ej
336 339 99 21 behöfva
450 339 53 27 ingå
520 339 29 27 på
564 345 28 16 en
608 341 105 20 närmare
730 339 139 28 motivering
881 339 26 21 af
915 339 73 22 denna

227 373 67 26 åsigt,
315 373 27 21 då
362 373 70 27 enligt
451 373 47 21 min
522 374 70 21 tanke
609 374 73 21 denna
697 374 82 21 bandel
795 374 35 21 för
846 374 141 21 närvarande

226 407 50 22 icke
293 408 95 22 behöfde
408 408 71 21 blifva
496 407 96 23 föremål
608 408 34 21 för
664 409 36 21 ett
718 409 77 21 beslut
814 408 52 22 från
885 408 102 22 Ständer-

227 448 43 15 nas
286 442 55 21 sida.

296 477 60 20 Enär
378 477 175 27 ifrågavarande
577 478 58 20 bana
655 477 79 22 består
750 477 27 20 af
791 477 113 21 särskilda
920 477 67 26 delar,

226 511 86 26 hvilka,
329 511 71 21 ehuru
416 511 156 22 tillsammans
589 512 103 21 bildande
709 513 35 20 ett
753 511 55 26 helt,
821 512 57 21 dock
889 512 56 20 hvar
954 511 34 21 för

228 551 34 21 sig
284 545 86 27 jemväl
393 546 71 21 hafva
488 546 35 21 sin
546 546 114 21 särskilda
679 546 97 27 uppgift,
802 551 70 21 synes
888 546 46 26 mig
950 546 38 21 det

226 580 233 27 ändamålsenligaste
476 582 74 20 sättet
563 581 35 20 för
609 581 103 21 arbetets
726 580 147 21 bedrifvande
885 580 102 27 ostridigt

227 620 63 21 vara,
307 616 35 19 att
358 615 27 21 de
402 615 34 20 för
452 615 131 21 ändamålet
599 615 126 26 disponibla
740 615 91 21 medlen
847 615 41 21 och
903 615 84 20 arbets-

227 649 119 21 krafterna
362 649 84 22 främst
462 649 139 22 kencentras
617 649 29 27 pä
662 655 28 16 en
706 649 26 21 af
746 649 67 21 dessa
829 649 107 22 handelar
947 649 40 21 och

226 683 6 20 i
250 683 42 21 den
307 683 54 21 mån
377 684 73 21 denna
465 686 94 19 närmar
575 684 34 26 sig
624 683 157 22 fullbordande
799 683 146 27 öfverflyttas
959 683 28 27 på

227 723 28 15 en
278 723 82 15 annan.
391 717 99 22 Sålunda
513 718 59 21 skall
595 724 54 15 man
672 718 121 27 nemligen,
817 719 57 20 utan
897 717 40 22 att
952 718 34 21 be-

226 752 72 21 höfva
318 752 99 26 fördröja
433 753 38 20 det
488 753 63 20 helas
567 752 129 27 utförande,
712 753 97 26 tidigast
825 752 79 21 kunna
919 752 68 26 draga

227 787 69 26 nytta
312 787 26 20 af
355 787 39 21 det
410 787 6 20 i
432 787 115 26 företaget
563 787 109 26 nedlagda
688 786 121 27 kapitalet.
840 786 51 21 Men
907 786 27 21 dä
950 786 37 21 det

227 821 111 26 derjemte
362 827 70 21 synes
454 821 47 26 mig
523 821 134 26 uppenbart,
684 822 36 20 att
743 821 205 26 jernvägsarbeten
967 820 20 26 ej

227 855 35 20 för
277 856 143 21 närvarande
428 856 79 20 kunna
516 855 130 22 bedrifvas
636 851 12 34 i
658 855 25 21 sä
693 857 48 19 stor
750 855 141 26 omfattning
900 856 42 25 att,
951 855 36 20 vid

227 891 35 19 ett
282 889 83 22 sädant
380 891 137 25 arbetssätt,
533 890 52 21 hela
601 890 42 21 den
658 889 141 27 ifrägasatta
815 889 73 21 banan
906 889 80 26 kunde,

226 923 72 26 jemte
320 925 72 20 andra
414 925 7 20 i
440 925 79 20 landet
534 924 188 21 förekommande
738 923 248 27 jernvägshyggnader,

226 958 72 21 under
313 959 152 21 instundande
482 959 150 26 finansperiod
645 959 52 20 med
706 958 79 21 arbete
795 958 114 26 beläggas,
918 963 69 21 synes

227 992 39 22 det
288 993 46 26 mig
356 993 192 26 ändamälsenligt
571 994 36 20 att
629 993 130 21 Ständerna
782 998 30 15 nu
832 992 61 21 fatta
914 992 74 21 beslut

226 1027 84 21 endast
332 1033 37 15 om
392 1027 42 22 den
454 1027 35 22 del
509 1027 26 21 af
549 1027 80 26 banan,
647 1033 50 16 som
713 1027 72 21 under
802 1027 70 26 sagda
887 1027 100 26 tidrymd

226 1061 45 20 kan
288 1061 94 21 komma
397 1063 37 20 att
448 1062 96 21 utföras.

296 1095 9 21 I
322 1095 82 22 sädant
420 1096 107 21 afseende
542 1096 46 21 kan
603 1096 37 26 jag
655 1096 50 21 icke
721 1095 76 27 undgä
810 1097 36 20 att
857 1095 63 27 gifva
932 1095 55 22 före-

226 1130 65 21 träde
315 1130 24 21 ät
361 1131 108 21 bandelen
487 1123 68 29 Äbo-
565 1119 77 43 Karis,
659 1130 85 21 främst
760 1131 55 20 enär
831 1130 42 21 den
890 1130 96 21 emellan

226 1157 50 28 Äbo
301 1164 41 21 och
365 1164 158 27 Hangöbanan
547 1165 101 26 liggande
669 1165 140 25 landsorten,
831 1164 92 21 hvilken
939 1164 48 21 stär

227 1199 145 26 synnerligen
396 1199 55 26 högt
475 1199 50 22 med
542 1199 90 26 hänsyn
648 1199 35 21 till
698 1198 131 27 jordkultur
846 1199 41 21 och
903 1199 83 21 befolk-

226 1232 151 27 ningstäthet,
394 1235 26 19 är
436 1233 51 21 vida
503 1239 64 16 mera
582 1233 6 21 i
605 1233 69 21 behof
688 1233 25 20 af
727 1233 144 21 förbättrade
885 1233 101 21 kommu-

226 1267 135 26 nikationer,
378 1269 29 19 än
423 1267 134 22 landsorten
573 1268 65 21 söder
654 1273 38 15 om
708 1267 83 27 Hangö
807 1268 65 20 bana.

296 1301 44 21 Det
360 1301 46 21 kan
425 1301 115 22 måhända
557 1307 69 21 synas
644 1307 49 16 som
710 1301 75 22 skulle
802 1302 39 21 det
856 1301 26 21 af
895 1301 45 27 mig
956 1307 30 15 nu

226 1335 146 21 framställda
387 1336 110 26 förslaget
514 1336 37 21 stä
566 1336 6 20 i
589 1336 55 21 strid
660 1336 51 21 med
728 1336 39 21 det
784 1335 202 27 petitionsförslag,

226 1368 89 22 hvilket
346 1369 26 21 af
396 1370 46 27 mig
465 1370 71 27 jemte
559 1370 70 20 andra
652 1370 189 21 undertecknats.
872 1369 9 21 I
905 1369 81 27 sjelfva

227 1403 82 22 verket
324 1404 120 27 föreligger
459 1405 42 20 här
517 1405 56 20 dock
589 1405 82 21 endast
687 1411 28 15 en
728 1405 83 20 formel
820 1404 103 27 skillnad,
933 1405 54 21 enär

295 1454 205 19 Petitionsbetänkande
513 1455 35 18 N:o
560 1456 18 17 2.
