1070 1795
263 147 26 20 18
408 145 280 24 Petitionsbetänkande
708 145 46 23 N:o
769 146 41 23 43.

233 218 59 23 göras
307 217 31 19 till
354 216 231 26 undantagsrättigheter
600 217 30 19 för
646 216 98 20 särskilda
759 216 173 20 samhällsklasser
943 218 49 18 utan

234 247 29 17 att
283 245 59 19 dessa
364 245 122 25 rättigheter,
508 245 66 19 såvidt
597 244 85 26 möjligt,
704 245 114 20 utsträckas
841 244 30 20 till
885 244 38 20 alla
937 244 55 25 lager

232 273 20 19 af
266 273 68 20 folket.

303 302 29 19 De
354 301 87 26 punkter
455 302 6 19 i
477 301 36 20 vår
527 302 200 25 landtdagsordning,
742 302 69 19 hvilka
825 302 30 19 för
869 301 122 20 närvarande

232 329 26 20 då
280 331 34 19 det
336 330 16 25 ej
376 331 38 18 kan
437 330 62 19 blifva
518 330 57 25 fråga
590 337 32 12 om
637 330 86 25 ändring
738 331 20 18 af
772 331 39 19 den
827 329 94 26 ställning
935 330 55 19 adels

233 359 39 20 och
286 358 152 26 prestestånden
454 359 67 25 intaga
537 359 5 19 i
559 359 34 19 vår
609 359 164 25 representation,
789 359 6 19 i
811 359 85 19 främsta
905 361 86 17 rummet

232 387 54 25 gifva
301 387 108 25 anledning
424 387 31 20 till
465 394 28 13 nu
504 387 69 26 gjorda
583 387 123 24 uttalanden,
716 390 34 17 äro
761 387 228 26 landtdagsordningens

233 416 124 25 stadganden
372 422 31 14 om
420 416 57 20 valen
493 416 30 20 till
538 416 91 25 borgare-
645 416 37 20 och
697 416 153 20 bondestånden
866 418 50 18 samt
930 416 60 20 dessa

233 444 71 20 ständs
326 445 56 19 häraf
405 445 105 24 betingade
540 445 187 24 sammansättning.
771 445 74 24 Hvarje
873 444 55 25 fråga
957 451 32 12 om

232 473 140 25 utsträckning
386 473 20 19 af
420 473 97 20 valrätten
533 473 42 19 står
590 473 110 25 nämlignn,
714 473 31 20 för
760 473 67 20 såvidt
838 473 38 19 den
886 473 56 20 berör
956 473 34 19 det

232 508 39 13 ena
286 501 48 20 eller
352 502 34 19 det
400 502 62 19 andra
477 502 19 19 af
511 501 124 20 sistnämnda
652 501 65 25 stånd,
742 502 5 19 i
773 503 101 18 närmaste
895 501 94 20 samband

232 530 46 19 med
301 536 25 13 en
345 530 142 19 motsvarande
509 530 119 25 förbättring
651 530 45 19 med
719 530 80 25 hänsigt
823 530 30 19 till
876 530 34 19 det
927 530 62 19 andra

232 558 87 20 ståndet.
349 559 8 19 I
373 559 71 24 sjelfva
459 559 68 19 verket
542 559 36 18 har
592 559 100 24 nämligen
707 558 89 25 påståtts
812 559 120 19 beträffande
947 559 41 18 val-

232 589 62 18 sättet
318 587 31 19 till
370 587 170 25 borgareståndet,
560 589 30 17 att
610 593 25 13 en
655 587 117 25 förändring
794 587 20 19 af
837 587 54 20 detta
916 587 73 19 valsätt

232 615 77 20 fordrar
330 622 25 13 en
378 616 4 19 i
399 622 76 13 samma
489 616 90 24 riktning
593 615 77 25 gående
684 615 117 26 förändring
816 616 5 19 i
837 617 60 18 sättet
912 616 30 19 för
957 615 31 19 val

232 644 30 19 till
278 644 153 19 bondeståndet.
452 645 71 18 Derför
537 646 21 17 är
573 644 34 19 det
622 644 98 25 sakenligt
734 646 30 17 att
779 645 89 24 upptaga
879 643 66 26 frågan
956 650 30 13 om

232 673 85 24 ändring
330 673 21 18 af
367 673 93 19 valsättet
476 673 103 24 samtidigt
594 673 45 19 med
654 673 80 24 hänsyn
744 673 31 19 till
786 673 107 19 hvartdera
903 672 84 20 ståndet.

302 701 37 19 Det
359 701 105 20 förefinnes
488 701 60 19 likväl
567 701 29 19 uti
612 701 149 25 ifrågavarande
777 701 66 25 punkt
857 707 26 13 en
899 701 89 25 betydlig

232 730 80 19 skilnad
334 730 72 19 mellan
429 730 153 25 valrättigheten
600 730 29 19 till
645 730 34 19 det
693 736 38 13 ena
746 730 38 19 och
800 729 29 20 till
845 730 34 19 det
893 729 61 20 andra
969 729 19 19 af

231 759 61 19 dessa
312 758 65 19 stånd.
408 758 139 25 Stadgandena
564 759 82 19 rörande
661 758 100 19 valsätten
776 758 30 19 till
822 757 166 26 Borgareständet

232 787 60 19 hafva
316 787 60 19 redan
399 787 62 19 under
483 787 48 24 lång
553 787 28 19 tid
601 787 59 25 gifvit
682 787 110 24 anledning
810 787 31 18 till
856 786 99 25 klagomål
968 787 19 24 ja

231 815 76 25 häftiga
330 815 78 25 strider,
430 815 68 20 hvilka
519 815 21 25 ju
562 815 61 20 redan
639 815 72 24 utvisa,
726 817 30 18 att
771 815 56 20 detta
843 815 72 19 valsätt
930 815 55 19 inne-

230 844 61 19 fattar
312 846 29 17 ett
362 844 58 25 djupt
443 844 61 19 kändt
524 843 180 25 missförhållande,
726 843 78 20 hvilket
819 843 43 20 icke
877 846 49 17 utan
942 849 45 14 men

230 873 32 18 för
279 879 26 13 en
319 873 48 24 lugn
383 873 36 19 och
435 873 53 19 stilla
504 873 114 24 utveckling
633 873 39 18 kan
686 873 77 18 lemnas
779 872 102 25 oafhjelpt,
896 872 91 19 Deremot

230 901 38 19 har
289 900 56 25 fråga
367 907 32 13 om
422 900 95 21 valsättet
539 900 29 20 till
589 900 151 20 Bondeståndet
754 900 74 20 hittills
843 900 17 25 ej
878 900 76 24 väckts,
969 900 16 25 ej

230 929 64 20 heller
313 929 100 25 klagomål
435 929 7 20 i
463 929 66 26 någon
551 930 111 19 nämnvärd
683 929 49 25 grad
756 929 97 25 försports
870 929 45 19 från
930 929 57 19 deras

231 958 49 24 sida,
303 958 67 19 hvilka
385 959 61 18 saken
461 960 89 17 närmast
565 957 67 26 angår.
660 958 70 19 Denna
745 957 57 26 fråga
816 959 23 18 är
853 957 65 20 derför
932 959 54 18 ännu

230 987 20 18 af
273 993 42 13 mer
329 987 96 19 teoretisk
440 989 59 17 natur
514 989 26 17 än
555 987 153 24 framsprungen
724 993 25 12 ur
764 986 103 25 praktiska
882 985 105 20 förhållan-

230 1015 47 19 den.
307 1015 44 19 Men
366 1015 58 20 äfven
440 1015 6 19 i
462 1015 94 20 valsättet
571 1015 30 20 till
617 1015 149 19 Bondeståndet
777 1015 63 24 döljer
851 1015 30 24 sig
891 1016 28 17 ett
931 1015 56 19 miss-

230 1043 128 24 förhållande,
372 1044 78 19 hvilket
464 1044 61 19 redan
539 1044 65 25 börjar
618 1044 77 19 kännas
710 1043 38 20 och
763 1045 50 17 utan
828 1043 70 19 tvifvel
913 1043 75 24 ganska

230 1074 57 17 snart
303 1072 50 19 skall
368 1072 84 19 framstå
468 1072 65 19 såsom
549 1079 24 12 en
589 1072 93 19 liknande
697 1072 86 19 hämsko
798 1072 31 19 för
843 1071 39 20 den
894 1071 93 25 politiska

230 1101 146 24 utvecklingen,
390 1107 44 13 som
449 1101 94 19 valsättet
553 1101 30 19 till
594 1100 167 25 Borgareståndet
776 1101 31 19 för
822 1100 122 19 närvarande
959 1102 29 17 är.

230 1129 100 20 Valsättet
352 1129 30 19 till
402 1129 149 20 Bondeståndet
573 1131 22 18 är
617 1129 65 20 derför
702 1135 25 13 en
750 1129 58 25 fråga
827 1135 42 13 som
886 1129 59 18 redan
961 1135 26 12 nu

229 1157 82 20 kräfver
324 1157 136 25 lagstiftarens
476 1158 181 25 uppmärksamhet.

298 1186 237 25 Landtdagsordningens
558 1187 25 18 12
607 1187 17 24 $,
643 1186 81 19 hvilken
740 1186 57 19 berör
820 1187 61 18 sättet
896 1185 28 20 för
939 1185 48 19 Bor-

228 1214 139 26 gareständets
387 1215 214 24 landtdagsmannaval
620 1215 104 19 äfvensom
740 1214 92 19 ständets
848 1215 140 18 sammansätt-

228 1243 57 25 ning,
307 1243 35 19 har
364 1245 73 17 nästan
457 1243 53 19 ända
533 1243 45 20 frän
599 1244 38 19 den
659 1243 61 19 stund
743 1243 37 19 vär
795 1242 192 25 landtdagsordning

229 1271 84 24 tillkom,
335 1272 51 19 varit
408 1271 81 20 föremäl
510 1272 31 19 för
562 1272 38 19 den
619 1272 101 24 offentliga
735 1271 144 20 diskussionen
894 1271 37 19 och
946 1271 41 24 lag-

229 1301 103 18 stiftarens
351 1300 138 25 tillgöranden.
519 1301 30 18 En
565 1300 63 25 viktig
642 1300 116 25 förändring
773 1299 111 25 undergick
899 1299 61 25 sagda
976 1300 10 23 $

227 1335 73 18 genom
322 1329 78 24 Nädiga
423 1329 148 24 Förordningen
593 1329 38 19 den
655 1329 26 19 20
703 1328 53 20 Mars
782 1329 55 18 1879
852 1328 7 19 i
874 1327 71 20 sådant
959 1328 28 19 af-

228 1357 75 19 seende
324 1359 30 17 att
377 1357 192 25 inskränkningarne
585 1357 120 19 beträffande
721 1356 100 20 valrätten
837 1356 29 20 för
881 1356 62 24 nägra
957 1356 30 19 till

228 1385 82 20 ståndet
332 1386 87 19 hörande
440 1386 77 19 klasser
539 1386 117 19 afskaffades
669 1386 37 19 och
722 1385 83 26 politisk
821 1384 71 20 valrätt
907 1384 28 20 för
950 1384 37 20 alla

228 1414 183 23 stadsinnevänare,
434 1414 45 19 med
502 1414 127 25 iakttagande
651 1414 20 19 af
693 1413 63 26 några
777 1413 159 26 begränsningar
957 1419 30 14 er-

226 1443 85 20 häudes.
340 1443 67 20 Under
424 1443 120 25 landtdagon
561 1443 53 20 1882
630 1449 35 13 var
679 1442 143 26 ifrägavavane
839 1442 23 24 84
881 1441 42 20 åter
938 1442 49 19 före-

297 1493 129 22 Lagutskottets
440 1493 110 17 betänkande
564 1493 37 17 N:o
614 1493 27 17 14.
