1070 1795
230 130 15 19 4
407 129 261 23 Motionsbetänkande
684 130 42 22 N:o
742 130 23 22 5.

202 201 170 22 förevarande
391 201 144 22 hänseende
554 201 50 22 den
623 201 167 29 bestämning,
812 203 35 20 att
862 201 99 30 fridlys-

202 235 147 29 ningstiden
376 235 40 22 för
442 235 190 22 ofvannämnda
660 235 118 22 vildbräd
800 235 81 23 skulle
899 236 60 29 utgå

202 269 66 23 först
286 270 49 21 den
354 270 34 22 20
406 270 57 22 Juli.

276 315 142 22 Ständerna
430 315 95 29 ansågo
533 315 137 22 emellertid
678 315 133 29 tillräcklig
819 315 142 23 erfarenhet

204 350 70 21 ännu
293 350 53 22 icke
365 356 62 15 vara
446 356 102 16 vunnen
567 350 110 22 rörande
697 350 31 22 de
748 350 145 29 ändringar,
908 356 52 15 som

204 390 62 16 vore
296 384 24 22 af
346 384 119 22 behofvet
489 384 135 28 påkallade
643 385 7 21 i
670 384 117 30 gällande
805 384 155 29 jagtstadga,

204 418 121 22 hvarföre
354 419 104 22 ärendet
485 419 48 22 den
561 419 103 29 gången
691 419 50 22 fick
768 419 110 27 förfalla;
904 425 57 15 men

204 453 141 22 detsamma
363 454 110 27 upptogs
493 453 66 28 ånyo
577 453 44 22 vid
642 453 68 22 1888
730 453 41 22 års
789 453 123 29 landtdag
924 453 37 22 uti

205 488 35 21 ett
259 487 33 22 då
311 487 137 22 inlemnadt
466 487 213 29 motionsförslag,
699 487 73 22 hvari
792 487 77 22 bland
885 489 76 20 annat

204 521 120 29 yrkades,
346 523 34 20 att
399 521 236 29 fridlysningstiden
653 522 40 22 för
712 528 34 15 nu
764 521 197 29 ifrågavarande

204 556 153 29 matnyttiga
376 556 81 29 fåglar
477 556 79 22 skulle
575 557 143 21 utsträckas
734 556 36 22 till
783 556 46 21 och
842 556 57 22 med
913 556 48 22 den

204 590 32 22 31
258 590 59 22 Juli.
355 590 46 22 Till
419 590 62 29 följd
497 590 24 22 af
533 590 328 29 meningsskiljaktigheter,
875 590 86 22 hvilka

204 624 65 22 dock
298 625 77 28 enligt
401 625 192 22 vederbörande
611 625 110 22 utskotts
740 625 8 21 i
767 625 79 21 saken
865 625 96 28 afgifna

204 658 164 23 betänkande
394 659 74 22 rörde
487 659 80 22 andra
587 659 70 22 delar
676 659 26 22 af
720 659 172 29 lagförslaget,
912 659 49 22 fick

205 693 106 22 ärendet
330 693 76 22 äfven
424 700 33 15 nu
477 693 133 22 enahanda
629 693 99 29 utgång
747 700 52 15 som
819 693 28 22 år
867 693 75 22 1882.

276 727 48 22 Vid
348 727 83 22 denna
449 727 123 29 landtdag
592 728 117 29 slutligen
728 728 47 21 har
793 727 92 30 frågan
903 728 58 28 jem-

204 762 43 21 väl
266 761 100 23 berörts
385 762 36 21 uti
440 764 34 20 ett
492 762 35 21 till
547 762 193 22 Bondeståndet
751 762 138 22 inlemnadt
901 762 61 28 peti-

205 796 205 26 tionsmemorial,
437 797 108 21 rörande
573 797 97 22 hvilket
700 797 127 22 Utskottet
853 797 32 27 på
913 797 49 21 sätt

204 830 86 22 nedan
309 831 158 22 omförmäles
487 831 100 28 afgifvit
606 831 120 22 särskildt
740 831 162 22 betänkande
916 831 45 22 och

204 865 36 22 uti
268 865 98 22 hvilket
392 865 128 22 memorial
546 865 112 22 revision
678 865 24 22 af
721 865 182 29 förordningen
922 871 40 16 om

204 899 56 28 jagt
279 899 46 22 och
344 898 120 30 djurfång
483 899 7 22 i
509 899 58 22 dess
585 900 85 21 helhet
688 899 122 29 påyrkats
828 901 64 20 samt
905 899 56 22 med

204 933 102 29 hänsyn
331 933 36 22 till
386 933 167 22 förevarande
573 935 73 21 ämne
664 934 143 29 föreslagits
827 933 134 22 enahanda

204 967 165 30 förlängning
394 968 25 21 af
442 968 244 29 fridlysningstiden,
706 975 54 15 som
777 968 9 22 i
804 968 157 22 motionsför-

204 1002 82 29 slaget
304 1002 116 29 begäres.

275 1047 49 23 Vid
337 1047 188 30 behandlingen
536 1048 25 22 af
571 1048 176 29 föreliggande
756 1048 205 29 motionsförslag

203 1081 48 22 har
280 1082 127 22 Utskottet
433 1083 53 22 icke
513 1083 88 22 tvekat
629 1084 35 21 att
691 1083 104 22 omfatta
814 1083 146 21 detsamma.

205 1116 49 22 Det
273 1117 80 22 måste
372 1117 124 29 nemligen
516 1123 73 16 anses
609 1117 187 29 otvifvelaktigt
815 1118 35 21 att
863 1117 99 28 fridlys-

203 1150 147 29 ningstiden
378 1151 38 22 för
444 1151 143 29 andslägtet
614 1151 45 22 och
688 1151 81 29 öfriga
797 1151 102 22 dermed
917 1151 45 22 lik-

204 1184 84 23 stälda
315 1185 169 30 vattenfåglar
509 1185 58 23 med
592 1185 103 30 hänsigt
713 1186 37 22 till
768 1186 31 22 de
817 1185 144 22 klimatiska

202 1219 196 23 förhållandena
416 1220 45 22 hos
480 1227 41 15 oss
545 1221 28 21 är
591 1220 39 22 för
648 1220 58 22 kort
724 1221 39 21 för
783 1221 35 21 att
836 1220 125 29 betrygga

203 1253 136 23 beståndet
367 1255 25 21 af
420 1254 67 22 detta
514 1255 152 28 matnyttiga
693 1255 119 22 vildbråd
837 1256 64 20 samt
926 1256 36 19 att

203 1287 141 23 detsamma
371 1289 36 22 till
431 1289 62 29 följd
517 1289 73 22 deraf
610 1289 94 28 jemväl
722 1289 8 22 i
748 1289 131 28 betänklig
897 1288 64 29 grad

204 1321 98 29 aftagit.
328 1322 74 23 Olika
412 1323 131 29 meningar
553 1323 87 22 kunna
650 1323 127 22 måhända
790 1323 63 22 råda
866 1323 93 25 derom,

203 1355 37 22 till
268 1356 104 22 hvilken
400 1357 50 29 dag
473 1357 109 22 berörda
602 1357 35 22 tid
655 1357 81 23 borde
754 1357 142 22 utsträckas
914 1356 47 22 och

204 1396 40 16 om
269 1390 49 23 den
342 1391 119 30 möjligen
481 1392 86 22 kunde
585 1392 154 22 bestämmas
758 1392 67 22 olika
843 1392 60 28 lång
922 1391 39 22 för

204 1424 32 22 de
255 1425 77 22 södra
352 1426 46 22 och
417 1426 31 22 de
466 1426 144 26 nordligare
630 1426 105 22 delarna
755 1427 24 22 af
791 1426 94 22 landet.
921 1425 39 22 Då

272 1467 49 23 Lag-
334 1468 33 17 och
379 1468 183 18 Ekonomiutskottets
575 1468 111 19 betänkande
698 1469 38 18 N:o
750 1469 17 18 6.
