1070 1795
359 121 82 22 Ständ.
457 122 55 22 Mot.
528 135 25 2 —
572 121 151 23 Motionsbet.
740 122 41 22 N:o
797 123 21 21 5.

493 185 62 22 Visar
566 185 149 28 erfarenheten
725 187 32 20 att
765 185 42 22 den
814 185 155 28 fridlysnings-

420 220 37 27 tid,
473 227 43 14 som
531 220 66 27 ofvan
612 221 27 20 är
654 219 98 28 bestämd,
769 220 97 28 behöfver
879 221 10 20 i
903 221 67 27 något

418 255 40 26 fall
479 255 36 27 för
535 255 48 21 hela
602 255 74 21 landet
691 255 49 21 eller
755 255 44 21 viss
814 255 33 21 del
863 255 64 27 deraf
938 256 32 20 ut-

418 290 95 21 sträckas
536 289 49 21 eller
607 289 115 27 förkortas,
746 289 49 22 eller
809 289 91 28 päkalla
918 291 51 20 orts-

418 323 153 28 förhållanden
580 323 49 22 eller
638 323 72 22 andra
718 324 179 28 omständigheter
902 323 67 28 fram-

420 358 54 22 deles
499 358 137 27 stadganden
659 358 113 28 angående
791 358 51 28 jagt
864 359 13 20 å
899 359 71 20 annat

420 393 53 21 vildt
494 395 30 19 än
546 393 41 21 här
610 393 127 21 omnämndt
755 393 75 28 blifvit,
845 392 124 29 förbehålles

419 428 64 21 Hans
506 427 123 28 Kejserliga
651 428 103 27 Majestät
777 430 31 20 att
831 428 70 21 derom
924 429 45 19 sär-

418 462 66 22 skildt
498 462 112 27 förordna.

664 537 27 21 13
706 539 19 24 $.

486 582 64 22 Frän
573 583 37 21 och
633 583 46 21 med
702 583 42 21 den
762 583 27 20 15
804 583 63 21 Mars
884 582 32 22 till
931 582 36 21 och

419 617 46 22 med
486 617 40 22 den
548 617 14 21 9
577 617 94 28 Augusti
686 617 36 22 mä
736 617 62 22 hund
814 617 106 28 begagnas
937 617 33 21 till

415 651 50 28 jagt
487 652 77 21 endast
587 652 53 27 efter
664 651 68 28 björn,
756 659 58 20 varg,
834 652 19 21 lo
869 651 36 22 och
916 651 52 28 jerf,

418 689 43 19 när
476 687 66 28 något
557 687 28 27 af
597 687 59 21 dessa
672 687 49 27 djur
732 686 113 28 bevisligen
856 686 50 28 sig
914 686 56 21 itrak-

421 723 35 20 ten
474 721 124 27 uppehällit,
614 723 55 20 samt
685 721 102 21 dessutom
802 721 54 28 frän
871 720 37 22 och
923 720 47 21 med

420 756 41 21 den
482 756 11 21 1
508 755 95 28 Augusti
619 756 33 21 till
667 756 103 28 lofgifven
782 755 50 28 jagt
847 755 36 22 vid
897 757 73 20 strän-

420 791 38 20 der
480 790 27 28 af
523 790 33 28 sjö
572 791 49 21 eller
636 791 128 27 vattendrag
779 790 37 22 och
831 791 9 21 i
854 790 53 21 kärr
922 790 48 21 eller

420 832 78 15 annan
513 825 55 22 sank
583 825 67 22 mark.

283 893 112 21 Finlands
411 893 98 22 Ständer
524 893 132 22 framhärda
672 895 42 20 etc.

284 961 156 29 Helsingfors,
457 962 44 21 den
519 963 24 21 17
559 962 46 29 Maj
624 963 61 20 1894.

344 1453 101 14 Helsingtors,
455 1453 57 11 Finska
521 1454 187 15 Litteratur-DalisKapeis
719 1455 71 14 tryckeri,
801 1455 39 10 1094.
