1070 1795
292 134 228 22 Petitionsbetänkande
537 135 35 21 N:o
589 135 20 21 2.
767 136 40 21 123

75 191 57 22 öfrigt
150 191 38 18 lika
206 191 193 22 trafikförhållanden,
415 191 92 18 beräknas
527 197 34 17 per
576 191 102 18 kilometer
695 191 106 18 medeltalet
818 191 19 18 af

76 219 103 24 nyssfunna
198 220 140 23 godsmängder,
355 220 47 17 eller
420 220 33 17 177
471 222 37 19 ton,
525 220 71 18 hvilket
610 220 29 17 för
654 220 43 17 hela
711 219 124 23 banlängden,

75 249 33 17 178
124 248 42 21 km.,
180 249 58 22 gifver
253 249 63 20 31,506
332 251 37 15 ton.
394 249 44 17 Med
452 248 89 18 afseende
555 249 10 17 &
579 249 48 17 hvad
640 249 55 17 ofvan
708 254 29 11 om
750 253 86 18 passage-

75 276 123 19 raretrafiken
218 277 77 21 anförts,
311 277 37 17 kan
367 282 23 12 en
409 277 78 22 höjning
506 277 21 17 af
543 277 52 18 detta
613 277 26 17 tal
655 277 41 18 med
712 277 53 17 cirka
781 277 54 21 10%,

75 306 47 17 eller
134 306 29 17 till
176 306 64 21 34,600
252 307 32 16 ton
296 306 45 22 gods
354 305 20 18 af
384 305 41 18 4:de
439 306 97 22 kategorin
549 311 56 12 anses
621 305 85 23 befogad.

143 340 94 23 Mängden
256 342 84 15 trävaror
358 341 59 21 (utom
436 339 45 23 ved)
500 342 54 20 utgör
573 340 28 17 för
620 340 117 17 stationerna
755 340 79 17 Malm—

75 369 80 22 Turengi
171 369 63 21 26,167
246 371 41 19 ton;
301 371 68 15 största
381 368 54 18 delen
452 368 55 17 häraf
518 371 21 15 är
552 368 108 23 handsägad
673 373 49 16 vara,
736 368 52 18 stock
801 368 35 17 och

75 398 55 22 bjelk.
149 394 15 21 Å
178 397 87 18 sträckan
278 397 166 18 Lundo—Urdiala
457 399 66 21 utgöra
536 399 110 16 trävarorna
653 397 63 21 21,454
726 399 37 19 ton,
772 396 66 18 hvaraf

75 432 23 12 en
115 426 105 24 betydande
236 426 30 18 del
281 426 76 23 belöper
374 426 26 22 sig
414 426 24 22 pä
450 428 67 16 tvenne
532 426 115 22 närbelägna
660 426 97 22 ängsägar.
781 425 54 18 Invid

76 455 35 18 den
129 455 132 22 projekterade
278 455 60 17 banan
355 455 69 17 saknas
440 455 103 22 ingalunda
558 455 85 22 sågverk,
658 454 90 17 särskildt
763 454 7 17 i
789 454 46 22 Lojo

75 483 35 18 och
126 483 88 18 Halikko.
238 483 59 22 Ingen
313 483 20 17 af
347 483 55 18 dessa
417 483 53 17 torde
487 483 108 18 emellertid
611 483 29 18 för
652 483 29 17 sin
695 485 66 20 export
773 483 62 17 kunna

75 512 84 22 begagna
178 511 35 18 den
234 517 36 17 nya
288 511 67 18 banan.
381 511 89 18 Deremot
489 511 53 18 torde
561 512 46 22 Lojo
626 512 79 21 sågarna
720 511 74 18 komma
810 514 25 15 att

75 540 58 18 sända
152 541 56 21 något
226 542 85 16 trävaror
329 540 30 17 till
377 539 118 23 Helsingfors
514 540 29 17 för
561 540 83 23 fyllande
660 540 20 17 af
694 540 141 23 platsbehofvet,

75 569 70 17 hvilket
158 569 98 18 derstädes
268 569 58 18 redan
340 571 20 15 är
373 569 72 22 ganska
458 568 111 23 betydande.
589 569 53 18 Hvad
655 569 86 17 tillvaron
754 569 19 17 af
782 569 53 22 sågar

75 598 5 17 i
94 598 38 17 alla
145 597 32 18 fall
191 598 76 21 utvisar,
276 599 22 16 är
310 600 26 15 att
348 598 34 17 här
395 598 16 22 ej
425 598 68 17 saknas
505 598 80 22 tillgång
598 598 24 22 på
632 597 54 23 skog;
697 597 51 18 detta
761 597 74 18 bekräf-

75 629 28 15 tas
116 626 54 18 äfven
183 626 58 22 deraf,
253 628 27 16 att
293 632 23 12 en
329 627 71 22 ganska
412 626 47 23 liflig
472 627 108 22 skeppning
593 626 20 18 af
620 626 109 23 handsågad
738 631 43 12 vara
792 631 44 17 eger

75 660 40 12 rum
131 655 51 18 öfver
198 655 48 18 Salo.
272 655 33 18 Om
318 655 29 18 för
359 655 36 18 den
408 660 36 18 nya
457 655 33 18 178
502 655 101 18 kilometer
616 655 56 22 långa
685 655 60 17 banan
759 657 76 20 antages

75 684 62 21 20,000
152 686 33 15 ton
202 683 45 18 eller
263 684 52 17 cirka
330 684 49 20 759/o
396 683 20 18 af
429 683 35 18 den
478 684 68 22 mängd
559 686 89 19 trävaror,
661 689 39 12 som
713 689 25 12 nu
752 683 83 18 afsändts

75 712 39 17 från
134 712 46 18 eller
195 712 78 17 anländt
288 712 29 17 till
334 712 35 17 den
385 712 22 18 93
422 713 100 17 kilometer
538 713 55 22 långa
609 713 94 17 bandelen
716 713 119 17 Malm—Tu-

75 741 58 22 rengi,
146 741 54 17 torde
214 741 50 17 detta
277 741 92 17 erkännas
381 746 44 12 vara
438 746 22 12 en
473 741 72 22 ganska
557 741 73 22 måttlig
643 741 109 22 beräkning.

144 775 93 22 Mängden
254 775 20 17 af
288 775 140 22 transporterad
443 775 34 18 ved
493 777 55 20 utgör
563 775 29 18 för
607 775 93 18 bandelen
716 775 118 17 Malm—Tu-

75 804 53 22 rengi
143 804 64 21 30,350
222 806 32 15 ton
267 804 34 17 och
314 803 28 18 för
354 803 168 19 Lundo—Urdiala
534 804 51 21 7,189
597 806 36 15 ton.
658 801 17 20 Å
687 804 88 17 sträckan
788 804 45 17 Hel-

73 832 183 23 singfors—Pikkala
274 832 121 23 genomlöper
411 832 35 18 den
463 838 35 17 nya
515 833 61 17 banan
592 838 24 12 en
632 833 55 20 trakt,
704 837 38 13 som
755 832 58 18 delvis
826 833 6 16 i

73 866 22 13 en
115 861 77 18 bekväm
210 861 59 22 sjöled
286 861 33 17 har
336 861 36 18 den
388 861 95 22 billigaste
498 863 59 20 vägen
574 861 29 18 för
619 861 29 17 sin
660 861 119 18 vedutförsel.
804 861 28 17 Dä

73 889 107 18 emellertid
194 889 59 18 veden
267 890 15 22 ej
296 889 34 18 bär
342 890 64 22 längre
419 890 143 23 hästtransport,
573 890 83 17 kommer
668 889 57 18 redan
739 891 24 21 pä
775 892 26 15 ett
814 890 16 22 ej

72 921 47 15 stort
132 919 74 17 afständ
219 918 41 17 frän
273 918 67 18 kusten
354 918 104 17 anlitandet
470 918 20 17 af
498 919 81 22 jernväg
592 921 27 15 att
632 918 79 23 erbjuda
723 920 60 16 större
795 918 37 18 för-

72 947 36 21 del,
119 947 75 18 hvarför
207 947 129 22 vedtransport
348 947 53 17 äfven
414 947 24 22 pä
451 947 60 17 denna
524 947 31 18 del
565 947 20 17 af
596 947 61 18 banan
668 947 106 22 säkerligen
785 946 47 19 skall

72 981 34 18 ega
124 981 47 12 rum.
195 977 33 16 Att
246 976 20 17 sä
284 975 91 18 likaledes
391 976 59 17 måste
467 975 57 18 blifva
539 975 54 18 fallet
609 976 23 22 på
645 976 133 23 sträckningen
791 975 41 18 från

72 1005 79 17 Pikkala
164 1004 68 18 framåt
244 1006 20 15 är
277 1004 73 23 tydligt.
369 1001 59 21 Äfven
442 1004 29 17 till
483 1001 46 24 Åbo,
539 1005 80 17 likasom
632 1004 30 18 till
676 1005 22 17 de
711 1004 52 18 invid
772 1005 60 17 banan

72 1033 87 23 liggande
176 1033 114 18 industriela
302 1033 76 21 verken,
390 1033 83 18 kommer
491 1033 106 22 säkerligen
612 1033 131 23 vedtransport
758 1035 27 16 att
799 1038 34 18 ega

71 1067 46 12 rum.
142 1062 65 22 Enligt
223 1061 74 24 uppgift
309 1064 75 20 antages
401 1062 36 17 den
454 1062 60 23 årliga
527 1062 100 17 tillförseln
640 1061 20 18 af
672 1062 161 22 skogsprodukter

73 1091 35 17 och
121 1091 35 17 ved
169 1090 79 18 allenast
259 1091 30 16 till
301 1091 83 20 Fiskars,
393 1091 70 17 Koskis
477 1091 34 17 och
524 1087 120 21 Åminnefors
657 1091 47 17 bruk
717 1091 56 17 blifva
781 1091 52 21 5,700

72 1122 37 15 ton.
134 1119 37 18 För
187 1121 27 15 att
230 1119 16 22 ej
264 1119 60 18 räkna
338 1119 28 18 för
379 1119 49 23 högt,
441 1119 34 18 har
488 1119 29 18 för
530 1119 44 22 hela
587 1119 35 18 den
636 1125 36 17 nya
684 1119 61 18 banan
758 1125 28 12 om
800 1119 33 18 178

71 1149 107 17 kilometers
192 1147 57 23 längd
262 1148 16 22 ej
292 1148 81 22 antagits
386 1148 44 17 fullt
442 1148 41 17 lika
495 1150 47 15 stort
554 1148 68 23 belopp
636 1153 38 12 som
687 1153 25 12 nu
722 1148 59 22 afgått
791 1147 40 18 från

71 1177 36 18 den
123 1177 22 17 93
160 1177 31 16 km
207 1176 56 23 långa
278 1177 87 17 sträckan
382 1177 232 22 Helsingfors-—Turengi,
627 1177 47 18 eller
688 1177 68 17 inalles
769 1177 63 20 30,000

71 1209 31 16 ton
115 1206 41 17 ved.

139 1235 63 22 Tegel,
220 1237 47 18 sten,
287 1234 51 22 sand,
357 1240 23 12 m.
399 1240 23 11 m.
442 1235 33 16 har
491 1235 11 16 &
520 1235 88 17 sträckan
625 1234 163 23 Malm—Turengi
805 1233 27 18 af-

70 1263 64 18 sändts
151 1264 29 17 till
197 1263 36 18 den
246 1266 51 15 stora
309 1269 84 12 summan
406 1263 20 18 af
437 1263 62 21 77,747
512 1265 39 19 ton,
564 1268 44 13 men
621 1263 11 18 &
644 1263 87 18 sträckan
744 1263 89 18 Lundo—

71 1292 76 19 Urdiala
166 1292 84 18 däremot
269 1292 66 18 endast
353 1292 51 21 1,209
423 1294 38 15 ton.
486 1292 37 17 För
542 1292 36 17 den
598 1291 106 23 föreslagna
720 1291 61 18 banan
798 1292 35 17 har

70 1323 95 20 transport
178 1321 20 17 af
210 1321 51 18 detta
274 1321 48 22 slags
336 1326 55 12 varor
402 1321 35 17 alls
449 1321 17 22 ej
480 1320 103 18 förutsatts.

139 1349 27 17 De
187 1349 95 23 uppgifter
300 1354 38 12 som
357 1349 84 22 afgifvits
460 1348 79 18 rörande
559 1348 38 18 den
615 1348 61 22 trafik,
689 1354 40 12 som
747 1354 44 12 vore
806 1350 27 16 att

70 1380 82 16 emotses
166 1378 41 18 frän
220 1378 114 18 industriela
346 1378 44 18 verk
400 1378 51 18 invid
462 1378 67 21 banan,
539 1377 73 23 grunda
622 1378 28 22 sig
659 1378 24 22 pä
692 1377 36 18 den
738 1377 95 18 förutsätt-

70 1407 49 22 ning,
138 1409 28 16 att
187 1407 143 18 verksamheten
351 1407 10 17 &
381 1407 23 17 de
422 1406 143 23 ifrägavarande
583 1407 152 22 inrättningarna
751 1406 83 17 kommer

71 1438 26 15 att
113 1435 95 18 bedrifvas
227 1436 3 17 i
246 1441 70 12 samma
330 1435 74 23 omfång
420 1441 38 12 som
472 1435 20 18 är
505 1435 50 18 1889.
580 1435 112 22 Antagligen
705 1434 48 18 skall
766 1434 66 18 bruks”

138 1481 205 18 Petitionsbetänkande
356 1481 37 18 N:o
405 1482 18 17 2.
