1070 1795
282 106 13 21 2
380 105 81 23 Ständ.
477 105 54 22 Pet.
549 118 24 3 —
590 105 172 23 Petitionsbet.
778 105 43 23 N:o
836 105 36 22 40.

252 171 124 21 underhåll
392 171 13 21 å
420 171 78 21 landet
514 171 25 21 af
553 171 44 21 den
615 173 26 20 15
656 171 98 22 Januari
771 173 62 20 1883.

322 205 171 29 Skyldigheten
515 208 35 19 att
573 205 138 22 underhålla
726 209 72 26 vägar
813 205 43 21 och
872 205 67 22 broar
954 205 55 29 ålig-

252 247 43 21 ger
315 240 95 28 jemlikt
431 239 100 22 nämnda
553 239 138 30 förordning
706 240 96 27 enhvar,
819 247 50 14 som
884 247 55 22 eger
954 240 57 21 eller

252 275 88 21 brukar
354 275 8 21 i
377 275 88 21 mantal
480 277 46 19 satt
538 274 60 29 jord,
614 275 152 21 innehafvare
781 275 26 21 af
815 275 133 28 skattlagda
957 276 52 27 torp

253 309 45 22 och
320 309 110 29 utjordar,
452 309 67 28 bruk,
541 309 109 28 fabriker,
674 310 74 28 sågar,
773 317 107 20 qvarnar,
901 310 14 21 å
928 309 83 22 hvilka

252 344 72 21 malas
348 346 50 19 mot
420 344 137 28 ersättning,
581 344 161 29 ölbryggerier
766 343 43 22 och
831 344 180 21 bränvinsbrän-

255 379 77 20 nerier
347 378 119 21 äfvensom
482 378 89 21 kronan
587 378 37 21 för
639 378 51 21 dess
707 378 163 29 skogsparker.
900 378 110 21 Deremot

252 417 26 17 är
296 414 88 20 kronan
408 413 37 21 för
459 420 77 14 annan
551 413 138 28 skogsmark
705 413 43 21 och
764 413 52 21 sina
831 412 180 30 öfverloppsjor-

252 448 42 21 dar
309 448 90 21 befriad
413 447 52 21 från
480 447 149 28 deltagandet
644 447 36 21 uti
694 447 180 29 ifrågavarande
889 448 89 20 besvär.

323 482 57 21 Skäl
397 481 37 22 för
450 489 28 14 en
494 482 71 21 sådan
581 481 115 22 afvikelse
711 481 52 22 från
779 481 45 22 den
839 481 8 22 i
861 481 150 22 förenämnda

253 516 143 29 förordning
414 516 103 21 uttalade
531 516 132 29 grundsats,
680 518 34 19 att
730 516 31 21 all
774 516 55 28 jord
844 516 60 21 skall
919 516 92 28 deltaga

252 551 37 21 uti
311 550 177 29 ifrågavarande
507 553 79 26 tunga,
610 557 70 22 synes
698 550 20 29 ej
740 557 55 14 vara
809 550 136 22 förhanden.
975 550 35 28 Ty

254 592 39 15 om
315 585 44 21 ock
382 585 113 21 erkännas
518 585 79 27 måste,
618 587 35 18 att
668 585 90 21 kronan
772 584 38 22 för
825 585 80 28 dylika
919 584 92 21 marker

252 619 52 22 icke
327 619 42 22 har
391 627 86 14 samma
498 619 75 22 fördel
589 619 25 21 af
627 619 144 22 förbättrade
786 619 225 22 kommunikations-

258 654 112 21 anstalter
392 661 49 14 som
464 653 106 22 enskilda
592 653 283 29 lägenhetsinnehafvare,
901 654 46 21 kan
971 653 40 22 det

254 688 61 21 dock
330 688 52 21 icke
396 687 110 22 förnekas
529 690 34 19 att
578 688 231 21 kommunikationer
825 691 38 18 äro
880 688 25 21 af
914 688 45 21 den
969 687 41 22 all-

253 726 85 18 männa
360 722 125 29 betydelse,
509 724 34 19 att
558 722 90 21 kronan
664 723 113 21 särskildt
791 723 9 20 i
817 723 28 20 de
859 723 95 26 trakter,
970 722 41 21 der

254 759 74 19 större
344 757 68 21 delen
427 757 25 21 af
462 757 84 28 jorden
561 757 82 21 tillhör
662 757 96 27 kronan,
775 757 72 21 borde
862 757 96 28 bidraga
973 757 38 21 till

254 791 124 28 byggande
401 791 43 22 och
465 791 124 22 underhåll
607 791 26 22 af
646 795 71 25 vägar
733 791 43 22 och
791 791 74 28 broar,
889 791 61 22 helst
965 791 45 22 den

253 825 209 29 omständigheten,
485 828 35 19 att
541 826 64 21 vissa
623 826 166 28 skogsmarker
805 825 52 22 icke
872 825 80 22 blifvit
965 825 44 22 för-

253 860 94 21 klarade
362 859 37 22 för
414 860 163 29 kronoparker,
593 860 19 29 ej
630 867 70 22 synes
710 862 84 27 utgöra
804 860 70 28 giltig
884 860 127 29 anledning

252 897 36 19 att
302 895 50 21 helt
362 894 43 21 och
416 894 72 22 hållet
497 894 86 29 fritaga
594 895 88 21 kronan
693 895 53 21 från
756 894 101 21 nämnda
867 895 142 28 skyldighet.

254 929 88 21 Härtill
364 929 110 28 kommer,
498 931 34 19 att
554 929 124 28 byggande
700 929 44 21 och
762 929 124 21 underhåll
901 929 25 22 af
938 933 72 25 vägar

254 963 44 22 och
313 963 73 28 broar,
403 963 8 21 i
427 963 126 28 synnerhet
568 963 8 21 i
591 963 67 22 dessa
673 963 96 27 trakter,
786 967 25 18 är
827 971 29 14 en
871 964 53 21 svår
937 965 74 27 tunga

252 997 39 22 för
307 998 43 21 den
366 997 151 29 glestboende
539 997 44 22 och
597 997 85 29 fattiga
698 998 171 28 befolkningen
885 998 124 21 derstädes.

253 1032 175 28 Fördelningen
444 1032 25 21 af
481 1032 175 28 ifrågavarande
679 1032 84 21 besvär
785 1039 70 21 synes
871 1032 73 21 likväl
958 1033 52 21 icke

253 1067 128 28 lämpligen
403 1067 56 21 böra
481 1067 41 21 ske
542 1066 60 22 efter
617 1067 98 21 arealen.
745 1067 36 28 Ty
796 1066 118 29 sjelffallet
929 1071 31 22 är,
976 1069 35 19 att

254 1101 30 21 då
299 1101 133 21 inkomsten
446 1101 52 21 från
517 1101 28 21 de
560 1101 90 21 kronan
664 1101 128 28 tillhöriga,
807 1101 52 21 icke
875 1101 37 22 till
926 1101 84 22 krono-

254 1135 84 28 parker
361 1135 130 22 förklarade
510 1136 168 28 skogsmarker,
695 1136 8 21 i
720 1136 28 21 de
763 1136 68 21 flesta
845 1135 42 22 fall
902 1136 9 21 i
925 1135 85 22 förhål-

252 1169 70 22 lande
338 1170 38 21 till
394 1170 129 28 egovidden
539 1174 25 17 är
579 1171 73 28 ringa,
669 1171 76 21 denna
761 1170 175 29 omständighet
948 1170 61 29 jem-

254 1205 39 20 väl
308 1204 71 21 borde
394 1204 95 22 beaktas
505 1205 40 21 vid
560 1205 174 21 fastställandet
750 1205 25 21 af
787 1205 45 21 den
843 1205 81 28 grund,
936 1205 74 28 enligt

255 1239 97 21 hvilken
374 1239 91 21 kronan
481 1239 79 21 kunde
575 1239 122 22 åhvälfvas
713 1241 35 19 att
763 1239 37 21 för
816 1239 67 21 dessa
897 1239 92 22 marker
1002 1239 8 22 i

254 1273 131 21 ännämnda
400 1273 82 22 besvär
497 1273 98 29 deltaga.

322 1307 78 22 Jemte
416 1307 39 22 det
469 1307 130 22 Ständerna
613 1308 64 29 förty
692 1309 65 20 finna
772 1310 35 19 att
822 1308 188 22 kronan
912 1303 11 39 i
932 1308 78 22 större

254 1342 54 20 mån
323 1345 30 17 än
368 1341 115 21 härintills
501 1342 70 21 borde
581 1342 96 28 bidraga
685 1343 38 20 till
733 1342 178 21 underlättande
922 1343 26 20 af
956 1346 55 25 väg-

254 1376 44 21 och
320 1376 278 29 brobyggnadsbesväret,
624 1384 55 14 anse
700 1376 131 22 Ständerna
854 1376 59 22 dock
935 1384 29 14 en
985 1378 26 21 så

254 1410 51 21 vidt
327 1410 89 29 gående
439 1411 85 21 reform
546 1411 52 21 icke
617 1411 80 22 kunna
712 1411 57 22 eller
784 1411 57 22 böra
856 1411 153 28 genomföras,
