1070 1795
254 105 26 21 16
434 103 231 23 Petitionsbetänkande
682 103 34 22 N:o
732 103 21 22 2.

294 216 162 25 (Öfversättning).

593 258 22 17 9.

402 315 46 18 Till
464 315 150 18 Hedervärda
626 314 181 19 Bondeståndet.

295 378 59 18 Sedan
374 378 35 17 sist
427 377 113 18 församlade
559 378 81 18 Ständer
658 378 34 17 hos
711 377 52 18 Hans
779 377 107 23 Kejserliga
899 377 86 22 Majestät

224 407 151 23 underdåningst
389 407 78 17 anhållit
480 409 31 19 att,
521 406 29 18 för
563 407 36 17 den
613 406 91 18 händelse
716 406 73 18 Raumo
798 405 41 18 stad
848 405 47 18 eller
904 405 82 18 enskildt

224 436 56 21 bolag
298 436 56 17 innan
373 437 59 19 nästa,
452 435 16 17 d.
482 441 15 11 v.
511 440 13 13 s.
539 441 25 11 nu
577 435 97 22 pågående
689 434 91 22 landtdag
796 434 87 18 utverkat
899 434 29 22 sig
939 434 46 17 kon-

225 464 74 17 cession
315 464 10 17 å
340 463 97 23 byggande
454 463 20 18 af
485 469 23 12 en
518 464 79 22 jernväg
609 463 42 18 från
665 463 61 23 någon
740 463 61 22 punkt
813 463 10 17 å
837 462 144 18 Tammerfors—

224 492 126 23 Björneborgs
363 492 61 17 banan
437 492 28 17 till
478 492 72 17 Raumo
563 492 47 21 stad,
623 492 29 17 för
665 492 32 17 det
709 491 171 18 koncessionerade
889 491 96 23 företaget,

225 521 59 17 måtte
296 521 24 22 på
332 520 20 18 af
363 521 95 22 Styrelsen
472 522 87 16 närmare
572 520 96 18 bestämda
680 521 61 17 vilkor
754 520 79 23 beviljas
845 520 22 21 2/5
881 520 52 18 delar
946 519 42 18 utaf

225 549 33 18 det
271 549 30 18 vid
313 550 146 17 koncessionens
473 549 112 18 utfärdande
598 549 106 18 fastställda
715 549 189 22 kostnadsförslagets
913 549 72 22 belopp,

226 578 49 17 dock
289 579 16 22 ej
321 578 74 18 utöfver
408 583 23 13 en
444 578 65 23 miljon
523 578 53 17 mark
588 577 60 22 hafva,
662 579 61 16 såsom
736 577 64 22 kändt,
813 577 102 18 förstärkta
926 577 59 18 stads-

225 606 119 23 fullmäktige
362 607 6 17 i
388 607 70 17 Raumo
478 606 41 18 stad
535 607 56 18 våren
609 607 45 18 1892
666 607 34 17 hos
714 607 51 16 Hans
779 606 106 23 Kejserliga
898 606 89 22 Majestät

226 635 137 23 underdånigst
382 635 79 18 anhållit
479 635 51 18 såväl
543 640 29 12 om
584 635 111 18 koncession
710 635 10 17 &
734 634 97 23 byggande
845 635 20 17 af
876 640 23 12 en
908 635 78 22 jernväg

225 663 42 18 från
288 664 89 23 Peipohja
396 664 68 17 station
483 664 1 17 i
503 663 60 18 Kumo
576 664 68 17 socken
658 664 11 17 å
682 663 37 18 den
734 663 60 18 under
807 663 86 23 byggnad
906 663 79 18 varande

225 692 274 23 Tammerfors—Björneborgs
518 692 60 17 banan
597 692 28 17 till
644 693 72 16 Raumo
736 692 41 17 stad
797 692 35 17 och
850 692 62 21 hamn,
928 691 59 23 enligt

226 721 106 22 uppgjorda
344 721 93 22 ritningar
450 721 34 17 och
497 721 167 22 kostnadsförslag,
678 726 39 12 som
730 721 36 17 ock
781 722 27 16 att
820 721 71 17 Raumo
904 720 42 18 stad
957 720 30 17 för

226 749 107 23 byggandet
350 749 20 18 af
388 749 57 22 sagda
460 750 79 22 jernväg
559 750 56 17 måtte
634 755 22 12 ur
675 749 123 18 statsverkets
815 749 60 18 medel
892 749 58 17 undfå
962 754 24 12 en

226 778 111 17 subvention
351 777 20 18 af
383 783 22 12 en
418 778 65 22 miljon
497 778 58 17 mark.

297 807 111 17 Sedermera
420 807 34 17 har
466 807 106 17 emellertid
585 807 6 17 i
604 807 92 17 Finlands
709 807 99 17 Allmänna
821 806 82 23 Tidning
912 806 74 17 medde-

227 835 42 21 lats,
282 837 27 16 att
321 835 52 18 Hans
387 835 107 23 Kejserliga
506 835 88 23 Majestät
606 835 48 18 hade
666 835 97 18 förordnat
772 837 27 16 att
807 835 179 22 stadsfullmäktiges

226 864 6 17 i
251 863 71 18 Raumo
341 864 41 17 stad
401 863 128 23 underdåniga
548 864 84 17 ansökan
650 869 30 12 om
698 864 113 17 koncession
829 864 34 17 och
875 863 112 23 statsanslag

227 892 29 18 för
274 892 107 23 byggandet
399 892 21 18 af
436 898 22 12 en
476 893 79 22 jernväg
574 893 40 17 från
632 893 93 22 Peipohja
738 893 69 17 station
820 892 29 18 till
862 893 70 17 Raumo
946 892 40 17 stad

227 921 35 17 och
276 921 54 18 hamn
344 921 29 17 för
386 921 115 18 närvarande
515 921 95 18 lemnades
624 923 44 16 utan
682 921 95 18 afseende.

298 950 84 17 Orsaken
401 950 28 17 till
447 952 27 15 att
492 950 59 18 denna
571 950 131 23 underdåniga
717 950 106 23 ansökning
840 949 80 18 sålunda
932 951 55 16 mötts

227 977 43 18 med
290 978 59 22 afslag
367 978 54 17 torde
435 978 108 23 antagligen
555 979 29 17 till
598 984 22 12 en
634 979 30 17 del
678 979 29 17 stä
720 981 26 15 att
759 979 54 17 sökas
827 978 41 18 deri
881 979 28 16 att
920 977 31 18 vid
963 978 24 17 ti-

228 1006 36 17 den
278 1006 28 17 för
319 1006 138 23 behandlingen
471 1007 10 16 &
494 1007 118 22 vederbörlig
626 1009 28 16 ort
667 1007 21 17 af
699 1007 63 18 denna
771 1007 138 22 angelägenhet
918 1012 22 12 en
950 1008 38 16 stor

228 1035 31 17 del
279 1035 20 18 af
316 1035 40 17 värt
371 1035 43 17 land
432 1035 88 18 drabbats
533 1035 20 18 af
564 1036 94 21 missväxt,
672 1035 87 18 hvarföre
773 1035 23 18 de
809 1035 60 18 medel
883 1040 37 13 som
934 1035 53 18 stodo

227 1063 29 18 till
276 1064 121 17 statsverkets
416 1063 110 23 förfogande
547 1064 59 17 starkt
624 1066 52 21 togos
695 1065 7 16 i
720 1065 82 22 anspräk
815 1064 29 17 för
857 1063 70 18 nödens
940 1063 47 18 lind-

228 1091 59 18 rande
306 1093 33 17 och
358 1092 79 17 sälunda
455 1093 42 17 icke
517 1092 81 23 förslogo
617 1093 28 17 till
659 1092 145 23 ifrägavarande
817 1093 92 21 ändamäl,
922 1092 29 17 till
964 1097 24 13 en

228 1120 30 18 del
278 1121 54 17 äfven
352 1121 40 18 deri
410 1123 26 15 att
449 1121 73 17 landets
536 1121 78 17 Ständer
627 1121 31 18 vid
672 1124 74 15 senaste
761 1121 89 22 landtdag
862 1121 43 17 icke
918 1121 71 17 anvisat

228 1149 62 18 medel
304 1149 27 18 till
345 1149 32 18 det
389 1149 20 18 af
420 1149 41 18 dem
475 1149 104 23 föreslagna
592 1150 110 17 ändamälet.

299 1179 28 16 Då
338 1179 71 17 Raumo
423 1179 50 16 stads
486 1179 113 17 innevånare
604 1174 11 32 i
628 1179 34 17 sitt
674 1179 108 18 sträfvande
795 1181 28 15 att
835 1178 18 17 få
867 1178 61 17 denna
938 1178 50 22 jern-

228 1208 36 21 väg
282 1207 60 22 byggd
362 1207 60 17 säsom
442 1207 61 22 privat
521 1207 48 18 bana
587 1207 99 23 ädagalagt
705 1209 39 16 stor
763 1207 132 22 offervillighet
913 1207 35 17 och
966 1206 23 18 dä

229 1240 71 12 samma
318 1235 81 22 orsaker,
419 1236 63 17 hvilka
501 1236 50 17 såväl
569 1236 58 17 redan
646 1236 30 17 vid
696 1235 46 18 1888
754 1237 30 16 års
797 1241 39 12 som
849 1235 54 18 äfven
916 1237 73 16 senaste

229 1263 89 23 landtdag
330 1264 112 17 framhållits
455 1265 29 20 till
498 1264 71 17 förmån
579 1264 29 17 för
617 1265 71 16 Raumo
698 1265 62 16 banan
773 1265 34 16 och
817 1264 64 17 hvilka
890 1263 53 18 äfven
952 1263 37 18 för-

229 1293 47 16 mått
295 1292 103 18 Ständerna
416 1295 28 15 att
459 1293 50 22 gifva
527 1293 35 17 den
575 1293 32 17 sitt
619 1293 104 18 understöd
737 1293 34 17 allt
784 1292 115 18 fortfarande
912 1292 37 17 tala
960 1292 29 17 till

230 1321 43 17 dess
292 1321 64 22 fördel,
374 1321 20 17 så
410 1322 34 17 och
465 1321 119 18 alldenstund
607 1321 95 22 derjemte,
722 1321 24 22 på
765 1323 38 16 sätt
821 1321 32 18 det
871 1321 81 22 framgår
967 1326 22 12 ur

229 1348 78 23 bilagda
325 1349 67 22 utdrag
410 1355 23 11 ur
451 1350 115 22 protokollet
583 1350 30 16 vid
630 1349 32 18 det
677 1350 95 17 allmänna
785 1351 54 19 möte,
852 1349 75 17 hvartill
940 1349 49 17 med-

230 1377 104 18 lemmarna
352 1378 20 17 af
385 1378 51 17 Eura
452 1378 87 23 domsaga
555 1378 151 18 sammankallats
719 1378 31 18 för
762 1380 27 15 att
801 1378 86 23 uttrycka
900 1378 22 17 de
936 1378 53 17 önsk-

230 1406 93 23 ningsmål
343 1407 22 17 de
384 1407 50 18 velat
452 1407 98 18 framhålla
569 1407 29 17 vid
619 1407 129 18 innevarande
767 1407 94 22 landtdag,
881 1407 109 22 domsagans

302 1447 200 18 Peitisunsveiänkunde
513 1447 38 18 IN:v
563 1447 17 18 2.
