1070 1795
243 168 11 17 6

220 227 70 23 förslag
302 232 28 13 om
343 227 128 23 förändringar
481 227 7 18 i
496 227 150 23 organisationen
654 227 21 18 af
680 227 51 18 vissa
739 227 184 18 elementarläroverk

220 256 33 17 och
266 261 28 12 om
306 256 104 18 inrättande
422 257 21 17 af
454 256 90 18 särskilda
556 261 35 18 nya
604 256 85 18 läroverk
700 256 7 18 i
720 256 60 18 landet

358 285 87 18 Finlands
458 285 87 18 Ständers
557 285 128 23 underdåniga
697 285 83 22 petition.

290 314 97 18 Allmänna
402 314 179 18 Besvärsutskottets
593 314 116 18 betänkande
720 314 34 17 N:o
765 314 28 22 23,
806 313 7 18 i
825 313 99 23 anledning

220 343 22 17 af
260 343 89 17 särskilda
367 343 29 17 till
414 343 78 22 Preste-,
510 343 90 22 Borgare-
618 343 32 17 och
669 343 137 18 Bondeständet
824 342 100 18 inlemnade

220 371 160 23 petitionsförslag
392 371 77 18 rörande
481 371 73 23 privata
567 371 186 18 fruntimmersskolor
765 371 6 18 i
783 371 62 18 landet
863 385 4 4 .
920 385 3 4 -

291 400 140 24 Lagutskottets
449 400 115 19 betänkande
581 401 34 17 N:o
635 401 45 22 10,i
693 400 98 23 anledning
803 400 21 18 af
834 399 91 19 särskilda

220 429 51 18 inom
289 430 133 22 Ridderskapet
440 430 31 17 och
489 430 64 22 Adeln,
572 430 156 22 Borgareständet
746 430 31 18 och
790 429 135 18 Bondeständet

221 458 68 17 väckta
306 458 71 23 förslag
395 459 28 17 till
442 458 77 23 petition
537 464 29 12 om
583 458 238 47 prestangsligenhöterias
834 458 91 18 ordnande

221 491 67 18 genom
300 487 67 18 allmän
379 487 32 23 lag

360 516 88 17 Finlands
460 497 91 46 Ständers
558 497 126 46 underdåniga
692 500 89 39 petition.

292 545 188 18 Ekonomiutskottets
497 545 117 18 betänkande
632 545 33 18 N:o
683 545 27 21 14,
722 545 7 17 i
741 545 98 22 anledning
855 545 21 17 af
886 545 40 22 fyra

223 573 28 18 till
264 573 71 18 Preste-
348 573 32 18 och
393 573 138 18 Bondestånden
540 574 102 18 inlemnade
651 574 71 22 förslag
731 573 29 18 till
767 573 102 23 petitioner,
878 573 47 23 åsyf-

222 602 56 18 tande
291 603 93 22 stäfjande
396 603 21 17 af
427 603 163 22 skogssköflingen
602 603 7 18 i
620 603 63 17 landet
692 617 4 4 .

361 631 85 18 Finlands
459 631 86 18 Ständers
558 631 126 22 underdåniga
696 631 83 22 petition.

294 660 149 18 Statsutskottets
461 660 114 18 betänkande
593 660 33 18 N:o
645 661 21 16 11
685 660 7 17 i
707 659 98 24 anledning
823 660 21 17 af
861 661 65 16 tvenne

236 689 85 18 etitioner
339 689 93 23 angående
450 689 252 18 vinterkommunikationens
719 689 122 18 befordrande
858 688 68 18 mellan

243 718 44 17 land
300 718 32 17 och
344 718 49 18 fasta
406 718 61 17 landet

363 747 88 18 Finlands
463 747 86 18 Ständers
561 732 135 37 underdåniga
700 731 83 38 petition:

295 776 188 18 Ekonomiutskottets
494 776 115 18 betänkande
617 776 33 17 N:o
659 777 26 20 15,
694 776 7 17 i
710 775 99 23 anledning
817 776 20 17 af
844 777 27 16 ett
879 775 48 18 inom

224 805 139 18 Presteständet
380 805 54 18 väckt
447 805 69 22 förslag
528 805 30 18 till
571 804 82 23 petition,
666 805 98 22 äsyftande
776 804 122 18 afskaffandet
910 804 20 17 af

224 834 114 22 marknader,
351 839 37 12 som
400 834 40 18 icke
452 834 65 23 längre
529 835 32 16 äro
575 834 21 18 af
607 834 176 18 ortsförhällandena
795 833 96 23 päkallade

295 863 47 23 Lag-
354 863 32 18 och
399 863 190 18 Ekonomiutskottets
601 863 115 18 betänkande
728 863 33 18 N:o
776 863 21 18 10
809 862 6 18 i
830 861 98 24 anledning

225 892 21 17 af
257 893 66 17 tvenne
335 892 158 23 petitionsförslag
501 892 94 23 angäende
604 892 100 17 ordnandet
713 892 21 17 af
741 891 100 18 förstäders
849 891 32 17 och
889 891 40 17 med

226 920 41 18 dem
279 920 91 19 likartade
382 921 110 18 samhällens
504 920 118 19 kommunala
635 920 127 18 förhällanden
781 934 3 3 .

364 950 86 18 Finlands
463 949 86 18 Ständers
561 949 127 23 underdäniga
700 949 83 23 petition.

296 979 47 22 Lag-
356 979 35 18 och
402 979 189 18 Ekonomiutskottets
604 979 116 17 betänkande
732 978 33 18 N:o
778 978 22 17 14
812 978 6 17 i
831 977 99 22 anledning

226 1008 21 17 af
258 1008 41 22 fyra
311 1008 91 17 särskilda
414 1007 48 18 inom
475 1007 135 18 Bondeständet
623 1008 67 17 väckta
703 1007 159 23 petitionsförslag
874 1005 55 24 angä-

226 1036 47 18 ende
285 1036 99 23 ändringar
396 1036 6 18 i
415 1036 128 23 förordningen
559 1042 28 12 om
600 1038 66 21 vägars
680 1037 32 17 och
725 1036 62 18 broars
800 1035 85 23 byggnad
898 1035 32 18 och

226 1065 95 18 underhåll
334 1065 11 18 å
357 1065 61 18 landet
430 1066 20 17 af
461 1065 34 18 den
507 1066 22 17 15
541 1065 77 18 Januari
631 1065 45 18 1883
696 1079 3 4 .

366 1095 46 22 Lag-
424 1094 33 17 och
468 1094 190 18 Ekonomiutskottets
671 1093 71 23 förslag
754 1093 29 18 till
792 1077 138 38 sammanjemk-

436 1123 48 22 ning.

367 1152 86 17 Finlands
465 1152 87 17 Ständers
564 1151 126 23 underdäniga
702 1151 84 23 petition.

298 1181 142 22 Lagutskottets
452 1181 115 17 betänkande
580 1181 33 17 N:o
627 1181 21 17 12
660 1181 7 17 i
680 1180 99 23 anledning
792 1180 21 17 af
824 1181 65 16 tvenne
902 1179 30 18 till

228 1209 138 23 Ridderskapet
382 1210 32 17 och
426 1209 58 18 Adeln
497 1212 47 15 samt
556 1209 156 23 Borgareständet
723 1209 103 18 inlemnade
837 1208 95 23 petitions-

228 1239 73 22 förslag
313 1239 93 22 angående
419 1239 98 17 ordnandet
529 1239 21 17 af
559 1238 87 23 judarnes
659 1238 7 18 i
678 1239 64 17 landet
749 1237 88 23 rättsliga
845 1237 87 22 ställning

367 1268 139 23 Lagutskottets
519 1268 70 22 förslag
601 1267 29 18 till
642 1267 182 23 sammanjemkning.

300 1297 47 22 Lag-
360 1297 32 18 och
404 1297 189 18 Ekonomiutskottets
606 1297 116 18 betänkande
734 1297 33 18 N:o
781 1297 21 17 16
815 1296 6 18 i
834 1295 99 23 anledning

229 1325 21 18 af
262 1327 28 16 ett
301 1325 48 18 inom
362 1326 134 18 Bondeständet
507 1326 56 17 väckt
575 1325 158 23 petitionsförslag
745 1325 78 18 rörande
835 1324 99 23 ändringar

229 1354 7 18 i
249 1354 133 24 förordningen
394 1355 20 17 af
426 1355 33 17 den
470 1355 23 17 25
505 1354 100 18 December
614 1354 44 18 1888
667 1354 95 23 angäende
769 1352 165 24 skjutshällningen

230 1383 35 18 och
278 1383 165 23 gästgifverierna
436 1379 12 32 .

301 1413 139 42 Taantekottata
458 1397 114 34 betänkande

475 1442 65 18 väckta
558 1444 31 21 peti

641 1413 22 17 14
676 1413 6 17 i
695 1412 99 23 anledning
811 1411 21 18 af
843 1411 92 18 särskilda

675 1442 40 12 slan
733 1441 26 13 till
776 1441 77 13 ändring
866 1440 21 13 af
897 1439 37 14 väl-

675 1455 39 10 slag
735 1455 26 4 till
776 1455 76 8 ändring
866 1455 18 3 a!
896 1455 29 8 gäl

949 717 30 18 37.

955 1236 30 19 41.
