1070 1795
255 154 280 23 Petitionsbetänkande
551 155 43 22 N:o
609 154 39 23 25.
790 155 12 21 7

72 216 234 30 Läkaresällskapets,
322 217 71 22 hafva
408 217 51 22 sina
475 217 89 22 lokaler
579 217 8 22 i
604 217 176 26 bibliotekshus,
793 217 40 22 det

72 251 63 22 förra
149 251 8 22 i
171 251 210 22 Folkbibliotekets
396 251 50 22 öfre
461 252 95 29 våning,
567 251 41 22 det
618 259 80 14 senare
706 252 8 21 i
723 251 109 22 Student-

73 285 149 23 bibliotekets
237 286 72 22 nedre
323 287 97 28 väning.
450 286 285 29 Vetenskapssocietetens
750 285 82 23 biblio-

72 319 39 22 tek
131 320 85 29 (enligt
236 320 94 29 uppgift
354 321 79 26 12,000
454 321 114 28 volymer)
589 324 25 18 är
634 321 48 21 tills
698 320 79 22 vidare
793 320 39 21 väl

72 354 120 29 uppstäldt
207 355 43 22 och
265 355 183 28 katalogiseradt
459 357 61 20 samt
530 355 89 22 säledes
627 355 46 21 lätt
681 354 150 29 tillgängligt,

72 388 43 23 och
123 389 73 22 ehuru
207 389 137 29 visserligen
352 389 45 22 den
406 389 41 29 sal,
456 389 123 22 hvaröfver
587 389 139 22 biblioteket
734 389 35 22 för
779 393 52 17 när-

71 424 102 21 varande
178 424 140 29 disponerar,
325 431 36 15 om
369 424 74 29 några
450 424 25 22 är
483 424 44 22 blir
531 424 37 22 för
575 424 70 29 trång
650 424 37 22 för
692 424 138 26 ändamålet,

72 457 96 22 emedan
176 458 45 22 den
235 458 76 22 tillika
324 461 70 26 utgör
410 459 137 21 societetens
562 459 109 21 sessions-
685 458 43 22 och
744 457 87 23 arbets-

71 499 50 14 rum
137 492 42 22 och
194 492 136 23 biblioteket
345 493 90 29 årligen
444 493 109 22 tillväxer
561 493 54 22 med
623 495 12 21 5
646 493 13 22 å
669 495 41 20 600
719 493 111 28 volymer,

72 526 45 22 kan
129 527 58 21 dock
198 527 8 22 i
221 535 86 14 samma
323 527 34 22 sal
372 530 117 26 utrymme
497 527 37 22 för
544 527 140 22 biblioteket
693 527 94 22 beredas
794 527 37 22 för

72 568 28 14 en
115 561 81 29 längre
211 561 35 22 tid
260 562 90 28 framåt,
367 569 37 15 om
421 562 60 22 blott
494 563 137 21 societetens
644 561 186 23 sammanträden

71 595 74 23 hållas
168 597 160 22 annanstädes.
364 597 231 29 Läkaresällskapets
619 596 112 22 bibliotek
748 595 83 29 (enligt

71 630 94 29 uppgift
173 638 33 14 c:a
216 632 75 26 15,000
299 631 111 28 volymer,
421 631 71 22 bland
499 631 82 22 hvilka
588 631 60 22 dock
658 633 34 20 ett
698 630 132 29 betydande

71 665 64 21 antal
151 666 49 21 små
222 665 149 22 akademiska
386 666 183 26 dissertationer)
593 670 25 17 är
638 665 133 22 äfvenledes
791 665 39 21 väl

71 699 120 29 uppstäldt
206 700 42 21 och
264 707 83 22 genom
367 700 121 29 kataloger
509 701 8 21 i
533 700 72 29 öfrigt
618 701 46 21 lätt
686 699 145 29 tillgängligt

71 735 60 20 samt
153 735 48 20 står
216 734 8 21 i
246 734 77 22 direkt
345 734 143 22 förbindelse
510 734 52 22 med
578 742 29 14 en
622 734 90 28 läsesal,
727 733 103 22 innehål-

71 767 69 22 lande
155 768 28 21 de
198 771 78 19 senast
290 769 112 21 utkomna
418 769 97 22 häftena
530 769 26 21 af
569 769 130 21 tidskrifter
710 768 42 22 och
765 767 65 22 lärda

71 801 119 23 samfunds
205 803 139 29 handlingar
353 803 121 22 äfvensom
485 803 175 29 uppslagsverk.
676 803 36 22 Då
720 802 110 23 Student-

71 836 137 23 biblioteket
229 837 37 22 för
289 845 28 14 en
339 837 56 29 lång
411 837 35 22 tid
461 837 86 22 framåt
562 837 43 22 har
619 837 58 29 godt
692 840 114 26 utrymme
821 836 9 22 i

71 870 79 22 husets
165 871 49 22 öfre
234 872 88 28 våning
346 875 60 18 samt
428 879 29 14 en
473 872 38 21 del
527 872 26 21 af
565 872 45 22 den
626 872 70 22 nedre
712 871 117 29 våningen

70 905 136 30 ytterligare
221 907 47 21 kan
283 907 107 28 upplåtas
411 906 36 23 för
464 907 231 28 Läkaresällskapets
710 906 119 27 bibliotek,

71 943 26 18 är
126 940 142 23 beträffande
297 941 65 22 detta
385 941 114 22 bibliotek
526 942 71 28 ingen
622 941 50 22 fara
697 941 52 22 med
773 940 56 22 hän-

71 981 44 22 syn
135 975 37 21 till
192 977 126 27 utrymmet
333 978 35 19 att
383 978 82 19 motse.
481 990 27 2 —
524 976 35 21 De
575 975 145 22 återstående
735 975 95 22 sällska-

71 1015 57 22 pens
150 1009 112 22 bibliotek
289 1013 39 19 äro
353 1010 50 22 dels
428 1010 144 29 obetydliga,
593 1010 49 22 dels
663 1009 124 22 bestående
806 1009 27 22 af

71 1043 196 30 hufvudsakligen
282 1045 118 21 inhemskt
422 1045 57 21 eller
494 1045 97 22 svenskt
605 1045 75 28 tryck,
696 1051 49 15 som
761 1043 69 22 äfven

71 1077 98 34 finnes
158 1073 14 42 i
183 1079 302 22 Universitetsbiblioteket.

141 1113 70 21 Öfver
226 1113 89 22 hufvud
330 1113 75 29 gäller
420 1121 38 14 om
473 1121 32 14 nu
524 1113 177 29 ifrågavarande
716 1113 113 28 sällskaps

72 1146 119 29 bibliotek,
207 1150 35 19 att
264 1147 28 22 de
307 1151 39 18 äro
362 1147 38 22 till
424 1147 173 30 öfvervägande
612 1148 37 21 del
665 1147 166 30 specialveten-

71 1181 114 29 skapliga,
200 1182 123 21 tillkomna
338 1189 48 14 som
402 1182 30 21 de
448 1186 39 18 äro
503 1182 163 29 förnämligast
680 1189 84 22 genom
776 1181 53 22 säll-

71 1215 99 28 skapens
196 1216 150 29 skriftutbyte
374 1216 54 22 med
460 1217 73 21 andra
566 1217 34 21 in-
632 1216 43 22 och
705 1215 125 22 utländska

71 1249 108 30 sällskap.
216 1250 88 22 Finnas
325 1251 9 21 i
354 1251 145 22 biblioteken
521 1251 135 27 tidskrifter,
679 1251 65 21 lärda
771 1257 56 14 sam-

71 1283 70 22 funds
156 1285 173 28 publikationer
344 1285 44 22 och
404 1285 73 22 andra
492 1285 95 22 arbeten
604 1285 26 22 af
638 1285 98 22 allmänt
750 1287 79 19 veten-

71 1318 104 29 skapligt
190 1319 104 22 innehåll
309 1319 56 22 eller
380 1319 26 22 af
419 1322 74 19 större
513 1319 149 29 betydenhet,
678 1320 26 21 så
719 1319 110 22 anträffas

72 1352 66 22 dessa
160 1353 9 21 i
188 1353 63 29 regel
274 1354 92 21 också
358 1348 15 39 i
384 1354 301 22 Universitetsbiblioteket.
723 1354 44 21 Att
789 1353 40 21 vid

71 1386 84 23 sådant
169 1387 146 23 förhållande
330 1388 44 22 den
390 1388 241 29 icke-vetenskapliga
648 1388 100 27 verlden,
760 1388 69 21 äfven

72 1421 41 22 där
128 1421 76 22 denna
219 1422 45 22 har
276 1423 97 21 intresse
383 1422 37 22 för
430 1423 31 21 de
469 1423 177 29 vetenskapliga
657 1422 172 25 sträfvandena,

72 1455 7 22 i
95 1455 64 22 detta
174 1456 108 22 afseende
298 1457 74 21 skulle
387 1457 72 22 hafva
474 1458 78 28 någon
562 1459 68 27 nytta
641 1457 27 22 af
674 1457 156 29 uppförandet

143 1497 103 18 Allmänna
258 1497 168 18 Besvärsutskoltets
439 1497 111 18 betänkande
562 1497 37 18 N:o
610 1498 30 17 17.
