1070 1795
311 145 229 26 Petitionsbetänkande
556 146 35 21 N:o
607 146 21 21 2.
790 147 27 21 29

86 202 52 17 mått.
162 202 44 17 Man
224 201 30 18 får
271 202 16 22 ej
307 202 59 17 heller
378 201 86 23 glömma,
477 204 28 15 att
517 202 39 17 alla
569 201 22 18 de
606 202 124 18 ofvannämda
742 203 105 17 socknarna

87 233 31 15 äro
131 231 154 17 kustkommuner
297 231 33 17 och
343 230 56 17 hafva
411 235 23 12 en
446 230 34 17 lätt
489 231 188 21 sjökommunikation
687 231 24 22 på
720 231 126 23 Helsingfors,

86 259 75 18 hvarför
174 259 36 17 den
223 259 34 17 flik
270 259 20 17 af
301 259 46 20 dem,
360 264 29 12 om
402 264 33 12 ens
448 259 61 22 någon
519 259 59 17 sådan
588 258 66 21 finnes,
664 265 39 12 som
713 259 60 23 ligger
782 260 23 22 på
815 260 31 18 det

87 287 74 18 område
174 287 31 18 vid
217 287 75 22 kusten,
302 287 94 18 hvarifrån
410 287 55 18 trafik
478 287 63 18 kunde
556 288 47 17 söka
614 288 30 22 sig
656 288 28 17 till
695 289 84 22 jernväg,
792 290 21 16 är
826 289 20 17 så

87 316 95 23 obetydlig
195 318 27 15 att
234 316 37 17 den
284 316 29 17 för
325 321 47 17 egen
386 315 30 18 del
430 316 17 22 ej
461 316 92 23 förtjenar
566 317 56 22 något
635 316 95 18 afseende.

155 344 113 23 Sjötrafiken
287 347 21 15 är
325 345 111 22 visserligen
450 345 15 22 ej
480 347 61 20 öppen
555 345 41 18 året
609 351 35 15 om,
657 351 42 12 men
710 345 33 23 jag
756 346 34 17 har
801 345 44 18 tidi-

86 379 43 17 gare
148 374 58 18 riktat
223 374 188 22 uppmärksamheten
430 373 64 23 derpå,
513 375 28 16 att
560 373 35 18 den
613 373 134 26 värdefullaste
760 374 55 18 delen
828 375 19 17 af

86 403 189 22 kustbefolkningens
290 402 102 23 produkter
407 403 81 22 troligen
501 403 84 17 kommer
598 404 26 16 att
636 402 85 23 begagna
734 403 28 23 sig
775 403 20 17 af
806 403 39 18 haf-

86 434 35 18 vet,
131 432 103 22 jernvägen
247 432 28 17 mä
288 432 82 17 sträckas
383 432 34 16 här
430 432 48 17 huru
491 436 39 13 som
543 432 54 17 helst.

155 461 44 16 Men
218 465 28 12 om
265 459 54 18 äfven
338 460 20 17 sä
376 459 61 18 skulle
456 465 49 16 vara,
523 461 26 16 att
562 460 16 22 ej
593 465 23 12 en
630 460 20 17 sä
663 462 39 15 stor
714 459 36 22 del,
763 465 38 12 som
813 461 33 22 jag

86 489 107 20 framhällit,
212 488 20 17 af
242 488 23 18 de
282 488 80 17 nämnda
374 488 41 23 fyra
428 488 103 18 socknarne
545 488 63 18 kunde
621 489 125 22 tillgodogöre
760 489 28 22 sig
801 489 44 17 Hel-

86 517 80 22 singfors
183 512 123 32 —-Nummela—
316 517 132 22 Hangöbanan,
467 517 21 17 sä
507 517 62 17 skulle
588 517 92 18 förlusten
699 517 104 23 mängfaldt
816 523 28 12 er-

86 548 58 15 sättas
157 551 66 17 genom
236 545 36 18 den
285 545 100 22 tillökning
397 545 7 18 i
416 545 61 21 trafik,
490 551 39 12 som
543 545 57 23 sagde
613 545 49 18 bana
674 545 62 18 skulle
749 545 57 23 draga
816 546 28 17 till

87 575 28 22 sig
133 574 41 18 frän
192 574 43 17 hela
253 574 77 21 Vichtis,
348 574 106 23 Pyhäjärvi,
472 574 71 17 Pusula
561 575 33 16 och
608 575 85 17 Nummis
706 575 85 21 socknar,
804 575 41 17 frän

86 603 101 21 Sammatti,
201 608 23 12 en
238 603 29 17 del
280 603 20 17 af
311 603 49 22 Lojo,
373 603 134 22 Suomusjärvi,
517 603 123 21 Sommarnäs,
650 603 75 17 Kiikala
734 603 34 18 och
777 605 68 16 största

87 631 54 18 delen
160 632 20 17 af
198 632 81 24 Somero.
304 632 7 17 I
328 631 63 18 stället
406 631 29 18 för
448 633 26 16 att
487 631 56 18 dessa
555 631 60 18 hittils
629 631 24 18 ha
665 632 113 22 producerat
790 632 35 17 och
838 632 6 17 i

86 660 118 23 Helsingfors
218 661 36 17 sålt
266 662 54 19 smör,
332 660 46 21 kött,
390 660 50 23 mjöl,
453 662 73 20 potäter
539 665 23 12 m.
576 665 23 12 m.
612 660 62 18 skulle
687 660 23 18 de
719 661 42 17 med
770 663 27 15 ett
806 661 39 22 slag

85 689 107 18 förvandlas
205 689 30 17 till
248 689 147 20 vedhandlande,
408 689 73 16 hvilket
495 688 58 23 enligt
564 689 68 17 sakens
641 691 56 15 natur
706 689 40 18 äter
755 689 16 22 ej
781 691 64 16 nämn-

86 718 53 17 värdt
157 717 61 18 skulle
235 717 101 18 inskränka
348 717 135 23 försäljningen
497 717 20 17 af
529 717 23 18 de
565 717 126 23 nyssnämnda
703 723 83 16 varorna,
799 720 46 15 enär

83 746 113 23 jordbruket
209 746 69 17 drifves
291 747 20 16 sä
323 746 73 23 mycket
409 746 103 22 dugligare,
522 746 22 22 ju
553 751 51 12 mera
613 746 185 18 samfärdselmedlen
808 747 37 17 för-

86 775 70 18 bättras
175 775 34 18 och
227 774 135 23 försäljningen
382 774 108 23 derigenom
513 774 123 18 underlättas.
660 775 100 18 Nummela
774 775 70 18 banans

85 803 103 23 inflytande
204 803 84 17 kommer
301 805 25 15 att
339 803 57 17 blifva
411 803 94 17 kännbart
517 803 49 17 ända
577 803 30 18 till
620 803 95 18 Tammela
727 804 35 17 och
775 804 69 23 Loppis

85 833 34 16 och
133 832 46 18 först
191 837 66 18 genom
270 831 61 18 denna
344 831 48 18 bana
405 831 60 18 skulle
478 831 37 18 den
528 831 61 23 lifliga
601 837 130 18 passagerare-
744 833 33 17 och
790 833 54 22 gods-

85 861 56 17 trafik
153 861 117 22 uppkomma,
284 865 36 12 som
333 860 145 18 kommissionen
492 861 111 22 visserligen
616 861 42 17 med
672 861 40 17 skäl
724 863 67 16 väntar
803 861 40 18 frän

85 891 64 16 vestra
161 889 80 23 Nyland.

153 918 38 17 Det
208 917 60 18 skulle
287 917 63 18 kunna
362 923 55 17 synas
430 923 39 12 som
483 918 32 17 det
527 917 29 18 för
568 918 58 21 nägra
638 918 21 17 af
670 918 23 17 de
707 923 43 18 nyss
763 918 81 23 uppräk-

85 946 48 18 nade
146 947 136 16 kommunerna
293 951 43 12 vore
353 946 92 23 likgiltigt
457 952 30 12 om
497 947 104 22 jernvägen
614 946 66 23 drages
693 947 41 17 frän
747 947 98 18 Nummela

85 975 46 18 eller
149 975 40 17 från
208 975 93 22 Kyrkstad
315 975 28 17 till
357 975 124 22 Helsingfors,
495 981 42 12 men
553 975 6 17 i
573 975 65 22 själfva
651 975 65 18 värket
736 978 31 15 äro
780 976 64 17 trafik-

85 1004 35 17 och
137 1003 187 24 jordförhällandena
336 1003 76 21 sädana,
424 1005 28 16 att
464 1004 37 17 alla
514 1003 23 18 de
550 1004 82 17 nämnda
644 1004 134 18 kommunerna
790 1005 55 17 hafva

85 1033 28 17 sin
127 1035 39 20 väg,
179 1033 59 22 nägra
250 1032 30 17 till
292 1033 49 21 Lojo,
354 1032 59 17 andra
425 1033 28 16 till
466 1033 100 17 Nummela
578 1033 68 17 station
660 1033 35 18 och
708 1033 136 22 landsvägstra-

85 1061 50 18 fiken
154 1061 33 23 gär
205 1061 79 17 sälunda
300 1066 67 17 genom
381 1061 78 18 Vichtis.
485 1061 50 17 Frän
548 1061 92 18 hvardera
652 1061 20 18 af
684 1061 57 23 sagda
754 1063 91 17 stationer

84 1090 55 17 hafva
152 1090 22 17 de
187 1090 75 17 kortare
272 1091 34 20 väg
318 1089 29 18 till
357 1090 118 22 Helsingfors
484 1090 53 22 längs
547 1090 36 17 den
594 1089 20 18 af
622 1090 37 22 mig
667 1090 107 23 föreslagna
783 1091 60 17 banan

85 1121 23 15 än
127 1119 53 22 längs
198 1119 84 17 Gerknäs
301 1118 64 23 linjen,
384 1119 75 16 hvartill
480 1119 85 17 kommer
585 1119 35 17 den
634 1119 169 22 omständigheten,
817 1121 28 16 att

85 1147 79 18 trafiken
184 1147 6 17 i
210 1147 31 17 det
259 1147 50 17 förra
321 1147 53 17 fallet
386 1147 61 18 skulle
460 1147 82 22 försiggä
554 1147 7 17 i
574 1152 70 13 samma
656 1147 86 23 riktning
755 1153 38 12 som
807 1148 35 17 den

85 1175 20 18 af
121 1175 41 18 dem
181 1181 25 12 nu
219 1175 85 18 använda
320 1175 114 22 landsvägen
453 1176 34 17 och
503 1175 29 18 för
544 1175 75 22 öfrigt
614 1171 11 32 i
634 1178 26 15 ett
673 1176 110 22 urgammalt
795 1177 48 22 spär,

85 1209 41 12 men
149 1205 6 16 i
168 1204 32 18 det
213 1209 65 12 senare
292 1204 52 17 fallet
356 1205 59 16 mäste
429 1204 74 18 arbetas
515 1205 19 17 in
547 1205 6 16 i
567 1210 23 11 en
604 1209 23 18 ny
639 1205 91 22 riktning,
743 1207 47 16 samt
805 1205 38 18 del-

85 1233 28 17 vis
126 1233 29 17 till
168 1233 35 17 och
219 1233 42 18 med
275 1233 23 22 gä
311 1233 62 21 bakät,
386 1233 72 17 hvilket
469 1233 110 22 isynnerhet
592 1233 28 17 för
632 1233 23 18 de
669 1233 83 23 nordligt
763 1234 81 22 belägna

84 1262 135 18 kommunerna
231 1267 43 12 vore
289 1262 105 22 onaturligt.

153 1291 43 18 Men
207 1291 11 16 &
230 1290 58 17 andra
298 1290 52 17 sidan
364 1292 21 15 är
398 1290 31 18 det
438 1290 28 17 för
475 1291 51 22 Lojo,
536 1291 100 22 Karislojo,
646 1291 62 18 Karis,
717 1291 50 22 Pojo,
776 1291 67 20 Kisko,

85 1321 43 15 utan
141 1321 27 15 att
180 1321 68 16 nämna
260 1319 57 17 andra
330 1319 84 20 socknar,
427 1319 44 22 föga
480 1319 89 22 skillnad,
580 1319 76 18 hvilken
666 1319 109 22 sträckning
784 1319 59 17 banan

85 1347 87 18 erhäller.
198 1347 38 18 Och
250 1347 97 17 enahanda
360 1349 22 15 är
394 1347 127 18 förhällandet
534 1347 54 17 äfven
601 1347 48 17 hvad
660 1348 35 16 den
704 1347 139 23 genomgäende

83 1375 81 18 trafiken
178 1376 62 23 angår.
259 1376 36 17 För
307 1378 27 15 att
347 1376 42 17 med
403 1376 62 17 siffror
478 1376 88 22 klargöra
579 1376 32 17 det
623 1376 93 23 nyssagda
729 1376 34 17 och
777 1376 30 17 för
816 1378 27 15 att

83 1404 40 17 visa
140 1404 119 18 ätskilnaden
275 1404 68 18 mellan
363 1404 23 17 de
402 1404 50 18 olika
469 1405 165 22 sträckningarnas
647 1404 119 23 ungefärliga
779 1405 63 17 trafik-

84 1437 63 17 zoner,
160 1433 34 17 har
204 1433 32 22 jag
249 1433 85 22 uppgjort
347 1432 83 23 följande
443 1433 57 18 tabell
513 1433 52 18 öfver
577 1433 132 22 folkmängden
723 1434 6 17 i
742 1433 23 18 de
781 1433 61 18 skilda

83 1461 137 18 kommunerna
233 1461 68 22 (enligt
313 1461 45 18 1880
370 1462 30 17 års
414 1461 109 23 uppgifter).

152 1501 202 18 Petitionsbetänkande
367 1501 36 18 N:o
416 1503 16 16 2.
