1070 1795
258 143 12 20 6
424 143 263 22 Motionsbetänkande
703 143 42 22 N:o
761 143 22 21 8.

227 211 127 28 ningslagen
370 211 20 27 (3
405 210 49 29 kap.
469 211 27 21 18
512 211 30 27 $);
557 210 42 21 och
614 210 41 21 kan
672 210 44 27 det,
726 210 28 21 då
763 210 221 29 rättsuppfattningen

227 244 90 21 sålunda
332 245 44 21 helt
392 245 86 28 nyligen
493 245 6 20 i
516 245 63 21 dessa
595 244 134 28 stadganden
744 245 49 20 sökt
808 245 33 28 sig
852 247 30 18 ett
893 244 91 28 uttryck,

227 279 48 20 icke
291 279 84 21 komma
391 279 7 20 i
413 279 60 27 fråga
489 281 31 18 att
540 287 35 18 nu,
598 279 48 20 med
670 279 149 21 bibehållande
842 278 23 21 af
887 278 67 28 öfriga
978 279 6 20 i

227 312 67 21 ofvan
317 313 120 28 åberopade
459 313 154 28 författningar
633 313 95 20 uttalade
743 313 145 28 grundsatser,
903 313 7 20 i
925 312 59 21 detta

226 346 103 21 afseende
345 347 70 20 införa
430 355 27 13 en
472 347 97 28 ändring.

295 381 45 22 Väl
355 383 23 18 är
393 381 37 21 det
445 384 48 18 sant
513 385 32 17 att
567 381 61 22 böter
650 381 106 22 innefatta
778 384 31 18 ett
831 380 153 26 strafflidande,

226 423 45 13 som
296 416 40 21 kan
360 418 96 24 ersättas,
477 423 48 13 men
547 424 35 13 om
603 416 89 21 böterna
713 418 92 19 utmätas
826 417 65 19 innan
907 414 77 22 domen

226 451 78 20 vunnit
319 450 47 28 laga
384 450 64 26 kraft,
463 450 72 21 kunde
551 450 41 21 den
609 450 105 27 sakfälde,
728 451 7 20 i
750 450 102 21 händelse
867 450 41 21 han
924 450 6 20 i
946 449 37 21 nå-

226 491 42 20 gon
285 485 81 20 instans
383 484 104 21 befunnes
500 484 105 28 oskyldig,
618 485 66 20 likväl
695 485 123 27 derigenom
828 483 68 22 blifva
907 483 76 21 under-

226 518 77 21 kastad
318 526 26 13 en
360 518 136 27 rättsförlust,
517 526 45 13 som
584 519 48 20 icke
654 519 72 21 blefve
749 519 78 20 honom
851 521 69 18 ersatt.
949 517 34 28 Ty

226 552 67 22 ehuru
309 553 41 20 den
366 553 34 20 för
415 553 94 28 antydda
524 553 98 21 ändamål
639 555 89 19 utmätta
744 553 132 28 egendomen
889 552 47 21 icke
948 551 35 22 får

226 587 64 27 säljas
312 587 34 21 för
369 587 132 21 betäckande
525 587 22 21 af
569 587 95 26 böterna,
684 588 65 20 innan
764 587 65 21 målet
845 589 22 18 är
883 587 97 27 slutligen

226 620 100 29 afgjordt,
341 621 39 21 har
395 621 41 21 den
452 621 96 21 bötfälde
564 621 56 22 dock
636 629 78 20 genom
730 624 31 18 ett
771 621 78 21 sådant
858 621 124 20 förfarande

226 655 73 20 blifvit
321 655 105 21 beröfvad
448 655 129 28 rättigheten
600 659 31 17 att
651 656 86 27 förfoga
752 655 63 21 öfver
829 656 33 20 sin
879 655 102 28 egendom

226 689 48 26 och,
288 690 8 19 i
311 689 101 21 händelse
428 691 119 27 penningar
561 691 65 26 tagits
641 691 6 20 i
664 692 48 24 mät,
727 689 39 28 går
780 690 43 21 han
845 691 57 19 ännu
922 689 61 21 dess-

226 726 58 17 utom
301 724 61 20 miste
378 731 33 14 om
427 725 74 19 räntan
517 723 28 29 på
560 723 115 22 desamma.
703 724 136 27 Visserligen
855 723 38 21 har
908 723 75 21 motio-

225 759 67 19 nären
315 757 69 22 såsom
408 757 45 22 skäl
475 758 36 21 för
525 758 121 28 antagande
662 758 24 21 af
700 758 202 27 motionsförslaget,
918 757 64 21 bland

225 795 72 22 annat,
319 791 77 27 anfört,
418 795 31 18 att
465 793 11 20 7
493 793 12 26 $
522 793 11 20 3
549 792 48 28 kap.
620 792 23 21 af
665 793 104 27 förslaget
791 792 33 21 till
846 791 137 28 utsöknings-

225 825 35 28 lag
282 827 8 19 i
313 825 101 22 afseende
436 826 12 21 &
469 826 134 21 förfarandet
622 828 5 19 i
644 827 64 20 civila
731 826 42 21 mål
792 825 95 22 uttalade
903 833 80 14 samma

224 860 85 28 princip
330 868 45 13 som
399 868 29 13 nu
448 860 133 22 beträffande
603 862 121 27 utmätning
747 861 22 20 af
785 861 60 20 böter
860 861 5 19 i
882 860 100 21 brottmål

224 893 104 28 föreslås;
344 902 48 13 men
407 895 136 28 jemförelsen
560 902 62 21 synes
639 895 48 21 icke
703 902 51 14 vara
774 895 70 20 exakt.
875 894 32 28 Ty
922 895 7 20 i
945 894 35 21 det

224 927 59 22 förra
299 928 60 21 fallet
374 929 41 21 kan
432 929 47 26 den,
494 929 63 21 hvars
573 929 105 28 egendom
696 929 73 21 blifvit
784 931 83 24 utmätt,
882 929 46 20 ifall
946 930 36 19 än-

224 961 64 29 dring
303 963 5 20 i
324 963 78 20 domen
417 963 82 26 vinnes,
514 963 52 21 söka
581 964 118 27 ersättning
721 963 35 21 för
779 963 28 21 all
827 962 91 22 kostnad
942 963 39 21 och

224 996 75 27 skada,
314 1005 44 13 som
374 997 78 21 honom
467 997 124 28 härigenom
611 997 114 27 åsamkats,
748 1005 48 13 men
819 997 66 28 något
907 996 76 22 sådant

226 1031 73 21 kunde
315 1032 6 20 i
337 1031 37 21 det
389 1039 74 14 senare
478 1031 61 21 fallet
554 1033 18 26 ej
589 1031 85 22 komma
689 1033 7 20 i
711 1031 68 28 fråga.
804 1032 40 20 Att
856 1031 69 21 denna
937 1031 44 21 för-

224 1065 50 26 lust,
291 1073 45 13 som
352 1065 90 22 sålunda
457 1065 93 21 drabbar
565 1065 42 22 den
623 1066 105 26 sakfälde,
744 1067 23 19 är
777 1065 88 22 orättvis
877 1065 39 21 och
928 1065 54 21 obil-

224 1099 36 28 lig,
276 1099 62 21 torde
353 1100 48 21 icke
417 1099 72 22 kunna
504 1099 107 22 förnekas.

295 1133 35 21 Då
344 1133 114 22 Utskottet
473 1133 28 29 på
516 1133 159 22 ofvananförda
690 1134 46 21 skäl
750 1134 47 21 icke
809 1134 57 21 velat
875 1133 106 28 tillstyrka

224 1167 134 28 antagandet
372 1168 23 21 af
410 1169 26 26 $$
452 1169 56 20 2—4
523 1169 7 20 i
545 1168 42 21 den
602 1168 123 28 föreslagna
740 1167 160 28 förordningen,
919 1175 63 20 synes

224 1204 31 18 ett
266 1201 158 28 godkännande
440 1203 23 20 af
478 1203 11 27 $
507 1203 9 20 1
534 1203 6 20 i
555 1203 204 28 motionsförslaget,
773 1210 47 13 som
835 1202 23 21 af
880 1202 103 21 motionä-

223 1243 38 13 ren
286 1236 150 21 sammanförts
458 1237 49 21 med
530 1237 148 21 förstnämnda
701 1237 130 28 paragrafer,
853 1236 48 21 icke
916 1235 67 22 heller

224 1269 52 21 böra
292 1269 165 29 ifrågakomma;
473 1271 40 21 och
529 1271 67 21 finner
611 1271 114 22 Utskottet
740 1271 33 28 sig
788 1271 58 28 förty
857 1271 51 20 höra
919 1270 63 21 vörd-

224 1307 56 17 samt
295 1304 89 21 föreslå:

295 1480 129 23 Lagutskottets
436 1480 110 18 betänkande
560 1483 36 14 N:o
609 1481 27 16 13.
