1070 1795
256 113 40 20 108
436 112 230 22 Petitionsbetänkande
684 112 34 21 N:o
734 112 20 21 2.

296 171 160 20 Kostnaderna
479 171 35 20 för
537 171 83 26 sjelfva
643 171 153 25 hamnbanan,
820 170 47 21 deri
882 169 102 22 inberäk-

226 205 58 21 nade
306 205 86 26 jemväl
409 205 53 27 spår
481 205 41 22 och
539 205 118 27 voxlingar
672 205 30 27 på
717 205 83 26 molon,
816 203 75 28 uppgå
907 204 76 21 såsom

226 238 69 21 ofvan
311 239 89 22 anförts
416 239 34 22 till
467 239 114 26 1,130,000
597 239 72 21 mark.

296 274 145 21 Beträffande
456 275 85 25 nyttan
557 273 26 21 af
596 274 43 21 den
655 273 139 27 ifrågasatta
809 273 124 26 jernvägen
949 272 34 21 till

226 307 144 27 Mäntyluoto
387 308 62 21 delar
460 308 122 21 utskottet
598 308 91 21 tillfullo
710 308 42 21 den
765 307 154 27 uppfattning,
936 313 48 15 som

226 341 5 20 i
256 341 79 28 frågan
360 343 98 20 uttalats
481 343 25 20 af
529 344 92 19 senaste
641 343 121 26 landtdags
776 341 207 27 jernvägsutskott.

226 375 122 22 Utskottet
377 378 76 25 yttrar
479 377 66 20 bland
572 378 72 19 annat
673 378 49 26 ,att
751 376 148 26 Björneborgs
931 375 52 21 stad

226 411 42 21 och
291 411 51 21 hela
360 411 43 21 den
422 411 26 21 af
461 411 228 27 Björneborgsbanan
706 411 119 26 betjenade
841 409 143 22 vidsträckta

235 445 136 22 andsdelens
395 447 88 24 export-
504 446 41 20 och
565 446 170 26 importrörelse
752 445 5 20 i
773 445 68 26 högst
857 444 128 26 väsendtlig

226 479 55 27 grad
303 479 91 22 komme
422 481 36 20 att
484 479 107 22 hämmas
613 479 41 22 och
678 479 125 26 försvåras,
827 485 37 14 om
887 483 98 16 varorna

227 514 65 20 skola
308 514 102 21 belastas
430 514 51 21 med
497 514 45 21 alla
558 514 27 21 de
601 514 164 21 omkostnader
782 513 41 22 och
839 513 146 26 olägenheter

227 553 49 16 som
292 549 39 20 äro
347 548 107 21 förenade
469 548 51 21 med
537 554 26 15 en
580 550 67 19 extra
663 547 140 27 omlastning
818 547 41 22 och
875 552 109 16 varornas

242 582 103 27 rämning
361 583 84 20 mellan
461 583 71 20 Räfsö
547 583 42 20 och
599 583 145 26 Björneborg.
768 582 137 27 Isynnerhet
916 581 68 21 känn-

242 618 37 19 art
298 617 75 21 blefve
392 617 64 22 detta
479 617 34 21 för
536 619 216 25 trävaruexporten,
776 616 84 21 hvaraf
880 616 57 21 dock
956 621 26 16 en

226 651 89 26 ganska
338 651 129 26 betydande
482 651 69 22 trafik
571 651 28 26 vä
619 651 74 22 denna
709 651 58 21 bana
783 653 26 18 är
825 652 36 19 att
877 651 107 25 emotses,

227 685 48 21 dels
299 685 49 21 frän
372 686 66 27 sägar
460 686 7 20 i
490 685 112 22 närheten
618 686 26 21 af
660 685 162 26 Tammerfors,
839 685 48 21 dels
902 690 81 21 genom

227 720 191 27 tillgodogörande
446 720 22 21 af
496 720 217 27 skogsressurserna
740 720 7 21 i
773 720 26 21 de
822 719 96 25 trakter,
942 719 42 21 den

233 754 178 27 Björneborgska
422 755 74 20 banan
507 754 152 27 genomlöper.
682 754 43 21 För
736 754 73 21 denna
819 753 165 22 trävarutrafik

228 789 25 20 är
276 789 39 20 det
338 789 178 26 uppenbarligen
539 789 26 20 af
587 793 47 17 stor
656 789 124 26 botydelse,
797 790 36 19 att
849 789 136 20 trävarorna

227 822 65 21 skola
308 823 77 20 kunna
397 823 101 21 forslas
493 818 12 36 i
513 823 170 26 jernvägsvagn
700 823 58 21 ända
774 823 59 21 fram
849 822 34 21 till
904 822 2 20 i
922 822 60 21 ham-

227 862 57 15 nens
304 857 144 21 omedelbara
466 857 82 21 närhet
564 857 96 26 belägna
676 856 144 27 brädgärdar,
836 856 97 21 derifrän
949 857 34 20 ut-

227 891 157 26 skeppningen
395 891 68 22 sedan
475 891 45 22 lätt
528 891 41 22 och
578 891 112 22 bekvämt
698 891 74 21 kunde
781 897 42 20 ega
832 897 57 15 rum.
905 891 79 21 Denna

226 925 182 22 trävarurörelse
427 925 153 22 tillförsäkrar
599 926 146 21 hamnbanan
761 926 69 21 trafik
845 925 85 27 jemväl
945 931 38 15 un-

226 959 40 22 der
282 960 116 26 vintertid,
415 962 54 20 enär
489 960 138 27 sägegarene
643 961 52 21 med
711 961 29 20 all
756 960 146 21 sannolikhet
919 960 64 21 skola

227 994 61 21 finna
310 995 38 20 det
371 995 176 26 fördelaktigast
571 996 36 20 att
629 995 204 26 nedtransportera
856 1001 27 15 en
907 995 35 20 del
961 994 26 21 af

227 1028 50 21 sina
293 1028 166 27 sägprodukter
478 1029 70 21 under
564 1029 73 22 denna
653 1029 32 21 tid
702 1029 26 20 af
740 1029 57 26 äret,
813 1029 28 21 dä
855 1029 128 26 jernvägar-

227 1068 40 15 nes
283 1063 83 26 rörliga
381 1063 106 21 material
503 1063 106 27 vanligen
625 1065 25 20 är
666 1064 87 21 mindre
769 1067 69 23 tagen
853 1063 5 20 i
877 1063 105 26 anspräk.

226 1093 78 25 Äfven
328 1097 70 22 under
421 1098 53 21 höst
497 1098 41 21 och
561 1098 48 26 vär,
633 1098 28 21 dä
684 1098 72 21 Räfsö
775 1098 69 21 hamn
863 1099 26 19 är
904 1099 79 25 öppen,

226 1137 53 15 men
300 1131 153 22 samfärdseln
472 1132 137 21 deremellan
625 1133 42 20 och
683 1133 152 26 Björneborgs
851 1132 51 21 stad
918 1132 26 21 af
956 1132 27 21 is-

226 1165 79 22 hinder
329 1165 117 27 afbruten,
469 1167 41 20 har
530 1167 146 21 hamnbanan
691 1172 28 16 en
735 1167 95 26 mycket
845 1166 70 27 vigtig
931 1172 52 21 upp-

226 1199 44 27 gift
285 1201 36 20 att
336 1199 78 28 fylla".

299 1234 91 27 yDenna
409 1235 130 20 hamnbana
559 1246 20 2 —
599 1237 77 24 yttrar
690 1235 118 22 utskottet
824 1235 77 21 vidare
920 1245 20 2 —
959 1236 26 19 är

226 1268 86 26 jemväl
336 1269 50 20 icke
408 1270 57 20 utan
488 1269 59 21 lokal
574 1269 123 27 betydelse.
729 1269 32 22 De
780 1271 57 19 nära
857 1266 76 24 banan
950 1269 34 22 be-

228 1303 69 26 lägna
313 1303 87 26 byarne
420 1303 39 22 och
477 1303 38 22 der
530 1303 117 27 befintliga
662 1304 120 27 ängsägar,
799 1303 120 22 äfvensom
934 1303 51 22 hela

227 1337 43 21 den
294 1337 169 27 kringliggande
487 1337 138 27 skärgärden
649 1339 65 20 skola
737 1338 127 26 säkerligen
884 1339 101 25 begagna

227 1372 82 25 banan,
332 1371 29 27 pä
385 1377 90 16 samma
489 1372 60 27 gång
565 1377 49 16 som
630 1378 28 16 en
674 1372 73 27 gaska
762 1372 54 27 liflig
832 1372 153 27 persontrafik

226 1406 65 21 alltid
314 1406 75 21 mäste
413 1407 94 20 komma
530 1408 36 20 att
589 1412 42 21 ega
654 1413 50 15 rum
728 1407 98 22 emellan
849 1412 28 16 en
896 1406 25 22 sä
937 1408 48 19 stor

296 1456 205 19 Petitionsbetänkande
513 1456 34 18 N:o
560 1457 19 17 2.
