<?xml version="1.0" encoding="UTF-8"?>
<alto xmlns="http://www.loc.gov/standards/alto/ns-v3#" xmlns:xlink="http://www.w3.org/1999/xlink" xmlns:xsi="http://www.w3.org/2001/XMLSchema-instance" xsi:schemaLocation="http://www.loc.gov/standards/alto/ns-v3# http://www.loc.gov/alto/v3/alto-3-0.xsd">
	<Description>
		<MeasurementUnit>pixel</MeasurementUnit>
		<sourceImageInformation>
			<fileName>/tmp/tess_qt0om21o_input.PNG</fileName>
		</sourceImageInformation>
		<OCRProcessing ID="OCR_0">
			<ocrProcessingStep>
				<processingSoftware>
					<softwareName>tesseract 5.3.4</softwareName>
				</processingSoftware>
			</ocrProcessingStep>
		</OCRProcessing>
	</Description>
	<Layout>
		<Page WIDTH="1070" HEIGHT="1795" PHYSICAL_IMG_NR="0" ID="page_0">
			<PrintSpace HPOS="0" VPOS="0" WIDTH="1070" HEIGHT="1795">
				<ComposedBlock ID="cblock_0" HPOS="252" VPOS="103" WIDTH="506" HEIGHT="22">
					<TextBlock ID="block_0" HPOS="252" VPOS="103" WIDTH="506" HEIGHT="22">
						<TextLine ID="line_0" HPOS="252" VPOS="103" WIDTH="506" HEIGHT="22">
							<String ID="string_0" HPOS="252" VPOS="103" WIDTH="29" HEIGHT="20" WC="0.96" CONTENT="32"/><SP WIDTH="161" VPOS="103" HPOS="281"/>
							<String ID="string_1" HPOS="442" VPOS="103" WIDTH="228" HEIGHT="22" WC="0.91" CONTENT="Petitionsbetänkande"/><SP WIDTH="17" VPOS="103" HPOS="670"/>
							<String ID="string_2" HPOS="687" VPOS="103" WIDTH="35" HEIGHT="22" WC="0.95" CONTENT="N:o"/><SP WIDTH="15" VPOS="103" HPOS="722"/>
							<String ID="string_3" HPOS="737" VPOS="103" WIDTH="21" HEIGHT="21" WC="0.96" CONTENT="2."/>
						</TextLine>
					</TextBlock>
				</ComposedBlock>
				<ComposedBlock ID="cblock_1" HPOS="221" VPOS="159" WIDTH="763" HEIGHT="1283">
					<TextBlock ID="block_1" HPOS="223" VPOS="159" WIDTH="760" HEIGHT="308">
						<TextLine ID="line_1" HPOS="223" VPOS="159" WIDTH="760" HEIGHT="23">
							<String ID="string_4" HPOS="223" VPOS="159" WIDTH="77" HEIGHT="18" WC="0.92" CONTENT="denvesi"/><SP WIDTH="13" VPOS="159" HPOS="300"/>
							<String ID="string_5" HPOS="313" VPOS="159" WIDTH="68" HEIGHT="18" WC="0.96" CONTENT="vackra"/><SP WIDTH="12" VPOS="159" HPOS="381"/>
							<String ID="string_6" HPOS="393" VPOS="159" WIDTH="33" HEIGHT="22" WC="0.96" CONTENT="sjö,"/><SP WIDTH="13" VPOS="159" HPOS="426"/>
							<String ID="string_7" HPOS="439" VPOS="159" WIDTH="76" HEIGHT="18" WC="0.96" CONTENT="hvilken"/><SP WIDTH="13" VPOS="159" HPOS="515"/>
							<String ID="string_8" HPOS="528" VPOS="159" WIDTH="17" HEIGHT="23" WC="0.95" CONTENT="ej"/><SP WIDTH="14" VPOS="159" HPOS="545"/>
							<String ID="string_9" HPOS="559" VPOS="159" WIDTH="39" HEIGHT="18" WC="0.96" CONTENT="står"/><SP WIDTH="12" VPOS="159" HPOS="598"/>
							<String ID="string_10" HPOS="610" VPOS="159" WIDTH="7" HEIGHT="18" WC="0.96" CONTENT="i"/><SP WIDTH="13" VPOS="159" HPOS="617"/>
							<String ID="string_11" HPOS="630" VPOS="159" WIDTH="116" HEIGHT="18" WC="0.95" CONTENT="förbindelse"/><SP WIDTH="14" VPOS="159" HPOS="746"/>
							<String ID="string_12" HPOS="760" VPOS="159" WIDTH="42" HEIGHT="18" WC="0.96" CONTENT="med"/><SP WIDTH="12" VPOS="159" HPOS="802"/>
							<String ID="string_13" HPOS="814" VPOS="159" WIDTH="45" HEIGHT="23" WC="0.95" CONTENT="Lojo"/><SP WIDTH="14" VPOS="159" HPOS="859"/>
							<String ID="string_14" HPOS="873" VPOS="159" WIDTH="32" HEIGHT="23" WC="0.96" CONTENT="sjö,"/><SP WIDTH="11" VPOS="159" HPOS="905"/>
							<String ID="string_15" HPOS="916" VPOS="159" WIDTH="34" HEIGHT="18" WC="0.96" CONTENT="och"/><SP WIDTH="8" VPOS="159" HPOS="950"/>
							<String ID="string_16" HPOS="958" VPOS="159" WIDTH="25" HEIGHT="22" WC="0.96" CONTENT="på"/>
						</TextLine>
						<TextLine ID="line_2" HPOS="223" VPOS="187" WIDTH="759" HEIGHT="24">
							<String ID="string_17" HPOS="223" VPOS="187" WIDTH="78" HEIGHT="18" WC="0.93" CONTENT="hvilken"/><SP WIDTH="12" VPOS="187" HPOS="301"/>
							<String ID="string_18" HPOS="313" VPOS="187" WIDTH="174" HEIGHT="18" WC="0.91" CONTENT="åstadkommandet"/><SP WIDTH="12" VPOS="187" HPOS="487"/>
							<String ID="string_19" HPOS="499" VPOS="188" WIDTH="20" HEIGHT="18" WC="0.93" CONTENT="af"/><SP WIDTH="12" VPOS="188" HPOS="519"/>
							<String ID="string_20" HPOS="531" VPOS="187" WIDTH="137" HEIGHT="24" WC="0.90" CONTENT="ångbåtstrafik"/><SP WIDTH="13" VPOS="187" HPOS="668"/>
							<String ID="string_21" HPOS="681" VPOS="189" WIDTH="21" HEIGHT="16" WC="0.95" CONTENT="är"/><SP WIDTH="14" VPOS="189" HPOS="702"/>
							<String ID="string_22" HPOS="716" VPOS="193" WIDTH="23" HEIGHT="12" WC="0.96" CONTENT="en"/><SP WIDTH="10" VPOS="193" HPOS="739"/>
							<String ID="string_23" HPOS="749" VPOS="188" WIDTH="70" HEIGHT="22" WC="0.95" CONTENT="dagens"/><SP WIDTH="9" VPOS="188" HPOS="819"/>
							<String ID="string_24" HPOS="828" VPOS="188" WIDTH="62" HEIGHT="22" WC="0.90" CONTENT="fråga;"/><SP WIDTH="9" VPOS="188" HPOS="890"/>
							<String ID="string_25" HPOS="899" VPOS="187" WIDTH="83" HEIGHT="19" WC="0.91" CONTENT="tvifvels-"/>
						</TextLine>
						<TextLine ID="line_3" HPOS="224" VPOS="215" WIDTH="757" HEIGHT="24">
							<String ID="string_26" HPOS="224" VPOS="218" WIDTH="45" HEIGHT="16" WC="0.96" CONTENT="utan"/><SP WIDTH="10" VPOS="218" HPOS="269"/>
							<String ID="string_27" HPOS="279" VPOS="217" WIDTH="84" HEIGHT="17" WC="0.96" CONTENT="kommer"/><SP WIDTH="11" VPOS="217" HPOS="363"/>
							<String ID="string_28" HPOS="374" VPOS="216" WIDTH="59" HEIGHT="18" WC="0.96" CONTENT="redan"/><SP WIDTH="13" VPOS="216" HPOS="433"/>
							<String ID="string_29" HPOS="446" VPOS="219" WIDTH="54" HEIGHT="15" WC="0.96" CONTENT="nästa"/><SP WIDTH="11" VPOS="219" HPOS="500"/>
							<String ID="string_30" HPOS="511" VPOS="221" WIDTH="80" HEIGHT="14" WC="0.95" CONTENT="sommar"/><SP WIDTH="13" VPOS="221" HPOS="591"/>
							<String ID="string_31" HPOS="604" VPOS="216" WIDTH="112" HEIGHT="23" WC="0.96" CONTENT="fullständig"/><SP WIDTH="12" VPOS="216" HPOS="716"/>
							<String ID="string_32" HPOS="728" VPOS="215" WIDTH="57" HEIGHT="19" WC="0.96" CONTENT="trafik"/><SP WIDTH="11" VPOS="215" HPOS="785"/>
							<String ID="string_33" HPOS="796" VPOS="219" WIDTH="28" HEIGHT="15" WC="0.96" CONTENT="att"/><SP WIDTH="11" VPOS="219" HPOS="824"/>
							<String ID="string_34" HPOS="835" VPOS="217" WIDTH="36" HEIGHT="18" WC="0.96" CONTENT="här"/><SP WIDTH="12" VPOS="217" HPOS="871"/>
							<String ID="string_35" HPOS="883" VPOS="216" WIDTH="98" HEIGHT="21" WC="0.96" CONTENT="anordnas,"/>
						</TextLine>
						<TextLine ID="line_4" HPOS="224" VPOS="245" WIDTH="759" HEIGHT="23">
							<String ID="string_36" HPOS="224" VPOS="247" WIDTH="47" HEIGHT="15" WC="0.96" CONTENT="enär"/><SP WIDTH="13" VPOS="247" HPOS="271"/>
							<String ID="string_37" HPOS="284" VPOS="247" WIDTH="26" HEIGHT="15" WC="0.96" CONTENT="ett"/><SP WIDTH="8" VPOS="247" HPOS="310"/>
							<String ID="string_38" HPOS="318" VPOS="245" WIDTH="54" HEIGHT="22" WC="0.96" CONTENT="bolag"/><SP WIDTH="8" VPOS="245" HPOS="372"/>
							<String ID="string_39" HPOS="380" VPOS="245" WIDTH="41" HEIGHT="18" WC="0.96" CONTENT="med"/><SP WIDTH="8" VPOS="245" HPOS="421"/>
							<String ID="string_40" HPOS="429" VPOS="245" WIDTH="52" HEIGHT="18" WC="0.96" CONTENT="detta"/><SP WIDTH="6" VPOS="245" HPOS="481"/>
							<String ID="string_41" HPOS="487" VPOS="245" WIDTH="48" HEIGHT="23" WC="0.96" CONTENT="syfte"/><SP WIDTH="12" VPOS="245" HPOS="535"/>
							<String ID="string_42" HPOS="547" VPOS="245" WIDTH="59" HEIGHT="18" WC="0.96" CONTENT="redan"/><SP WIDTH="7" VPOS="245" HPOS="606"/>
							<String ID="string_43" HPOS="613" VPOS="247" WIDTH="21" HEIGHT="16" WC="0.93" CONTENT="är"/><SP WIDTH="6" VPOS="247" HPOS="634"/>
							<String ID="string_44" HPOS="640" VPOS="245" WIDTH="79" HEIGHT="18" WC="0.92" CONTENT="bildadt."/><SP WIDTH="13" VPOS="245" HPOS="719"/>
							<String ID="string_45" HPOS="732" VPOS="245" WIDTH="115" HEIGHT="23" WC="0.95" CONTENT="Härigenom"/><SP WIDTH="14" VPOS="245" HPOS="847"/>
							<String ID="string_46" HPOS="861" VPOS="245" WIDTH="60" HEIGHT="18" WC="0.93" CONTENT="skulle"/><SP WIDTH="7" VPOS="245" HPOS="921"/>
							<String ID="string_47" HPOS="928" VPOS="246" WIDTH="10" HEIGHT="17" WC="0.92" CONTENT="å"/><SP WIDTH="9" VPOS="246" HPOS="938"/>
							<String ID="string_48" HPOS="947" VPOS="250" WIDTH="36" HEIGHT="13" WC="0.96" CONTENT="ena"/>
						</TextLine>
						<TextLine ID="line_5" HPOS="223" VPOS="273" WIDTH="759" HEIGHT="24">
							<String ID="string_49" HPOS="223" VPOS="273" WIDTH="56" HEIGHT="18" WC="0.93" CONTENT="sidan"/><SP WIDTH="19" VPOS="273" HPOS="279"/>
							<String ID="string_50" HPOS="298" VPOS="274" WIDTH="80" HEIGHT="17" WC="0.91" CONTENT="Wichtis"/><SP WIDTH="18" VPOS="274" HPOS="378"/>
							<String ID="string_51" HPOS="396" VPOS="273" WIDTH="83" HEIGHT="24" WC="0.90" CONTENT="kyrkoby:"/><SP WIDTH="20" VPOS="273" HPOS="479"/>
							<String ID="string_52" HPOS="499" VPOS="274" WIDTH="34" HEIGHT="17" WC="0.93" CONTENT="och"/><SP WIDTH="20" VPOS="274" HPOS="533"/>
							<String ID="string_53" HPOS="553" VPOS="274" WIDTH="10" HEIGHT="17" WC="0.92" CONTENT="&amp;"/><SP WIDTH="17" VPOS="274" HPOS="563"/>
							<String ID="string_54" HPOS="580" VPOS="274" WIDTH="36" HEIGHT="17" WC="0.96" CONTENT="den"/><SP WIDTH="13" VPOS="274" HPOS="616"/>
							<String ID="string_55" HPOS="629" VPOS="274" WIDTH="59" HEIGHT="17" WC="0.96" CONTENT="andra"/><SP WIDTH="12" VPOS="274" HPOS="688"/>
							<String ID="string_56" HPOS="700" VPOS="273" WIDTH="45" HEIGHT="18" WC="0.96" CONTENT="flere"/><SP WIDTH="13" VPOS="273" HPOS="745"/>
							<String ID="string_57" HPOS="758" VPOS="274" WIDTH="46" HEIGHT="23" WC="0.96" CONTENT="byar"/><SP WIDTH="11" VPOS="274" HPOS="804"/>
							<String ID="string_58" HPOS="815" VPOS="274" WIDTH="7" HEIGHT="17" WC="0.96" CONTENT="i"/><SP WIDTH="13" VPOS="274" HPOS="822"/>
							<String ID="string_59" HPOS="835" VPOS="274" WIDTH="50" HEIGHT="22" WC="0.93" CONTENT="Lojo,"/><SP WIDTH="13" VPOS="274" HPOS="885"/>
							<String ID="string_60" HPOS="898" VPOS="274" WIDTH="84" HEIGHT="17" WC="0.92" CONTENT="Nummis"/>
						</TextLine>
						<TextLine ID="line_6" HPOS="223" VPOS="302" WIDTH="759" HEIGHT="23">
							<String ID="string_61" HPOS="223" VPOS="302" WIDTH="34" HEIGHT="17" WC="0.93" CONTENT="och"/><SP WIDTH="14" VPOS="302" HPOS="257"/>
							<String ID="string_62" HPOS="271" VPOS="302" WIDTH="69" HEIGHT="18" WC="0.92" CONTENT="Pusula"/><SP WIDTH="12" VPOS="302" HPOS="340"/>
							<String ID="string_63" HPOS="352" VPOS="302" WIDTH="80" HEIGHT="17" WC="0.93" CONTENT="socknar"/><SP WIDTH="13" VPOS="302" HPOS="432"/>
							<String ID="string_64" HPOS="445" VPOS="302" WIDTH="97" HEIGHT="18" WC="0.89" CONTENT="förbindas"/><SP WIDTH="12" VPOS="302" HPOS="542"/>
							<String ID="string_65" HPOS="554" VPOS="303" WIDTH="43" HEIGHT="17" WC="0.93" CONTENT="med"/><SP WIDTH="10" VPOS="303" HPOS="597"/>
							<String ID="string_66" HPOS="607" VPOS="303" WIDTH="109" HEIGHT="22" WC="0.92" CONTENT="jernvägen."/><SP WIDTH="20" VPOS="303" HPOS="716"/>
							<String ID="string_67" HPOS="736" VPOS="302" WIDTH="96" HEIGHT="19" WC="0.96" CONTENT="Vintertid"/><SP WIDTH="12" VPOS="302" HPOS="832"/>
							<String ID="string_68" HPOS="844" VPOS="303" WIDTH="34" HEIGHT="22" WC="0.96" CONTENT="går"/><SP WIDTH="12" VPOS="303" HPOS="878"/>
							<String ID="string_69" HPOS="890" VPOS="303" WIDTH="56" HEIGHT="17" WC="0.96" CONTENT="också"/><SP WIDTH="11" VPOS="303" HPOS="946"/>
							<String ID="string_70" HPOS="957" VPOS="308" WIDTH="25" HEIGHT="12" WC="0.96" CONTENT="nu"/>
						</TextLine>
						<TextLine ID="line_7" HPOS="223" VPOS="329" WIDTH="760" HEIGHT="24">
							<String ID="string_71" HPOS="223" VPOS="329" WIDTH="81" HEIGHT="19" WC="0.96" CONTENT="trafiken"/><SP WIDTH="18" VPOS="329" HPOS="304"/>
							<String ID="string_72" HPOS="322" VPOS="331" WIDTH="68" HEIGHT="17" WC="0.95" CONTENT="mellan"/><SP WIDTH="19" VPOS="331" HPOS="390"/>
							<String ID="string_73" HPOS="409" VPOS="331" WIDTH="118" HEIGHT="22" WC="0.96" CONTENT="Helsingfors"/><SP WIDTH="20" VPOS="331" HPOS="527"/>
							<String ID="string_74" HPOS="547" VPOS="331" WIDTH="34" HEIGHT="17" WC="0.96" CONTENT="och"/><SP WIDTH="17" VPOS="331" HPOS="581"/>
							<String ID="string_75" HPOS="598" VPOS="331" WIDTH="22" HEIGHT="17" WC="0.92" CONTENT="de"/><SP WIDTH="14" VPOS="331" HPOS="620"/>
							<String ID="string_76" HPOS="634" VPOS="331" WIDTH="41" HEIGHT="18" WC="0.92" CONTENT="öfra"/><SP WIDTH="13" VPOS="331" HPOS="675"/>
							<String ID="string_77" HPOS="688" VPOS="331" WIDTH="105" HEIGHT="18" WC="0.96" CONTENT="socknarna"/><SP WIDTH="10" VPOS="331" HPOS="793"/>
							<String ID="string_78" HPOS="803" VPOS="332" WIDTH="40" HEIGHT="21" WC="0.96" CONTENT="just"/><SP WIDTH="12" VPOS="332" HPOS="843"/>
							<String ID="string_79" HPOS="855" VPOS="331" WIDTH="53" HEIGHT="22" WC="0.96" CONTENT="längs"/><SP WIDTH="13" VPOS="331" HPOS="908"/>
							<String ID="string_80" HPOS="921" VPOS="331" WIDTH="62" HEIGHT="17" WC="0.96" CONTENT="denna"/>
						</TextLine>
						<TextLine ID="line_8" HPOS="223" VPOS="359" WIDTH="759" HEIGHT="24">
							<String ID="string_81" HPOS="223" VPOS="359" WIDTH="34" HEIGHT="22" WC="0.94" CONTENT="sjö."/><SP WIDTH="25" VPOS="359" HPOS="257"/>
							<String ID="string_82" HPOS="282" VPOS="359" WIDTH="45" HEIGHT="22" WC="0.95" CONTENT="Lojo"/><SP WIDTH="13" VPOS="359" HPOS="327"/>
							<String ID="string_83" HPOS="340" VPOS="359" WIDTH="27" HEIGHT="22" WC="0.96" CONTENT="sjö"/><SP WIDTH="14" VPOS="359" HPOS="367"/>
							<String ID="string_84" HPOS="381" VPOS="359" WIDTH="85" HEIGHT="18" WC="0.96" CONTENT="befinner"/><SP WIDTH="13" VPOS="359" HPOS="466"/>
							<String ID="string_85" HPOS="479" VPOS="360" WIDTH="29" HEIGHT="22" WC="0.96" CONTENT="sig"/><SP WIDTH="12" VPOS="360" HPOS="508"/>
							<String ID="string_86" HPOS="520" VPOS="359" WIDTH="30" HEIGHT="18" WC="0.96" CONTENT="för"/><SP WIDTH="13" VPOS="359" HPOS="550"/>
							<String ID="string_87" HPOS="563" VPOS="359" WIDTH="116" HEIGHT="18" WC="0.96" CONTENT="närvarande"/><SP WIDTH="13" VPOS="359" HPOS="679"/>
							<String ID="string_88" HPOS="692" VPOS="359" WIDTH="31" HEIGHT="18" WC="0.93" CONTENT="vid"/><SP WIDTH="13" VPOS="359" HPOS="723"/>
							<String ID="string_89" HPOS="736" VPOS="360" WIDTH="73" HEIGHT="23" WC="0.91" CONTENT="Virkby"/><SP WIDTH="12" VPOS="360" HPOS="809"/>
							<String ID="string_90" HPOS="821" VPOS="360" WIDTH="35" HEIGHT="17" WC="0.93" CONTENT="och"/><SP WIDTH="13" VPOS="360" HPOS="856"/>
							<String ID="string_91" HPOS="869" VPOS="359" WIDTH="93" HEIGHT="23" WC="0.89" CONTENT="Kyrkstad"/><SP WIDTH="13" VPOS="359" HPOS="962"/>
							<String ID="string_92" HPOS="975" VPOS="360" WIDTH="7" HEIGHT="17" WC="0.97" CONTENT="i"/>
						</TextLine>
						<TextLine ID="line_9" HPOS="223" VPOS="387" WIDTH="759" HEIGHT="24">
							<String ID="string_93" HPOS="223" VPOS="387" WIDTH="109" HEIGHT="18" WC="0.95" CONTENT="omedelbar"/><SP WIDTH="12" VPOS="387" HPOS="332"/>
							<String ID="string_94" HPOS="344" VPOS="388" WIDTH="115" HEIGHT="18" WC="0.96" CONTENT="förbindelse"/><SP WIDTH="12" VPOS="388" HPOS="459"/>
							<String ID="string_95" HPOS="471" VPOS="389" WIDTH="43" HEIGHT="17" WC="0.93" CONTENT="med"/><SP WIDTH="13" VPOS="389" HPOS="514"/>
							<String ID="string_96" HPOS="527" VPOS="389" WIDTH="129" HEIGHT="22" WC="0.91" CONTENT="Hangöbanan"/><SP WIDTH="13" VPOS="389" HPOS="656"/>
							<String ID="string_97" HPOS="669" VPOS="389" WIDTH="35" HEIGHT="17" WC="0.96" CONTENT="och"/><SP WIDTH="10" VPOS="389" HPOS="704"/>
							<String ID="string_98" HPOS="714" VPOS="388" WIDTH="54" HEIGHT="18" WC="0.96" CONTENT="äfven"/><SP WIDTH="13" VPOS="388" HPOS="768"/>
							<String ID="string_99" HPOS="781" VPOS="389" WIDTH="92" HEIGHT="22" WC="0.93" CONTENT="ångbåtar"/><SP WIDTH="8" VPOS="389" HPOS="873"/>
							<String ID="string_100" HPOS="881" VPOS="388" WIDTH="101" HEIGHT="18" WC="0.91" CONTENT="förefinnas"/>
						</TextLine>
						<TextLine ID="line_10" HPOS="223" VPOS="416" WIDTH="759" HEIGHT="24">
							<String ID="string_101" HPOS="223" VPOS="416" WIDTH="40" HEIGHT="22" WC="0.96" CONTENT="der,"/><SP WIDTH="13" VPOS="416" HPOS="263"/>
							<String ID="string_102" HPOS="276" VPOS="417" WIDTH="21" HEIGHT="17" WC="0.96" CONTENT="så"/><SP WIDTH="12" VPOS="417" HPOS="297"/>
							<String ID="string_103" HPOS="309" VPOS="419" WIDTH="27" HEIGHT="15" WC="0.96" CONTENT="att"/><SP WIDTH="14" VPOS="419" HPOS="336"/>
							<String ID="string_104" HPOS="350" VPOS="418" WIDTH="60" HEIGHT="21" WC="0.96" CONTENT="någon"/><SP WIDTH="13" VPOS="418" HPOS="410"/>
							<String ID="string_105" HPOS="423" VPOS="417" WIDTH="108" HEIGHT="23" WC="0.96" CONTENT="egentligen"/><SP WIDTH="13" VPOS="417" HPOS="531"/>
							<String ID="string_106" HPOS="544" VPOS="423" WIDTH="23" HEIGHT="17" WC="0.93" CONTENT="ny"/><SP WIDTH="13" VPOS="423" HPOS="567"/>
							<String ID="string_107" HPOS="580" VPOS="417" WIDTH="205" HEIGHT="18" WC="0.92" CONTENT="kommunikationsled"/><SP WIDTH="13" VPOS="417" HPOS="785"/>
							<String ID="string_108" HPOS="798" VPOS="418" WIDTH="34" HEIGHT="17" WC="0.96" CONTENT="här"/><SP WIDTH="11" VPOS="418" HPOS="832"/>
							<String ID="string_109" HPOS="843" VPOS="418" WIDTH="17" HEIGHT="22" WC="0.96" CONTENT="ej"/><SP WIDTH="10" VPOS="418" HPOS="860"/>
							<String ID="string_110" HPOS="870" VPOS="417" WIDTH="58" HEIGHT="18" WC="0.93" CONTENT="skulle"/><SP WIDTH="10" VPOS="417" HPOS="928"/>
							<String ID="string_111" HPOS="938" VPOS="420" WIDTH="44" HEIGHT="20" WC="0.93" CONTENT="öpp-"/>
						</TextLine>
						<TextLine ID="line_11" HPOS="224" VPOS="446" WIDTH="297" HEIGHT="21">
							<String ID="string_112" HPOS="224" VPOS="450" WIDTH="34" HEIGHT="12" WC="0.95" CONTENT="nas"/><SP WIDTH="13" VPOS="450" HPOS="258"/>
							<String ID="string_113" HPOS="271" VPOS="450" WIDTH="66" HEIGHT="17" WC="0.91" CONTENT="genom"/><SP WIDTH="13" VPOS="450" HPOS="337"/>
							<String ID="string_114" HPOS="350" VPOS="446" WIDTH="171" HEIGHT="21" WC="0.91" CONTENT="Kyrkstadsbanan."/>
						</TextLine>
					</TextBlock>
					<TextBlock ID="block_2" HPOS="222" VPOS="473" WIDTH="761" HEIGHT="366">
						<TextLine ID="line_12" HPOS="293" VPOS="473" WIDTH="689" HEIGHT="24">
							<String ID="string_115" HPOS="293" VPOS="473" WIDTH="53" HEIGHT="18" WC="0.96" CONTENT="Invid"/><SP WIDTH="18" VPOS="473" HPOS="346"/>
							<String ID="string_116" HPOS="364" VPOS="474" WIDTH="36" HEIGHT="17" WC="0.96" CONTENT="den"/><SP WIDTH="16" VPOS="474" HPOS="400"/>
							<String ID="string_117" HPOS="416" VPOS="474" WIDTH="116" HEIGHT="17" WC="0.93" CONTENT="sistnämnda"/><SP WIDTH="11" VPOS="474" HPOS="532"/>
							<String ID="string_118" HPOS="543" VPOS="474" WIDTH="171" HEIGHT="23" WC="0.92" CONTENT="bansträckningen"/><SP WIDTH="14" VPOS="474" HPOS="714"/>
							<String ID="string_119" HPOS="728" VPOS="473" WIDTH="60" HEIGHT="19" WC="0.96" CONTENT="finnes"/><SP WIDTH="13" VPOS="473" HPOS="788"/>
							<String ID="string_120" HPOS="801" VPOS="475" WIDTH="56" HEIGHT="22" WC="0.96" CONTENT="ingen"/><SP WIDTH="13" VPOS="475" HPOS="857"/>
							<String ID="string_121" HPOS="870" VPOS="475" WIDTH="49" HEIGHT="17" WC="0.93" CONTENT="enda"/><SP WIDTH="11" VPOS="475" HPOS="919"/>
							<String ID="string_122" HPOS="930" VPOS="474" WIDTH="52" HEIGHT="23" WC="0.91" CONTENT="bety-"/>
						</TextLine>
						<TextLine ID="line_13" HPOS="224" VPOS="502" WIDTH="759" HEIGHT="24">
							<String ID="string_123" HPOS="224" VPOS="502" WIDTH="62" HEIGHT="17" WC="0.93" CONTENT="dande"/><SP WIDTH="19" VPOS="502" HPOS="286"/>
							<String ID="string_124" HPOS="305" VPOS="503" WIDTH="99" HEIGHT="17" WC="0.91" CONTENT="industriel"/><SP WIDTH="19" VPOS="503" HPOS="404"/>
							<String ID="string_125" HPOS="423" VPOS="503" WIDTH="109" HEIGHT="22" WC="0.93" CONTENT="inrättning."/><SP WIDTH="24" VPOS="503" HPOS="532"/>
							<String ID="string_126" HPOS="556" VPOS="503" WIDTH="148" HEIGHT="18" WC="0.91" CONTENT="Nummelabana"/><SP WIDTH="19" VPOS="503" HPOS="704"/>
							<String ID="string_127" HPOS="723" VPOS="503" WIDTH="60" HEIGHT="18" WC="0.95" CONTENT="skulle"/><SP WIDTH="14" VPOS="503" HPOS="783"/>
							<String ID="string_128" HPOS="797" VPOS="509" WIDTH="44" HEIGHT="12" WC="0.95" CONTENT="vara"/><SP WIDTH="12" VPOS="509" HPOS="841"/>
							<String ID="string_129" HPOS="853" VPOS="504" WIDTH="30" HEIGHT="17" WC="0.95" CONTENT="till"/><SP WIDTH="11" VPOS="504" HPOS="883"/>
							<String ID="string_130" HPOS="894" VPOS="509" WIDTH="47" HEIGHT="17" WC="0.96" CONTENT="gagn"/><SP WIDTH="13" VPOS="509" HPOS="941"/>
							<String ID="string_131" HPOS="954" VPOS="503" WIDTH="29" HEIGHT="18" WC="0.96" CONTENT="för"/>
						</TextLine>
						<TextLine ID="line_14" HPOS="223" VPOS="531" WIDTH="760" HEIGHT="24">
							<String ID="string_132" HPOS="223" VPOS="531" WIDTH="42" HEIGHT="22" WC="0.95" CONTENT="fyra"/><SP WIDTH="19" VPOS="531" HPOS="265"/>
							<String ID="string_133" HPOS="284" VPOS="533" WIDTH="60" HEIGHT="16" WC="0.95" CONTENT="större"/><SP WIDTH="12" VPOS="533" HPOS="344"/>
							<String ID="string_134" HPOS="356" VPOS="531" WIDTH="93" HEIGHT="18" WC="0.93" CONTENT="fabriker:"/><SP WIDTH="19" VPOS="531" HPOS="449"/>
							<String ID="string_135" HPOS="468" VPOS="531" WIDTH="93" HEIGHT="18" WC="0.91" CONTENT="Karkkila"/><SP WIDTH="12" VPOS="531" HPOS="561"/>
							<String ID="string_136" HPOS="573" VPOS="531" WIDTH="97" HEIGHT="23" WC="0.93" CONTENT="(Högfors)"/><SP WIDTH="10" VPOS="531" HPOS="670"/>
							<String ID="string_137" HPOS="680" VPOS="532" WIDTH="93" HEIGHT="22" WC="0.91" CONTENT="jernbruk"/><SP WIDTH="12" VPOS="532" HPOS="773"/>
							<String ID="string_138" HPOS="785" VPOS="533" WIDTH="6" HEIGHT="16" WC="0.93" CONTENT="i"/><SP WIDTH="13" VPOS="533" HPOS="791"/>
							<String ID="string_139" HPOS="804" VPOS="532" WIDTH="103" HEIGHT="23" WC="0.89" CONTENT="Pyhäjärvi,"/><SP WIDTH="12" VPOS="532" HPOS="907"/>
							<String ID="string_140" HPOS="919" VPOS="533" WIDTH="64" HEIGHT="16" WC="0.92" CONTENT="Arima"/>
						</TextLine>
						<TextLine ID="line_15" HPOS="222" VPOS="560" WIDTH="761" HEIGHT="23">
							<String ID="string_141" HPOS="222" VPOS="560" WIDTH="91" HEIGHT="22" WC="0.96" CONTENT="glasbruk"/><SP WIDTH="11" VPOS="560" HPOS="313"/>
							<String ID="string_142" HPOS="324" VPOS="561" WIDTH="6" HEIGHT="16" WC="0.93" CONTENT="i"/><SP WIDTH="13" VPOS="561" HPOS="330"/>
							<String ID="string_143" HPOS="343" VPOS="560" WIDTH="69" HEIGHT="17" WC="0.93" CONTENT="Pusula"/><SP WIDTH="14" VPOS="560" HPOS="412"/>
							<String ID="string_144" HPOS="426" VPOS="561" WIDTH="34" HEIGHT="16" WC="0.93" CONTENT="och"/><SP WIDTH="12" VPOS="561" HPOS="460"/>
							<String ID="string_145" HPOS="472" VPOS="560" WIDTH="152" HEIGHT="18" WC="0.90" CONTENT="Johanneslunds"/><SP WIDTH="14" VPOS="560" HPOS="624"/>
							<String ID="string_146" HPOS="638" VPOS="561" WIDTH="89" HEIGHT="22" WC="0.96" CONTENT="glasbruk"/><SP WIDTH="12" VPOS="561" HPOS="727"/>
							<String ID="string_147" HPOS="739" VPOS="561" WIDTH="6" HEIGHT="16" WC="0.92" CONTENT="i"/><SP WIDTH="14" VPOS="561" HPOS="745"/>
							<String ID="string_148" HPOS="759" VPOS="561" WIDTH="75" HEIGHT="17" WC="0.91" CONTENT="Kiikala"/><SP WIDTH="9" VPOS="561" HPOS="834"/>
							<String ID="string_149" HPOS="843" VPOS="563" WIDTH="48" HEIGHT="16" WC="0.92" CONTENT="samt"/><SP WIDTH="9" VPOS="563" HPOS="891"/>
							<String ID="string_150" HPOS="900" VPOS="561" WIDTH="83" HEIGHT="18" WC="0.91" CONTENT="Wattola"/>
						</TextLine>
						<TextLine ID="line_16" HPOS="224" VPOS="588" WIDTH="759" HEIGHT="24">
							<String ID="string_151" HPOS="224" VPOS="588" WIDTH="76" HEIGHT="23" WC="0.96" CONTENT="nyligen"/><SP WIDTH="11" VPOS="588" HPOS="300"/>
							<String ID="string_152" HPOS="311" VPOS="589" WIDTH="95" HEIGHT="17" WC="0.93" CONTENT="inrättade"/><SP WIDTH="12" VPOS="589" HPOS="406"/>
							<String ID="string_153" HPOS="418" VPOS="589" WIDTH="94" HEIGHT="22" WC="0.92" CONTENT="träsliperi"/><SP WIDTH="13" VPOS="589" HPOS="512"/>
							<String ID="string_154" HPOS="525" VPOS="589" WIDTH="6" HEIGHT="17" WC="0.93" CONTENT="i"/><SP WIDTH="13" VPOS="589" HPOS="531"/>
							<String ID="string_155" HPOS="544" VPOS="589" WIDTH="104" HEIGHT="23" WC="0.90" CONTENT="Pyhäjärvi."/><SP WIDTH="25" VPOS="589" HPOS="648"/>
							<String ID="string_156" HPOS="673" VPOS="589" WIDTH="36" HEIGHT="18" WC="0.96" CONTENT="Det"/><SP WIDTH="15" VPOS="589" HPOS="709"/>
							<String ID="string_157" HPOS="724" VPOS="589" WIDTH="128" HEIGHT="18" WC="0.95" CONTENT="förstnämnda"/><SP WIDTH="17" VPOS="589" HPOS="852"/>
							<String ID="string_158" HPOS="869" VPOS="589" WIDTH="67" HEIGHT="18" WC="0.96" CONTENT="bruket"/><SP WIDTH="12" VPOS="589" HPOS="936"/>
							<String ID="string_159" HPOS="948" VPOS="589" WIDTH="35" HEIGHT="18" WC="0.96" CONTENT="har"/>
						</TextLine>
						<TextLine ID="line_17" HPOS="223" VPOS="617" WIDTH="760" HEIGHT="24">
							<String ID="string_160" HPOS="223" VPOS="623" WIDTH="48" HEIGHT="16" WC="0.92" CONTENT="egen"/><SP WIDTH="11" VPOS="623" HPOS="271"/>
							<String ID="string_161" HPOS="282" VPOS="617" WIDTH="113" HEIGHT="22" WC="0.92" CONTENT="jerngrufva,"/><SP WIDTH="18" VPOS="617" HPOS="395"/>
							<String ID="string_162" HPOS="413" VPOS="617" WIDTH="58" HEIGHT="23" WC="0.96" CONTENT="riklig"/><SP WIDTH="12" VPOS="617" HPOS="471"/>
							<String ID="string_163" HPOS="483" VPOS="618" WIDTH="79" HEIGHT="22" WC="0.96" CONTENT="tillgång"/><SP WIDTH="11" VPOS="618" HPOS="562"/>
							<String ID="string_164" HPOS="573" VPOS="618" WIDTH="24" HEIGHT="22" WC="0.96" CONTENT="på"/><SP WIDTH="13" VPOS="618" HPOS="597"/>
							<String ID="string_165" HPOS="610" VPOS="618" WIDTH="31" HEIGHT="17" WC="0.96" CONTENT="kol"/><SP WIDTH="13" VPOS="618" HPOS="641"/>
							<String ID="string_166" HPOS="654" VPOS="618" WIDTH="35" HEIGHT="17" WC="0.96" CONTENT="och"/><SP WIDTH="13" VPOS="618" HPOS="689"/>
							<String ID="string_167" HPOS="702" VPOS="617" WIDTH="114" HEIGHT="18" WC="0.96" CONTENT="arbetskraft"/><SP WIDTH="13" VPOS="617" HPOS="816"/>
							<String ID="string_168" HPOS="829" VPOS="620" WIDTH="47" HEIGHT="15" WC="0.96" CONTENT="samt"/><SP WIDTH="12" VPOS="620" HPOS="876"/>
							<String ID="string_169" HPOS="888" VPOS="618" WIDTH="39" HEIGHT="17" WC="0.96" CONTENT="lika"/><SP WIDTH="11" VPOS="618" HPOS="927"/>
							<String ID="string_170" HPOS="938" VPOS="618" WIDTH="45" HEIGHT="23" WC="0.96" CONTENT="lång"/>
						</TextLine>
						<TextLine ID="line_18" HPOS="224" VPOS="646" WIDTH="759" HEIGHT="23">
							<String ID="string_171" HPOS="224" VPOS="648" WIDTH="40" HEIGHT="20" WC="0.96" CONTENT="väg,"/><SP WIDTH="19" VPOS="648" HPOS="264"/>
							<String ID="string_172" HPOS="283" VPOS="648" WIDTH="28" HEIGHT="15" WC="0.95" CONTENT="tre"/><SP WIDTH="13" VPOS="648" HPOS="311"/>
							<String ID="string_173" HPOS="324" VPOS="646" WIDTH="38" HEIGHT="21" WC="0.96" CONTENT="mil,"/><SP WIDTH="12" VPOS="646" HPOS="362"/>
							<String ID="string_174" HPOS="374" VPOS="646" WIDTH="30" HEIGHT="17" WC="0.93" CONTENT="till"/><SP WIDTH="17" VPOS="646" HPOS="404"/>
							<String ID="string_175" HPOS="421" VPOS="646" WIDTH="98" HEIGHT="18" WC="0.91" CONTENT="Nummela"/><SP WIDTH="13" VPOS="646" HPOS="519"/>
							<String ID="string_176" HPOS="532" VPOS="651" WIDTH="38" HEIGHT="12" WC="0.96" CONTENT="som"/><SP WIDTH="13" VPOS="651" HPOS="570"/>
							<String ID="string_177" HPOS="583" VPOS="646" WIDTH="29" HEIGHT="17" WC="0.96" CONTENT="till"/><SP WIDTH="14" VPOS="646" HPOS="612"/>
							<String ID="string_178" HPOS="626" VPOS="647" WIDTH="64" HEIGHT="22" WC="0.96" CONTENT="Korpi,"/><SP WIDTH="13" VPOS="647" HPOS="690"/>
							<String ID="string_179" HPOS="703" VPOS="646" WIDTH="30" HEIGHT="17" WC="0.96" CONTENT="till"/><SP WIDTH="12" VPOS="646" HPOS="733"/>
							<String ID="string_180" HPOS="745" VPOS="646" WIDTH="76" HEIGHT="18" WC="0.96" CONTENT="hvilken"/><SP WIDTH="12" VPOS="646" HPOS="821"/>
							<String ID="string_181" HPOS="833" VPOS="647" WIDTH="69" HEIGHT="17" WC="0.96" CONTENT="station"/><SP WIDTH="12" VPOS="647" HPOS="902"/>
							<String ID="string_182" HPOS="914" VPOS="647" WIDTH="69" HEIGHT="18" WC="0.96" CONTENT="bruket"/>
						</TextLine>
						<TextLine ID="line_19" HPOS="224" VPOS="674" WIDTH="758" HEIGHT="23">
							<String ID="string_183" HPOS="224" VPOS="680" WIDTH="25" HEIGHT="12" WC="0.93" CONTENT="nu"/><SP WIDTH="14" VPOS="680" HPOS="249"/>
							<String ID="string_184" HPOS="263" VPOS="675" WIDTH="55" HEIGHT="17" WC="0.91" CONTENT="sändt"/><SP WIDTH="12" VPOS="675" HPOS="318"/>
							<String ID="string_185" HPOS="330" VPOS="675" WIDTH="42" HEIGHT="17" WC="0.96" CONTENT="sina"/><SP WIDTH="12" VPOS="675" HPOS="372"/>
							<String ID="string_186" HPOS="384" VPOS="675" WIDTH="63" HEIGHT="17" WC="0.96" CONTENT="alster."/><SP WIDTH="19" VPOS="675" HPOS="447"/>
							<String ID="string_187" HPOS="466" VPOS="675" WIDTH="67" HEIGHT="18" WC="0.96" CONTENT="Denna"/><SP WIDTH="12" VPOS="675" HPOS="533"/>
							<String ID="string_188" HPOS="545" VPOS="675" WIDTH="139" HEIGHT="22" WC="0.96" CONTENT="omständighet"/><SP WIDTH="12" VPOS="675" HPOS="684"/>
							<String ID="string_189" HPOS="696" VPOS="674" WIDTH="93" HEIGHT="18" WC="0.96" CONTENT="äfvensom"/><SP WIDTH="13" VPOS="674" HPOS="789"/>
							<String ID="string_190" HPOS="802" VPOS="675" WIDTH="128" HEIGHT="22" WC="0.96" CONTENT="produkterna"/><SP WIDTH="11" VPOS="675" HPOS="930"/>
							<String ID="string_191" HPOS="941" VPOS="675" WIDTH="41" HEIGHT="18" WC="0.95" CONTENT="från"/>
						</TextLine>
						<TextLine ID="line_20" HPOS="224" VPOS="703" WIDTH="759" HEIGHT="23">
							<String ID="string_192" HPOS="224" VPOS="704" WIDTH="31" HEIGHT="17" WC="0.93" CONTENT="två"/><SP WIDTH="20" VPOS="704" HPOS="255"/>
							<String ID="string_193" HPOS="275" VPOS="704" WIDTH="119" HEIGHT="21" WC="0.91" CONTENT="vattensågar"/><SP WIDTH="18" VPOS="704" HPOS="394"/>
							<String ID="string_194" HPOS="412" VPOS="704" WIDTH="34" HEIGHT="17" WC="0.96" CONTENT="har"/><SP WIDTH="12" VPOS="704" HPOS="446"/>
							<String ID="string_195" HPOS="458" VPOS="704" WIDTH="59" HEIGHT="22" WC="0.96" CONTENT="Korpi"/><SP WIDTH="16" VPOS="704" HPOS="517"/>
							<String ID="string_196" HPOS="533" VPOS="704" WIDTH="70" HEIGHT="17" WC="0.96" CONTENT="station"/><SP WIDTH="15" VPOS="704" HPOS="603"/>
							<String ID="string_197" HPOS="618" VPOS="706" WIDTH="28" HEIGHT="15" WC="0.96" CONTENT="att"/><SP WIDTH="14" VPOS="706" HPOS="646"/>
							<String ID="string_198" HPOS="660" VPOS="703" WIDTH="55" HEIGHT="18" WC="0.96" CONTENT="tacka"/><SP WIDTH="13" VPOS="703" HPOS="715"/>
							<String ID="string_199" HPOS="728" VPOS="703" WIDTH="30" HEIGHT="18" WC="0.96" CONTENT="för"/><SP WIDTH="12" VPOS="703" HPOS="758"/>
							<String ID="string_200" HPOS="770" VPOS="703" WIDTH="31" HEIGHT="18" WC="0.96" CONTENT="det"/><SP WIDTH="13" VPOS="703" HPOS="801"/>
							<String ID="string_201" HPOS="814" VPOS="704" WIDTH="36" HEIGHT="17" WC="0.96" CONTENT="den"/><SP WIDTH="14" VPOS="704" HPOS="850"/>
							<String ID="string_202" HPOS="864" VPOS="705" WIDTH="42" HEIGHT="16" WC="0.96" CONTENT="näst"/><SP WIDTH="12" VPOS="705" HPOS="906"/>
							<String ID="string_203" HPOS="918" VPOS="704" WIDTH="65" HEIGHT="17" WC="0.96" CONTENT="Svartå"/>
						</TextLine>
						<TextLine ID="line_21" HPOS="223" VPOS="732" WIDTH="760" HEIGHT="23">
							<String ID="string_204" HPOS="223" VPOS="734" WIDTH="21" HEIGHT="15" WC="0.96" CONTENT="är"/><SP WIDTH="20" VPOS="734" HPOS="244"/>
							<String ID="string_205" HPOS="264" VPOS="732" WIDTH="36" HEIGHT="17" WC="0.96" CONTENT="den"/><SP WIDTH="18" VPOS="732" HPOS="300"/>
							<String ID="string_206" HPOS="318" VPOS="732" WIDTH="78" HEIGHT="17" WC="0.95" CONTENT="främsta"/><SP WIDTH="18" VPOS="732" HPOS="396"/>
							<String ID="string_207" HPOS="414" VPOS="733" WIDTH="30" HEIGHT="17" WC="0.92" CONTENT="vid"/><SP WIDTH="19" VPOS="733" HPOS="444"/>
							<String ID="string_208" HPOS="463" VPOS="733" WIDTH="129" HEIGHT="22" WC="0.92" CONTENT="Hangöbanan"/><SP WIDTH="17" VPOS="733" HPOS="592"/>
							<String ID="string_209" HPOS="609" VPOS="733" WIDTH="42" HEIGHT="17" WC="0.96" CONTENT="med"/><SP WIDTH="17" VPOS="733" HPOS="651"/>
							<String ID="string_210" HPOS="668" VPOS="732" WIDTH="88" HEIGHT="18" WC="0.93" CONTENT="afseende"/><SP WIDTH="13" VPOS="732" HPOS="756"/>
							<String ID="string_211" HPOS="769" VPOS="733" WIDTH="12" HEIGHT="16" WC="0.88" CONTENT="å"/><SP WIDTH="12" VPOS="733" HPOS="781"/>
							<String ID="string_212" HPOS="793" VPOS="732" WIDTH="75" HEIGHT="18" WC="0.92" CONTENT="afsändt"/><SP WIDTH="11" VPOS="732" HPOS="868"/>
							<String ID="string_213" HPOS="879" VPOS="732" WIDTH="51" HEIGHT="23" WC="0.96" CONTENT="gods."/><SP WIDTH="24" VPOS="732" HPOS="930"/>
							<String ID="string_214" HPOS="954" VPOS="733" WIDTH="29" HEIGHT="17" WC="0.96" CONTENT="Då"/>
						</TextLine>
						<TextLine ID="line_22" HPOS="223" VPOS="761" WIDTH="759" HEIGHT="22">
							<String ID="string_215" HPOS="223" VPOS="761" WIDTH="29" HEIGHT="17" WC="0.96" CONTENT="för"/><SP WIDTH="20" VPOS="761" HPOS="252"/>
							<String ID="string_216" HPOS="272" VPOS="761" WIDTH="55" HEIGHT="17" WC="0.96" CONTENT="dessa"/><SP WIDTH="18" VPOS="761" HPOS="327"/>
							<String ID="string_217" HPOS="345" VPOS="766" WIDTH="54" HEIGHT="12" WC="0.96" CONTENT="varor"/><SP WIDTH="13" VPOS="766" HPOS="399"/>
							<String ID="string_218" HPOS="412" VPOS="761" WIDTH="34" HEIGHT="18" WC="0.96" CONTENT="och"/><SP WIDTH="13" VPOS="761" HPOS="446"/>
							<String ID="string_219" HPOS="459" VPOS="761" WIDTH="29" HEIGHT="18" WC="0.96" CONTENT="för"/><SP WIDTH="13" VPOS="761" HPOS="488"/>
							<String ID="string_220" HPOS="501" VPOS="761" WIDTH="80" HEIGHT="22" WC="0.96" CONTENT="Högfors"/><SP WIDTH="13" VPOS="761" HPOS="581"/>
							<String ID="string_221" HPOS="594" VPOS="761" WIDTH="58" HEIGHT="18" WC="0.93" CONTENT="bruks"/><SP WIDTH="12" VPOS="761" HPOS="652"/>
							<String ID="string_222" HPOS="664" VPOS="761" WIDTH="89" HEIGHT="18" WC="0.91" CONTENT="råämnen"/><SP WIDTH="14" VPOS="761" HPOS="753"/>
							<String ID="string_223" HPOS="767" VPOS="767" WIDTH="25" HEIGHT="12" WC="0.96" CONTENT="nu"/><SP WIDTH="13" VPOS="767" HPOS="792"/>
							<String ID="string_224" HPOS="805" VPOS="763" WIDTH="21" HEIGHT="16" WC="0.96" CONTENT="är"/><SP WIDTH="12" VPOS="763" HPOS="826"/>
							<String ID="string_225" HPOS="838" VPOS="761" WIDTH="27" HEIGHT="21" WC="0.96" CONTENT="8,3"/><SP WIDTH="14" VPOS="761" HPOS="865"/>
							<String ID="string_226" HPOS="879" VPOS="761" WIDTH="41" HEIGHT="18" WC="0.93" CONTENT="mils"/><SP WIDTH="10" VPOS="761" HPOS="920"/>
							<String ID="string_227" HPOS="930" VPOS="761" WIDTH="52" HEIGHT="22" WC="0.92" CONTENT="jern-"/>
						</TextLine>
						<TextLine ID="line_23" HPOS="222" VPOS="789" WIDTH="760" HEIGHT="23">
							<String ID="string_228" HPOS="222" VPOS="791" WIDTH="36" HEIGHT="20" WC="0.96" CONTENT="väg"/><SP WIDTH="19" VPOS="791" HPOS="258"/>
							<String ID="string_229" HPOS="277" VPOS="790" WIDTH="28" HEIGHT="17" WC="0.96" CONTENT="till"/><SP WIDTH="19" VPOS="790" HPOS="305"/>
							<String ID="string_230" HPOS="324" VPOS="789" WIDTH="124" HEIGHT="23" WC="0.95" CONTENT="Helsingfors,"/><SP WIDTH="18" VPOS="789" HPOS="448"/>
							<String ID="string_231" HPOS="466" VPOS="790" WIDTH="61" HEIGHT="17" WC="0.95" CONTENT="skulle"/><SP WIDTH="16" VPOS="790" HPOS="527"/>
							<String ID="string_232" HPOS="543" VPOS="790" WIDTH="22" HEIGHT="17" WC="0.96" CONTENT="de"/><SP WIDTH="18" VPOS="790" HPOS="565"/>
							<String ID="string_233" HPOS="583" VPOS="789" WIDTH="41" HEIGHT="18" WC="0.93" CONTENT="från"/><SP WIDTH="12" VPOS="789" HPOS="624"/>
							<String ID="string_234" HPOS="636" VPOS="790" WIDTH="99" HEIGHT="17" WC="0.91" CONTENT="Nummela"/><SP WIDTH="12" VPOS="790" HPOS="735"/>
							<String ID="string_235" HPOS="747" VPOS="790" WIDTH="53" HEIGHT="22" WC="0.91" CONTENT="längs"/><SP WIDTH="12" VPOS="790" HPOS="800"/>
							<String ID="string_236" HPOS="812" VPOS="789" WIDTH="99" HEIGHT="18" WC="0.91" CONTENT="Nummela"/><SP WIDTH="11" VPOS="789" HPOS="911"/>
							<String ID="string_237" HPOS="922" VPOS="789" WIDTH="60" HEIGHT="18" WC="0.96" CONTENT="banan"/>
						</TextLine>
						<TextLine ID="line_24" HPOS="223" VPOS="818" WIDTH="227" HEIGHT="21">
							<String ID="string_238" HPOS="223" VPOS="818" WIDTH="57" HEIGHT="17" WC="0.96" CONTENT="hafva"/><SP WIDTH="13" VPOS="818" HPOS="280"/>
							<String ID="string_239" HPOS="293" VPOS="818" WIDTH="65" HEIGHT="17" WC="0.96" CONTENT="endast"/><SP WIDTH="12" VPOS="818" HPOS="358"/>
							<String ID="string_240" HPOS="370" VPOS="819" WIDTH="28" HEIGHT="20" WC="0.96" CONTENT="4,5"/><SP WIDTH="13" VPOS="819" HPOS="398"/>
							<String ID="string_241" HPOS="411" VPOS="818" WIDTH="39" HEIGHT="18" WC="0.92" CONTENT="mil."/>
						</TextLine>
					</TextBlock>
					<TextBlock ID="block_3" HPOS="222" VPOS="847" WIDTH="762" HEIGHT="280">
						<TextLine ID="line_25" HPOS="294" VPOS="847" WIDTH="688" HEIGHT="22">
							<String ID="string_242" HPOS="294" VPOS="847" WIDTH="82" HEIGHT="17" WC="0.90" CONTENT="Wattola"/><SP WIDTH="18" VPOS="847" HPOS="376"/>
							<String ID="string_243" HPOS="394" VPOS="847" WIDTH="95" HEIGHT="22" WC="0.90" CONTENT="träsliperi"/><SP WIDTH="20" VPOS="847" HPOS="489"/>
							<String ID="string_244" HPOS="509" VPOS="849" WIDTH="22" HEIGHT="15" WC="0.93" CONTENT="är"/><SP WIDTH="18" VPOS="849" HPOS="531"/>
							<String ID="string_245" HPOS="549" VPOS="847" WIDTH="76" HEIGHT="22" WC="0.90" CONTENT="anlagdt"/><SP WIDTH="15" VPOS="847" HPOS="625"/>
							<String ID="string_246" HPOS="640" VPOS="847" WIDTH="32" HEIGHT="17" WC="0.93" CONTENT="vid"/><SP WIDTH="12" VPOS="847" HPOS="672"/>
							<String ID="string_247" HPOS="684" VPOS="847" WIDTH="74" HEIGHT="17" WC="0.91" CONTENT="Nahkio"/><SP WIDTH="13" VPOS="847" HPOS="758"/>
							<String ID="string_248" HPOS="771" VPOS="847" WIDTH="37" HEIGHT="17" WC="0.96" CONTENT="fors"/><SP WIDTH="13" VPOS="847" HPOS="808"/>
							<String ID="string_249" HPOS="821" VPOS="847" WIDTH="57" HEIGHT="22" WC="0.92" CONTENT="något"/><SP WIDTH="13" VPOS="847" HPOS="878"/>
							<String ID="string_250" HPOS="891" VPOS="847" WIDTH="91" HEIGHT="17" WC="0.91" CONTENT="nedanom"/>
						</TextLine>
						<TextLine ID="line_26" HPOS="223" VPOS="875" WIDTH="759" HEIGHT="23">
							<String ID="string_251" HPOS="223" VPOS="875" WIDTH="82" HEIGHT="22" WC="0.93" CONTENT="Högfors"/><SP WIDTH="15" VPOS="875" HPOS="305"/>
							<String ID="string_252" HPOS="320" VPOS="875" WIDTH="98" HEIGHT="23" WC="0.89" CONTENT="jernbruk."/><SP WIDTH="25" VPOS="875" HPOS="418"/>
							<String ID="string_253" HPOS="443" VPOS="875" WIDTH="36" HEIGHT="18" WC="0.96" CONTENT="Det"/><SP WIDTH="18" VPOS="875" HPOS="479"/>
							<String ID="string_254" HPOS="497" VPOS="875" WIDTH="94" HEIGHT="23" WC="0.96" CONTENT="begagnar"/><SP WIDTH="18" VPOS="875" HPOS="591"/>
							<String ID="string_255" HPOS="609" VPOS="876" WIDTH="29" HEIGHT="21" WC="0.96" CONTENT="sig"/><SP WIDTH="15" VPOS="876" HPOS="638"/>
							<String ID="string_256" HPOS="653" VPOS="875" WIDTH="20" HEIGHT="18" WC="0.96" CONTENT="af"/><SP WIDTH="16" VPOS="875" HPOS="673"/>
							<String ID="string_257" HPOS="689" VPOS="875" WIDTH="114" HEIGHT="18" WC="0.96" CONTENT="vattenkraft"/><SP WIDTH="18" VPOS="875" HPOS="803"/>
							<String ID="string_258" HPOS="821" VPOS="875" WIDTH="34" HEIGHT="18" WC="0.97" CONTENT="och"/><SP WIDTH="16" VPOS="875" HPOS="855"/>
							<String ID="string_259" HPOS="871" VPOS="875" WIDTH="34" HEIGHT="17" WC="0.96" CONTENT="har"/><SP WIDTH="12" VPOS="875" HPOS="905"/>
							<String ID="string_260" HPOS="917" VPOS="881" WIDTH="23" HEIGHT="12" WC="0.96" CONTENT="en"/><SP WIDTH="12" VPOS="881" HPOS="940"/>
							<String ID="string_261" HPOS="952" VPOS="875" WIDTH="30" HEIGHT="17" WC="0.96" CONTENT="rik"/>
						</TextLine>
						<TextLine ID="line_27" HPOS="222" VPOS="903" WIDTH="758" HEIGHT="24">
							<String ID="string_262" HPOS="222" VPOS="905" WIDTH="80" HEIGHT="22" WC="0.96" CONTENT="tillgång"/><SP WIDTH="24" VPOS="905" HPOS="302"/>
							<String ID="string_263" HPOS="326" VPOS="905" WIDTH="24" HEIGHT="22" WC="0.96" CONTENT="på"/><SP WIDTH="24" VPOS="905" HPOS="350"/>
							<String ID="string_264" HPOS="374" VPOS="904" WIDTH="70" HEIGHT="17" WC="0.94" CONTENT="råvara."/><SP WIDTH="31" VPOS="904" HPOS="444"/>
							<String ID="string_265" HPOS="475" VPOS="904" WIDTH="7" HEIGHT="17" WC="0.95" CONTENT="I"/><SP WIDTH="26" VPOS="904" HPOS="482"/>
							<String ID="string_266" HPOS="508" VPOS="904" WIDTH="89" HEIGHT="18" WC="0.95" CONTENT="händelse"/><SP WIDTH="27" VPOS="904" HPOS="597"/>
							<String ID="string_267" HPOS="624" VPOS="904" WIDTH="143" HEIGHT="18" WC="0.95" CONTENT="förhållandena"/><SP WIDTH="18" VPOS="904" HPOS="767"/>
							<String ID="string_268" HPOS="785" VPOS="904" WIDTH="98" HEIGHT="17" WC="0.93" CONTENT="förändras"/><SP WIDTH="20" VPOS="904" HPOS="883"/>
							<String ID="string_269" HPOS="903" VPOS="903" WIDTH="77" HEIGHT="22" WC="0.92" CONTENT="derhän,"/>
						</TextLine>
						<TextLine ID="line_28" HPOS="223" VPOS="932" WIDTH="760" HEIGHT="23">
							<String ID="string_270" HPOS="223" VPOS="935" WIDTH="28" HEIGHT="15" WC="0.96" CONTENT="att"/><SP WIDTH="13" VPOS="935" HPOS="251"/>
							<String ID="string_271" HPOS="264" VPOS="933" WIDTH="37" HEIGHT="18" WC="0.97" CONTENT="den"/><SP WIDTH="14" VPOS="933" HPOS="301"/>
							<String ID="string_272" HPOS="315" VPOS="933" WIDTH="101" HEIGHT="17" WC="0.96" CONTENT="utländska"/><SP WIDTH="15" VPOS="933" HPOS="416"/>
							<String ID="string_273" HPOS="431" VPOS="933" WIDTH="114" HEIGHT="17" WC="0.96" CONTENT="marknaden"/><SP WIDTH="13" VPOS="933" HPOS="545"/>
							<String ID="string_274" HPOS="558" VPOS="933" WIDTH="66" HEIGHT="17" WC="0.96" CONTENT="ställer"/><SP WIDTH="16" VPOS="933" HPOS="624"/>
							<String ID="string_275" HPOS="640" VPOS="933" WIDTH="28" HEIGHT="22" WC="0.96" CONTENT="sig"/><SP WIDTH="12" VPOS="933" HPOS="668"/>
							<String ID="string_276" HPOS="680" VPOS="933" WIDTH="152" HEIGHT="22" WC="0.96" CONTENT="fördelaktigare,"/><SP WIDTH="14" VPOS="933" HPOS="832"/>
							<String ID="string_277" HPOS="846" VPOS="933" WIDTH="60" HEIGHT="17" WC="0.95" CONTENT="såsom"/><SP WIDTH="14" VPOS="933" HPOS="906"/>
							<String ID="string_278" HPOS="920" VPOS="932" WIDTH="63" HEIGHT="22" WC="0.95" CONTENT="troligt"/>
						</TextLine>
						<TextLine ID="line_29" HPOS="223" VPOS="961" WIDTH="760" HEIGHT="23">
							<String ID="string_279" HPOS="223" VPOS="963" WIDTH="26" HEIGHT="20" WC="0.96" CONTENT="är,"/><SP WIDTH="20" VPOS="963" HPOS="249"/>
							<String ID="string_280" HPOS="269" VPOS="962" WIDTH="21" HEIGHT="17" WC="0.95" CONTENT="så"/><SP WIDTH="18" VPOS="962" HPOS="290"/>
							<String ID="string_281" HPOS="308" VPOS="961" WIDTH="60" HEIGHT="18" WC="0.95" CONTENT="skulle"/><SP WIDTH="20" VPOS="961" HPOS="368"/>
							<String ID="string_282" HPOS="388" VPOS="961" WIDTH="53" HEIGHT="18" WC="0.96" CONTENT="äfven"/><SP WIDTH="21" VPOS="961" HPOS="441"/>
							<String ID="string_283" HPOS="462" VPOS="961" WIDTH="61" HEIGHT="18" WC="0.93" CONTENT="denna"/><SP WIDTH="19" VPOS="961" HPOS="523"/>
							<String ID="string_284" HPOS="542" VPOS="962" WIDTH="177" HEIGHT="22" WC="0.91" CONTENT="fabriksinrättning"/><SP WIDTH="18" VPOS="962" HPOS="719"/>
							<String ID="string_285" HPOS="737" VPOS="961" WIDTH="74" HEIGHT="18" WC="0.96" CONTENT="komma"/><SP WIDTH="19" VPOS="961" HPOS="811"/>
							<String ID="string_286" HPOS="830" VPOS="963" WIDTH="27" HEIGHT="16" WC="0.96" CONTENT="att"/><SP WIDTH="12" VPOS="963" HPOS="857"/>
							<String ID="string_287" HPOS="869" VPOS="961" WIDTH="42" HEIGHT="17" WC="0.96" CONTENT="med"/><SP WIDTH="13" VPOS="961" HPOS="911"/>
							<String ID="string_288" HPOS="924" VPOS="963" WIDTH="59" HEIGHT="16" WC="0.96" CONTENT="större"/>
						</TextLine>
						<TextLine ID="line_30" HPOS="222" VPOS="989" WIDTH="761" HEIGHT="24">
							<String ID="string_289" HPOS="222" VPOS="990" WIDTH="63" HEIGHT="18" WC="0.96" CONTENT="fördel"/><SP WIDTH="19" VPOS="990" HPOS="285"/>
							<String ID="string_290" HPOS="304" VPOS="990" WIDTH="84" HEIGHT="23" WC="0.96" CONTENT="begagna"/><SP WIDTH="18" VPOS="990" HPOS="388"/>
							<String ID="string_291" HPOS="406" VPOS="991" WIDTH="28" HEIGHT="22" WC="0.96" CONTENT="sig"/><SP WIDTH="13" VPOS="991" HPOS="434"/>
							<String ID="string_292" HPOS="447" VPOS="990" WIDTH="20" HEIGHT="17" WC="0.92" CONTENT="af"/><SP WIDTH="10" VPOS="990" HPOS="467"/>
							<String ID="string_293" HPOS="477" VPOS="991" WIDTH="167" HEIGHT="20" WC="0.91" CONTENT="Nummelabanan,"/><SP WIDTH="12" VPOS="991" HPOS="644"/>
							<String ID="string_294" HPOS="656" VPOS="990" WIDTH="109" HEIGHT="23" WC="0.91" CONTENT="isynnerhet"/><SP WIDTH="13" VPOS="990" HPOS="765"/>
							<String ID="string_295" HPOS="778" VPOS="995" WIDTH="38" HEIGHT="12" WC="0.96" CONTENT="som"/><SP WIDTH="13" VPOS="995" HPOS="816"/>
							<String ID="string_296" HPOS="829" VPOS="990" WIDTH="113" HEIGHT="22" WC="0.96" CONTENT="landsvägen"/><SP WIDTH="13" VPOS="990" HPOS="942"/>
							<String ID="string_297" HPOS="955" VPOS="989" WIDTH="28" HEIGHT="18" WC="0.96" CONTENT="till"/>
						</TextLine>
						<TextLine ID="line_31" HPOS="223" VPOS="1019" WIDTH="760" HEIGHT="22">
							<String ID="string_298" HPOS="223" VPOS="1019" WIDTH="69" HEIGHT="17" WC="0.96" CONTENT="nämda"/><SP WIDTH="9" VPOS="1019" HPOS="292"/>
							<String ID="string_299" HPOS="301" VPOS="1021" WIDTH="29" HEIGHT="15" WC="0.95" CONTENT="ort"/><SP WIDTH="8" VPOS="1021" HPOS="330"/>
							<String ID="string_300" HPOS="338" VPOS="1019" WIDTH="36" HEIGHT="17" WC="0.96" CONTENT="kan"/><SP WIDTH="11" VPOS="1019" HPOS="374"/>
							<String ID="string_301" HPOS="385" VPOS="1019" WIDTH="94" HEIGHT="17" WC="0.96" CONTENT="förkortas"/><SP WIDTH="13" VPOS="1019" HPOS="479"/>
							<String ID="string_302" HPOS="492" VPOS="1019" WIDTH="42" HEIGHT="18" WC="0.95" CONTENT="med"/><SP WIDTH="13" VPOS="1019" HPOS="534"/>
							<String ID="string_303" HPOS="547" VPOS="1019" WIDTH="9" HEIGHT="18" WC="0.95" CONTENT="7"/><SP WIDTH="14" VPOS="1019" HPOS="556"/>
							<String ID="string_304" HPOS="570" VPOS="1019" WIDTH="101" HEIGHT="18" WC="0.96" CONTENT="kilometer"/><SP WIDTH="12" VPOS="1019" HPOS="671"/>
							<String ID="string_305" HPOS="683" VPOS="1019" WIDTH="53" HEIGHT="22" WC="0.96" CONTENT="längs"/><SP WIDTH="10" VPOS="1019" HPOS="736"/>
							<String ID="string_306" HPOS="746" VPOS="1024" WIDTH="23" HEIGHT="12" WC="0.93" CONTENT="en"/><SP WIDTH="14" VPOS="1024" HPOS="769"/>
							<String ID="string_307" HPOS="783" VPOS="1019" WIDTH="44" HEIGHT="22" WC="0.92" CONTENT="bya-"/><SP WIDTH="13" VPOS="1019" HPOS="827"/>
							<String ID="string_308" HPOS="840" VPOS="1019" WIDTH="35" HEIGHT="17" WC="0.96" CONTENT="och"/><SP WIDTH="8" VPOS="1019" HPOS="875"/>
							<String ID="string_309" HPOS="883" VPOS="1019" WIDTH="100" HEIGHT="22" WC="0.86" CONTENT="vinterväg,"/>
						</TextLine>
						<TextLine ID="line_32" HPOS="223" VPOS="1047" WIDTH="761" HEIGHT="23">
							<String ID="string_310" HPOS="223" VPOS="1048" WIDTH="28" HEIGHT="17" WC="0.95" CONTENT="De"/><SP WIDTH="14" VPOS="1048" HPOS="251"/>
							<String ID="string_311" HPOS="265" VPOS="1047" WIDTH="59" HEIGHT="23" WC="0.93" CONTENT="årliga"/><SP WIDTH="11" VPOS="1047" HPOS="324"/>
							<String ID="string_312" HPOS="335" VPOS="1047" WIDTH="186" HEIGHT="23" WC="0.91" CONTENT="jernvägsfrakterna"/><SP WIDTH="12" VPOS="1047" HPOS="521"/>
							<String ID="string_313" HPOS="533" VPOS="1047" WIDTH="42" HEIGHT="18" WC="0.93" CONTENT="från"/><SP WIDTH="8" VPOS="1047" HPOS="575"/>
							<String ID="string_314" HPOS="583" VPOS="1047" WIDTH="76" HEIGHT="18" WC="0.92" CONTENT="Vattola"/><SP WIDTH="9" VPOS="1047" HPOS="659"/>
							<String ID="string_315" HPOS="668" VPOS="1047" WIDTH="54" HEIGHT="18" WC="0.93" CONTENT="hafva"/><SP WIDTH="10" VPOS="1047" HPOS="722"/>
							<String ID="string_316" HPOS="732" VPOS="1047" WIDTH="103" HEIGHT="23" WC="0.92" CONTENT="uppgifvits"/><SP WIDTH="10" VPOS="1047" HPOS="835"/>
							<String ID="string_317" HPOS="845" VPOS="1049" WIDTH="68" HEIGHT="20" WC="0.91" CONTENT="utgöra"/><SP WIDTH="9" VPOS="1049" HPOS="913"/>
							<String ID="string_318" HPOS="922" VPOS="1047" WIDTH="62" HEIGHT="21" WC="0.91" CONTENT="15,000"/>
						</TextLine>
						<TextLine ID="line_33" HPOS="223" VPOS="1075" WIDTH="760" HEIGHT="23">
							<String ID="string_319" HPOS="223" VPOS="1076" WIDTH="36" HEIGHT="21" WC="0.96" CONTENT="mk,"/><SP WIDTH="17" VPOS="1076" HPOS="259"/>
							<String ID="string_320" HPOS="276" VPOS="1077" WIDTH="34" HEIGHT="16" WC="0.96" CONTENT="och"/><SP WIDTH="15" VPOS="1077" HPOS="310"/>
							<String ID="string_321" HPOS="325" VPOS="1076" WIDTH="79" HEIGHT="22" WC="0.96" CONTENT="Högfors"/><SP WIDTH="13" VPOS="1076" HPOS="404"/>
							<String ID="string_322" HPOS="417" VPOS="1076" WIDTH="57" HEIGHT="17" WC="0.93" CONTENT="bruks"/><SP WIDTH="15" VPOS="1076" HPOS="474"/>
							<String ID="string_323" HPOS="489" VPOS="1076" WIDTH="72" HEIGHT="18" WC="0.93" CONTENT="frakter"/><SP WIDTH="12" VPOS="1076" HPOS="561"/>
							<String ID="string_324" HPOS="573" VPOS="1076" WIDTH="28" HEIGHT="17" WC="0.93" CONTENT="till"/><SP WIDTH="13" VPOS="1076" HPOS="601"/>
							<String ID="string_325" HPOS="614" VPOS="1077" WIDTH="63" HEIGHT="20" WC="0.93" CONTENT="30,000"/><SP WIDTH="12" VPOS="1077" HPOS="677"/>
							<String ID="string_326" HPOS="689" VPOS="1076" WIDTH="37" HEIGHT="17" WC="0.93" CONTENT="mk."/><SP WIDTH="24" VPOS="1076" HPOS="726"/>
							<String ID="string_327" HPOS="750" VPOS="1075" WIDTH="119" HEIGHT="18" WC="0.88" CONTENT="Sistnämnde"/><SP WIDTH="14" VPOS="1075" HPOS="869"/>
							<String ID="string_328" HPOS="883" VPOS="1075" WIDTH="57" HEIGHT="18" WC="0.93" CONTENT="bruks"/><SP WIDTH="13" VPOS="1075" HPOS="940"/>
							<String ID="string_329" HPOS="953" VPOS="1080" WIDTH="30" HEIGHT="13" WC="0.92" CONTENT="va-"/>
						</TextLine>
						<TextLine ID="line_34" HPOS="224" VPOS="1105" WIDTH="518" HEIGHT="22">
							<String ID="string_330" HPOS="224" VPOS="1110" WIDTH="30" HEIGHT="12" WC="0.96" CONTENT="ror"/><SP WIDTH="14" VPOS="1110" HPOS="254"/>
							<String ID="string_331" HPOS="268" VPOS="1105" WIDTH="24" HEIGHT="22" WC="0.95" CONTENT="gå"/><SP WIDTH="12" VPOS="1105" HPOS="292"/>
							<String ID="string_332" HPOS="304" VPOS="1105" WIDTH="118" HEIGHT="22" WC="0.96" CONTENT="naturligtvis"/><SP WIDTH="12" VPOS="1105" HPOS="422"/>
							<String ID="string_333" HPOS="434" VPOS="1105" WIDTH="57" HEIGHT="17" WC="0.96" CONTENT="likväl"/><SP WIDTH="14" VPOS="1105" HPOS="491"/>
							<String ID="string_334" HPOS="505" VPOS="1105" WIDTH="16" HEIGHT="22" WC="0.96" CONTENT="ej"/><SP WIDTH="14" VPOS="1105" HPOS="521"/>
							<String ID="string_335" HPOS="535" VPOS="1105" WIDTH="38" HEIGHT="17" WC="0.95" CONTENT="alla"/><SP WIDTH="11" VPOS="1105" HPOS="573"/>
							<String ID="string_336" HPOS="584" VPOS="1105" WIDTH="29" HEIGHT="17" WC="0.93" CONTENT="till"/><SP WIDTH="13" VPOS="1105" HPOS="613"/>
							<String ID="string_337" HPOS="626" VPOS="1105" WIDTH="116" HEIGHT="22" WC="0.91" CONTENT="Helsingors."/>
						</TextLine>
					</TextBlock>
					<TextBlock ID="block_4" HPOS="221" VPOS="1132" WIDTH="763" HEIGHT="167">
						<TextLine ID="line_35" HPOS="294" VPOS="1132" WIDTH="690" HEIGHT="23">
							<String ID="string_338" HPOS="294" VPOS="1133" WIDTH="28" HEIGHT="18" WC="0.96" CONTENT="De"/><SP WIDTH="19" VPOS="1133" HPOS="322"/>
							<String ID="string_339" HPOS="341" VPOS="1133" WIDTH="49" HEIGHT="18" WC="0.93" CONTENT="båda"/><SP WIDTH="12" VPOS="1133" HPOS="390"/>
							<String ID="string_340" HPOS="402" VPOS="1133" WIDTH="113" HEIGHT="22" WC="0.92" CONTENT="glasbruken"/><SP WIDTH="13" VPOS="1133" HPOS="515"/>
							<String ID="string_341" HPOS="528" VPOS="1133" WIDTH="55" HEIGHT="17" WC="0.96" CONTENT="hafva"/><SP WIDTH="12" VPOS="1133" HPOS="583"/>
							<String ID="string_342" HPOS="595" VPOS="1133" WIDTH="60" HEIGHT="18" WC="0.96" CONTENT="hittils"/><SP WIDTH="13" VPOS="1133" HPOS="655"/>
							<String ID="string_343" HPOS="668" VPOS="1133" WIDTH="29" HEIGHT="17" WC="0.96" CONTENT="för"/><SP WIDTH="13" VPOS="1133" HPOS="697"/>
							<String ID="string_344" HPOS="710" VPOS="1133" WIDTH="32" HEIGHT="18" WC="0.96" CONTENT="det"/><SP WIDTH="12" VPOS="1133" HPOS="742"/>
							<String ID="string_345" HPOS="754" VPOS="1135" WIDTH="58" HEIGHT="15" WC="0.93" CONTENT="mesta"/><SP WIDTH="13" VPOS="1135" HPOS="812"/>
							<String ID="string_346" HPOS="825" VPOS="1132" WIDTH="84" HEIGHT="23" WC="0.92" CONTENT="betjenat"/><SP WIDTH="13" VPOS="1132" HPOS="909"/>
							<String ID="string_347" HPOS="922" VPOS="1132" WIDTH="28" HEIGHT="23" WC="0.96" CONTENT="sig"/><SP WIDTH="13" VPOS="1132" HPOS="950"/>
							<String ID="string_348" HPOS="963" VPOS="1132" WIDTH="21" HEIGHT="17" WC="0.93" CONTENT="af"/>
						</TextLine>
						<TextLine ID="line_36" HPOS="223" VPOS="1161" WIDTH="756" HEIGHT="23">
							<String ID="string_349" HPOS="223" VPOS="1163" WIDTH="140" HEIGHT="21" WC="0.96" CONTENT="hästtransport"/><SP WIDTH="13" VPOS="1163" HPOS="363"/>
							<String ID="string_350" HPOS="376" VPOS="1162" WIDTH="49" HEIGHT="17" WC="0.96" CONTENT="ända"/><SP WIDTH="12" VPOS="1162" HPOS="425"/>
							<String ID="string_351" HPOS="437" VPOS="1162" WIDTH="46" HEIGHT="17" WC="0.96" CONTENT="fram"/><SP WIDTH="13" VPOS="1162" HPOS="483"/>
							<String ID="string_352" HPOS="496" VPOS="1162" WIDTH="28" HEIGHT="17" WC="0.96" CONTENT="till"/><SP WIDTH="14" VPOS="1162" HPOS="524"/>
							<String ID="string_353" HPOS="538" VPOS="1162" WIDTH="118" HEIGHT="22" WC="0.96" CONTENT="Helsingfors"/><SP WIDTH="14" VPOS="1162" HPOS="656"/>
							<String ID="string_354" HPOS="670" VPOS="1164" WIDTH="47" HEIGHT="15" WC="0.96" CONTENT="samt"/><SP WIDTH="12" VPOS="1164" HPOS="717"/>
							<String ID="string_355" HPOS="729" VPOS="1162" WIDTH="72" HEIGHT="17" WC="0.96" CONTENT="kunnat"/><SP WIDTH="12" VPOS="1162" HPOS="801"/>
							<String ID="string_356" HPOS="813" VPOS="1161" WIDTH="66" HEIGHT="18" WC="0.96" CONTENT="endast"/><SP WIDTH="12" VPOS="1161" HPOS="879"/>
							<String ID="string_357" HPOS="891" VPOS="1161" WIDTH="7" HEIGHT="17" WC="0.96" CONTENT="i"/><SP WIDTH="10" VPOS="1161" HPOS="898"/>
							<String ID="string_358" HPOS="908" VPOS="1161" WIDTH="71" HEIGHT="18" WC="0.95" CONTENT="mindre"/>
						</TextLine>
						<TextLine ID="line_37" HPOS="223" VPOS="1190" WIDTH="758" HEIGHT="23">
							<String ID="string_359" HPOS="223" VPOS="1191" WIDTH="42" HEIGHT="17" WC="0.95" CONTENT="mån"/><SP WIDTH="15" VPOS="1191" HPOS="265"/>
							<String ID="string_360" HPOS="280" VPOS="1190" WIDTH="84" HEIGHT="18" WC="0.93" CONTENT="använda"/><SP WIDTH="11" VPOS="1190" HPOS="364"/>
							<String ID="string_361" HPOS="375" VPOS="1191" WIDTH="108" HEIGHT="22" WC="0.92" CONTENT="jernvägen."/><SP WIDTH="25" VPOS="1191" HPOS="483"/>
							<String ID="string_362" HPOS="508" VPOS="1191" WIDTH="27" HEIGHT="17" WC="0.96" CONTENT="De"/><SP WIDTH="12" VPOS="1191" HPOS="535"/>
							<String ID="string_363" HPOS="547" VPOS="1193" WIDTH="29" HEIGHT="15" WC="0.96" CONTENT="tre"/><SP WIDTH="13" VPOS="1193" HPOS="576"/>
							<String ID="string_364" HPOS="589" VPOS="1191" WIDTH="68" HEIGHT="17" WC="0.93" CONTENT="nämda"/><SP WIDTH="13" VPOS="1191" HPOS="657"/>
							<String ID="string_365" HPOS="670" VPOS="1191" WIDTH="117" HEIGHT="17" WC="0.91" CONTENT="fabrikernas"/><SP WIDTH="13" VPOS="1191" HPOS="787"/>
							<String ID="string_366" HPOS="800" VPOS="1190" WIDTH="106" HEIGHT="23" WC="0.93" CONTENT="betydande"/><SP WIDTH="15" VPOS="1190" HPOS="906"/>
							<String ID="string_367" HPOS="921" VPOS="1193" WIDTH="60" HEIGHT="14" WC="0.91" CONTENT="trans-"/>
						</TextLine>
						<TextLine ID="line_38" HPOS="223" VPOS="1218" WIDTH="759" HEIGHT="24">
							<String ID="string_368" HPOS="223" VPOS="1221" WIDTH="44" HEIGHT="21" WC="0.96" CONTENT="port"/><SP WIDTH="13" VPOS="1221" HPOS="267"/>
							<String ID="string_369" HPOS="280" VPOS="1219" WIDTH="20" HEIGHT="17" WC="0.95" CONTENT="af"/><SP WIDTH="10" VPOS="1219" HPOS="300"/>
							<String ID="string_370" HPOS="310" VPOS="1219" WIDTH="45" HEIGHT="22" WC="0.95" CONTENT="gods"/><SP WIDTH="14" VPOS="1219" HPOS="355"/>
							<String ID="string_371" HPOS="369" VPOS="1219" WIDTH="34" HEIGHT="17" WC="0.93" CONTENT="och"/><SP WIDTH="13" VPOS="1219" HPOS="403"/>
							<String ID="string_372" HPOS="416" VPOS="1220" WIDTH="89" HEIGHT="17" WC="0.90" CONTENT="råämnen"/><SP WIDTH="13" VPOS="1220" HPOS="505"/>
							<String ID="string_373" HPOS="518" VPOS="1219" WIDTH="59" HEIGHT="18" WC="0.96" CONTENT="skulle"/><SP WIDTH="14" VPOS="1219" HPOS="577"/>
							<String ID="string_374" HPOS="591" VPOS="1219" WIDTH="57" HEIGHT="17" WC="0.96" CONTENT="likväl"/><SP WIDTH="13" VPOS="1219" HPOS="648"/>
							<String ID="string_375" HPOS="661" VPOS="1219" WIDTH="52" HEIGHT="18" WC="0.96" CONTENT="bilda"/><SP WIDTH="13" VPOS="1219" HPOS="713"/>
							<String ID="string_376" HPOS="726" VPOS="1225" WIDTH="22" HEIGHT="12" WC="0.95" CONTENT="en"/><SP WIDTH="14" VPOS="1225" HPOS="748"/>
							<String ID="string_377" HPOS="762" VPOS="1219" WIDTH="55" HEIGHT="18" WC="0.96" CONTENT="säker"/><SP WIDTH="8" VPOS="1219" HPOS="817"/>
							<String ID="string_378" HPOS="825" VPOS="1219" WIDTH="33" HEIGHT="17" WC="0.92" CONTENT="och"/><SP WIDTH="6" VPOS="1219" HPOS="858"/>
							<String ID="string_379" HPOS="864" VPOS="1218" WIDTH="118" HEIGHT="23" WC="0.92" CONTENT="jemförelse-"/>
						</TextLine>
						<TextLine ID="line_39" HPOS="223" VPOS="1247" WIDTH="758" HEIGHT="23">
							<String ID="string_380" HPOS="223" VPOS="1249" WIDTH="28" HEIGHT="16" WC="0.96" CONTENT="vis"/><SP WIDTH="19" VPOS="1249" HPOS="251"/>
							<String ID="string_381" HPOS="270" VPOS="1248" WIDTH="71" HEIGHT="22" WC="0.95" CONTENT="ganska"/><SP WIDTH="17" VPOS="1248" HPOS="341"/>
							<String ID="string_382" HPOS="358" VPOS="1248" WIDTH="37" HEIGHT="22" WC="0.96" CONTENT="god"/><SP WIDTH="19" VPOS="1248" HPOS="395"/>
							<String ID="string_383" HPOS="414" VPOS="1248" WIDTH="81" HEIGHT="17" WC="0.96" CONTENT="inkomst"/><SP WIDTH="17" VPOS="1248" HPOS="495"/>
							<String ID="string_384" HPOS="512" VPOS="1247" WIDTH="29" HEIGHT="18" WC="0.96" CONTENT="för"/><SP WIDTH="19" VPOS="1247" HPOS="541"/>
							<String ID="string_385" HPOS="560" VPOS="1248" WIDTH="36" HEIGHT="17" WC="0.96" CONTENT="den"/><SP WIDTH="16" VPOS="1248" HPOS="596"/>
							<String ID="string_386" HPOS="612" VPOS="1253" WIDTH="36" HEIGHT="17" WC="0.93" CONTENT="nya"/><SP WIDTH="11" VPOS="1253" HPOS="648"/>
							<String ID="string_387" HPOS="659" VPOS="1248" WIDTH="109" HEIGHT="22" WC="0.91" CONTENT="jernvägen,"/><SP WIDTH="13" VPOS="1248" HPOS="768"/>
							<String ID="string_388" HPOS="781" VPOS="1248" WIDTH="68" HEIGHT="17" WC="0.92" CONTENT="hviken"/><SP WIDTH="14" VPOS="1248" HPOS="849"/>
							<String ID="string_389" HPOS="863" VPOS="1247" WIDTH="118" HEIGHT="22" WC="0.96" CONTENT="naturligtvis"/>
						</TextLine>
						<TextLine ID="line_40" HPOS="221" VPOS="1275" WIDTH="497" HEIGHT="24">
							<String ID="string_390" HPOS="221" VPOS="1277" WIDTH="65" HEIGHT="17" WC="0.93" CONTENT="skulle"/><SP WIDTH="13" VPOS="1277" HPOS="286"/>
							<String ID="string_391" HPOS="299" VPOS="1275" WIDTH="98" HEIGHT="23" WC="0.91" CONTENT="mångfullt"/><SP WIDTH="12" VPOS="1275" HPOS="397"/>
							<String ID="string_392" HPOS="409" VPOS="1277" WIDTH="81" HEIGHT="17" WC="0.93" CONTENT="förstora"/><SP WIDTH="12" VPOS="1277" HPOS="490"/>
							<String ID="string_393" HPOS="502" VPOS="1277" WIDTH="83" HEIGHT="17" WC="0.92" CONTENT="brukens"/><SP WIDTH="13" VPOS="1277" HPOS="585"/>
							<String ID="string_394" HPOS="598" VPOS="1277" WIDTH="120" HEIGHT="22" WC="0.96" CONTENT="produktion."/>
						</TextLine>
					</TextBlock>
					<TextBlock ID="block_5" HPOS="222" VPOS="1305" WIDTH="761" HEIGHT="137">
						<TextLine ID="line_41" HPOS="294" VPOS="1305" WIDTH="689" HEIGHT="22">
							<String ID="string_395" HPOS="294" VPOS="1305" WIDTH="8" HEIGHT="17" WC="0.96" CONTENT="I"/><SP WIDTH="13" VPOS="1305" HPOS="302"/>
							<String ID="string_396" HPOS="315" VPOS="1305" WIDTH="77" HEIGHT="21" WC="0.96" CONTENT="Vichtis,"/><SP WIDTH="12" VPOS="1305" HPOS="392"/>
							<String ID="string_397" HPOS="404" VPOS="1305" WIDTH="69" HEIGHT="18" WC="0.96" CONTENT="Pusula"/><SP WIDTH="13" VPOS="1305" HPOS="473"/>
							<String ID="string_398" HPOS="486" VPOS="1305" WIDTH="35" HEIGHT="18" WC="0.96" CONTENT="och"/><SP WIDTH="12" VPOS="1305" HPOS="521"/>
							<String ID="string_399" HPOS="533" VPOS="1305" WIDTH="99" HEIGHT="22" WC="0.96" CONTENT="Pyhäjärvi"/><SP WIDTH="10" VPOS="1305" HPOS="632"/>
							<String ID="string_400" HPOS="642" VPOS="1305" WIDTH="60" HEIGHT="17" WC="0.96" CONTENT="finnas"/><SP WIDTH="7" VPOS="1305" HPOS="702"/>
							<String ID="string_401" HPOS="709" VPOS="1305" WIDTH="58" HEIGHT="22" WC="0.93" CONTENT="några"/><SP WIDTH="8" VPOS="1305" HPOS="767"/>
							<String ID="string_402" HPOS="775" VPOS="1305" WIDTH="124" HEIGHT="22" WC="0.92" CONTENT="vattensågar,"/><SP WIDTH="11" VPOS="1305" HPOS="899"/>
							<String ID="string_403" HPOS="910" VPOS="1305" WIDTH="73" HEIGHT="17" WC="0.95" CONTENT="hvilkas"/>
						</TextLine>
						<TextLine ID="line_42" HPOS="223" VPOS="1333" WIDTH="760" HEIGHT="23">
							<String ID="string_404" HPOS="223" VPOS="1333" WIDTH="104" HEIGHT="22" WC="0.96" CONTENT="produkter"/><SP WIDTH="13" VPOS="1333" HPOS="327"/>
							<String ID="string_405" HPOS="340" VPOS="1334" WIDTH="6" HEIGHT="16" WC="0.96" CONTENT="i"/><SP WIDTH="14" VPOS="1334" HPOS="346"/>
							<String ID="string_406" HPOS="360" VPOS="1334" WIDTH="60" HEIGHT="17" WC="0.96" CONTENT="likhet"/><SP WIDTH="14" VPOS="1334" HPOS="420"/>
							<String ID="string_407" HPOS="434" VPOS="1333" WIDTH="41" HEIGHT="18" WC="0.92" CONTENT="med"/><SP WIDTH="14" VPOS="1333" HPOS="475"/>
							<String ID="string_408" HPOS="489" VPOS="1334" WIDTH="125" HEIGHT="22" WC="0.89" CONTENT="ångsågarnas"/><SP WIDTH="13" VPOS="1334" HPOS="614"/>
							<String ID="string_409" HPOS="627" VPOS="1334" WIDTH="6" HEIGHT="16" WC="0.96" CONTENT="i"/><SP WIDTH="15" VPOS="1334" HPOS="633"/>
							<String ID="string_410" HPOS="648" VPOS="1334" WIDTH="43" HEIGHT="22" WC="0.96" CONTENT="Lojo"/><SP WIDTH="13" VPOS="1334" HPOS="691"/>
							<String ID="string_411" HPOS="704" VPOS="1333" WIDTH="52" HEIGHT="17" WC="0.96" CONTENT="torde"/><SP WIDTH="13" VPOS="1333" HPOS="756"/>
							<String ID="string_412" HPOS="769" VPOS="1333" WIDTH="30" HEIGHT="18" WC="0.96" CONTENT="för"/><SP WIDTH="13" VPOS="1333" HPOS="799"/>
							<String ID="string_413" HPOS="812" VPOS="1334" WIDTH="31" HEIGHT="17" WC="0.96" CONTENT="det"/><SP WIDTH="13" VPOS="1334" HPOS="843"/>
							<String ID="string_414" HPOS="856" VPOS="1336" WIDTH="59" HEIGHT="15" WC="0.96" CONTENT="mesta"/><SP WIDTH="12" VPOS="1336" HPOS="915"/>
							<String ID="string_415" HPOS="927" VPOS="1333" WIDTH="56" HEIGHT="17" WC="0.96" CONTENT="hafva"/>
						</TextLine>
						<TextLine ID="line_43" HPOS="223" VPOS="1361" WIDTH="760" HEIGHT="23">
							<String ID="string_416" HPOS="223" VPOS="1362" WIDTH="40" HEIGHT="22" WC="0.96" CONTENT="gått"/><SP WIDTH="19" VPOS="1362" HPOS="263"/>
							<String ID="string_417" HPOS="282" VPOS="1362" WIDTH="29" HEIGHT="18" WC="0.95" CONTENT="till"/><SP WIDTH="18" VPOS="1362" HPOS="311"/>
							<String ID="string_418" HPOS="329" VPOS="1362" WIDTH="66" HEIGHT="22" WC="0.96" CONTENT="Hangö"/><SP WIDTH="19" VPOS="1362" HPOS="395"/>
							<String ID="string_419" HPOS="414" VPOS="1362" WIDTH="47" HEIGHT="18" WC="0.93" CONTENT="eller"/><SP WIDTH="19" VPOS="1362" HPOS="461"/>
							<String ID="string_420" HPOS="480" VPOS="1362" WIDTH="93" HEIGHT="22" WC="0.91" CONTENT="Lappviks"/><SP WIDTH="19" VPOS="1362" HPOS="573"/>
							<String ID="string_421" HPOS="592" VPOS="1362" WIDTH="83" HEIGHT="21" WC="0.92" CONTENT="hamnar,"/><SP WIDTH="13" VPOS="1362" HPOS="675"/>
							<String ID="string_422" HPOS="688" VPOS="1367" WIDTH="42" HEIGHT="13" WC="0.96" CONTENT="men"/><SP WIDTH="14" VPOS="1367" HPOS="730"/>
							<String ID="string_423" HPOS="744" VPOS="1362" WIDTH="62" HEIGHT="18" WC="0.96" CONTENT="kunde"/><SP WIDTH="13" VPOS="1362" HPOS="806"/>
							<String ID="string_424" HPOS="819" VPOS="1362" WIDTH="6" HEIGHT="17" WC="0.93" CONTENT="i"/><SP WIDTH="13" VPOS="1362" HPOS="825"/>
							<String ID="string_425" HPOS="838" VPOS="1361" WIDTH="96" HEIGHT="18" WC="0.92" CONTENT="förädladt"/><SP WIDTH="12" VPOS="1361" HPOS="934"/>
							<String ID="string_426" HPOS="946" VPOS="1362" WIDTH="37" HEIGHT="17" WC="0.92" CONTENT="till-"/>
						</TextLine>
						<TextLine ID="line_44" HPOS="222" VPOS="1390" WIDTH="761" HEIGHT="23">
							<String ID="string_427" HPOS="222" VPOS="1390" WIDTH="58" HEIGHT="18" WC="0.95" CONTENT="stånd"/><SP WIDTH="24" VPOS="1390" HPOS="280"/>
							<String ID="string_428" HPOS="304" VPOS="1391" WIDTH="45" HEIGHT="17" WC="0.96" CONTENT="söka"/><SP WIDTH="18" VPOS="1391" HPOS="349"/>
							<String ID="string_429" HPOS="367" VPOS="1391" WIDTH="29" HEIGHT="22" WC="0.96" CONTENT="sig"/><SP WIDTH="18" VPOS="1391" HPOS="396"/>
							<String ID="string_430" HPOS="414" VPOS="1390" WIDTH="69" HEIGHT="23" WC="0.96" CONTENT="köpare"/><SP WIDTH="13" VPOS="1390" HPOS="483"/>
							<String ID="string_431" HPOS="496" VPOS="1391" WIDTH="50" HEIGHT="18" WC="0.93" CONTENT="inom"/><SP WIDTH="18" VPOS="1391" HPOS="546"/>
							<String ID="string_432" HPOS="564" VPOS="1390" WIDTH="192" HEIGHT="23" WC="0.92" CONTENT="byggnadsindustrin"/><SP WIDTH="12" VPOS="1390" HPOS="756"/>
							<String ID="string_433" HPOS="768" VPOS="1391" WIDTH="7" HEIGHT="17" WC="0.96" CONTENT="i"/><SP WIDTH="14" VPOS="1391" HPOS="775"/>
							<String ID="string_434" HPOS="789" VPOS="1390" WIDTH="125" HEIGHT="23" WC="0.93" CONTENT="Helsingfors."/><SP WIDTH="25" VPOS="1390" HPOS="914"/>
							<String ID="string_435" HPOS="939" VPOS="1390" WIDTH="44" HEIGHT="18" WC="0.90" CONTENT="Trä-"/>
						</TextLine>
						<TextLine ID="line_45" HPOS="223" VPOS="1416" WIDTH="759" HEIGHT="26">
							<String ID="string_436" HPOS="223" VPOS="1425" WIDTH="81" HEIGHT="12" WC="0.96" CONTENT="varorna"/><SP WIDTH="13" VPOS="1425" HPOS="304"/>
							<String ID="string_437" HPOS="317" VPOS="1419" WIDTH="40" HEIGHT="18" WC="0.92" CONTENT="från"/><SP WIDTH="13" VPOS="1419" HPOS="357"/>
							<String ID="string_438" HPOS="370" VPOS="1419" WIDTH="76" HEIGHT="18" WC="0.91" CONTENT="Somero"/><SP WIDTH="12" VPOS="1419" HPOS="446"/>
							<String ID="string_439" HPOS="458" VPOS="1419" WIDTH="55" HEIGHT="18" WC="0.93" CONTENT="hafva"/><SP WIDTH="15" VPOS="1419" HPOS="513"/>
							<String ID="string_440" HPOS="528" VPOS="1419" WIDTH="47" HEIGHT="18" WC="0.96" CONTENT="förts"/><SP WIDTH="13" VPOS="1419" HPOS="575"/>
							<String ID="string_441" HPOS="588" VPOS="1420" WIDTH="28" HEIGHT="17" WC="0.96" CONTENT="till"/><SP WIDTH="14" VPOS="1420" HPOS="616"/>
							<String ID="string_442" HPOS="630" VPOS="1416" WIDTH="45" HEIGHT="25" WC="0.96" CONTENT="Åbo,"/><SP WIDTH="13" VPOS="1416" HPOS="675"/>
							<String ID="string_443" HPOS="688" VPOS="1420" WIDTH="36" HEIGHT="17" WC="0.96" CONTENT="och"/><SP WIDTH="13" VPOS="1420" HPOS="724"/>
							<String ID="string_444" HPOS="737" VPOS="1419" WIDTH="28" HEIGHT="18" WC="0.96" CONTENT="dit"/><SP WIDTH="12" VPOS="1419" HPOS="765"/>
							<String ID="string_445" HPOS="777" VPOS="1420" WIDTH="73" HEIGHT="17" WC="0.96" CONTENT="komma"/><SP WIDTH="13" VPOS="1420" HPOS="850"/>
							<String ID="string_446" HPOS="863" VPOS="1419" WIDTH="22" HEIGHT="18" WC="0.96" CONTENT="de"/><SP WIDTH="14" VPOS="1419" HPOS="885"/>
							<String ID="string_447" HPOS="899" VPOS="1419" WIDTH="83" HEIGHT="23" WC="0.95" CONTENT="troligen"/>
						</TextLine>
					</TextBlock>
				</ComposedBlock>
				<ComposedBlock ID="cblock_2" HPOS="294" VPOS="1459" WIDTH="281" HEIGHT="18">
					<TextBlock ID="block_6" HPOS="294" VPOS="1459" WIDTH="281" HEIGHT="18">
						<TextLine ID="line_46" HPOS="294" VPOS="1459" WIDTH="281" HEIGHT="18">
							<String ID="string_448" HPOS="294" VPOS="1459" WIDTH="202" HEIGHT="18" WC="0.89" CONTENT="Petitionsbetänkande"/><SP WIDTH="12" VPOS="1459" HPOS="496"/>
							<String ID="string_449" HPOS="508" VPOS="1459" WIDTH="37" HEIGHT="18" WC="0.96" CONTENT="N:o"/><SP WIDTH="12" VPOS="1459" HPOS="545"/>
							<String ID="string_450" HPOS="557" VPOS="1460" WIDTH="18" HEIGHT="17" WC="0.96" CONTENT="2."/>
						</TextLine>
					</TextBlock>
				</ComposedBlock>
			</PrintSpace>
		</Page>
	</Layout>
</alto>
