1070 1795
286 139 231 22 Petitionsbetänkande
534 140 34 21 N:o
583 140 20 21 2.
756 141 39 21 159

133 203 33 21 På
180 203 72 26 grund
268 203 25 21 af
305 203 39 22 det
359 203 97 22 anförda
472 203 23 22 få
511 204 24 21 vi
550 204 120 21 vördsamt
684 203 94 22 föreslå:

274 267 32 19 att
329 265 130 22 Ständerna
482 267 51 20 ville
555 266 10 21 i
587 266 177 28 underdånighet
782 273 43 14 an-

204 300 68 27 hålla,
288 302 32 19 att
334 300 38 27 för
387 301 43 20 den
445 300 104 21 händelse
560 301 74 20 innan
641 302 67 19 nästa
720 301 105 26 landtdag

203 335 103 20 utverkas
329 334 131 21 koncession
483 335 14 20 å
521 335 112 27 byggande
654 334 30 27 af
699 341 27 14 en
743 334 81 21 bibana

202 369 55 26 från
280 369 92 27 lämplig
392 369 75 27 punkt
486 369 14 20 &
519 369 147 28 Björneborgs
676 370 97 26 jernväg
790 369 35 20 till

203 402 88 22 Raumo
317 403 55 27 stad,
402 403 90 21 hvilken
512 403 108 28 jernvägs
642 403 121 27 utförande
786 403 39 21 och

203 437 139 28 förvaltning
365 438 85 20 komme
473 440 32 18 att
525 440 25 25 af
567 440 29 18 etl
611 438 122 27 aktiebolag
749 438 74 27 öfver-

204 473 66 26 tagas,
294 471 36 28 för
352 473 74 20 staten
444 472 105 27 räkning,
565 472 71 21 under
650 471 111 28 förbehåll
776 472 48 21 dem

205 505 112 28 Styrelsen
332 506 78 27 finner
426 507 76 27 nödigt
517 506 141 27 föreskrifva,
675 506 68 21 måtte
753 506 69 27 öfver-

204 542 60 25 tagas
287 540 70 21 aktier
380 541 36 20 till
438 542 30 19 ett
487 541 76 27 belopp
583 541 27 27 af
624 541 109 26 800,000
748 541 75 24 mark;

203 577 59 18 samt

272 611 33 19 att
327 609 129 21 Ständerna
479 610 52 21 ville
549 609 37 28 för
600 609 128 21 ändamålet
742 609 81 21 anvisa

204 644 100 21 nämnda
317 650 90 15 summa
423 644 26 27 af
466 645 109 26 800,000
589 644 70 21 mark.

137 713 67 20 Rabbe
220 713 78 21 Wrede.
517 713 87 22 Lennart
619 713 132 27 Gripenberg.

136 747 20 21 A.
172 747 98 22 Granfelt.
515 748 15 21 J.
545 748 16 21 J.
576 748 133 21 Westerlund.

135 781 34 21 Th.
186 781 102 27 Tallgvist.

136 885 176 22 Undertecknad
335 886 41 21 har
398 885 51 22 icke
472 886 60 27 tagit
547 886 36 21 del
598 886 7 21 i
619 886 165 27 behandlingen
802 886 27 21 af

68 921 26 20 de
117 920 201 27 petitionsförslag,
342 926 50 15 som
414 921 8 20 i
445 920 166 21 ofvanstäende
630 921 142 21 reservation
788 921 36 20 be-

67 956 70 25 röras,
154 955 20 26 ej
189 955 71 21 heller
276 955 24 20 af
313 955 227 26 petitionsförslagen
556 955 41 21 N:o
612 955 20 26 3,
647 955 20 26 4,
683 955 13 20 5
714 955 40 21 och
770 955 19 21 6.

580 1023 20 21 A.
616 1023 24 21 M.
657 1023 99 21 Cronvall.

434 1178 32 21 II

300 1241 141 18 Petitionerna
453 1241 36 18 N:o
501 1241 87 18 11—14.

135 1299 76 21 Ehuru
228 1299 6 21 i
250 1299 42 21 allt
306 1299 143 27 väsendtligt
461 1299 144 22 omfattande
616 1299 130 22 utskottets
757 1299 68 21 fram-

67 1333 114 27 ställning,
199 1333 73 27 ifräga
294 1339 37 15 om
354 1339 29 15 en
398 1334 155 26 kustjernväg
569 1333 96 21 emellan
680 1333 145 27 Helsingfors

67 1368 42 21 och
130 1361 51 27 Äbo
205 1368 83 27 städer,
312 1368 45 20 kan
379 1368 38 27 jag
441 1368 58 21 dock
521 1368 21 27 ej
563 1368 34 21 till
612 1368 54 20 fullo
682 1368 89 21 biträda
787 1367 40 21 det

67 1402 91 27 förslag,
184 1402 65 21 hvari
276 1403 131 21 utskottets
434 1403 147 21 betänkande
607 1402 7 21 i
636 1403 74 20 denna
732 1402 35 21 del
790 1403 35 20 ut-

66 1442 104 21 mynnar.

135 1487 201 18 Petitionsbetänkande
348 1487 38 17 N:o
399 1487 17 18 2.
