1070 1795
258 156 275 23 Petitionsbetänkande
549 157 45 22 N:o
609 157 37 22 41.
773 159 26 20 15

276 227 41 21 till
335 227 51 28 lag,
406 227 167 30 hvarigenom
591 228 75 23 såväl
684 229 10 22 i
712 229 116 22 Finland

277 261 80 22 födda
393 268 55 15 som
478 263 83 22 andra
590 263 11 21 i
630 263 88 22 landet
747 264 81 22 sedan

276 295 89 29 längre
384 296 39 22 tid
439 296 175 23 härförinnan
627 297 95 22 bosatte
736 298 90 22 bekän-

275 336 62 15 nare
364 330 33 22 af
420 331 131 22 mosaiska
579 332 130 22 trosläran
734 332 91 23 tillför-

275 364 123 22 säkrades
417 365 59 26 rätt,
502 367 43 25 att,
561 366 79 28 jemte
657 366 105 22 hustrur
779 367 46 22 och

276 398 71 27 barn,
367 399 83 23 under
467 400 169 29 iakttagande
655 401 33 22 af
698 401 127 29 lämpliga

276 433 164 27 föreskrifter,
465 435 136 22 härstädes
626 435 40 22 för
685 435 139 22 framtiden

274 468 148 27 gvarblifva
441 469 46 22 och
505 469 88 22 drifva
606 469 108 29 näring;
734 470 35 22 än
781 470 45 22 ock

275 502 93 26 derom,
397 504 37 21 att
461 503 30 22 så
514 505 73 20 snart
608 504 40 29 sig
666 505 64 28 göra
750 503 71 28 låter,

273 536 88 29 Nådig
384 538 162 28 proposition
565 538 100 29 jemväl
684 538 141 29 förelägges

274 571 146 22 Ständerna
445 579 40 15 om
503 573 52 22 rätt
574 573 40 22 för
633 573 146 22 bekännare
797 573 32 22 af

273 606 83 28 sagda
370 607 112 22 troslära
495 608 37 21 att
545 607 73 22 bilda
631 607 117 29 religiöst
759 614 64 16 sam-

275 639 71 23 fund.

136 777 159 30 Helsingfors
314 778 49 22 den
382 778 33 23 26
434 779 50 28 maj
507 779 75 22 1894.

135 923 11 22 I
166 923 116 22 ärendets
301 922 157 29 behandling
476 923 77 21 hafva
572 923 105 28 deltagit
693 922 129 22 ordföran-

65 957 50 22 den
133 957 174 29 Montgomery
326 958 64 21 samt
402 957 173 22 ledamöterna
588 957 106 22 friherre
706 957 115 28 Langen-

65 991 90 27 skiöld,
174 992 23 22 J.
218 991 146 27 Grotenfelt,
385 991 29 22 G.
434 991 153 27 Johansson,
607 991 75 29 Lyra,
702 991 117 26 Jusélius,

65 1025 109 27 Kumlin,
204 1026 147 26 Stenström,
376 1026 132 26 Teittinen,
529 1026 151 22 Tensikkala
700 1025 46 22 och
764 1025 57 22 Koi-

64 1060 67 22 visto
150 1062 64 21 samt
233 1061 167 28 suppleanten
419 1060 125 22 Auvinen.

131 1498 130 23 Lagutskottets
274 1497 110 19 betänkande
395 1497 39 18 N:o
446 1498 29 17 12.
