1070 1795
248 94 28 21 52
430 95 230 22 Petitionsbetänkande
677 95 35 22 N:o
727 95 21 22 2.

427 155 33 19 att
475 153 66 21 Hans
558 153 123 28 Kejserliga
698 153 111 28 Majestät,
821 152 74 21 innan
906 153 75 27 nägon

358 181 105 28 definitif
473 182 143 27 proposition
626 182 115 27 angäende
750 181 231 28 förbindningsbanor

359 211 36 20 till
411 210 129 21 Ständerna
555 211 157 27 öfverlemnas,
729 211 80 21 täcktes
825 210 9 21 i
849 209 70 22 nåder
935 210 46 21 låta

358 239 10 20 i
397 239 137 21 ekonomiskt
557 239 39 21 och
619 239 96 21 tekniskt
737 239 103 27 afseende
856 239 125 20 undersöka

359 267 72 22 linien
454 268 166 21 Haukivuori-
632 268 106 21 Jokkas—
745 268 112 21 Puumala
889 267 90 21 Ruoko-

360 297 179 20 lahti
431 293 9 36 —
449 297 90 20 Imatra.

292 358 116 23 Helsingfors
421 359 35 17 den
469 359 11 18 8
492 359 92 18 Februari
599 360 48 17 1894.

734 406 20 22 K.
769 406 14 21 J.
801 405 76 23 Konsti.

292 574 162 26 (Öfversättning).

579 612 39 17 24.

402 669 45 17 Till
459 669 129 22 Vällofliga
601 669 206 22 Borgareständet.

292 726 63 19 Redan
368 726 30 18 vid
412 727 44 17 1885
468 727 30 17 ärs
511 726 90 23 landtdag
613 727 77 17 anhöllo
704 727 106 17 Ständerna
823 732 29 12 om
863 726 118 18 anställande

222 755 20 17 af
261 769 4 7 ,
268 755 80 20 teknisk
360 755 34 17 och
408 755 109 18 ekonomisk
530 755 101 23 utredning
644 755 119 18 beträffande
777 755 120 22 lämpligaste
909 755 74 18 sträck-

223 784 70 22 ningen
315 783 19 18 af
345 789 22 12 en
381 783 236 23 sammanhindningsbana
636 784 41 17 från
691 785 57 16 Wasa
758 785 83 21 jernväg
854 783 52 18 öfver
918 784 64 22 Jyväs-

223 813 44 22 kylä
285 813 29 17 till
328 812 150 18 Savolaksbanan
491 813 36 17 och
541 813 82 18 derifrän
636 813 96 18 eventuelt
745 813 64 18 vidare
822 813 29 17 till
865 814 50 16 östra
928 815 55 15 stam-

223 841 79 18 banan".
332 841 29 18 Då
384 841 107 23 byggandet
509 841 20 18 af
543 841 93 18 Karelska
648 842 111 17 stambanan
773 841 31 18 vid
818 841 63 18 denna
893 841 28 18 tid
934 843 50 16 ännu

223 870 17 23 ej
259 875 33 12 var
310 870 88 23 slutligen
418 870 86 23 afgjordt,
517 870 63 18 kunde
594 871 94 22 Styrelsen
702 871 107 18 emellertid
823 871 16 22 ej
854 871 28 17 till
896 870 88 23 följande,

224 898 46 19 1888
294 899 29 17 års
341 898 88 23 landtdag
448 898 61 19 lemna
529 899 61 22 någon
609 899 101 23 utredning
723 898 82 19 rörande
819 898 62 19 denna
893 904 91 13 samman-

224 927 160 23 bindningsbana.
408 927 36 18 Vid
463 927 118 18 sistnämnda
593 927 89 24 landtdag
694 928 119 17 inlemnades
826 927 46 18 flere
885 928 99 22 petitions-

224 955 70 23 förslag
318 961 29 12 om
372 961 22 12 en
420 956 56 17 sädan
495 956 49 18 bana
563 957 34 17 och
616 959 27 15 ett
656 957 79 17 resultat
750 956 58 18 deraf
819 956 40 18 blef
871 956 114 18 Ständernas

224 985 81 22 petition
323 986 27 16 att
362 998 10 8 ,
373 985 77 17 teknisk
463 985 142 22 undersökning
618 986 58 17 måtte
689 985 114 18 verkställas
816 985 29 18 för
855 985 90 22 jernvägs
958 985 26 17 le-

224 1013 62 18 dande
305 1013 51 18 öfver
368 1013 134 23 vattendragen
515 1013 31 18 vid
560 1014 74 23 Nyslott
647 1015 35 16 och
696 1014 139 22 Punkaharju*.
861 1014 67 22 Någon
941 1013 43 18 full-

224 1042 77 23 ständig
324 1042 76 18 teknisk
426 1042 141 23 undersökning
586 1046 34 15 har
638 1043 57 17 likväl
711 1043 17 22 ej
742 1045 52 15 ännu
807 1042 63 18 blifvit
882 1042 103 22 verkstäld,

224 1076 42 12 men
292 1071 94 18 anstäldes
404 1072 22 17 år
442 1071 45 18 1890
499 1071 141 23 undersökning
652 1071 81 18 rörande
747 1071 23 18 de
784 1072 31 17 två
829 1072 84 17 svåraste
926 1071 59 22 punk-

224 1101 55 16 terna
304 1099 30 18 vid
352 1099 62 18 denna
431 1100 141 23 jernvägslinje,
591 1100 93 23 nemligen
703 1100 100 18 trakterna
818 1100 32 17 vid
863 1100 75 23 Nyslott
950 1100 35 17 och

224 1128 127 23 Punkaharju,
376 1134 65 17 genom
461 1129 76 17 hvilken
556 1129 140 22 undersökning
715 1128 103 23 aflägsnats
833 1129 22 17 de
868 1128 117 21 tvifvelsmäl,

224 1162 40 12 som
289 1157 20 17 af
331 1157 41 18 icke
399 1157 119 18 sakkännare
543 1157 64 18 kunde
630 1157 55 23 hysas
703 1157 82 18 rörande
806 1157 143 18 utförbarheten
968 1155 20 19 af

224 1185 63 18 denna
300 1186 50 18 linie.

295 1215 28 17 Då
336 1215 23 17 de
372 1215 20 17 af
403 1215 104 17 Ständerna
519 1215 104 18 ästundade
637 1215 191 22 undersökningarna
841 1215 81 17 rörande
938 1219 48 13 sam-

225 1243 240 23 manbindningsbandelen
481 1239 12 31 —
500 1243 127 23 Jyväskylä
616 1239 14 31 —
638 1244 152 17 Savolaksbanan
816 1243 101 22 ådagalagt
941 1243 44 18 möd-

224 1272 127 23 vändigheten
369 1272 21 17 af
400 1274 28 15 att
440 1272 38 17 läta
490 1272 61 17 banan
564 1272 41 17 frän
617 1273 101 22 Jyväskylä
731 1275 46 20 göra
789 1277 24 12 en
827 1272 46 22 bugt
885 1272 29 17 till
927 1274 60 15 strän-

224 1300 62 18 derna
304 1301 19 17 af
340 1301 75 18 Keitele
429 1301 34 17 och
477 1301 107 17 Konnevesi
597 1301 34 17 och
645 1301 84 18 derifrän
743 1306 68 17 genom
825 1300 120 23 Rautalampi
958 1300 29 18 till

225 1329 123 23 Suonenjoki,
372 1329 20 18 sä
411 1329 52 18 torde
483 1329 36 18 den
538 1329 118 23 lämpligaste
669 1330 135 21 sträckningen
817 1329 29 17 för
859 1335 23 11 en
896 1334 91 12 samman-

224 1357 154 23 bindningsbana
401 1357 41 18 från
462 1357 89 18 Savolaks
568 1358 79 22 jernväg
665 1358 30 17 till
712 1358 94 18 Karelska
820 1357 61 17 banan
895 1362 43 12 vara
952 1357 35 17 den

224 1386 43 18 frän
286 1386 119 19 Pieksämäki
424 1392 65 17 genom
508 1386 67 21 Jorois,
594 1386 121 22 Rantasalmi,
729 1386 75 23 Nyslott
817 1386 35 18 och
865 1386 122 22 Punkaharju

224 1415 29 18 till
267 1415 125 18 Elisenvaara
404 1415 30 18 vid
448 1415 92 18 Karelska
553 1415 65 18 banan.
643 1415 64 24 Byggd
720 1415 61 23 enligt
795 1415 62 18 denna
870 1415 44 22 plan
927 1414 60 19 skulle

295 1455 202 18 Petitionsbetänkande
509 1455 38 18 N:o
559 1455 19 18 2.
