1070 1795
301 156 260 23 Motionsbetänkande
582 157 43 22 N:o
641 157 21 21 7.
822 158 11 20 9

104 228 38 19 kan
154 227 40 19 han
207 229 46 23 göra
266 229 28 17 ett
305 227 71 19 sådant
386 226 47 19 aftal
444 227 44 18 med
501 227 55 18 vissa
572 227 108 24 undantag,
697 232 43 13 som
755 227 108 18 inskränka

104 255 140 20 arrendatorns
266 255 111 25 nyttjorätt,
400 255 37 19 och
459 255 107 19 förbehålla
587 261 73 19 egaren
684 255 46 24 själf
752 261 24 13 en
795 255 31 19 del
844 255 19 18 af

104 284 142 25 rättigheterna
266 285 29 18 att
309 284 90 25 begagna
413 283 76 25 jorden.
518 283 45 19 Han
579 283 39 19 kan
633 285 14 18 t.
662 289 32 13 ex.
710 283 71 19 endast
797 283 64 19 berät-

105 313 40 25 tiga
167 313 129 18 arrendatorn
318 314 30 17 att
370 313 60 24 berga
453 318 71 19 mogen
541 312 36 19 säd
592 312 37 19 och
644 312 79 23 höväxt,
740 318 44 13 men
799 312 62 19 förbe-

104 341 54 19 hålla
180 341 31 25 sig
233 341 45 25 sjelf
300 341 48 19 eller
369 341 63 24 tredje
448 347 45 12 man
508 341 119 24 rättigheten
643 342 29 17 att
687 341 50 18 efter
752 340 58 19 skörd
826 340 36 19 och

105 370 69 19 slotter
196 369 92 19 använda
309 369 81 19 marken
406 369 30 19 till
452 369 143 19 kreatursbete.
625 369 35 19 Ett
675 368 72 20 sådant
762 369 45 19 aftal
823 369 39 19 kan

104 398 44 20 fritt
163 398 111 23 intecknas,
289 404 31 13 om
336 398 50 20 blott
402 398 41 19 viss
459 398 36 19 och
511 397 77 25 verklig
603 397 51 25 årlig
669 397 44 25 lega
728 399 21 17 är
763 397 99 25 betingad,

105 427 36 19 och
152 427 34 19 det
196 427 71 19 blifver
282 426 113 25 derigenom
410 426 99 20 bindande
524 428 104 23 gentemot
643 432 28 18 ny
686 432 58 19 egare
758 426 20 19 af
792 426 69 25 fastig-

104 455 65 20 heten.
200 455 128 19 Aftalsrätten
346 457 21 17 är
382 455 6 18 i
403 454 56 25 fråga
475 461 31 12 om
522 455 144 24 nyttjorättens
682 455 135 24 begränsning
833 454 29 19 till

104 484 75 19 minsta
201 483 80 25 möjliga
302 483 79 25 omfång
402 483 122 25 fullkomligt
545 483 25 19 fri
592 483 37 19 och
643 483 40 19 kan
698 483 117 19 inskränkas
832 483 31 19 till

106 512 62 19 blotta
178 512 122 25 rättigheten
314 514 29 17 att
358 511 26 26 gå
398 512 55 19 öfver
467 517 76 14 annans
558 512 56 19 mark
629 511 48 20 eller
692 513 29 18 att
737 513 44 23 taga
797 513 66 18 vatten

105 547 24 12 ur
152 541 49 18 hans
224 541 66 18 brunn
313 547 17 12 o.
348 546 16 13 s.
380 547 18 12 v.
428 540 141 25 Inteckningar
584 541 20 18 af
618 540 75 19 sådana
708 540 47 19 aftal
770 546 32 13 om
817 546 25 13 en
857 540 5 19 i

105 571 63 18 större
192 569 48 19 eller
261 569 76 19 mindre
359 568 47 19 mån
420 569 105 18 inskränkt
540 569 108 24 nyttjorätt
662 571 35 16 äro
712 569 80 18 absolut
808 569 55 18 med-

105 598 54 22 gifna
182 603 71 19 genom
278 598 10 19 1
306 599 43 22 $:ns
364 597 6 19 i
386 597 147 25 Förordningen
549 597 38 19 den
605 598 11 19 9
632 597 112 19 November
761 597 53 20 1868
830 603 32 13 om

105 626 117 25 inteckning
236 626 6 19 i
258 626 40 19 fast
317 626 96 25 egendom
428 626 84 24 lydelse,
528 628 29 17 att
572 626 116 24 inteckning
704 627 22 17 är
741 625 76 20 tilläten
833 626 30 19 för

105 655 39 19 den
165 661 43 12 som
230 657 32 16 vär
283 655 109 24 berättigad
407 656 29 17 att
451 655 30 18 för
497 655 40 18 viss
553 655 28 18 tid
598 655 88 24 begagna
701 653 61 26 något
777 655 20 18 af
811 654 52 19 hvad

105 683 31 19 till
160 683 120 24 fastigheten
300 683 72 19 hörer»
401 682 76 20 Endast
493 683 66 19 denna
573 683 101 19 allmänna
689 683 37 18 och
742 683 121 19 omfattande

105 711 137 25 formulering,
258 717 43 14 som
317 712 63 24 gifver
394 711 117 25 jordegaren
527 711 37 20 och
579 711 50 20 hans
645 711 164 19 medkontrahent
825 711 38 19 den

106 740 155 19 vidsträcktaste
276 740 58 19 frihet
349 740 6 19 i
372 740 52 19 valet
439 740 19 19 af
473 739 92 20 ändamäl
580 740 31 19 för
626 740 38 19 den
680 739 91 26 partiella
787 739 75 26 nyttjo-

105 770 72 22 rätten,
200 769 51 18 blott
274 769 33 18 det
321 771 22 16 är
358 769 72 24 sedligt
446 769 36 18 och
497 769 105 24 förnuftigt
617 769 37 18 och
669 768 43 19 icke
727 769 52 18 afser
794 768 68 25 fastig-

106 797 71 19 hetens
190 797 117 24 förintande,
318 797 69 19 anstär
397 797 34 19 det
446 797 88 19 hvarken
549 797 95 19 domaren
659 797 49 19 eller
722 797 38 18 den
775 796 88 20 enskilde

106 827 29 18 att
148 825 45 20 med
210 825 97 20 fördomar
322 825 37 20 och
374 825 101 25 pedanteri
491 826 46 19 söka
553 825 101 25 utgrunda
670 825 61 25 nägra
746 825 65 25 lofliga
826 825 37 19 och

106 853 72 26 lagliga
189 853 99 25 ändamä!,
301 860 42 13 som
354 854 123 25 lagstiftaren
486 854 100 19 förmenas
598 854 43 19 icke
652 854 59 19 hafva
720 854 42 19 haft
775 854 5 19 i
792 854 71 23 sinnet,

106 882 25 20 dä
146 883 39 18 han
200 883 79 24 medgaf
294 883 64 18 denna
372 883 58 18 aftals
446 883 65 18 frihet.

175 911 183 25 Skogsafverkning
379 913 27 22 är,
428 911 58 19 äfven
501 911 6 19 i
523 911 38 19 den
585 913 51 17 mest
654 911 134 24 obegränsade
804 910 59 24 skala,

106 939 43 20 icke
170 939 68 20 vidare
252 941 30 18 ett
296 939 96 23 ändamäl,
408 945 42 14 som
465 945 59 14 anses
541 946 46 13 vara
602 939 80 20 absolut
698 939 114 24 oförnuftigt
827 939 37 19 och

107 967 117 20 ruinerande
246 968 29 19 för
296 968 104 19 hemmans
423 968 104 25 möjlighet
548 970 30 17 att
596 967 56 20 bestä
668 967 65 20 säsom
748 967 115 25 jordbruks-

107 996 121 25 lägenheter.
260 996 92 19 Tvärtom
374 999 22 16 är
418 998 29 17 ett
470 996 71 19 sådant
563 996 92 19 ändamål
677 996 47 19 fullt
744 996 67 25 lofligt,
828 996 36 19 och

106 1025 117 24 jordegaren
238 1024 88 25 åtnjuter
340 1031 25 13 en
381 1026 70 18 nästan
466 1025 81 19 alldeles
563 1025 123 25 obegränsad
701 1025 61 19 frihet
776 1025 6 18 i
798 1025 65 24 dispo-

108 1053 85 19 sitionen
204 1053 56 19 öfver
275 1053 30 20 sin
322 1054 49 24 skog
386 1054 45 19 med
446 1053 37 19 full
499 1055 39 18 rätt
553 1055 30 18 att
599 1053 83 26 upplåta
697 1053 115 25 eganderätt
827 1053 37 19 och

107 1081 109 25 nyttjorätt
231 1082 30 19 till
277 1082 115 19 densamma
407 1081 20 20 åt
442 1088 66 13 annan
523 1088 52 13 man.

176 1110 44 19 Men
234 1117 46 12 man
292 1111 98 18 invänder
401 1111 95 24 häremot,
511 1112 29 17 att
556 1110 308 25 skogsafverkningskontrakten

107 1139 6 19 i
135 1138 115 19 hufvudsak
273 1139 105 24 rätteligen
400 1139 96 19 innefatta
511 1141 28 17 ett
554 1139 39 25 köp
608 1139 20 19 af
643 1139 91 19 växande
750 1139 55 24 skog,
821 1144 42 13 som

107 1169 54 17 ännu
182 1167 44 19 icke
248 1169 22 17 är
292 1167 120 25 tillbörligen
435 1167 126 25 specificerad
577 1168 37 19 och
630 1167 73 20 afskild
718 1167 44 19 från
777 1167 87 24 marken,

107 1195 61 19 hvarå
190 1195 39 20 den
252 1198 66 17 växer.
349 1196 43 19 Den
408 1195 48 24 står,
472 1198 58 23 säger
545 1202 52 18 man,
612 1202 72 19 genom
700 1198 30 17 att
745 1195 119 20 fortfarande

108 1226 50 17 växa
179 1223 27 26 på
228 1226 31 17 rot
273 1225 7 18 i
296 1224 61 19 sådan
379 1224 85 25 innerlig
486 1225 91 24 förening
592 1225 46 18 med
652 1224 74 25 jorden,
742 1226 29 17 att
785 1223 26 20 då
825 1224 39 19 den

108 1258 68 14 senare
199 1253 93 24 ombyter
314 1259 63 19 egare,
398 1253 22 19 så
436 1253 57 24 följer
507 1253 82 19 därmed
604 1253 58 19 äfven
678 1253 139 24 eganderätten
834 1252 31 19 till

107 1281 38 19 alla
166 1281 92 19 växande
276 1281 44 19 träd
334 1281 6 19 i
357 1281 55 26 skog,
427 1281 83 20 emedan
526 1281 59 20 dessa
600 1281 44 20 icke
660 1281 64 19 blifvit
739 1281 41 19 från
795 1281 70 24 jorden

107 1309 98 25 afskiljda.
236 1309 115 20 Betraktadt
376 1309 65 20 såsom
466 1310 45 25 köp,
536 1310 39 19 kan
600 1309 197 25 afverkningsaftalet
822 1309 43 19 icke

108 1338 110 24 intecknas,
241 1338 37 19 och
301 1338 76 19 säledes
400 1344 47 13 vore
468 1338 143 25 inteckningen
635 1338 79 24 olaglig.
744 1338 37 18 Det
796 1339 22 17 är
833 1337 32 19 väl

107 1366 121 25 fullkomligt
239 1366 70 25 riktigt
318 1366 98 25 anmärkt,
426 1368 28 18 att
472 1366 259 25 skogsafverkningsaftalet
747 1368 21 17 är
783 1368 28 17 ett
827 1366 38 25 köp

109 1394 51 20 blott
182 1395 38 19 och
242 1395 50 26 bart,
315 1401 31 13 om
365 1395 39 19 alla
418 1395 48 19 aftal
481 1401 30 13 om
528 1401 25 14 en
569 1395 42 20 viss
626 1395 108 25 nyttjorätt
749 1395 29 19 till
794 1395 70 24 skogs-

109 1423 80 19 marken
212 1423 73 20 saknas
300 1423 6 20 i
320 1424 120 24 kontraktet,
461 1424 37 19 och
519 1426 30 17 att
570 1424 60 25 ingen
654 1423 139 20 bestämmelse
815 1423 4 19 i
836 1425 29 17 ett

109 1451 72 20 sädant
203 1452 100 25 kontrakt,
321 1452 44 19 med
381 1453 103 24 undantag
499 1452 19 19 af
532 1452 99 25 köparens
646 1452 109 25 fordrings-
771 1451 48 20 eller
834 1457 30 14 er-

176 1501 131 23 Lagutskottets
319 1501 110 18 betänkande
442 1502 36 17 N:o
492 1502 25 17 11.
