1070 1795
294 135 231 21 Petitionsbetänkande
541 135 35 20 N:o
592 134 20 21 2.
775 135 29 21 59

73 191 45 22 eljes
137 191 58 17 sakna
214 191 35 18 och
268 191 79 18 behöfva
363 191 111 18 hvarandra.
499 191 34 18 Ett
546 191 78 18 allmänt
637 191 71 18 bekant
720 191 71 18 faktum
805 193 26 19 är,

73 221 27 16 att
124 222 61 15 vestra
203 220 34 17 och
256 223 51 15 östra
325 220 83 17 Finland
421 220 55 17 alltid
489 220 50 17 varit
551 220 116 17 främmande
680 220 30 18 för
722 220 111 21 hvarandra,

73 247 75 18 hvilken
172 249 139 22 omständighet
330 248 80 18 medfört
430 251 47 15 stort
496 254 41 12 men
553 248 30 18 för
596 248 67 18 folkets
676 249 109 22 utveckling
798 249 35 17 och

73 276 99 18 förkofran.
197 277 27 23 Ty
242 278 24 21 på
279 279 27 16 ett
318 277 75 23 mycket
406 277 51 18 olika
469 280 38 15 sätt
519 277 34 18 har
567 279 78 16 naturen
659 277 68 18 skänkt
740 278 42 17 sina
795 277 38 22 gåf-

73 310 34 11 uor
125 305 20 17 åt
162 305 72 18 landets
254 308 61 15 vestra
333 306 34 17 och
387 306 19 17 åt
428 306 43 18 dess
484 308 51 16 östra
548 305 57 18 delar.
629 306 28 17 De
671 306 51 17 förra
734 305 60 18 förete
807 305 26 18 öf-

72 332 67 19 verallt
159 334 99 18 fruktbara
270 335 87 21 åkerfält,
370 335 24 17 de
408 340 66 13 senare
487 335 41 18 åter
541 336 32 16 äro
586 335 42 17 rika
640 335 25 22 på
677 335 110 17 mineralier
799 335 34 17 och

72 362 94 19 råämnen.
190 363 64 18 Redan
268 365 78 16 naturen
360 363 60 23 syftar
433 363 74 18 således
519 363 30 23 på,
563 365 26 16 att
602 365 60 16 vestra
676 363 35 18 och
724 365 51 16 östra
789 363 44 18 Fin-

72 391 43 18 land
134 392 79 18 behöfva
231 392 105 17 hvarandra
354 393 34 16 och
402 395 27 14 att
442 393 29 21 de,
484 393 58 17 sedan
556 398 22 12 en
593 392 101 22 ömsesidig
707 392 125 17 vexelverkan

73 420 40 18 dem
130 421 80 17 emellan
224 422 126 22 åvägabragts,
364 422 54 17 skola
431 427 44 12 vara
487 422 6 17 i
507 422 55 17 stånd
575 424 28 15 att
615 421 100 17 framkalla
728 424 26 15 ett
768 421 64 23 utbyte

72 449 20 17 af
113 450 99 17 inhemska
230 450 142 21 råmaterialier,
392 450 141 17 industrialster
553 450 35 17 och
605 450 178 17 lifsförnödenheter
796 450 36 17 må-

72 477 61 18 hända
157 479 6 16 i
182 478 43 18 vida
243 481 61 15 större
323 479 43 17 mån
381 481 25 15 än
420 484 41 12 man
475 479 28 18 för
516 479 117 17 närvarande
647 484 33 12 ens
693 479 37 16 kan
744 483 39 13 ana.
809 478 26 18 Af

71 509 43 15 rent
139 507 103 18 nationella
266 508 35 17 och
320 508 126 17 ekonomiska
464 508 40 17 skäl
526 509 21 16 är
560 507 33 18 det
605 507 63 18 derför
681 507 21 18 af
713 507 119 23 synnerligen

72 535 39 18 vikt
129 536 35 17 och
180 538 28 15 ett
220 537 81 22 verkligt
313 537 61 20 behof,
388 539 28 14 att
428 537 143 22 ifrågavarande
584 537 72 17 trakter
668 536 88 18 försättas
769 537 6 16 i
788 537 44 22 möj-

73 563 56 23 ligast
141 566 45 16 nära
199 565 89 18 samband
302 565 41 18 med
356 565 111 18 hvarandra.

141 599 77 18 Såsnart
236 600 64 17 Wasa-
318 600 34 17 och
374 599 177 18 Savolaksbanorna
564 599 108 18 förbundits
686 599 70 18 medels
769 600 63 22 Jyväs-

72 627 43 23 kylä
128 627 66 22 banan,
207 628 52 17 skola
271 629 42 16 hela
326 630 62 16 vestra
401 629 35 16 och
450 633 56 12 norra
519 628 81 18 Finland
613 628 55 17 hafva
675 628 61 18 blifvit
743 628 89 18 förenade

72 656 41 17 med
133 656 94 18 mellersta
240 657 34 18 och
291 662 55 12 norra
359 657 97 21 Savolaks,
470 662 41 13 men
525 657 34 17 allt
571 657 116 17 fortfarande
701 657 132 22 tillgodokom-

73 690 40 12 mer
131 690 22 12 en
168 685 57 18 sådan
238 685 72 18 förmån
323 686 43 17 icke
380 685 32 18 det
424 691 68 17 genom
506 686 76 17 Saimen
596 685 40 18 från
650 685 32 18 det
695 685 60 23 öfriga
768 686 65 17 landet

72 713 92 18 isolerade
184 715 51 16 östra
253 714 87 21 Finland,
360 715 91 17 särskildt
465 715 31 17 det
508 715 116 17 vidsträckta
637 714 143 21 nord-Karelen,
793 720 38 12 som

72 742 48 17 dock
133 743 50 17 säväl
196 743 6 17 i
216 743 93 18 anseende
322 743 29 17 till
365 743 29 18 sin
409 743 110 23 skiljaktiga
532 745 56 15 natur
601 748 38 13 som
652 743 30 17 sin
692 745 79 20 säregna
781 743 51 18 ställ-

73 771 44 22 ning
142 773 46 16 mest
213 772 69 17 saknar
300 772 35 17 och
354 774 21 15 är
388 773 6 16 i
408 772 59 18 behof
479 772 20 18 af
511 778 22 11 en
538 772 67 23 sädan
618 772 121 17 förbindelse.
765 772 68 18 Denna

72 799 96 18 landsdels
192 799 102 18 förenande
313 801 42 17 med
374 803 62 15 vestra
456 801 34 18 och
504 806 56 12 norra
573 800 81 18 Finland
667 806 66 17 genom
746 807 23 11 en
783 803 49 15 tvär-

72 828 48 17 bana
133 829 58 17 mäste
205 829 73 18 säledes
291 829 95 18 erkännas
399 829 94 18 innebära
500 832 28 15 ett
540 829 81 22 verkligt
632 829 59 18 bebof
702 829 35 18 och
751 835 22 12 en
787 829 46 18 tids-

73 857 50 22 enlig
136 857 81 18 fordran.

141 892 73 22 Frågan
233 892 69 21 derom,
320 893 49 17 huru
386 893 90 17 Savolaks
489 893 34 17 och
537 893 92 17 Karelska
642 893 84 17 banorna
739 892 44 18 böra
796 892 37 18 för-

72 920 72 21 bindas,
162 921 52 17 torde
234 921 16 22 ej
270 927 43 12 vara
331 921 57 18 altför
402 922 42 17 svår
457 924 27 15 att
496 922 84 21 besvara,
594 919 22 20 så
627 923 53 16 snart
692 921 141 22 förbindnings-

72 949 58 22 linjen
155 949 67 18 mellan
247 950 58 17 Vasa-
322 950 35 17 och
378 950 176 18 Savolaksbanorna
573 951 73 22 engång
658 949 62 18 blifvit
733 950 100 17 fastställd.

73 978 7 17 I
94 977 31 18 fall
138 977 109 24 föreningen
266 979 82 17 kommer
362 981 28 15 att
402 979 34 18 ske
450 979 52 18 öfver
515 979 121 22 Suonenjoki,
650 979 61 17 såsom
724 983 42 12 man
779 979 53 17 torde

72 1006 64 18 kunna
154 1007 89 21 förmoda,
262 1008 20 17 så
296 1007 36 18 kan
346 1013 43 12 man
404 1010 44 15 utan
462 1008 69 17 tvekan
545 1007 60 18 såsom
619 1013 23 12 en
655 1007 81 22 naturlig
750 1007 83 18 fortsätt-

72 1035 46 22 ning
142 1035 23 22 på
179 1035 61 18 denna
253 1036 238 23 sammanbindningsbana
504 1036 43 17 leda
561 1041 22 12 en
596 1037 79 21 jernväg
687 1041 67 17 genom
762 1036 71 23 Leppä-

72 1064 54 21 virta,
151 1064 92 22 Varkaus,
262 1065 102 17 Heinävesi
383 1065 35 17 och
437 1065 80 18 Libelits
537 1065 29 17 till
579 1065 84 17 Joensuu
676 1064 47 21 stad,
736 1065 96 17 hvilken
822 1060 14 31 i

73 1093 93 22 egenskap
190 1093 21 17 af
228 1095 84 16 centrum
330 1093 29 18 för
378 1099 57 12 norra
454 1093 93 18 Karelens
560 1093 55 18 trafik
628 1095 21 16 är
662 1093 36 18 den
716 1093 117 22 lämpligaste

72 1121 34 17 och
131 1121 92 18 starkaste
248 1122 121 22 slutpunkten
396 1122 28 17 för
443 1122 202 23 förbindningsbanan.
676 1122 84 17 Sålunda
772 1122 60 17 skulle

73 1149 81 18 nämnda
172 1150 45 17 linie
236 1150 74 18 komma
328 1153 27 15 att
368 1153 67 20 utgöra
448 1156 23 13 en
485 1151 84 22 naturlig
581 1150 122 23 fortsättning
716 1151 20 17 af
748 1151 35 17 den
796 1151 36 17 Ka-

72 1178 63 17 relska
156 1179 60 17 banan
229 1179 35 18 och
277 1179 47 18 blott
336 1179 82 18 sälunda
431 1179 70 23 dragen
515 1179 62 18 skulle
591 1179 35 18 den
640 1180 24 22 pä
673 1179 117 23 lämpligaste
798 1180 34 17 och

72 1206 154 24 fördelaktigaste
239 1210 37 15 sätt
288 1208 33 17 och
334 1208 7 17 i
355 1208 64 18 ordets
433 1209 86 22 verkliga
532 1208 97 23 betydelse
642 1208 67 23 bringa
722 1211 61 15 vestra
795 1209 36 17 och

73 1237 51 16 östra
137 1236 81 17 Finland
231 1237 7 16 i
251 1241 22 12 en
288 1237 102 22 ömsesidig
403 1237 125 18 vexelverkan
542 1237 43 18 med
598 1237 109 17 hvarandra.

142 1270 26 18 Pä
186 1270 55 18 dessa
260 1271 78 17 sälunda
357 1271 80 18 anförda
456 1271 83 24 grunder
555 1272 47 22 väga
615 1272 17 17 vi
644 1271 70 18 föreslä
727 1273 27 16 att
767 1271 66 18 heder-

72 1299 57 18 värda
141 1299 141 18 Bondeständet
295 1299 42 18 ville
351 1299 118 19 understöda
482 1301 41 16 värt
535 1300 164 23 petitionsförslag
712 1300 72 18 derom:

278 1371 34 19 att
326 1376 28 14 en
370 1370 129 21 ekonomisk
515 1371 40 21 och
570 1370 163 21 instrumental
748 1370 83 20 under-

210 1398 94 27 sökning
326 1398 71 21 måtte
420 1399 113 28 företagas
557 1399 14 21 å
590 1406 26 14 en
632 1399 132 20 bansträcka
778 1398 55 27 från

212 1427 138 27 Suonenjoki
364 1434 82 20 genom
462 1428 145 27 Leppävirta,
627 1427 107 27 Varkaus,
746 1427 85 21 Heinä-

210 1455 46 21 vesi
278 1455 40 21 och
337 1455 97 22 Libelits
455 1457 36 21 till
506 1457 103 21 Joensuu
624 1457 50 20 stad
689 1456 39 21 och
743 1457 32 20 att
790 1456 43 21 nå-

141 1500 201 18 Petitionsbetänkande
355 1501 38 17 N:o
406 1501 18 17 2.
