1070 1795
317 183 260 24 Motionsbetänkande
591 184 43 23 N:o
650 183 23 23 2.
835 186 12 20 3

187 243 151 27 (Öfversättning.)

232 300 60 19 Till
315 299 186 20 hedervärda
523 299 240 20 Bondeståndet!

189 357 41 20 Vår
250 363 26 14 nu
297 357 90 24 gällande
402 356 117 23 förordning
534 356 101 24 avgående
652 357 132 24 maltdrycker
799 359 22 18 är
837 357 40 19 vis-

112 386 92 24 *serligen
222 386 45 20 icke
284 386 54 19 äldre
353 388 25 17 än
392 385 22 20 af
428 385 22 20 är
466 384 62 24 1883,
545 385 37 19 och
597 386 6 18 i
620 385 87 24 enlighet
722 386 44 19 med
781 385 96 20 Ständer-

120 421 36 14 nas
180 416 33 19 vid
238 416 79 18 senaste
337 414 95 24 landtdag
447 414 75 19 fattade
538 414 66 19 beslut
618 414 37 21 har
670 415 112 19 densamma
797 415 80 23 nyligen

121 444 141 19 underkastats
278 444 98 19 särskilda
390 443 149 23 förbättringar;
555 448 44 13 men
614 443 62 19 likväl
692 443 107 19 innehåller
816 444 61 23 sagda

121 472 116 24 förordning
258 474 52 17 ännu
325 471 73 25 vigtiga
412 471 129 24 stadganden,
556 471 8 19 i
579 471 94 20 afseende
689 471 12 20 å
715 471 67 20 hvilka
797 477 24 14 en
837 471 40 20 för-

121 501 84 23 ändring
230 503 22 17 är
278 501 125 23 syunerligen
430 499 22 20 af
467 499 96 20 behofvet
578 500 100 23 påkallad.
709 500 47 19 Med
771 500 106 24 anledning

121 529 58 20 häraf
193 529 133 19 framställdes
342 529 61 19 redan
419 529 32 19 vid
467 530 78 18 senaste
561 528 97 25 landtdag
674 534 25 13 en
714 530 73 18 motion
803 529 7 18 i
825 529 52 24 syfte

121 561 30 17 att
176 558 110 19 ännämnda
310 558 32 23 lag
357 557 63 20 skulle
436 557 124 23 fullständigt
575 557 113 20 omarbetas
701 560 49 17 samt
765 558 112 19 utsträckas

122 587 30 19 till
177 587 39 21 alla
241 587 126 24 rusdrycker,
383 591 42 14 som
440 588 34 17 äro
490 591 83 18 svagare
589 588 24 17 än
629 586 105 23 brännvin,
749 587 127 23 hvarigenom

121 615 66 20 tillika
202 617 64 17 större
287 615 202 19 öfverensstämmelse
505 615 43 18 med
566 615 248 22 brännvinsförordningen
831 621 46 13 vun-

121 650 42 13 nes.
192 643 42 20 För
252 644 40 19 min
307 643 32 20 del
355 643 63 20 skulle
432 644 34 23 jag
477 643 59 20 äfven
551 649 26 14 nu
592 645 63 22 gärna
670 644 121 19 understöda
807 649 23 14 en
847 644 31 19 så-

122 673 39 19 dan
181 673 77 24 åtgärd,
274 673 42 18 ifall
332 672 37 19 den
385 673 31 18 vid
433 673 133 18 innevarande
581 672 95 24 landtdag
692 673 66 18 kunde
773 673 58 18 vinna
846 672 33 19 för

122 701 147 20 ständerbeslut
294 700 116 24 erforderlig
437 701 108 24 pluralitet,
569 706 44 14 men
639 701 26 19 då
680 702 52 18 vissa
748 701 55 19 delar
817 700 21 20 af
851 707 27 13 nu

122 730 92 24 gällande
239 729 115 24 förordning
379 735 31 14 om
435 729 134 24 maltdrycker
593 729 137 24 ovilkorligen,
747 730 36 19 och
799 729 56 19 äfven
871 729 7 20 i

123 759 37 19 den
188 759 102 22 händelse,
317 760 29 18 att
360 758 66 19 beslut
441 764 30 13 om
487 758 58 19 ofvan
561 758 86 19 berörda
662 759 103 23 grundliga
781 758 97 19 omarbet-

123 788 46 23 ning
184 787 44 20 icke
244 787 76 19 komme
337 787 28 19 till
381 787 65 23 stånd,
461 789 35 17 äro
511 787 7 18 i
533 787 61 19 behof
608 787 21 19 af
643 787 122 26 förändring,
782 787 22 19 så
819 787 60 24 vågar

121 817 34 23 jag
180 816 81 19 härmed
286 816 64 19 såsom
368 816 168 23 omständigheter
555 815 22 20 af
591 816 63 19 denna
669 815 135 20 beskaffenhet
819 815 60 20 fram-

123 845 53 19 hålla
191 844 95 25 följande:

192 884 35 19 Ett
251 883 179 27 missförhållande,
456 889 41 14 som
520 883 83 20 framför
624 884 36 19 allt
687 884 91 19 inverkat
793 884 26 25 på
835 884 44 19 mitt

125 913 65 19 beslut
214 915 30 17 att
263 918 27 13 nu
306 915 85 22 upptaga
406 913 65 18 denna
486 912 62 24 fråga,
564 913 36 19 har
617 913 3 18 i
637 913 37 19 den
688 913 100 26 domsaga,
799 913 33 24 jag
847 919 31 13 re-

124 943 134 23 presenterar,
281 941 59 20 vållat
362 941 119 24 oordningar
496 941 37 20 och
549 942 35 18 der
599 941 77 20 kanske
691 941 7 19 i
713 941 61 25 högre
789 941 49 24 grad
853 943 25 18 än

124 970 27 24 på
174 971 64 18 andra
264 971 60 18 orter.
362 969 9 19 I
393 969 11 26 &
422 970 13 19 4
454 969 21 20 af
494 975 27 14 nu
540 970 90 24 gällande
646 970 116 23 förordning
777 970 102 23 angående

125 999 133 24 maltdrycker
283 999 86 23 stadgas,
392 1001 29 16 att
445 998 118 19 kommunen
588 1005 46 17 eger
649 999 93 19 beskatta
756 999 68 24 hvarje
839 998 41 20 för-

125 1027 154 24 säljningsställe
302 1027 43 19 med
363 1033 24 13 en
403 1026 56 25 afgift
474 1027 21 19 af
510 1027 58 19 minst
584 1027 41 19 100
640 1027 63 23 mark;
720 1027 37 20 och
772 1027 34 20 det
821 1033 58 18 synes

125 1061 47 14 vara
194 1056 111 23 meningen,
320 1058 30 17 att
364 1055 82 24 afgiften
461 1055 115 20 derutöfver
591 1056 38 19 kan
645 1056 117 19 bestämmas
777 1056 50 19 huru
841 1055 40 24 hög

125 1089 41 15 som
191 1084 59 20 helst.
280 1085 9 18 I
314 1085 46 18 Salo
382 1085 74 24 köping
476 1085 37 19 har
528 1090 44 14 man
588 1085 61 19 också
664 1085 100 24 grundligt
778 1084 46 25 följt
839 1084 42 20 för-

125 1113 119 24 ordningens
260 1113 52 19 anda
327 1113 37 19 och
380 1113 83 24 mening,
479 1114 6 18 i
501 1113 34 19 det
550 1113 32 20 för
597 1113 67 24 hvarje
675 1113 204 24 utskänkningsställe

125 1142 103 19 därstädes
254 1147 24 14 en
304 1141 56 24 afgift
374 1141 22 20 af
416 1142 44 19 icke
475 1142 76 19 mindre
567 1144 24 17 än
608 1141 63 26 1,000
688 1142 55 20 mark
758 1142 75 23 årligen
849 1142 30 19 till

125 1171 117 19 kommunen
263 1170 96 24 erlägges,
383 1171 22 19 så
426 1172 36 22 att,
481 1171 25 19 då
521 1171 26 24 på
562 1171 65 19 denna
642 1171 44 19 lilla
700 1173 32 17 ort
747 1170 134 23 utskänkning

125 1199 99 19 bedrifves
239 1199 27 24 på
280 1198 38 20 fem
334 1199 65 20 skilda
414 1199 70 20 ställen
499 1210 30 3 —
543 1199 86 20 förutom
644 1199 135 24 gästgifveriet
793 1199 38 20 och
845 1199 36 19 ho-

125 1227 57 20 tellet
205 1237 32 14 —,
262 1227 108 25 köpingens
395 1228 60 19 kassa
470 1227 59 20 deraf
541 1227 37 20 har
593 1233 24 14 en
632 1228 91 19 kännbar
738 1227 141 24 förstärkning.

125 1256 71 19 Denna
220 1256 76 20 rörelse
322 1256 80 20 utöfvar
426 1262 23 14 en
475 1256 187 25 förderfbringande
684 1257 94 19 inverkan
793 1256 26 25 på
834 1256 45 20 hela

125 1285 111 24 omnejden;
261 1285 37 20 och
322 1285 71 20 medan
420 1285 63 20 andra
507 1285 104 25 köpingar,
626 1285 119 20 åtminstone
760 1285 69 19 Lahtis
843 1285 38 20 och

125 1313 68 24 Ikalis,
222 1313 81 20 hvarest
328 1313 153 25 beskattningen
505 1313 22 20 af
550 1314 142 24 maltdrycker,
711 1315 39 22 mig
765 1314 116 23 veterligen,

125 1342 45 20 icke
189 1341 63 20 heller
266 1341 86 25 tidigare
368 1343 52 19 varit
434 1342 60 20 ställd
509 1343 26 23 på
550 1348 24 14 en
590 1343 22 19 så
626 1343 130 23 inbringande
771 1342 30 20 fot
816 1347 42 14 som
874 1343 7 18 i

125 1370 53 26 Salo,
193 1376 82 14 numera
292 1370 51 20 efter
358 1370 67 20 därtill
440 1371 89 20 erhållen
544 1370 95 25 rättighet
654 1371 42 19 helt
710 1371 37 19 och
762 1370 63 20 hållet
839 1370 42 20 för-

124 1399 65 25 bjudit
211 1399 27 20 all
253 1399 99 24 ölbandel,
368 1400 23 19 så
406 1400 36 19 har
457 1400 89 19 deremot
561 1401 6 18 i
583 1400 47 19 Salo
645 1405 71 19 genom
731 1400 38 19 den
785 1405 39 18 nya
839 1399 41 20 för-

125 1428 108 25 ordningen
260 1428 45 20 icke
331 1429 65 23 någon
423 1434 41 14 som
483 1429 54 21 helst
551 1428 116 25 förändring
682 1427 156 21 åstadkommits:
854 1428 27 25 på

125 1457 229 24 utskänkningsställena
376 1457 68 20 frodas
465 1457 88 24 fylleriet
573 1457 75 20 veckan
663 1457 79 24 igenom
756 1457 38 20 och
809 1457 70 24 köpin-

125 1491 37 18 gen
175 1485 78 25 uppbär
267 1485 32 20 för
313 1486 99 20 desamma
428 1485 63 24 5,000
506 1486 56 19 mark
577 1486 7 19 i
599 1486 60 20 skatt.
669 1496 24 4 —
703 1485 77 20 Jemför
789 1491 44 14 man
841 1485 40 20 hit-

194 1523 182 19 Ekonomiutskottets
388 1524 111 19 betänkande
510 1524 38 18 N:o
560 1524 27 18 11.
