1070 1795
286 139 231 21 Petitionsbetänkande
535 139 34 21 N:o
585 139 20 21 2.
757 139 39 21 147

69 196 84 21 ordats.
184 196 50 22 Med
257 197 121 27 anledning
400 197 27 21 af
440 198 68 21 dessa
525 197 122 27 petitioner
662 198 93 26 yttrade
770 198 57 25 jern-

69 231 175 27 vägsutskottet
263 231 37 21 vid
316 237 90 16 samma
421 232 115 26 landtdag.

140 265 136 28 »Enahanda
292 265 50 22 skäl
358 272 50 15 som
424 266 48 21 tala
488 266 35 21 för
535 266 219 21 åstadkommandet
765 266 26 21 af
799 272 28 15 en

69 300 135 21 förbindelse
220 300 84 22 mellan
319 300 63 21 Vasa
397 301 43 20 och
456 300 113 21 Savolaks
585 301 101 20 banorna
702 300 77 21 kunna
790 306 36 15 an-

69 335 62 20 föras
152 334 86 27 jemväl
261 334 35 21 för
318 340 28 16 en
366 335 289 26 sammanbindningsbana
670 335 98 22 emellan
783 335 43 21 den

69 375 80 16 senare
165 369 41 21 och
222 369 113 22 Karelska
350 369 130 26 jernvägen.
505 369 124 22 Utskottet
644 371 48 20 tror
708 369 69 22 också
790 371 36 20 att

69 409 27 16 en
112 403 102 27 förening
230 403 26 21 af
268 404 68 21 dessa
352 405 92 25 tvenne,
459 409 83 22 genom
559 404 76 21 Saima
651 403 175 23 vattenområde

69 444 29 15 nu
121 438 109 27 åtskiljda
252 439 134 20 stambanor
406 439 7 20 i
436 445 28 15 en
487 439 50 21 icke
561 439 26 20 sä
611 438 94 22 alldeles
725 438 99 27 aflägsen

69 473 93 21 framtid
182 473 76 21 måste
277 473 71 20 blifva
368 479 27 16 en
410 473 178 27 nödvändighet.
619 473 32 21 De
666 473 85 26 många
765 472 61 21 olika

69 507 159 27 sträckningar
251 513 49 15 som
322 507 133 27 föreslagits
478 507 35 21 för
533 513 28 16 en
581 507 62 27 dylik
659 507 166 22 sammanbind-

69 541 132 27 ningsbana,
225 542 41 21 och
289 547 37 16 om
346 541 78 22 hvilka
440 542 27 21 de
483 548 30 15 nu
529 542 127 21 inlemnade
672 541 153 27 petitionsför-

69 576 78 27 slagen
168 576 86 27 jemväl
273 577 55 20 bära
344 576 81 27 vittne,
441 578 55 25 göra
512 577 38 21 det
567 576 125 28 emellertid
709 576 65 21 svårt
790 577 36 20 att

68 616 31 15 nu
121 611 60 20 bilda
204 611 34 26 sig
261 617 27 15 en
309 611 66 21 säker
394 611 149 26 uppfattning
563 617 37 14 om
616 611 93 21 hvilken
725 610 101 27 riktning

69 651 53 15 vore
144 645 42 22 den
208 646 70 20 rätta.
309 645 32 22 De
364 645 198 26 undersökningar
586 651 49 15 som
650 645 36 22 för
702 645 123 27 belysande

69 680 26 20 af
115 679 133 22 hithörande
272 679 75 27 frågor
369 681 57 20 utan
449 679 84 22 tvifvel
552 685 55 16 vore
623 680 111 27 önskliga,
750 680 75 21 måste

68 714 71 21 under
154 714 83 27 antydt
252 714 139 21 förhållande
407 714 101 21 omfatta
524 714 51 22 hela
591 714 137 27 landskapet
742 715 84 21 mellan

69 749 119 20 Savolaks-
204 749 41 21 och
264 748 112 21 Karelska
392 749 107 20 banorna.
531 748 124 22 Utskottet
671 749 70 26 hyser
756 749 69 22 också

69 783 38 22 der
129 783 156 26 förhoppning,
309 784 36 20 att
368 783 141 26 Regeringen
533 783 20 26 ej
575 783 58 22 skall
653 783 120 22 underlåta
789 785 36 20 att

68 817 134 22 införskaffa
225 817 29 21 all
278 817 130 27 erforderlig
431 818 136 21 ekonomisk
582 818 121 26 utredning
719 818 48 21 före
783 818 42 21 den

67 853 32 20 tid
122 852 29 21 då
173 852 73 21 denna
269 852 71 21 banas
363 852 119 27 byggande
505 852 46 21 kan
574 852 177 27 ifrågakomma;
773 859 38 15 me

68 888 47 19 tror
137 887 77 25 likväl,
238 888 36 19 att
300 886 38 21 det
361 886 50 22 icke
433 892 54 16 vore
507 887 51 21 skäl
574 887 36 20 att
625 887 6 20 i
648 887 42 21 den
706 888 118 20 närmaste

67 921 123 21 framtiden
213 921 77 21 skrida
312 921 34 21 till
366 921 86 21 sådana
472 921 203 27 undersökningar.
706 921 54 22 Dels
779 921 47 21 kan

67 955 73 22 denna
155 955 60 21 bana
230 955 120 26 tydligtvis
366 957 60 19 ännu
442 955 50 22 icke
508 955 79 22 alltför
603 957 65 20 snart
682 956 93 21 komma
791 955 34 22 till

67 989 126 26 utförande,
210 989 48 22 dels
266 989 75 22 måste
350 990 38 21 det
395 989 108 27 förutses,
513 991 37 20 att
560 990 64 21 såväl
636 990 189 21 Savolaksbanan

68 1030 49 15 som
133 1025 41 20 den
191 1024 112 21 Karelska
317 1024 125 27 jernvägen
454 1024 20 27 ej
487 1025 157 26 oväsendtligt
656 1025 66 20 skola
730 1025 95 21 inverka

67 1059 29 26 på
118 1059 27 21 de
168 1059 148 21 ekonomiska
339 1058 172 22 förhållandena
534 1059 7 20 i
563 1059 75 21 denna
661 1059 102 21 landsdel
783 1059 42 21 och

67 1093 106 21 förändra
195 1093 110 21 trafikens
328 1093 101 26 riktning
452 1093 126 21 derstädes.
609 1093 43 22 Det
676 1099 55 16 vore
751 1093 75 21 derför

67 1127 225 27 ändamålsenligare,
315 1133 37 15 om
370 1127 147 27 erforderliga
537 1127 150 22 ekonomiska
702 1127 122 22 undersök-

67 1161 79 27 ningar
169 1161 73 22 skulle
265 1161 151 22 föranstaltas
439 1161 60 22 först
522 1162 71 21 sedan
616 1162 64 21 detta
700 1162 125 26 inflytande

67 1196 82 21 hunnit
170 1197 55 26 göra
248 1196 34 27 sig
305 1196 103 27 gällande
427 1197 42 20 och
484 1196 138 27 tidpunkten
638 1196 35 21 för
687 1196 138 27 jernvägens

66 1230 122 22 utförande
203 1236 64 15 mera
282 1232 92 20 närmat
390 1229 54 28 sig."

136 1265 32 21 De
189 1264 95 21 anförda
309 1265 175 26 synpunkterna
506 1265 78 26 hafva,
608 1265 70 26 enligt
694 1265 130 21 utskottets

67 1299 76 26 tanke,
167 1299 41 21 full
231 1299 104 26 giltighet
357 1299 42 21 allt
423 1299 148 26 fortfarande,
595 1299 94 21 hvarför
708 1299 118 22 utskottet

67 1333 82 21 endast
164 1333 46 20 kan
225 1333 95 21 föreslå:

272 1368 32 19 att
330 1366 176 28 ifrågavarande
529 1367 229 28 petitionsmemorial
779 1367 46 21 icke

203 1401 68 21 måtte
293 1401 117 28 föranleda
433 1401 36 21 till
491 1401 76 28 någon
585 1401 81 28 åtgärd
680 1401 56 28 från
753 1401 69 21 Stän-

204 1436 80 20 dernas
299 1436 55 20 sida.

136 1486 202 18 Petitionsbetänkande
351 1486 35 17 N:o
399 1487 17 17 2.
