1070 1795
264 130 26 20 16
409 129 280 23 Petitionsbetänkande
705 130 43 22 N:o
764 129 39 23 36.

233 197 130 28 bristfälligt.
393 197 50 22 Men
460 205 34 12 om
510 198 41 20 ock
567 198 144 28 skogsegaren
726 197 69 22 stälde
811 199 33 26 sig
854 197 137 28 paragrafens

233 231 161 28 bestämningar
414 231 32 22 till
470 231 150 28 efterrättelse,
641 232 42 21 kan
706 232 42 21 han
770 232 66 21 likväl
857 231 80 29 afyttra
952 231 41 22 alla

233 265 55 27 träd,
310 265 73 22 hvilka
405 266 67 21 hafva
494 266 56 21 helst
573 266 66 28 nägot
654 266 119 27 saluvärde,
789 266 40 21 och
845 266 90 21 sälunda
950 266 42 21 till-

233 299 53 28 foga
307 301 32 20 sin
363 300 99 28 lägenhet
483 308 25 13 en
533 301 110 27 oersättlig
666 300 72 21 skada.
768 301 45 20 Det
833 303 24 18 är
877 300 116 28 ingalunda

234 334 90 28 sällsynt
346 337 32 18 att
400 342 48 13 man
463 335 63 28 säljer
541 335 98 21 barrträd
654 335 41 21 och
710 335 35 21 för
759 335 148 28 tjärbränning
921 335 72 20 afska-

234 368 32 21 lar
286 369 68 25 tallar,
375 369 71 21 hvilka
469 369 38 21 vid
528 369 112 28 brösthöjd
662 371 56 19 mäta
742 370 83 21 12—15
841 372 60 22 cmtr,
914 369 79 20 under-

234 403 101 21 stundom
350 403 48 21 icke
414 411 38 13 ens
467 403 65 21 detta.
563 403 54 21 Ofta
632 403 91 29 afyttras
739 403 48 21 hela
803 403 129 28 skogslotter
942 406 51 18 utan

234 436 68 28 nägra
316 438 179 27 inskränkningar
511 438 133 21 beträffande
666 438 86 21 trädens
776 438 81 21 storlek
879 438 41 20 och
941 445 52 13 van-

234 471 74 28 ligtvis
335 471 100 22 förstöres
461 471 28 22 dä
514 472 65 21 äfven
605 475 50 18 utan
678 472 128 28 förskoning
828 471 83 22 mindre
933 471 60 28 skog.

234 505 74 21 Ehuru
331 513 49 13 man
401 506 66 21 redan
489 510 98 24 nogsamt
602 507 57 20 inser
674 506 76 21 värdet
765 507 23 20 af
803 506 88 27 skogen,
905 505 88 21 hvilken

234 539 41 21 lätt
290 539 41 22 kan
346 540 123 21 förvandlas
485 541 32 20 till
531 541 125 28 penningar,
668 541 76 21 tänker
754 548 49 13 man
814 540 66 21 sällan
892 539 27 29 på
928 539 65 21 fram-

233 573 67 27 tiden,
322 577 51 18 utan
388 575 98 21 försöker
504 579 31 17 att
550 578 76 25 genast
642 575 105 21 förskafta
762 575 33 27 sig
811 574 76 28 någon,
903 581 33 14 om
952 574 41 21 ock

236 608 89 27 mindre,
340 609 94 22 inkomst
456 610 23 21 af
501 609 129 22 densamma.
660 609 49 21 Den
729 609 116 21 medellösa
865 609 67 20 måste
948 608 45 21 ofta

234 643 7 19 i
264 642 65 21 altför
348 643 43 28 hög
405 644 52 27 grad
473 644 143 28 tillgodogöra
632 645 33 26 sig
680 643 122 22 inkomsten
818 643 48 20 från
881 643 33 20 sin
929 642 64 28 skog;

235 677 73 20 nöden
328 678 87 27 tvingar
435 678 78 21 honom
535 678 77 26 dertill,
634 677 90 22 emedan
747 677 41 21 han
812 678 18 27 ej
850 677 49 21 med
914 684 79 13 samma

235 711 78 21 lätthet
335 712 67 21 finner
423 713 65 20 andra
512 712 69 21 medel
603 715 31 18 att
654 712 67 21 rädda
744 713 32 27 sig
799 720 26 13 ur
846 714 31 18 ett
891 711 103 28 tillfälligt

235 745 111 28 trångmål.
377 746 75 21 Också
466 746 42 21 den
523 747 112 28 förmögne
651 747 63 20 söker
728 753 77 21 genom
818 745 90 28 förtidig
918 745 75 28 skogs-

235 779 129 29 afverkning
389 781 41 20 öka
453 781 46 21 sina
521 781 119 28 tillgångar.
670 781 113 21 Utskottet
806 780 107 21 förmenar
935 779 58 21 detta

235 813 65 22 lända
320 814 143 28 skogsegaren
486 815 33 21 till
538 823 63 20 gagn,
616 815 88 21 emedan
720 815 42 21 han
777 815 22 28 ju
815 814 96 26 sålunda,
926 813 67 22 erhål-

234 847 32 21 ler
289 850 67 19 större
377 848 94 22 afkomst
491 849 49 21 från
555 850 33 20 sin
604 849 60 28 skog,
679 851 27 19 än
721 857 35 13 om
771 849 153 28 försäljningen
940 856 54 21 upp-

235 881 82 28 skjutes
340 883 32 20 till
395 883 72 28 längre
487 883 61 21 fram.
578 883 78 22 Denna
675 883 113 21 förmodan
803 883 62 21 torde
880 883 47 21 icke
942 890 52 14 vara

236 916 103 29 sakenlig.
369 917 39 22 Ett
423 921 52 25 ungt
490 918 97 21 barrträd
602 919 99 20 tillväxer
716 917 69 22 under
800 925 27 14 en
839 917 154 28 jemförelsevis

236 950 50 22 kort
300 951 31 21 tid
347 952 70 28 någon
432 955 45 18 tum
492 953 7 20 i
514 953 101 28 tjocklek,
630 960 49 13 men
695 953 67 28 priset
777 952 36 21 för
829 955 30 18 ett
868 954 67 19 större
947 952 47 21 träd

236 986 67 27 stiger
318 986 64 21 äfven
399 987 36 21 vid
451 995 80 13 samma
542 987 96 28 tjocklek
648 988 31 20 uti
694 987 158 28 jemförelsevis
863 989 56 18 ännu
930 987 64 28 högre

235 1020 60 27 grad.
324 1021 96 21 Sålunda
441 1021 38 22 har
501 1029 48 14 man
572 1021 106 26 uträknat,
700 1024 32 19 att
751 1021 77 21 värdet
843 1021 34 21 för
893 1023 30 19 ett
938 1022 55 19 6—7

235 1057 58 18 tums
308 1055 97 21 furuträd
421 1055 81 28 årligen
517 1057 67 27 stiger
599 1056 97 28 omkring
712 1056 69 27 10%),
798 1055 76 21 medan
893 1055 37 21 det
952 1055 43 20 till-

236 1090 68 20 växer
318 1097 25 13 en
358 1092 45 18 tum
416 1091 7 20 i
439 1090 90 28 omfång.

307 1123 113 22 Utskottet
434 1124 81 29 hoppas
531 1127 32 18 att
578 1124 185 28 skogssköflingen
779 1124 55 21 skall
854 1123 96 28 upphöra
973 1123 22 21 af

236 1157 34 28 sig
292 1157 53 28 sjelf.
375 1158 45 21 Det
438 1161 22 19 är
475 1159 88 28 möjligt,
579 1166 47 13 men
642 1159 67 28 enligt
724 1158 40 21 vår
778 1158 66 21 tanke
859 1157 56 21 först
929 1157 66 22 sedan

235 1199 79 20 genom
329 1192 184 29 skogssköflingen
529 1201 26 13 en
571 1193 110 28 oersättlig
697 1192 67 21 skada
781 1192 92 21 drabbat
882 1191 48 22 vårt
940 1191 55 22 land.

306 1226 52 21 Man
374 1227 73 28 påstår
461 1230 32 18 att
508 1227 48 22 vårt
571 1227 46 21 folk
632 1227 64 28 hyser
711 1227 98 28 motvilja
824 1226 35 21 för
873 1225 123 22 restriktiva

236 1261 66 28 lagar.
331 1261 155 22 Erfarenheten
502 1263 58 20 visar
575 1265 69 18 annat.
672 1261 35 21 Då
722 1261 81 28 nödiga
818 1260 178 29 inskränkningar

236 1295 6 20 i
259 1295 154 28 eganderätten
428 1296 72 28 gjorts,
515 1296 39 21 har
568 1295 69 22 folket
652 1298 51 19 utan
719 1295 54 21 knot
788 1295 73 21 funnit
876 1295 33 27 sig
919 1295 7 20 i
936 1294 59 25 dem;

236 1329 26 20 så
284 1329 61 28 djupt
368 1330 38 20 har
428 1330 97 28 lagarnas
548 1329 64 28 helgd
629 1330 40 20 och
684 1329 147 29 laglydnaden
847 1330 79 19 inrotat
941 1329 32 27 sig
989 1330 6 19 i

235 1362 82 22 folkets
332 1363 148 22 medvetande.
510 1364 49 21 Och
575 1366 56 18 ännu
646 1363 82 21 mindre
749 1362 153 29 motbjudande
923 1362 72 22 blefve

236 1397 114 28 lagbuden,
361 1398 28 21 då
404 1398 27 21 de
446 1398 101 21 härledde
563 1399 33 27 sig
610 1398 48 21 från
675 1398 77 26 beslut,
768 1397 84 21 fattade
873 1397 22 20 af
916 1397 79 21 folkets

236 1439 55 20 egna
305 1435 176 25 representanter.

305 1471 182 18 Ekonomiutskottets
500 1472 110 17 betänkande
624 1472 35 17 N:o
672 1472 28 17 14.
