1070 1795
209 144 13 19 6
380 141 262 24 Motionsbetänkande
657 141 46 24 N:o
719 141 23 23 2.

542 205 12 28 8
571 205 19 22 2.

257 251 137 20 Minuthandel
410 252 44 19 med
469 251 49 20 eller
533 251 134 24 utskänkning
683 251 21 20 af
718 251 132 25 maltdrycker
865 251 31 20 må
906 251 34 20 be-

184 279 76 20 drifvas
282 281 18 23 ej
318 281 76 19 mindre
410 280 21 19 af
444 280 110 24 välfrejdad
569 280 51 19 finsk
635 280 136 24 medborgare,
787 286 41 13 som
843 281 53 23 gjort
912 281 29 24 sig

182 309 55 19 känd
256 308 32 20 för
302 309 82 19 redbart
398 308 123 21 förhållande
537 311 52 17 samt
604 309 80 24 pröfvas
700 309 6 19 i
722 308 59 25 öfrigt
795 309 30 19 till
841 309 99 20 rörelsens

182 337 110 20 utöfvande
313 337 80 24 lämplig
413 343 53 18 vara,
489 340 24 17 än
529 337 22 20 af
565 337 32 20 för
611 337 112 20 ändamålet
737 337 78 20 bildadt
829 337 65 24 bolag,
911 343 29 14 se-

183 366 39 19 dan
239 366 127 24 vederbörlig
390 366 101 23 tillåtelse,
515 367 7 18 i
548 367 38 18 den
614 366 83 24 ordning
721 366 37 20 här
773 367 64 19 nedan
854 366 86 24 stadgas,

182 395 70 19 därtill
268 395 107 20 utverkats.

254 423 56 19 Inom
332 424 82 19 Januari
428 424 71 19 månad
514 424 120 19 hvartannat
648 424 22 19 år
686 430 35 18 ege
736 424 103 23 magistrat
853 422 89 21 infordra

185 451 197 26 stadsfullmäktiges,
406 452 48 19 eller
469 452 35 19 der
519 452 179 24 stadsfullmäktige
713 452 45 19 icke
774 451 69 24 finnas,
859 452 82 19 rådhus-

184 482 94 17 stämmas
305 481 107 23 utlåtande,
438 481 95 19 buruvida
558 481 37 20 och
620 481 30 19 till
665 481 75 19 hvilket
756 481 53 19 antal
825 480 117 25 rättigheter

185 509 31 19 till
234 509 142 23 utminutering
392 509 37 20 och
444 509 135 24 utskänkning
594 509 21 20 af
629 509 134 24 maltdrycker
778 509 49 20 böra
842 509 32 19 för
889 511 53 18 näst-

185 538 134 19 instundande
335 538 33 19 två
383 538 22 19 år
420 538 97 24 upplåtas,
532 538 100 19 äfvensom
647 539 7 18 i
669 538 66 19 hvilka
750 538 76 19 trakter
841 537 22 20 af
871 537 70 20 staden

184 566 163 24 utminuterings-
363 566 37 20 och
415 567 214 23 utskänkningsställen
645 567 45 20 icke
705 566 21 20 få
740 566 69 20 finnas.

258 594 82 20 Besluta
357 595 178 24 stadsfullmäktige
551 595 49 20 eller
615 596 163 23 rådhusstämma,
793 597 30 17 att
838 595 103 19 utminute-

183 623 47 24 ring
256 623 49 20 eller
329 623 132 24 utskänkning
485 624 44 19 icke
551 624 52 19 skall
624 630 36 18 ega
675 630 49 17 rum,
740 624 49 19 eller
803 626 22 18 är
840 624 103 23 magistrat

184 652 46 19 med
247 652 179 25 stadsfullmäktige
442 652 48 19 eller
505 653 157 19 rådhusstämma
678 659 46 13 ense
740 653 102 23 angående
857 652 85 19 utminu-

185 681 103 23 teringens
305 681 49 19 eller
369 681 169 24 utskänkningens
555 681 107 24 ordnande,
678 681 61 20 blifve
756 681 69 19 därvid
835 681 107 19 beroende.

185 710 9 18 I
220 713 62 15 annat
304 709 34 20 fall
361 710 130 19 öfverlemoar
505 711 129 23 magistraten
650 711 83 18 ärendet
748 710 30 19 till
793 709 149 24 länestyrelsen,

186 743 42 14 som
250 744 48 18 eger
313 739 42 18 däri
371 739 83 23 besluta;
470 739 51 19 dock
536 739 31 19 må
583 739 74 19 antalet
673 739 158 22 utminuterings-
849 738 49 19 eller
912 740 29 17 ut-

187 767 245 24 skänkningsrättigheter
456 768 18 23 ej
496 768 118 18 bestämmas
635 768 67 23 högre,
725 769 24 17 än
765 766 178 24 stadsfullmäktige

187 795 50 19 eller
252 795 157 20 rädhusstämma
424 795 77 25 pröfvat
515 795 96 26 lämpligt.

541 852 12 27 8
571 855 20 18 3.

259 898 91 25 Skriftlig
371 899 87 20 ansökan
484 905 30 14 om
536 899 94 24 rättighet
646 899 30 19 till
692 898 141 24 utminutering
850 898 48 19 eller
913 900 29 17 ut-

187 927 115 24 skänkning
322 927 22 21 af
364 928 133 24 maltdrycker
515 929 61 23 jämte
598 929 54 23 intyg
667 933 31 14 om
714 927 111 20 sökandens
841 927 51 23 frejd
908 926 36 19 och

187 955 80 24 uppgift
284 957 12 18 å
311 957 73 23 stället,
400 957 36 19 der
450 957 119 23 rättigheten
586 959 22 16 är
622 956 70 20 afsedd
708 958 30 17 att
750 955 84 24 utöfvas,
849 955 95 19 inlemnas

188 984 31 19 till
242 985 137 23 magistraten,
401 991 41 13 som
463 991 46 18 eger
530 985 87 20 inhemta
632 985 188 23 stadsfullmäktiges
836 984 49 19 eller
899 983 45 20 räd-

187 1013 133 20 husstämmas
342 1017 50 16 samt
412 1014 168 25 poliskammares,
596 1014 36 19 der
646 1014 61 19 sådan
723 1013 69 23 finnes,
807 1013 92 24 yttrande
915 1012 29 19 öf-

188 1047 35 14 ver
247 1042 137 24 ansökningen
401 1043 36 19 och
453 1043 120 25 densamma,
588 1042 51 19 efter
654 1042 99 25 pröfning,
769 1041 67 20 bifalla
852 1041 48 20 eller
915 1041 30 19 af-

188 1070 38 19 slå.
256 1070 76 20 Finner
353 1072 125 23 magistraten
497 1072 50 23 godt
569 1071 134 24 ansökningen
719 1071 75 22 bifalla,
807 1069 78 20 utfärde
901 1070 43 19 der-

188 1099 58 19 öfver
272 1100 161 23 —tillständsbevis,
458 1101 43 18 med
521 1100 114 19 utsättande
651 1100 19 19 af
686 1101 38 18 den
739 1099 29 20 tid
783 1099 110 19 hvarunder
909 1098 36 20 och

190 1128 38 19 den
254 1128 57 19 trakt
333 1128 22 19 af
374 1129 77 24 staden,
465 1129 36 19 der
516 1129 134 23 utskänkning
664 1129 32 18 må
718 1127 106 24 bedrifvas,
847 1127 99 20 :äfvensom

189 1157 25 18 de
230 1156 67 24 öfriga
317 1156 131 25 föreskrifter,
464 1163 41 14 som
521 1157 30 19 till
567 1157 39 24 god
621 1157 94 24 ordnings
729 1156 133 24 befrämjande
877 1154 69 21 kunna

188 1185 33 19 för
235 1186 101 19 särskilda
351 1185 34 20 fall
400 1192 58 13 anses
473 1191 48 14 vara
535 1185 22 20 af
571 1186 71 19 nöden.

259 1214 41 19 Vill
327 1215 45 22 den,
397 1220 40 14 som
460 1215 85 19 ansöker
561 1220 30 13 om
608 1214 245 24 utskänkningsrättighet,
869 1213 20 20 ät
905 1215 41 17 sär-

190 1242 53 19 skild
266 1242 138 20 föreständare
426 1243 89 20 anförtro
538 1243 116 24 utöfningen
677 1243 63 23 deraf,
756 1243 36 19 bör
807 1243 74 18 dennes
896 1242 51 23 goda

189 1271 53 24 frejd
264 1272 73 23 jemväl
362 1272 80 19 utredas
464 1272 37 20 och
524 1277 108 19 personens
658 1271 113 24 lämplighet
786 1271 21 20 af
820 1271 126 23 magistraten

188 1299 92 25 pröfvas.

261 1329 104 23 Flyttning
386 1329 22 19 af
432 1329 202 23 utskänkningsställe
656 1329 49 19 eller
720 1329 78 23 ombyte
814 1327 21 20 af
849 1327 99 20 förestän-

190 1356 49 20 dare
262 1358 33 18 mä
317 1357 43 20 icke
376 1358 36 20 ske
427 1361 48 16 utan
490 1357 67 20 därtill
573 1357 22 19 af
609 1357 127 24 magistraten
753 1356 83 20 erhället
850 1356 97 19 tillständ.

264 1385 64 20 Göres
349 1387 136 23 ansökningen
504 1386 21 19 af
546 1386 66 25 bolag,
626 1386 38 19 bör
679 1385 65 20 tillika
759 1386 37 19 den
811 1390 80 19 person,
907 1389 41 15 som

190 1414 79 20 komme
293 1418 29 16 att
342 1415 89 20 rörelsen
447 1415 81 23 förestä,
542 1417 82 17 nämnas
639 1415 37 19 och
692 1415 74 19 dennes
781 1414 52 23 goda
847 1413 52 24 frejd
914 1413 35 20 be-

191 1442 83 16 hörigen
292 1444 78 13 styrkas

191 1459 85 8 hörigen
292 1458 86 10 styrkas,

261 1481 183 19 Ekonomiutskottets
456 1481 110 19 betänkande
579 1483 37 16 N:o
628 1481 26 18 11.
