1070 1795
262 105 28 21 68
455 105 229 22 Petitionsbetänkande
701 106 35 21 N:o
752 105 19 22 2.

233 162 113 23 Pihtipudas
358 163 35 17 och
406 163 99 22 Pyhäjärvi
518 163 34 18 bör
564 163 93 23 tilläggas.
684 163 64 18 Under
760 165 76 16 senaste
849 168 79 13 sommar
940 163 53 18 fanns

234 192 52 17 inom
305 191 136 18 ofvannämnda
457 193 40 16 åtta
514 192 110 18 kommuner
642 193 67 17 inalles
734 192 33 18 770
786 192 89 22 mejerier
892 192 6 17 i
911 192 52 23 gång,
975 191 20 18 af

233 221 65 17 hvilka
315 220 34 18 576
367 220 98 19 bedrefvos
484 221 59 22 enligt
561 220 198 24 afkylningsmetoden
771 221 36 17 och
819 221 35 17 194
866 220 42 18 med
920 225 73 18 separa-

232 251 58 16 torer.
314 249 41 18 Den
374 249 61 23 årliga
453 249 197 23 smörtillverkningen
669 249 42 18 från
728 249 95 18 desamma
835 249 117 18 beräknades
965 249 27 18 till

233 279 29 16 ett
274 277 136 23 sammanlagdt
422 278 67 22 belopp
503 278 20 17 af
534 279 75 20 625,220
620 279 30 22 kg.
664 279 123 22 mejerismör.

302 312 88 17 Förutom
409 311 36 18 den
463 312 96 23 betydliga
578 312 61 22 trafik,
658 318 39 12 som
712 312 41 18 från
766 312 95 23 Uleåborg
874 312 34 17 och
921 312 72 23 Kajana

232 341 75 18 komme
325 341 62 18 denna
405 341 149 22 bansträckning
572 341 30 18 till
622 341 36 21 del,
675 341 62 18 skulle
753 340 23 19 de
788 341 129 22 importvaror,
930 341 63 17 hvilka

232 369 43 18 från
300 370 88 17 sträckan
411 369 199 23 Kuopio—Idensalmi
634 375 69 17 genom
724 369 144 18 handlandenes
881 369 111 23 förmedling

233 397 62 19 skulle
315 398 64 23 sprida
399 398 57 23 kring
472 398 115 23 landskapet,
612 398 73 23 årligen
704 400 66 21 utgöra
788 399 58 17 minst
864 399 52 21 5,000
927 403 64 18 vagns-

233 427 64 17 laster.
321 426 26 18 Af
369 427 220 23 bruksanläggningarna
612 427 6 17 i
643 426 88 18 Karttula
750 426 60 19 skulle
831 427 60 17 Souru
901 427 91 22 jernbruk

233 456 74 17 komma
331 458 27 15 att
376 456 72 23 årligen
466 458 101 20 exportera
584 456 28 17 till
632 455 114 23 Petersburg
764 455 81 23 ungefär
859 456 91 21 3,400,000
962 455 29 23 kg.

229 485 52 21 jern;
301 485 93 17 dessutom
414 485 61 17 skulle
500 484 80 23 ungefär
597 485 11 17 4
626 484 45 23 milj.
690 485 30 22 kg.
731 484 101 22 jernmalm
856 487 135 20 transporteras

232 513 41 18 från
289 514 102 17 hamnarna
403 514 6 17 i
423 513 73 23 Kuopio
509 513 48 18 eller
569 513 133 18 Tuovilanlaks
714 513 30 17 till
757 513 89 18 Karttula
853 515 47 16 samt
906 513 84 18 kalksten

231 541 42 18 från
292 542 112 18 Kurkimäki
423 542 28 17 till
467 542 89 17 Karttula
568 542 78 23 ungefär
660 542 9 17 1
683 542 45 20 milj.
742 542 30 22 kg;
786 541 126 18 hvarförutom
924 542 67 17 bruket

231 571 73 18 komme
317 573 27 16 att
356 571 62 18 denna
431 573 34 20 väg
478 571 85 18 anskaffa
575 571 29 22 sig
616 571 41 17 från
670 571 115 22 Petersburg
797 571 70 18 60—70
877 571 114 22 vagnslaster

233 599 79 23 rågmjöl
325 600 35 17 och
373 599 67 24 ungfär
452 600 22 17 50
486 599 117 23 vagnslaster
615 599 59 18 andra
687 605 55 12 varor
755 601 48 16 samt
815 599 97 24 betydliga
922 600 68 22 qvanti-

231 630 49 16 teter
292 629 34 17 ved
339 629 53 22 långs
406 628 42 18 med
461 629 42 17 hela
515 629 65 22 linjen.
595 628 105 23 Syväniemi
713 627 157 18 trådrullefabrik
876 629 36 17 kan
919 629 70 22 årligen

231 659 100 20 exportera
351 657 78 23 ungefär
448 657 33 18 100
499 657 116 22 vagnslaster
633 657 104 18 trådrullor
755 657 35 18 och
809 657 62 18 skulle
891 657 53 18 äfven
957 663 34 18 per

228 686 80 23 jernväg
319 688 128 21 transportera
459 686 56 17 minst
527 686 34 17 300
574 686 116 22 vagnslaster
703 688 90 15 trävaror.

301 720 140 18 Ofvannämnda
459 720 62 17 fabrik
546 720 34 18 och
601 720 47 18 bruk
661 720 55 18 hafva
728 720 96 18 dessutom
837 721 24 22 på
876 721 114 18 kommunal-

232 750 92 16 stämman
336 749 6 17 i
356 749 86 17 Karttala
453 749 86 17 utlofvat:

301 777 61 18 Souru
372 777 93 23 jernbruk
477 778 51 21 2,000
541 778 36 17 mk.
590 778 72 22 årligen
676 778 61 18 under
749 778 24 17 10
785 779 31 17 års
829 778 34 22 tid,
875 779 40 17 ifall
930 779 59 23 någon

231 806 70 17 station
313 807 31 17 vid
357 807 61 17 denna
431 807 48 17 bana
491 807 94 22 förlägges
597 807 24 22 på
634 807 8 17 1
657 807 37 17 km.
707 807 75 18 afstånd
796 807 41 18 från
851 807 75 22 bruket;
940 808 50 21 1,500

231 835 42 21 mk.,
299 841 29 12 om
346 835 68 18 station
436 835 81 18 förlades
536 836 24 22 på
572 835 55 23 högst
638 836 12 17 3
662 836 37 17 km.
712 835 75 18 afständ
801 836 35 18 och
849 837 51 21 1,000
913 837 34 17 mk.
961 842 28 12 om

230 863 96 18 afståndet
344 863 41 18 från
404 864 68 17 bruket
483 864 29 17 till
525 865 60 22 någon
599 865 69 17 station
681 865 38 17 blir
731 865 71 22 längre,
816 870 42 13 men
871 865 57 18 sådan
942 865 47 18 dock

230 891 92 24 förlägges
335 893 50 17 inom
398 893 86 17 Karttula
496 893 79 22 socken;

300 921 106 23 Syväniemi
431 921 154 18 trådrullefabrik
609 922 24 23 på
652 923 100 17 enahanda
773 922 62 18 vilkor
847 923 34 17 och
894 923 28 18 för
935 924 21 17 10
969 924 20 17 år

230 949 70 18 framåt
311 950 7 17 i
331 950 59 18 första
402 949 54 18 fallet
468 950 51 21 1,000
531 951 36 20 mk,
580 951 6 16 i
600 951 58 17 andra
671 951 35 18 750
718 951 37 21 mk,
768 951 35 18 och
816 951 7 18 i
835 951 61 23 tredje
908 953 34 17 500
954 952 34 17 mk.

300 979 99 18 Dessutom
418 979 34 17 har
464 979 87 18 Karttula
563 979 88 18 kommun
667 979 79 18 beslutit
758 980 59 22 gratis
841 982 66 21 utgöra
919 981 29 17 två
961 986 28 12 ar-

231 1007 101 23 betsdagar
350 1007 28 18 för
397 1007 63 23 hvarje
474 1007 153 18 mantalskrifven
641 1013 123 18 mansperson
778 1011 47 15 samt
838 1009 77 18 utlofvat
928 1010 61 21 10,000

230 1038 22 16 st.
276 1036 88 23 sleepers.
390 1037 68 17 Likasä
475 1036 56 18 hafva
549 1037 59 17 andra
626 1037 85 21 socknar,
724 1037 65 18 hvilka
799 1037 104 23 jernvägen
916 1038 72 18 komme

229 1066 28 16 att
269 1065 72 22 beröra,
354 1065 29 18 för
396 1065 52 18 detta
459 1065 86 18 ändamål
558 1065 50 23 gjort
620 1067 50 16 stora
683 1065 118 19 donationer.

299 1094 33 17 Att
355 1093 54 18 äfven
434 1093 45 19 flere
499 1094 60 17 andra
578 1094 210 23 fabriksanläggningar
806 1095 7 18 i
826 1095 87 18 Karttula
925 1093 63 21 kunde

229 1123 69 22 uppstä
316 1122 48 18 efter
381 1123 112 22 jernvägens
513 1123 103 22 öppnande,
636 1123 74 18 bevisas
726 1123 21 18 af
759 1124 108 18 statistiken
880 1125 50 17 öfver
942 1125 45 18 fors-

230 1155 57 13 sarna
300 1151 49 17 inom
362 1151 88 18 socknen:
464 1151 109 18 Hirvikoski
585 1152 42 17 med
640 1153 11 17 4
664 1152 36 18 fots
712 1152 38 22 fall,
763 1149 95 26 Äyskoski
870 1153 11 18 8
893 1153 32 22 fot,
938 1153 50 18 Savi-

229 1179 57 18 koski
299 1179 10 18 8
321 1179 32 22 fot,
366 1179 146 23 Tupakkakoski
525 1180 23 17 12
561 1180 32 22 fot,
605 1181 106 23 Koskispää
723 1182 23 17 14
759 1181 27 18 fot
799 1181 34 18 och
842 1182 98 18 Lieskoski
946 1182 42 19 med

228 1207 24 18 14
264 1207 37 18 fots
314 1207 37 18 fall.

299 1232 55 22 Ännu
378 1236 109 23 påpekande
507 1237 31 18 det
555 1237 143 23 ifrågavarande
715 1239 82 22 jernväg
815 1239 72 18 komme
907 1241 26 16 att
945 1239 43 18 leda

228 1264 49 18 förbi
290 1265 132 18 Tuovilanlaks
440 1266 105 23 hamnplats
559 1267 34 17 och
607 1268 46 16 nära
665 1267 150 22 Viannankoski,
828 1269 57 22 vågar
895 1269 32 22 jag
936 1269 51 17 vörd-

228 1295 50 16 samt
303 1294 75 17 anhålla
402 1296 27 16 att
446 1295 142 18 Bondeståndet
605 1296 7 17 i
632 1295 87 24 förening
734 1296 43 18 med
791 1296 61 23 öfriga
865 1297 54 18 stånd
931 1297 56 18 måtte

227 1321 35 18 hos
276 1322 51 18 Hans
340 1323 106 23 Kejserligå
458 1323 89 24 Majestät
559 1325 83 17 anhålla:

436 1382 33 19 att
484 1380 65 23 Hans
566 1381 123 29 Kejserliga
701 1382 108 29 Majestät
817 1383 48 28 före
872 1384 113 21 nästkom-

368 1410 80 21 mande
470 1410 147 22 ständermöte
641 1411 80 22 täcktes
742 1412 47 21 låta
805 1413 117 20 verkställa
938 1413 49 20 eko-

299 1459 201 20 Petitionsbetänkande
512 1460 37 19 N:o
561 1461 19 18 2.
