1070 1795
254 111 40 22 158
447 111 229 21 Petitionsbetänkande
693 111 35 20 N:o
743 111 22 20 2.

222 169 141 26 Hinnerjoki,
380 169 54 21 eller
457 169 7 20 i
487 174 81 16 senare
584 169 108 21 händelse
708 169 52 20 från
776 175 29 15 en
821 169 69 26 något
906 168 75 22 vestli-

222 209 54 22 gare
291 203 75 27 punkt
380 209 82 22 gonom
477 203 73 27 Lappi
565 203 42 22 och
617 203 87 27 Letala,
716 203 151 22 hvilkendera
878 205 44 25 väg
933 208 48 15 som

222 240 29 19 än
263 237 108 22 framdels
382 237 46 22 kan
439 237 103 22 befinnas
551 237 226 27 ändamålsenligare.
794 237 91 27 Bygges
894 237 88 21 Raumo

222 273 76 20 banan
314 272 49 21 från
379 272 138 27 Harjavalta
534 272 45 21 kan
594 272 181 26 Nystadsbanan
791 272 125 25 dessutom,
933 272 48 21 obe-

223 306 82 22 roende
321 306 70 27 deraf,
404 307 62 21 ledas
479 306 51 21 frän
540 306 108 27 Peipohja
659 312 82 21 genom
752 306 67 21 Eura.
843 306 138 26 Visserligen

222 341 42 21 har
287 341 61 21 inom
371 341 118 21 utskottet
514 341 146 26 framhällits,
676 342 37 20 att
729 340 70 21 ofvan
815 341 100 26 antydda
930 341 51 20 ban-

222 375 183 22 kombinationer
428 381 54 16 vore
502 375 35 20 för
553 375 89 26 Nystad
658 375 42 21 och
716 375 43 21 den
781 375 113 27 sydligare
909 375 71 20 lands-

223 412 65 20 orten
311 410 34 21 till
368 410 53 27 föga
444 411 75 25 nytta,
544 409 28 21 dä
595 409 89 22 Raumo
704 409 59 27 stad,
783 409 77 23 såsom
877 415 65 21 egare
957 409 27 21 af

223 445 88 20 Raumo
334 445 82 24 banan,
440 444 33 21 för
492 446 37 19 att
544 444 100 21 undvika
660 444 145 21 konkurrens
822 444 74 21 kunde
915 444 13 21 ä
946 444 35 21 sin

223 479 59 20 bana
297 479 89 21 belasta
403 479 117 21 trafiken
510 474 12 36 i
535 479 101 26 riktning
652 478 24 21 åt
692 478 92 27 Nystad
800 478 35 21 till
850 479 51 21 med
917 478 64 21 oskä-

231 513 35 27 iga
282 513 98 26 afgifter.
408 513 123 21 Ulskottet
548 519 69 20 synes
633 513 81 21 härvid
730 513 59 21 dock
803 513 93 21 alldeles
912 513 69 20 hafva

230 547 106 26 förbisett,
352 548 37 20 att
405 547 214 26 koncessionslagen
635 547 127 26 medgifver
777 547 100 22 Senaten
887 549 48 20 rätt
945 549 36 20 att

232 581 108 22 astställa
364 583 34 20 ett
421 581 61 22 visst
504 581 127 22 maximum
654 581 35 21 för
709 581 194 27 fraktafgifterna,
920 584 61 19 samt

222 617 43 25 att,
282 621 36 15 om
335 617 78 20 staten
430 616 33 21 för
480 616 35 21 sin
535 616 137 21 subvention
688 615 138 22 förbehälles
842 616 65 21 andel
923 616 6 21 i
945 616 35 21 ba-

223 655 51 21 nan,
300 650 42 21 den
366 650 42 21 ock
433 650 58 21 skall
507 650 78 21 kunna
601 656 24 15 se
641 650 36 21 till
692 651 37 20 att
744 650 72 27 nägra
833 651 148 26 orättmätiga

228 684 170 27 beskattningar
420 685 42 20 här
485 685 20 26 ej
529 685 173 26 ifrägakomma.
741 684 83 22 Finner
847 686 77 21 staten
948 685 33 26 sig

230 719 115 21 iramdeles
368 719 130 21 föranlåten
521 720 36 20 att
580 719 53 26 sjelf
649 719 76 26 bygga
740 719 27 21 de
784 719 137 27 ifrågasatta
937 719 43 26 Ny-

244 753 52 21 jads-
304 753 41 22 och
358 753 334 27 sammanbindningsbanorna,
704 754 27 21 sä
742 753 60 22 skall
814 754 38 21 det
863 754 117 21 dessutom

223 787 128 27 säkerligen
369 788 51 21 icke
440 788 93 27 erbjuda
553 788 142 27 svärigheter
716 790 36 19 att
768 788 23 21 fä
807 788 34 21 till
858 789 78 20 staten
950 789 29 20 in-

231 823 40 19 ösa
290 822 42 21 den
352 823 94 20 sträcka
466 823 26 20 af
505 822 88 21 Raumo
613 823 81 25 banan,
715 828 50 15 som
783 822 74 22 blefve
873 823 35 20 för
923 823 58 20 båda

225 856 146 27 jernvägarne
390 862 141 21 gemensam,
550 858 54 19 enär
619 857 89 20 Raumo
725 857 75 21 banan
816 857 128 27 antagligen
959 857 20 25 ej

228 890 76 21 blifver
312 891 34 20 ett
356 891 26 20 så
390 891 189 26 utomordentligt
589 891 115 21 rentabelt
716 891 96 27 företag,
823 892 37 20 att
868 891 21 26 ej
900 891 80 21 staden

221 930 77 21 gerna,
313 926 63 19 emot
394 925 85 26 skäligt
497 925 53 26 pris,
567 925 58 21 skall
640 925 35 21 till
692 927 79 20 staten
787 925 100 27 föryttra
903 931 27 16 en
946 925 35 22 del

222 959 69 22 deraf.

291 993 39 27 Då,
354 994 52 21 med
428 993 107 22 afseende
555 993 14 22 å
587 994 38 21 det
640 994 103 26 anförda,
760 995 39 20 det
815 994 125 22 emellertid
955 995 26 20 är

222 1034 12 15 af
264 1028 49 27 vigt
332 1030 36 19 att
384 1030 78 19 staten
478 1028 35 21 för
529 1029 42 20 sitt
586 1029 193 26 penningebidrag
795 1029 135 21 förbehåller
946 1029 33 26 sig

221 1062 66 21 andel
305 1063 7 20 i
331 1063 76 20 banan
428 1063 41 21 och
485 1063 68 21 alltså
570 1063 80 21 vinner
666 1063 121 27 möjlighet
802 1063 35 21 till
853 1063 74 22 direkt
943 1069 36 14 an-

221 1096 88 21 verkan
330 1096 30 27 på
378 1097 54 21 dess
447 1097 146 26 förvaltning,
612 1103 55 16 anse
683 1097 24 21 vi
722 1099 36 20 ett
774 1097 111 22 förbehåll
900 1097 79 21 härom

221 1131 84 26 nödigt,
328 1131 6 20 i
358 1131 93 22 hvilken
474 1131 107 22 händelse
605 1131 113 28 företaget
741 1131 78 22 måste
839 1132 140 27 organiseras

220 1166 72 21 under
315 1165 88 22 formen
426 1166 27 21 af
473 1167 35 20 ett
531 1166 135 27 aktiebolag.
698 1166 87 22 Likaså
800 1172 55 15 anse
872 1167 23 20 vi
911 1167 68 20 stats-

222 1200 102 26 bidraget
346 1200 79 21 kunna
448 1200 104 22 minskas
573 1200 34 21 till
629 1200 95 25 800,000
744 1201 68 20 mark
833 1202 61 25 enär,
910 1201 70 26 enligt

221 1239 81 16 senare
323 1234 94 21 utförda
440 1235 157 26 beräkningar,
616 1235 157 21 kostnaderna
793 1235 20 26 ej
833 1235 91 21 komme
944 1236 35 20 att

220 1268 76 27 uppgå
318 1269 34 20 till
368 1269 39 21 det
426 1269 87 26 belopp,
529 1275 48 16 som
595 1269 36 21 vid
648 1269 51 20 1891
719 1269 39 22 års
774 1269 109 27 landtdag
898 1271 81 24 antogs

221 1304 62 20 samt
302 1303 75 20 banan
397 1303 119 22 dessutom
532 1303 40 21 bör
586 1303 78 21 kunna
681 1303 90 22 utföras
787 1303 72 27 enligt
874 1305 35 20 ett
924 1303 54 22 billi-

221 1343 53 20 gare
297 1337 217 27 byggnadssystem,
537 1339 29 19 än
589 1338 37 20 det
649 1343 51 15 som
722 1338 7 20 i
749 1337 230 22 koncessionsansök-

220 1371 84 26 ningen
325 1371 132 27 förutsatts,
481 1372 42 21 och
542 1371 70 27 enligt
631 1371 90 22 hvilket
737 1372 78 21 banan
831 1372 73 21 skulle
919 1372 59 21 med-

220 1410 54 22 taga
291 1411 27 16 en
334 1406 249 27 anläggningskostnad
599 1406 25 21 af
636 1406 117 27 2,170,000
768 1407 74 20 mark.

222 759 11 15 KA

290 1455 203 18 Petitionsbetänkande
504 1456 38 17 N:o
553 1456 19 17 2.
