1070 1795
265 167 277 23 Petitionsbetänkande
558 167 43 22 N:o
616 166 38 23 22.
794 168 12 21 9

81 235 104 28 görelsen
207 235 26 22 af
253 235 45 21 den
316 237 26 20 23
355 235 53 29 juni
425 237 54 20 1885
495 235 95 22 rörande
605 235 133 27 tullverket,
754 237 35 19 att
803 235 32 21 fel

82 269 55 22 eller
151 269 159 22 försummelse
325 270 8 21 i
348 269 108 29 tjensten,
472 270 95 21 hvartill
582 269 139 29 tjensteman
734 269 40 22 vid
782 269 54 22 tull-

81 304 81 21 verket
179 304 63 28 gjort
257 304 36 29 sig
308 304 99 29 skyldig,
424 304 65 25 skall,
506 304 29 21 då
551 304 71 21 målet
637 303 19 30 ej
674 304 36 21 till
725 303 112 22 vederbö-

81 338 71 21 rande
174 338 111 21 domstols
307 338 178 29 handläggning
508 338 160 28 öfverlemnas,
690 337 26 22 af
734 338 101 28 Tullsty-

81 373 81 26 relsen,
178 373 59 21 efter
252 372 136 22 förseelsens
406 373 165 27 beskaffenhet,
587 372 120 22 bestraffas
723 372 53 22 med
784 379 51 15 var-

81 407 64 29 ning,
168 407 64 21 böter
255 414 20 14 o.
298 414 16 15 s.
330 414 28 20 v.,
375 407 43 21 och
434 407 7 21 i
456 414 67 15 mom.
543 408 25 20 14
585 407 143 27 bestämmes,
745 409 34 19 att
795 410 40 18 än-

82 442 68 27 dring
165 442 45 21 kan
226 442 67 21 sökas
308 442 8 20 i
331 441 28 22 de
375 442 179 27 Tullstyrelsens
569 442 82 26 beslut,
661 442 171 21 hvilka
750 437 12 36 i
773 442 59 21 mom.

84 478 25 19 12
132 476 152 21 omförmälas.
315 476 45 21 Det
382 483 69 21 synes
472 475 91 22 därföre
579 483 55 14 vara
650 475 135 29 oegentligt,
801 477 36 20 att

83 510 104 29 varning,
210 517 49 14 som
275 511 8 20 i
299 509 74 29 öfriga
394 510 65 21 såväl
475 510 64 21 äldre
555 517 48 14 som
618 517 72 22 nyare
705 509 131 22 förordnin-

82 552 42 21 gar
147 545 116 21 betraktas
286 545 74 21 såsom
377 544 72 27 straff,
465 545 8 20 i
488 544 181 29 skolordningen
685 544 59 21 hade
760 552 77 14 annan

83 579 125 33 betydelse.

151 608 186 33 Öfverstyrelsen
360 613 36 22 för
419 613 169 22 Skolväsendet
610 613 68 22 anför
692 613 143 29 ytterligare,

83 650 35 19 att
140 655 28 14 en
184 647 130 29 berättigad
329 649 100 27 varning
444 648 84 25 kunde,
544 649 30 28 på
589 648 75 29 grund
680 647 26 22 af
718 647 119 22 bristande

80 682 100 29 juridisk
194 682 130 29 bevisning,
344 682 73 21 blifva
431 682 25 21 af
469 682 125 21 Hofrätten
609 682 111 29 upphäfd.
751 682 36 21 En
803 683 35 20 så-

83 717 44 21 dan
158 717 121 28 möjlighet
305 716 126 29 föreligger
463 717 143 28 visserligen,
633 724 51 13 men
710 716 128 22 detsamma

83 751 77 21 kunde
181 751 69 21 äfven
265 751 94 21 inträffa
374 751 52 21 med
442 751 91 28 hänsyn
549 751 36 21 till
601 759 29 14 en
646 751 26 21 af
685 746 153 33 Öfverstyrel-

83 793 40 14 sen
147 785 83 22 ådömd
251 785 142 29 suspension.
425 785 48 22 Och
493 785 121 22 enahanda
630 786 48 21 skäl
695 785 78 22 kunde
788 786 50 21 lika

83 820 38 21 väl
144 819 90 22 anföras
258 823 48 18 mot
328 819 142 30 rättigheten
491 823 35 18 att
544 820 56 21 söka
616 820 98 29 ändring
729 820 9 21 i
754 820 45 21 alla
815 820 26 21 af

83 855 103 21 centrala
201 855 144 21 embetsverk
361 854 136 22 afkunnade
513 854 88 22 domar.

151 889 46 21 Det
212 889 66 21 torde
293 889 50 21 icke
359 897 55 13 vara
430 891 34 19 att
480 889 85 27 befara,
581 889 39 21 det
628 889 176 28 upphäfvandet
815 888 26 22 af

83 931 32 14 nu
144 923 176 29 ifrågavarande
348 923 148 29 bestämning
521 924 8 21 i
555 923 181 29 skolordningen
763 923 75 22 skulle

84 958 90 21 minska
196 958 150 29 möjligheten
366 958 36 21 för
418 953 185 33 Öfverstyrelsen
619 957 36 22 för
671 957 168 22 Skolväsendet

84 994 35 19 att
133 992 7 21 i
156 992 34 21 tid
206 992 69 29 stäfja
290 993 133 28 uppkomna
439 991 224 24 missförhållanden,
680 991 28 22 då
720 992 27 28 ju
758 987 81 26 Öfver-

84 1027 113 28 styrelsen
216 1027 118 28 själffallet
352 1027 42 20 allt
409 1026 144 21 fortfarande
569 1027 57 28 egde
642 1029 47 18 rätt
704 1029 34 18 att
754 1033 83 22 genom

85 1056 245 33 Öfverinspektorerna
353 1061 90 21 tilldela
466 1061 92 21 felande
584 1061 74 21 lärare
678 1057 159 46 anmärkning.

151 1095 122 22 Utskottet
296 1095 41 21 har
358 1095 150 33 naturligtvis
532 1096 71 27 ingen
626 1095 126 28 anledning
775 1097 34 19 att
831 1095 8 21 i

85 1129 66 29 fråga
173 1132 66 36 sätta,
264 1129 39 22 det
325 1129 50 22 icke
399 1124 187 33 Öfverstyrelsen
610 1129 37 22 för
669 1128 171 23 Skolväsendet

85 1164 77 21 städse
183 1164 9 21 i
214 1164 138 22 hithörande
374 1163 41 22 fall
439 1164 75 21 skulle
535 1164 60 29 tagit
618 1164 71 21 saken
704 1163 73 22 under
793 1170 46 14 om-

85 1198 109 29 sorgsfull
214 1198 110 29 pröfning
346 1198 42 22 och
411 1198 51 22 haft
478 1198 55 21 fullt
549 1199 83 28 giltiga
648 1198 49 21 skäl
713 1198 36 21 för
764 1197 74 22 straff-

85 1233 88 28 åtgärd.
203 1233 66 22 Dock
284 1235 68 26 utgör
368 1233 74 28 enligt
456 1233 133 22 Utskottets
605 1233 69 22 tanke
690 1232 38 21 det
738 1232 36 21 för
787 1232 53 21 hela

85 1268 42 21 vår
141 1267 149 29 lagstiftning
305 1267 145 22 främmande
465 1267 191 29 undantagsläge,
673 1267 66 21 hvari
755 1266 85 22 skollä-

85 1309 81 14 rarene
181 1302 8 21 i
205 1301 64 22 detta
284 1301 108 22 afseende
408 1301 93 22 befinna
517 1302 43 28 sig,
576 1301 54 22 fullt
646 1301 80 29 giltigt
742 1301 51 21 skäl
804 1300 37 21 för

85 1336 186 22 understödande
305 1336 26 21 af
352 1335 179 29 ifrågavarande
560 1336 105 28 petition,
693 1336 25 20 så
747 1335 94 29 mycket

85 1377 63 14 mera
168 1378 48 14 som
240 1370 40 21 det
302 1370 134 21 nuvarande
455 1370 106 29 sakläget
577 1373 25 18 är
617 1369 86 29 egnadt
718 1372 35 19 att
767 1369 74 21 rubba

86 1405 39 21 det
145 1405 145 22 förhållande
313 1405 26 21 af
358 1405 136 28 ömsesidigt
509 1404 132 22 förtroende
657 1404 84 21 mellan
758 1399 82 26 Öfver-

86 1439 113 28 styrelsen
222 1439 43 22 och
286 1439 90 22 landets
399 1439 124 28 lärarekår,
542 1439 68 22 hvars
625 1438 216 22 vidmakthållande

154 1513 103 18 Allmänna
269 1513 169 18 Besvärsutskottets
451 1513 110 18 betänkande
573 1513 37 18 N:o
622 1513 29 17 12.
