1070 1795
297 161 262 22 Motionsbetänkande
572 161 43 22 N:o
626 161 20 22 7.
801 163 26 20 23

101 232 36 19 vet
152 230 24 21 af
190 232 66 26 utväg
271 232 31 19 att
317 229 124 22 säkerställa
457 230 61 21 dessa
536 230 52 21 aftal
598 233 110 25 gentemot
718 230 67 28 tredje
801 238 55 18 man,

100 265 34 20 för
159 264 41 22 den
223 264 101 21 händelse
345 264 126 28 lägenheten
497 265 73 21 blefve
593 264 68 21 under
683 264 172 21 kontraktstiden

100 299 82 21 försäld
197 299 51 21 eller
262 299 94 20 konkurs
373 299 106 28 uppstode
495 300 5 19 i
525 306 89 21 egarens
637 299 34 26 bo,
693 299 81 28 ganska
797 301 60 19 snart

100 333 80 28 begynt
194 335 52 26 göra
262 334 33 27 sig
309 333 104 28 gällande,
429 333 75 21 liksom
521 333 40 21 ock
577 336 32 18 att
624 333 87 22 krafvet
730 333 27 28 pä
773 341 25 13 en
815 333 40 21 slik

99 367 100 22 säkerhet
214 367 72 22 blifvit
306 367 36 21 allt
358 367 131 21 kännbarare
507 368 22 28 ju
545 375 45 13 mer
605 367 42 21 den
663 367 28 29 pä
707 375 25 14 en
749 367 34 21 del
799 370 57 19 orter

99 403 6 20 i
120 402 74 21 landet
217 401 115 29 aftagande
355 401 184 29 skogstillgängen
559 403 57 27 gjort
639 401 37 22 det
698 402 34 21 för
754 401 101 22 industri-

98 436 89 21 idkaren
206 436 134 28 nödvändigt
360 438 32 19 att
413 444 76 19 genom
512 436 107 26 kontrakt,
642 436 69 21 stälda
732 436 28 29 pä
781 437 73 27 längre

98 470 244 29 afverkningsperioder,
362 470 114 28 tillgodose
499 471 38 20 sitt
561 470 66 21 behof
649 470 23 21 af
686 470 120 21 rämaterial
822 474 32 17 ut-

97 505 63 20 öfver
175 504 40 21 den
232 506 104 19 närmaste
352 504 64 21 tiden.
447 505 39 20 Att
501 504 161 22 vederbörande
679 505 175 28 skogsafnämare

97 539 75 22 härvid
188 539 76 21 främst
278 539 65 20 riktat
358 539 109 21 blickarna
482 539 27 28 pä
525 539 250 28 inteckningsinstitutet,
783 539 71 21 säsom

98 573 131 28 erbjudande
244 573 109 28 möjlighet
367 573 32 20 till
415 573 107 21 vinnande
538 573 23 22 af
576 573 41 22 den
641 573 119 21 ästundade
782 573 71 22 säker-

97 608 70 26 heten,
182 607 68 28 ligger
265 607 63 21 äfven
344 608 5 20 i
366 607 78 21 sakens
459 611 73 23 natur;
555 608 41 21 och
611 607 23 22 af
649 607 65 22 sädan
738 607 116 29 anledning

98 642 65 21 hafva
179 641 144 28 ansökningar
338 649 34 14 om
388 642 125 28 inteckning
536 642 34 21 för
592 642 262 28 skogsafverkningskon-

97 676 57 21 trakt
170 676 72 21 talrikt
258 676 136 21 förekommit
409 675 36 22 vid
468 676 83 21 landets
575 676 122 21 domstolar.
727 677 125 20 Resultaten

97 711 23 20 af
135 710 62 21 dessa
212 710 143 28 ansökningar
376 710 65 21 hafva
465 711 56 21 dock
544 711 47 21 icke
614 711 60 20 alltid
690 711 79 20 utfallit
785 718 68 21 gynn-

97 748 55 18 samt
167 745 6 20 i
189 745 37 21 det
241 747 37 24 att,
298 745 46 20 med
361 745 101 21 afseende
485 745 12 21 ä
519 745 187 28 bestämningarna
725 746 7 20 i
754 745 99 28 gällande

97 779 40 28 lag,
152 779 126 28 inteckning
292 779 34 21 för
341 782 31 18 ett
382 779 267 28 skogsafverkningsaftal,
665 779 37 21 der
718 779 75 21 endast
808 780 43 21 viss

97 813 139 29 köpesumma
251 813 35 21 för
300 813 77 28 sjelfva
392 813 82 28 skogen
495 814 66 21 finnes
585 813 100 28 betingad
709 814 39 21 och
770 814 83 21 hvilket

96 847 90 22 sålunda
200 849 63 27 utgör
278 851 31 18 ett
323 851 47 18 rent
385 848 49 28 köp,
450 849 17 27 ej
484 848 73 29 plägat
579 848 116 26 meddelas,
716 851 55 18 samt
786 848 63 21 äfven

96 882 27 21 de
147 882 39 21 fall
212 882 33 26 dä,
269 883 63 27 jemte
359 882 177 29 köpeskillingen,
559 890 26 13 en
608 882 90 21 särskild
722 882 72 29 afgäld
817 882 34 21 för

96 916 181 29 nyttjanderätten
292 917 32 20 till
346 916 153 28 skogsmarken
522 917 69 21 under
613 917 199 28 afverkningstiden
828 919 23 18 är

95 951 124 28 stipulerad,
242 951 22 21 af
288 951 83 21 landets
394 951 86 21 domare
497 951 97 22 bedömts
609 951 82 28 ganska
707 951 62 25 olika,
785 951 65 21 ehuru

96 985 56 22 dock
175 985 68 21 under
264 988 84 18 senaste
370 985 32 21 tid
427 986 138 27 meningarna
587 985 61 22 torde
671 985 66 22 hafva
755 985 95 28 stadgats

96 1019 79 22 derhän
197 1022 31 18 att
243 1019 125 28 inteckning
384 1019 34 21 för
433 1020 311 27 skogsafverkningskontrakt
759 1020 92 27 medgif-

96 1055 42 20 vits
155 1053 77 22 endast
253 1053 28 22 dä
296 1053 95 22 bestämd
407 1054 53 28 lega,
475 1054 89 21 stående
581 1055 5 20 i
596 1055 123 28 proportion
731 1055 32 20 till
774 1054 77 21 värdet

95 1088 23 21 af
133 1088 41 21 den
190 1087 67 29 ärliga
272 1088 161 28 afverkningen,
453 1088 66 21 finnes
535 1089 7 20 i
558 1088 123 21 kontraktet
696 1088 86 27 aftalad,
796 1092 55 17 samt

95 1122 156 28 afverkningen
266 1124 24 19 är
304 1122 77 21 afsedd
396 1125 31 18 att
448 1122 38 21 ske
502 1123 55 20 efter
573 1122 105 29 uppgjord
694 1122 157 28 hushällnings-

96 1157 49 28 plan
161 1157 52 20 eller
237 1156 28 29 pä
280 1159 64 18 annat
369 1158 48 25 sätt,
446 1164 46 13 som
509 1157 113 28 betryggar
637 1157 93 27 skogens
746 1157 104 26 äterväxt,

96 1191 35 21 vid
141 1191 83 21 hvilket
232 1191 132 21 förhållande
373 1191 75 20 aftalet
456 1191 41 21 kan
507 1191 110 28 uppfattas
626 1191 70 21 såsom
706 1194 30 18 ett
744 1191 106 28 legoaftal.

165 1225 34 21 De
215 1225 145 28 föreliggande
376 1225 202 28 motionsförslagen
594 1225 71 28 äsyfta
681 1234 28 13 nu
725 1228 31 19 att
772 1225 78 21 bereda

94 1259 111 28 möjlighet
227 1259 32 21 till
280 1259 122 21 erhållande
424 1259 23 21 af
469 1259 125 28 inteckning
614 1260 34 21 för
663 1260 73 28 hvarje
752 1259 97 28 skogsaf-

95 1293 223 28 verkningskontrakt,
332 1293 138 28 hvarigenom
486 1293 111 29 jordegare
612 1293 28 29 pä
655 1293 71 22 landet
738 1294 32 21 till
781 1301 68 14 annan

94 1335 77 21 person
193 1330 45 18 mot
258 1327 78 21 aftalad
359 1327 136 28 godtgörelse
520 1328 116 21 öfverläter
654 1328 92 28 egande-
762 1328 39 20 och
817 1328 32 20 af-

94 1362 160 28 verkningsrätt
278 1362 30 20 till
327 1361 97 22 växande
440 1362 54 28 skog
509 1362 26 28 pä
553 1362 96 21 bestämd
665 1362 31 21 tid
712 1365 55 18 samt
782 1362 67 20 tillika

94 1399 57 18 emot
165 1397 45 20 viss
226 1396 40 21 och
290 1397 81 27 verklig
390 1397 48 27 lega
453 1397 99 28 uppläter
567 1397 67 21 sädan
650 1397 153 28 nyttjanderätt
817 1397 31 20 till

93 1431 153 28 skogsmarken
268 1431 68 21 under
358 1431 205 28 afverkningstiden,
586 1439 45 13 som
650 1433 24 19 är
688 1431 65 28 nödig
768 1431 34 20 för
817 1431 32 20 af-

94 1465 143 28 verkningens
251 1465 156 21 verkställande
429 1465 39 21 och
485 1465 121 21 rcalisation
623 1465 23 21 af
661 1465 188 28 stocktillgängen;

163 1505 129 24 Lagutskottets
305 1505 109 18 betänkande
427 1506 37 16 N:o
477 1506 26 17 II.
