1070 1795
277 165 279 22 Petitionsbetänkande
571 165 45 22 N:o
632 165 24 22 6.
802 167 13 20 5

86 233 63 21 holm
171 233 43 22 och
230 233 161 29 angränsande
406 233 95 28 bygder,
519 235 34 20 att
569 233 122 22 enahanda
706 233 138 29 önsknings-

85 267 48 21 mål
154 267 52 22 icke
228 267 52 22 från
295 267 71 22 andra
380 267 49 22 håll
444 267 41 22 vid
501 267 76 22 denna
592 267 114 29 landtdag
720 267 71 29 gifvit
806 267 37 29 sig

85 301 47 22 luft
146 301 9 22 i
169 301 205 30 petitionsförslag,
390 305 26 18 är
425 309 30 14 en
464 301 149 25 konklusion,
628 308 57 21 som,
698 301 73 22 ehuru
782 304 61 20 utta-

85 335 46 28 lad,
152 336 52 22 icke
229 335 26 22 af
272 335 122 23 Utskottet
414 335 92 22 kunnat
521 337 97 27 antagas
633 336 75 21 såsom
723 336 79 29 riktig.
833 336 11 21 I

85 369 239 23 öfverensstämmelse
345 370 96 21 härmed
456 369 42 23 har
512 370 133 22 Utskottets
660 370 117 29 majoritet
792 370 52 22 icke

85 404 74 23 heller
180 405 91 22 kunnat
292 405 76 21 såsom
387 404 82 30 giltigt
483 404 52 22 skäl
549 404 38 22 för
602 411 29 15 en
647 404 195 30 ständerpetition

86 446 55 15 anse
163 439 63 22 hvad
247 440 63 21 inom
331 439 123 22 Utskottet
472 439 90 29 jämväl
577 439 110 29 påståtts,
703 441 35 20 att
753 440 45 21 den
812 440 31 28 på

86 473 67 22 dessa
168 473 88 22 trakter
270 473 102 22 rådande
389 473 157 30 fattigdomen
560 473 37 22 för
612 473 29 22 de
656 473 67 22 flesta
738 474 106 22 kommu-

85 515 42 14 ner
150 509 26 20 så
196 507 58 30 godt
276 515 48 14 som
344 507 140 30 omöjliggör
499 508 151 21 anskaffande
666 508 27 21 af
705 515 59 22 egen
779 509 65 21 kom-

86 542 166 22 munalläkare.
282 542 53 21 Med
356 542 93 29 hänsyn
471 542 37 21 till
529 542 63 22 hvad
608 542 71 22 ofvan
694 542 89 22 anförts
799 543 44 21 och

86 576 74 23 under
182 576 121 23 förmodan
324 578 35 20 att
381 576 40 22 det
442 577 9 21 i
473 577 129 22 Kexholms
622 577 52 21 stad
690 577 44 21 och
750 577 92 28 omnejd

86 611 103 22 rådande
211 611 145 22 sträfvandet
377 611 38 21 till
437 611 142 29 förbättring
594 611 27 22 af
634 611 209 29 sjukvärdsförhäl-

86 645 107 28 landena,
208 645 102 27 hvartill,
326 645 74 29 enligt
409 645 63 22 hvad
482 646 7 21 i
500 645 263 29 petitionsmemorialen
776 648 67 26 anty-

87 679 47 28 des,
152 679 82 22 staden
249 679 66 22 torde
328 679 81 22 kunna
424 679 97 30 bidraga
536 679 53 22 med
605 687 29 14 en
649 680 37 21 för
701 680 57 21 slikt
772 679 72 22 ända-

86 714 47 21 mål
154 714 103 22 donerad
278 714 208 29 penningesumma
508 715 44 21 och
575 714 119 29 fastighet,
710 715 26 21 så
750 714 95 29 mycket

86 748 92 22 mindre
199 748 60 22 skall
279 747 40 22 vid
341 748 101 22 skeende
464 749 103 21 ansökan
590 749 121 28 förvägras
734 748 110 22 behofvet

86 783 164 21 motsvarande
270 782 128 29 statshjelp,
421 789 49 15 som
491 783 168 29 befolkningen
675 783 8 21 i
698 783 67 21 dessa
780 783 63 21 trak-

86 819 36 19 ter
137 816 66 22 öfver
212 816 90 22 hufvud
316 816 74 22 lefver
404 817 9 21 i
427 817 95 28 knappa
537 817 206 28 omständigheter,
754 817 37 21 får
800 817 43 22 Ut-

87 851 89 22 skottet
189 851 118 22 vördsamt
321 851 86 22 föreslå

361 911 32 19 att
404 909 247 26 petitionsmemorialen
666 909 46 21 icke
722 909 65 21 måtte
789 909 55 27 för-

293 943 79 21 anleda
387 944 73 27 någon
476 943 80 28 åtgärd
566 943 59 28 från
642 943 134 22 Ständernas
787 943 55 21 sida.

154 1125 154 30 Helsingfors,
332 1126 26 22 af
375 1126 127 23 Allmänna
516 1127 224 27 Besvärsutskottet,
755 1127 45 21 den
816 1127 25 21 21

86 1160 113 22 Februari
216 1162 61 20 1894.

154 1297 12 22 I
189 1297 106 22 ärendets
317 1298 144 29 behandling
476 1297 71 23 hafva
563 1298 280 30 deltagitiledamöterne,

85 1331 53 22 frih.
160 1339 48 15 von
222 1332 152 27 Willebrand,
390 1333 77 21 såsom
482 1332 148 29 ordförande,
644 1333 43 22 Th.
703 1333 139 29 Tigerstedt,

84 1372 47 16 von
153 1366 107 28 Fieandt,
285 1366 129 27 Nordlund,
439 1366 127 28 Melander,
594 1367 123 30 Bergroth,
743 1368 100 26 Heman,

84 1400 140 29 Appelberg,
244 1400 98 28 Lindén,
364 1400 86 29 Lindh,
473 1396 100 35 Öhberg,
588 1401 102 29 Bremer,
706 1402 135 27 Hellström,

84 1434 110 22 Konkola
210 1434 43 22 och
268 1434 116 22 Pitkänen
399 1437 62 20 samt
473 1435 181 30 suppleanterne
669 1436 120 29 Törngren
800 1435 44 22 och

83 1468 113 22 Tlmanen.

154 1508 103 18 Allmänna
269 1509 169 18 Besvärsutskottets
450 1509 112 18 betänkande
573 1509 38 18 N:o
623 1511 18 16 4.
