1070 1795
264 108 41 21 124
458 107 233 22 Petitionsbetänkande
707 108 35 21 N:o
758 107 21 22 2.

233 163 143 19 verksamheten
390 164 46 17 dock
450 164 91 23 utvidgas,
552 164 23 18 då
585 164 67 18 lättare
662 164 185 19 kommunikationer
855 164 29 18 fås
894 165 29 17 till
934 163 61 22 stånd,

233 192 96 19 äfvensom
342 193 58 22 några
412 193 119 22 obegagnade
545 193 97 18 vattenfall
652 193 52 18 finna
713 193 120 23 användning
843 193 30 18 för
882 193 113 18 industriela

232 221 92 18 ändamål.

303 249 175 23 Trafikmängderna
492 249 54 18 hafva
559 250 81 23 antagits
653 250 57 18 blifva
723 250 89 23 följande:

371 296 48 17 Från
433 296 70 18 Koskis
516 296 48 18 bruk
589 309 4 4 .
624 310 4 4 .
660 310 3 3 .
695 310 3 4 .
729 310 3 4 .
760 296 51 21 5,700
824 298 31 16 ton

391 339 9 7 »
434 325 77 18 Fiskars
534 338 10 8 ,,
589 339 38 4 aisa
659 339 4 4 a
694 338 38 4 s
759 325 52 20 14165
835 339 10 7 yy

391 367 10 7 »
434 350 133 21 Åminnnefors
590 367 3 4 .
624 367 4 4 .
660 367 3 4 .
694 367 4 4 .
729 367 3 4 .
761 353 51 22 1,410
836 367 9 7 ,,

390 395 10 8 »
433 382 51 23 Tykö
515 382 48 17 bruk
588 396 4 4 .
623 395 3 4 .
658 396 4 3 .
692 395 4 4 0.
727 395 4 5 .
776 382 34 17 400
835 395 9 8 ,,

392 424 9 8 »
434 410 50 18 Näse
531 424 10 8 »
659 424 72 4 L
777 410 68 22 100),

391 453 11 7 »
420 436 9 29 =
434 440 85 21 Antskog
531 452 10 8 ,,
589 453 4 4 si
659 453 38 3 RR
728 453 4 4 N
777 439 34 17 100
835 452 10 7 ,,

661 473 75 18 Summa
750 473 61 22 11,875
824 475 31 16 ton

302 531 88 18 Förutom
413 531 68 18 nämda
501 531 48 18 bruk
570 531 62 18 finnas
651 533 47 16 nära
716 531 61 18 banan
796 532 51 16 ännu
865 530 73 17 Billnäs
957 531 34 16 och

232 560 134 17 Mathildedals
376 560 97 23 jernbruk,
487 565 23 12 en
523 559 74 19 mindre
612 559 118 18 kakelfabrik
742 559 105 22 (Strömsby
859 559 7 17 i
879 559 113 22 Kyrkslätt),

232 588 96 18 äfvensom
346 589 70 17 Littois
434 589 134 17 klädesfabrik.
593 589 26 17 På
637 589 65 22 längre
720 587 75 19 afständ
809 587 42 18 från
867 587 60 18 banan
942 587 51 22 ligga

232 617 108 18 Dahlsbruk
359 617 35 18 och
412 617 108 23 Björkboda
538 617 54 22 bruk,
609 617 95 18 äfvensom
723 617 113 17 Skinnarvik
855 616 35 18 och
906 616 86 17 Iloniemi

232 646 96 22 glasbruk.
352 646 8 17 I
376 648 60 15 större
455 645 75 23 omfång
549 645 53 18 torde
620 645 56 18 dessa
692 650 66 13 senare
774 645 29 18 väl
819 645 42 18 icke
877 645 74 17 komma
965 647 28 15 att

232 675 60 17 anlita
305 675 84 22 jernväg.
415 675 51 17 Dock
482 674 35 18 bör
532 674 29 17 för
576 674 37 17 alla
629 674 55 17 dessa
700 674 45 17 verk
760 673 123 18 tillsammans
901 675 26 16 ett
939 673 53 22 gods-

232 703 68 22 belopp
318 703 20 18 af
354 703 34 18 625
404 705 32 15 ton
452 703 41 18 med
510 703 88 17 säkerhet
613 703 63 17 kunna
692 703 98 22 päräknas.
815 703 75 17 Summa
902 702 90 17 industri-

232 732 59 17 alster
304 731 60 18 skulle
377 731 81 18 sälunda
470 731 58 18 blifva
541 731 62 22 12,500
616 734 37 15 ton.

302 761 40 17 Den
355 760 59 18 totala
426 759 129 24 godstrafiken
567 760 61 18 blefve
642 760 55 17 alltsä
709 759 90 23 följande:

232 806 144 23 Genomgående
390 805 75 18 trafik
465 801 11 32 .
497 820 3 4 .
532 820 3 3 .
566 819 3 4 .
636 819 38 5 ko
775 819 38 4 L
843 819 4 4 +»
875 807 31 16 ton
924 801 11 29 —
942 805 51 21 8,900

232 835 58 17 Lokal
304 834 60 22 trafik,
377 834 46 23 gods
436 834 20 18 af
466 835 41 17 4:de
521 820 99 37 kategorin
634 848 142 5 eo
911 847 1 8 0
930 834 62 21 34,600

232 864 90 17 Trävarot
494 876 349 5 NL
928 863 65 17 020.000

233 892 661 21 Ved.
929 891 64 21 B0,000

232 920 144 19 Industrialster
396 916 13 31 «=
426 935 3 2 .
461 935 3 4 so
496 934 3 3 so
530 935 3 4 sc
565 935 2 2 so
599 935 4 4 sr
634 935 38 4 sv
703 935 38 4 vr
841 935 4 3 =
885 934 10 6 v
930 920 62 21 12,500

772 935 87 38 Summa
874 957 31 15 ton
918 955 75 20 106,000

302 1007 36 18 För
354 1007 122 18 beräknande
492 1007 20 18 af
526 1007 239 23 medeltransportlängden
781 1007 88 22 erbjuder
882 1007 28 22 sig
923 1011 70 13 samma

232 1037 62 21 utväg,
307 1041 37 12 som
361 1035 95 18 ofvanföre
471 1036 61 23 ifråga
544 1041 29 12 om
587 1036 153 23 persontrafiken
756 1036 81 17 anlitats.
856 1035 38 18 För
907 1035 85 22 samtliga

232 1065 45 16 våra
293 1065 106 18 statsbanor
414 1066 54 21 utgör
481 1065 20 17 år
514 1065 44 18 1889
571 1065 240 22 medeltransportlängden
824 1064 29 18 för
865 1063 126 24 godstrafiken

232 1093 34 17 114
279 1093 103 18 kilometer.
401 1090 17 21 Å
431 1093 104 22 Uleåborgs
546 1094 79 22 jernväg
638 1093 81 18 erhålles
732 1099 66 17 genom
811 1093 101 22 uträkning
922 1098 22 12 en
955 1097 36 12 me-

232 1121 129 23 deltransport
378 1122 57 22 längd
454 1122 20 17 af
490 1123 23 17 88
530 1122 37 17 km.
586 1125 48 15 samt
652 1122 28 18 för
695 1123 65 22 Hango
777 1122 61 17 banan
853 1122 22 17 69
891 1122 35 17 km.
951 1121 40 18 Den

232 1151 55 17 korta
302 1151 176 22 transportlängden
495 1151 24 22 på
534 1151 116 18 sistnämnda
666 1151 54 21 bana,
736 1151 6 18 i
756 1151 108 22 jemförelse
880 1150 42 17 med
938 1151 54 16 stats-

232 1179 102 18 banenätet
346 1179 6 17 i
366 1179 43 18 dess
422 1179 64 18 helhet
501 1180 34 17 och
548 1179 173 23 Uleåborgsbanan,
731 1180 34 17 har
778 1179 59 18 delvis
850 1179 29 17 sin
889 1178 103 23 förklaring

231 1209 6 16 i
257 1211 67 14 tvenne
343 1210 50 15 stora
411 1208 168 22 godskvantiteter,
595 1208 105 23 utgörande
718 1208 123 17 tillsammans
860 1209 46 16 nära
923 1207 68 22 tredje-

232 1236 56 18 delen
304 1236 19 17 af
334 1236 71 17 banans
422 1237 43 17 hela
480 1236 123 23 godsmängd,
615 1237 65 17 hvilka
692 1239 40 15 rört
744 1237 29 22 sig
786 1236 66 18 endast
864 1237 24 22 på
900 1236 53 17 korta
965 1236 26 17 af-

232 1264 64 18 stånd:
312 1264 36 18 den
364 1270 36 12 ena
416 1265 61 21 16,446
493 1267 31 16 ton
541 1265 41 18 från
599 1266 65 17 Svartå
679 1265 29 18 till
720 1265 83 23 Lappvik
816 1265 24 22 på
853 1270 23 12 en
890 1265 71 17 distans
973 1264 20 18 af

232 1293 68 18 endast
311 1293 23 18 46
346 1293 105 22 kilometer,
461 1293 37 18 den
511 1293 58 18 andra
583 1294 63 20 12,108
658 1296 38 19 ton,
705 1294 42 17 från
761 1294 58 22 Korpi
831 1293 29 18 till
873 1293 118 22 Helsingfors

232 1322 35 17 och
287 1322 73 21 Sörnäs,
377 1323 67 17 hvilka
461 1323 11 17 &
489 1323 66 22 Hangö
571 1323 61 17 banan
647 1323 108 22 genomlöpt
770 1323 67 17 endast
851 1323 23 16 24
889 1322 102 17 kilometer.

232 1350 93 23 Slutligen
341 1350 88 23 bidrager
443 1351 29 17 till
489 1351 35 17 här
539 1351 144 23 ifrägavarande
698 1351 80 18 resultat
793 1350 55 18 äfven
861 1350 37 18 den
911 1352 80 16 omstän-

232 1379 72 22 dighet,
319 1380 27 17 att
364 1379 66 23 Hangö
448 1380 56 17 hamn
523 1379 44 18 1889
586 1385 32 12 var
637 1379 29 19 för
684 1379 118 19 vintertrafik
817 1379 68 23 stängd
901 1379 38 22 2'/2
954 1379 37 18 mä-

232 1408 47 17 vads
292 1407 32 18 tid.

301 1453 204 19 Petitionsbetänkande
517 1455 36 17 N:o
565 1455 18 17 2.
