<?xml version="1.0" encoding="UTF-8"?>
<alto xmlns="http://www.loc.gov/standards/alto/ns-v3#" xmlns:xlink="http://www.w3.org/1999/xlink" xmlns:xsi="http://www.w3.org/2001/XMLSchema-instance" xsi:schemaLocation="http://www.loc.gov/standards/alto/ns-v3# http://www.loc.gov/alto/v3/alto-3-0.xsd">
	<Description>
		<MeasurementUnit>pixel</MeasurementUnit>
		<sourceImageInformation>
			<fileName>/tmp/tess_smu_yh_c_input.PNG</fileName>
		</sourceImageInformation>
		<OCRProcessing ID="OCR_0">
			<ocrProcessingStep>
				<processingSoftware>
					<softwareName>tesseract 5.3.4</softwareName>
				</processingSoftware>
			</ocrProcessingStep>
		</OCRProcessing>
	</Description>
	<Layout>
		<Page WIDTH="1070" HEIGHT="1795" PHYSICAL_IMG_NR="0" ID="page_0">
			<PrintSpace HPOS="0" VPOS="0" WIDTH="1070" HEIGHT="1795">
				<ComposedBlock ID="cblock_0" HPOS="264" VPOS="103" WIDTH="549" HEIGHT="23">
					<TextBlock ID="block_0" HPOS="264" VPOS="103" WIDTH="549" HEIGHT="23">
						<TextLine ID="line_0" HPOS="264" VPOS="103" WIDTH="549" HEIGHT="23">
							<String ID="string_0" HPOS="264" VPOS="104" WIDTH="28" HEIGHT="20" WC="0.96" CONTENT="14"/><SP WIDTH="125" VPOS="104" HPOS="292"/>
							<String ID="string_1" HPOS="417" VPOS="103" WIDTH="279" HEIGHT="22" WC="0.92" CONTENT="Petitionsbetänkande"/><SP WIDTH="17" VPOS="103" HPOS="696"/>
							<String ID="string_2" HPOS="713" VPOS="103" WIDTH="45" HEIGHT="23" WC="0.95" CONTENT="N:o"/><SP WIDTH="15" VPOS="103" HPOS="758"/>
							<String ID="string_3" HPOS="773" VPOS="103" WIDTH="40" HEIGHT="22" WC="0.91" CONTENT="43."/>
						</TextLine>
					</TextBlock>
				</ComposedBlock>
				<ComposedBlock ID="cblock_1" HPOS="232" VPOS="173" WIDTH="762" HEIGHT="1228">
					<TextBlock ID="block_1" HPOS="233" VPOS="173" WIDTH="761" HEIGHT="596">
						<TextLine ID="line_1" HPOS="234" VPOS="173" WIDTH="759" HEIGHT="25">
							<String ID="string_4" HPOS="234" VPOS="173" WIDTH="127" HEIGHT="24" WC="0.96" CONTENT="hvarigenom"/><SP WIDTH="23" VPOS="173" HPOS="361"/>
							<String ID="string_5" HPOS="384" VPOS="173" WIDTH="34" HEIGHT="19" WC="0.96" CONTENT="det"/><SP WIDTH="22" VPOS="173" HPOS="418"/>
							<String ID="string_6" HPOS="440" VPOS="173" WIDTH="65" HEIGHT="19" WC="0.96" CONTENT="kunde"/><SP WIDTH="21" VPOS="173" HPOS="505"/>
							<String ID="string_7" HPOS="526" VPOS="173" WIDTH="79" HEIGHT="20" WC="0.96" CONTENT="inträffa"/><SP WIDTH="22" VPOS="173" HPOS="605"/>
							<String ID="string_8" HPOS="627" VPOS="175" WIDTH="30" HEIGHT="17" WC="0.96" CONTENT="att"/><SP WIDTH="22" VPOS="175" HPOS="657"/>
							<String ID="string_9" HPOS="679" VPOS="179" WIDTH="23" HEIGHT="13" WC="0.96" CONTENT="en"/><SP WIDTH="19" VPOS="179" HPOS="702"/>
							<String ID="string_10" HPOS="721" VPOS="173" WIDTH="32" HEIGHT="20" WC="0.96" CONTENT="hel"/><SP WIDTH="16" VPOS="173" HPOS="753"/>
							<String ID="string_11" HPOS="769" VPOS="173" WIDTH="39" HEIGHT="25" WC="0.96" CONTENT="hop"/><SP WIDTH="15" VPOS="173" HPOS="808"/>
							<String ID="string_12" HPOS="823" VPOS="173" WIDTH="32" HEIGHT="20" WC="0.96" CONTENT="för"/><SP WIDTH="16" VPOS="173" HPOS="855"/>
							<String ID="string_13" HPOS="871" VPOS="174" WIDTH="122" HEIGHT="19" WC="0.96" CONTENT="närvarande"/>
						</TextLine>
						<TextLine ID="line_2" HPOS="234" VPOS="201" WIDTH="760" HEIGHT="25">
							<String ID="string_14" HPOS="234" VPOS="201" WIDTH="75" HEIGHT="20" WC="0.87" CONTENT="valrätt"/><SP WIDTH="19" VPOS="201" HPOS="309"/>
							<String ID="string_15" HPOS="328" VPOS="202" WIDTH="116" HEIGHT="23" WC="0.94" CONTENT="åtnjutande"/><SP WIDTH="23" VPOS="202" HPOS="444"/>
							<String ID="string_16" HPOS="467" VPOS="202" WIDTH="128" HEIGHT="24" WC="0.50" CONTENT="medborgare"/><SP WIDTH="20" VPOS="202" HPOS="595"/>
							<String ID="string_17" HPOS="615" VPOS="201" WIDTH="64" HEIGHT="20" WC="0.92" CONTENT="blefve"/><SP WIDTH="16" VPOS="201" HPOS="679"/>
							<String ID="string_18" HPOS="695" VPOS="204" WIDTH="47" HEIGHT="17" WC="0.96" CONTENT="utan"/><SP WIDTH="15" VPOS="204" HPOS="742"/>
							<String ID="string_19" HPOS="757" VPOS="202" WIDTH="62" HEIGHT="19" WC="0.96" CONTENT="sådan"/><SP WIDTH="16" VPOS="202" HPOS="819"/>
							<String ID="string_20" HPOS="835" VPOS="203" WIDTH="48" HEIGHT="19" WC="0.93" CONTENT="rätt."/><SP WIDTH="30" VPOS="203" HPOS="883"/>
							<String ID="string_21" HPOS="913" VPOS="202" WIDTH="81" HEIGHT="19" WC="0.88" CONTENT="Hvilket"/>
						</TextLine>
						<TextLine ID="line_3" HPOS="234" VPOS="229" WIDTH="759" HEIGHT="25">
							<String ID="string_22" HPOS="234" VPOS="231" WIDTH="84" HEIGHT="18" WC="0.95" CONTENT="röstetal"/><SP WIDTH="23" VPOS="231" HPOS="318"/>
							<String ID="string_23" HPOS="341" VPOS="235" WIDTH="42" HEIGHT="14" WC="0.95" CONTENT="som"/><SP WIDTH="21" VPOS="235" HPOS="383"/>
							<String ID="string_24" HPOS="404" VPOS="230" WIDTH="63" HEIGHT="19" WC="0.95" CONTENT="borde"/><SP WIDTH="20" VPOS="230" HPOS="467"/>
							<String ID="string_25" HPOS="487" VPOS="229" WIDTH="80" HEIGHT="21" WC="0.96" CONTENT="fastslås"/><SP WIDTH="23" VPOS="229" HPOS="567"/>
							<String ID="string_26" HPOS="590" VPOS="232" WIDTH="30" HEIGHT="17" WC="0.96" CONTENT="att"/><SP WIDTH="22" VPOS="232" HPOS="620"/>
							<String ID="string_27" HPOS="642" VPOS="235" WIDTH="48" HEIGHT="14" WC="0.96" CONTENT="vara"/><SP WIDTH="14" VPOS="235" HPOS="690"/>
							<String ID="string_28" HPOS="704" VPOS="231" WIDTH="34" HEIGHT="18" WC="0.96" CONTENT="det"/><SP WIDTH="15" VPOS="231" HPOS="738"/>
							<String ID="string_29" HPOS="753" VPOS="230" WIDTH="72" HEIGHT="24" WC="0.93" CONTENT="högsta"/><SP WIDTH="14" VPOS="230" HPOS="825"/>
							<String ID="string_30" HPOS="839" VPOS="231" WIDTH="75" HEIGHT="19" WC="0.92" CONTENT="enhvar"/><SP WIDTH="13" VPOS="231" HPOS="914"/>
							<String ID="string_31" HPOS="927" VPOS="231" WIDTH="66" HEIGHT="19" WC="0.91" CONTENT="valbe-"/>
						</TextLine>
						<TextLine ID="line_4" HPOS="234" VPOS="259" WIDTH="760" HEIGHT="24">
							<String ID="string_32" HPOS="234" VPOS="259" WIDTH="88" HEIGHT="23" WC="0.92" CONTENT="rättigad"/><SP WIDTH="23" VPOS="259" HPOS="322"/>
							<String ID="string_33" HPOS="345" VPOS="259" WIDTH="48" HEIGHT="24" WC="0.92" CONTENT="egde"/><SP WIDTH="23" VPOS="259" HPOS="393"/>
							<String ID="string_34" HPOS="416" VPOS="259" WIDTH="98" HEIGHT="24" WC="0.96" CONTENT="använda,"/><SP WIDTH="21" VPOS="259" HPOS="514"/>
							<String ID="string_35" HPOS="535" VPOS="259" WIDTH="68" HEIGHT="19" WC="0.96" CONTENT="derom"/><SP WIDTH="23" VPOS="259" HPOS="603"/>
							<String ID="string_36" HPOS="626" VPOS="259" WIDTH="66" HEIGHT="19" WC="0.96" CONTENT="kunna"/><SP WIDTH="16" VPOS="259" HPOS="692"/>
							<String ID="string_37" HPOS="708" VPOS="259" WIDTH="57" HEIGHT="19" WC="0.96" CONTENT="äfven"/><SP WIDTH="15" VPOS="259" HPOS="765"/>
							<String ID="string_38" HPOS="780" VPOS="259" WIDTH="61" HEIGHT="19" WC="0.92" CONTENT="bland"/><SP WIDTH="15" VPOS="259" HPOS="841"/>
							<String ID="string_39" HPOS="856" VPOS="259" WIDTH="138" HEIGHT="24" WC="0.91" CONTENT="anbängarene"/>
						</TextLine>
						<TextLine ID="line_5" HPOS="234" VPOS="287" WIDTH="759" HEIGHT="25">
							<String ID="string_40" HPOS="234" VPOS="287" WIDTH="32" HEIGHT="22" WC="0.81" CONTENT="gill"/><SP WIDTH="16" VPOS="287" HPOS="266"/>
							<String ID="string_41" HPOS="282" VPOS="288" WIDTH="65" HEIGHT="19" WC="0.93" CONTENT="denna"/><SP WIDTH="15" VPOS="288" HPOS="347"/>
							<String ID="string_42" HPOS="362" VPOS="287" WIDTH="148" HEIGHT="24" WC="0.92" CONTENT="lagförändring"/><SP WIDTH="12" VPOS="287" HPOS="510"/>
							<String ID="string_43" HPOS="522" VPOS="288" WIDTH="100" HEIGHT="23" WC="0.92" CONTENT="äsigterna"/><SP WIDTH="16" VPOS="288" HPOS="622"/>
							<String ID="string_44" HPOS="638" VPOS="293" WIDTH="47" HEIGHT="14" WC="0.96" CONTENT="vara"/><SP WIDTH="15" VPOS="293" HPOS="685"/>
							<String ID="string_45" HPOS="700" VPOS="288" WIDTH="77" HEIGHT="19" WC="0.74" CONTENT="delade."/><SP WIDTH="31" VPOS="288" HPOS="777"/>
							<String ID="string_46" HPOS="808" VPOS="287" WIDTH="69" HEIGHT="20" WC="0.82" CONTENT="Såsom"/><SP WIDTH="15" VPOS="287" HPOS="877"/>
							<String ID="string_47" HPOS="892" VPOS="288" WIDTH="62" HEIGHT="19" WC="0.96" CONTENT="kändt"/><SP WIDTH="9" VPOS="288" HPOS="954"/>
							<String ID="string_48" HPOS="963" VPOS="290" WIDTH="30" HEIGHT="22" WC="0.96" CONTENT="är,"/>
						</TextLine>
						<TextLine ID="line_6" HPOS="234" VPOS="316" WIDTH="759" HEIGHT="24">
							<String ID="string_49" HPOS="234" VPOS="316" WIDTH="38" HEIGHT="19" WC="0.92" CONTENT="har"/><SP WIDTH="15" VPOS="316" HPOS="272"/>
							<String ID="string_50" HPOS="287" VPOS="317" WIDTH="7" HEIGHT="18" WC="0.96" CONTENT="i"/><SP WIDTH="16" VPOS="317" HPOS="294"/>
							<String ID="string_51" HPOS="310" VPOS="317" WIDTH="23" HEIGHT="18" WC="0.96" CONTENT="de"/><SP WIDTH="17" VPOS="317" HPOS="333"/>
							<String ID="string_52" HPOS="350" VPOS="317" WIDTH="74" HEIGHT="22" WC="0.96" CONTENT="städer,"/><SP WIDTH="20" VPOS="317" HPOS="424"/>
							<String ID="string_53" HPOS="444" VPOS="316" WIDTH="81" HEIGHT="20" WC="0.93" CONTENT="hvarest"/><SP WIDTH="20" VPOS="316" HPOS="525"/>
							<String ID="string_54" HPOS="545" VPOS="316" WIDTH="93" HEIGHT="23" WC="0.92" CONTENT="tjugufem"/><SP WIDTH="16" VPOS="316" HPOS="638"/>
							<String ID="string_55" HPOS="654" VPOS="316" WIDTH="106" HEIGHT="19" WC="0.96" CONTENT="röstetalet"/><SP WIDTH="15" VPOS="316" HPOS="760"/>
							<String ID="string_56" HPOS="775" VPOS="316" WIDTH="74" HEIGHT="24" WC="0.95" CONTENT="sänkts,"/><SP WIDTH="17" VPOS="316" HPOS="849"/>
							<String ID="string_57" HPOS="866" VPOS="317" WIDTH="64" HEIGHT="18" WC="0.93" CONTENT="denna"/><SP WIDTH="16" VPOS="317" HPOS="930"/>
							<String ID="string_58" HPOS="946" VPOS="317" WIDTH="47" HEIGHT="18" WC="0.92" CONTENT="ned-"/>
						</TextLine>
						<TextLine ID="line_7" HPOS="235" VPOS="344" WIDTH="759" HEIGHT="25">
							<String ID="string_59" HPOS="235" VPOS="344" WIDTH="98" HEIGHT="25" WC="0.91" CONTENT="sänkning"/><SP WIDTH="20" VPOS="344" HPOS="333"/>
							<String ID="string_60" HPOS="353" VPOS="344" WIDTH="81" HEIGHT="20" WC="0.91" CONTENT="fixerats"/><SP WIDTH="22" VPOS="344" HPOS="434"/>
							<String ID="string_61" HPOS="456" VPOS="345" WIDTH="30" HEIGHT="19" WC="0.96" CONTENT="till"/><SP WIDTH="24" VPOS="345" HPOS="486"/>
							<String ID="string_62" HPOS="510" VPOS="345" WIDTH="26" HEIGHT="20" WC="0.96" CONTENT="10"/><SP WIDTH="15" VPOS="345" HPOS="536"/>
							<String ID="string_63" HPOS="551" VPOS="347" WIDTH="66" HEIGHT="17" WC="0.96" CONTENT="röster"/><SP WIDTH="15" VPOS="347" HPOS="617"/>
							<String ID="string_64" HPOS="632" VPOS="345" WIDTH="26" HEIGHT="24" WC="0.96" CONTENT="på"/><SP WIDTH="12" VPOS="345" HPOS="658"/>
							<String ID="string_65" HPOS="670" VPOS="345" WIDTH="63" HEIGHT="23" WC="0.96" CONTENT="grund"/><SP WIDTH="16" VPOS="345" HPOS="733"/>
							<String ID="string_66" HPOS="749" VPOS="344" WIDTH="22" HEIGHT="20" WC="0.96" CONTENT="af"/><SP WIDTH="13" VPOS="344" HPOS="771"/>
							<String ID="string_67" HPOS="784" VPOS="345" WIDTH="37" HEIGHT="19" WC="0.93" CONTENT="den"/><SP WIDTH="16" VPOS="345" HPOS="821"/>
							<String ID="string_68" HPOS="837" VPOS="345" WIDTH="157" HEIGHT="24" WC="0.91" CONTENT="valberättigade"/>
						</TextLine>
						<TextLine ID="line_8" HPOS="234" VPOS="373" WIDTH="760" HEIGHT="24">
							<String ID="string_69" HPOS="234" VPOS="373" WIDTH="68" HEIGHT="19" WC="0.91" CONTENT="åsatta"/><SP WIDTH="14" VPOS="373" HPOS="302"/>
							<String ID="string_70" HPOS="316" VPOS="373" WIDTH="110" HEIGHT="24" WC="0.92" CONTENT="skattören,"/><SP WIDTH="16" VPOS="373" HPOS="426"/>
							<String ID="string_71" HPOS="442" VPOS="374" WIDTH="22" HEIGHT="19" WC="0.96" CONTENT="så"/><SP WIDTH="15" VPOS="374" HPOS="464"/>
							<String ID="string_72" HPOS="479" VPOS="375" WIDTH="30" HEIGHT="18" WC="0.96" CONTENT="att"/><SP WIDTH="15" VPOS="375" HPOS="509"/>
							<String ID="string_73" HPOS="524" VPOS="373" WIDTH="83" HEIGHT="20" WC="0.96" CONTENT="sålunda"/><SP WIDTH="17" VPOS="373" HPOS="607"/>
							<String ID="string_74" HPOS="624" VPOS="373" WIDTH="26" HEIGHT="19" WC="0.92" CONTENT="10"/><SP WIDTH="16" VPOS="373" HPOS="650"/>
							<String ID="string_75" HPOS="666" VPOS="374" WIDTH="102" HEIGHT="18" WC="0.91" CONTENT="skattören"/><SP WIDTH="11" VPOS="374" HPOS="768"/>
							<String ID="string_76" HPOS="779" VPOS="373" WIDTH="89" HEIGHT="20" WC="0.96" CONTENT="medföra"/><SP WIDTH="12" VPOS="373" HPOS="868"/>
							<String ID="string_77" HPOS="880" VPOS="374" WIDTH="35" HEIGHT="19" WC="0.96" CONTENT="det"/><SP WIDTH="9" VPOS="374" HPOS="915"/>
							<String ID="string_78" HPOS="924" VPOS="373" WIDTH="70" HEIGHT="24" WC="0.95" CONTENT="högsta"/>
						</TextLine>
						<TextLine ID="line_9" HPOS="233" VPOS="402" WIDTH="760" HEIGHT="24">
							<String ID="string_79" HPOS="233" VPOS="402" WIDTH="113" HEIGHT="20" WC="0.96" CONTENT="röstetalet."/><SP WIDTH="30" VPOS="402" HPOS="346"/>
							<String ID="string_80" HPOS="376" VPOS="402" WIDTH="60" HEIGHT="20" WC="0.96" CONTENT="Detta"/><SP WIDTH="15" VPOS="402" HPOS="436"/>
							<String ID="string_81" HPOS="451" VPOS="402" WIDTH="83" HEIGHT="20" WC="0.96" CONTENT="röstetal"/><SP WIDTH="15" VPOS="402" HPOS="534"/>
							<String ID="string_82" HPOS="549" VPOS="402" WIDTH="115" HEIGHT="24" WC="0.96" CONTENT="godkändes"/><SP WIDTH="16" VPOS="402" HPOS="664"/>
							<String ID="string_83" HPOS="680" VPOS="402" WIDTH="57" HEIGHT="19" WC="0.96" CONTENT="äfven"/><SP WIDTH="16" VPOS="402" HPOS="737"/>
							<String ID="string_84" HPOS="753" VPOS="402" WIDTH="6" HEIGHT="19" WC="0.93" CONTENT="i"/><SP WIDTH="16" VPOS="402" HPOS="759"/>
							<String ID="string_85" HPOS="775" VPOS="405" WIDTH="75" HEIGHT="21" WC="0.92" CONTENT="preste-"/><SP WIDTH="17" VPOS="405" HPOS="850"/>
							<String ID="string_86" HPOS="867" VPOS="402" WIDTH="37" HEIGHT="20" WC="0.93" CONTENT="och"/><SP WIDTH="15" VPOS="402" HPOS="904"/>
							<String ID="string_87" HPOS="919" VPOS="402" WIDTH="74" HEIGHT="20" WC="0.92" CONTENT="bonde-"/>
						</TextLine>
						<TextLine ID="line_10" HPOS="234" VPOS="430" WIDTH="759" HEIGHT="27">
							<String ID="string_88" HPOS="234" VPOS="430" WIDTH="92" HEIGHT="24" WC="0.96" CONTENT="stånden,"/><SP WIDTH="23" VPOS="430" HPOS="326"/>
							<String ID="string_89" HPOS="349" VPOS="431" WIDTH="25" HEIGHT="19" WC="0.96" CONTENT="då"/><SP WIDTH="22" VPOS="431" HPOS="374"/>
							<String ID="string_90" HPOS="396" VPOS="430" WIDTH="67" HEIGHT="25" WC="0.96" CONTENT="frågan"/><SP WIDTH="24" VPOS="430" HPOS="463"/>
							<String ID="string_91" HPOS="487" VPOS="436" WIDTH="31" HEIGHT="14" WC="0.96" CONTENT="om"/><SP WIDTH="23" VPOS="436" HPOS="518"/>
							<String ID="string_92" HPOS="541" VPOS="432" WIDTH="83" HEIGHT="22" WC="0.96" CONTENT="ändring"/><SP WIDTH="19" VPOS="432" HPOS="624"/>
							<String ID="string_93" HPOS="643" VPOS="430" WIDTH="47" HEIGHT="27" WC="0.93" CONTENT="af"/><SP WIDTH="-10" VPOS="430" HPOS="690"/>
							<String ID="string_94" HPOS="680" VPOS="426" WIDTH="12" HEIGHT="35" WC="0.57" CONTENT="&amp;"/><SP WIDTH="15" VPOS="426" HPOS="692"/>
							<String ID="string_95" HPOS="707" VPOS="430" WIDTH="27" HEIGHT="20" WC="0.96" CONTENT="12"/><SP WIDTH="15" VPOS="430" HPOS="734"/>
							<String ID="string_96" HPOS="749" VPOS="431" WIDTH="7" HEIGHT="19" WC="0.93" CONTENT="i"/><SP WIDTH="15" VPOS="431" HPOS="756"/>
							<String ID="string_97" HPOS="771" VPOS="431" WIDTH="222" HEIGHT="25" WC="0.92" CONTENT="landtdagsordningen,"/>
						</TextLine>
						<TextLine ID="line_11" HPOS="234" VPOS="458" WIDTH="760" HEIGHT="25">
							<String ID="string_98" HPOS="234" VPOS="459" WIDTH="66" HEIGHT="19" WC="0.96" CONTENT="såsom"/><SP WIDTH="21" VPOS="459" HPOS="300"/>
							<String ID="string_99" HPOS="321" VPOS="459" WIDTH="57" HEIGHT="19" WC="0.93" CONTENT="ofvan"/><SP WIDTH="23" VPOS="459" HPOS="378"/>
							<String ID="string_100" HPOS="401" VPOS="462" WIDTH="102" HEIGHT="20" WC="0.91" CONTENT="omnämts,"/><SP WIDTH="23" VPOS="462" HPOS="503"/>
							<String ID="string_101" HPOS="526" VPOS="459" WIDTH="81" HEIGHT="20" WC="0.96" CONTENT="väcktes"/><SP WIDTH="23" VPOS="459" HPOS="607"/>
							<String ID="string_102" HPOS="630" VPOS="459" WIDTH="32" HEIGHT="19" WC="0.95" CONTENT="vid"/><SP WIDTH="20" VPOS="459" HPOS="662"/>
							<String ID="string_103" HPOS="682" VPOS="458" WIDTH="55" HEIGHT="20" WC="0.95" CONTENT="1885"/><SP WIDTH="16" VPOS="458" HPOS="737"/>
							<String ID="string_104" HPOS="753" VPOS="459" WIDTH="32" HEIGHT="19" WC="0.93" CONTENT="års"/><SP WIDTH="16" VPOS="459" HPOS="785"/>
							<String ID="string_105" HPOS="801" VPOS="459" WIDTH="102" HEIGHT="24" WC="0.91" CONTENT="landtdag."/><SP WIDTH="29" VPOS="459" HPOS="903"/>
							<String ID="string_106" HPOS="932" VPOS="459" WIDTH="62" HEIGHT="20" WC="0.96" CONTENT="Detta"/>
						</TextLine>
						<TextLine ID="line_12" HPOS="233" VPOS="487" WIDTH="758" HEIGHT="24">
							<String ID="string_107" HPOS="233" VPOS="488" WIDTH="85" HEIGHT="19" WC="0.96" CONTENT="röstetal"/><SP WIDTH="24" VPOS="488" HPOS="318"/>
							<String ID="string_108" HPOS="342" VPOS="493" WIDTH="58" HEIGHT="18" WC="0.96" CONTENT="synes"/><SP WIDTH="23" VPOS="493" HPOS="400"/>
							<String ID="string_109" HPOS="423" VPOS="488" WIDTH="82" HEIGHT="19" WC="0.96" CONTENT="sålunda"/><SP WIDTH="22" VPOS="488" HPOS="505"/>
							<String ID="string_110" HPOS="527" VPOS="488" WIDTH="6" HEIGHT="18" WC="0.96" CONTENT="i"/><SP WIDTH="24" VPOS="488" HPOS="533"/>
							<String ID="string_111" HPOS="557" VPOS="488" WIDTH="81" HEIGHT="19" WC="0.96" CONTENT="främsta"/><SP WIDTH="23" VPOS="488" HPOS="638"/>
							<String ID="string_112" HPOS="661" VPOS="490" WIDTH="83" HEIGHT="17" WC="0.93" CONTENT="rummet"/><SP WIDTH="21" VPOS="490" HPOS="744"/>
							<String ID="string_113" HPOS="765" VPOS="487" WIDTH="86" HEIGHT="24" WC="0.92" CONTENT="förtjena"/><SP WIDTH="22" VPOS="487" HPOS="851"/>
							<String ID="string_114" HPOS="873" VPOS="488" WIDTH="118" HEIGHT="19" WC="0.96" CONTENT="beaktande."/>
						</TextLine>
						<TextLine ID="line_13" HPOS="234" VPOS="515" WIDTH="758" HEIGHT="25">
							<String ID="string_115" HPOS="234" VPOS="515" WIDTH="70" HEIGHT="20" WC="0.90" CONTENT="Nekas"/><SP WIDTH="21" VPOS="515" HPOS="304"/>
							<String ID="string_116" HPOS="325" VPOS="516" WIDTH="38" HEIGHT="19" WC="0.96" CONTENT="kan"/><SP WIDTH="22" VPOS="516" HPOS="363"/>
							<String ID="string_117" HPOS="385" VPOS="516" WIDTH="44" HEIGHT="19" WC="0.95" CONTENT="icke"/><SP WIDTH="23" VPOS="516" HPOS="429"/>
							<String ID="string_118" HPOS="452" VPOS="517" WIDTH="69" HEIGHT="23" WC="0.95" CONTENT="heller,"/><SP WIDTH="23" VPOS="517" HPOS="521"/>
							<String ID="string_119" HPOS="544" VPOS="519" WIDTH="29" HEIGHT="16" WC="0.96" CONTENT="att"/><SP WIDTH="16" VPOS="519" HPOS="573"/>
							<String ID="string_120" HPOS="589" VPOS="522" WIDTH="69" HEIGHT="18" WC="0.96" CONTENT="genom"/><SP WIDTH="16" VPOS="522" HPOS="658"/>
							<String ID="string_121" HPOS="674" VPOS="522" WIDTH="23" HEIGHT="13" WC="0.96" CONTENT="en"/><SP WIDTH="17" VPOS="522" HPOS="697"/>
							<String ID="string_122" HPOS="714" VPOS="517" WIDTH="61" HEIGHT="18" WC="0.96" CONTENT="sådan"/><SP WIDTH="16" VPOS="517" HPOS="775"/>
							<String ID="string_123" HPOS="791" VPOS="517" WIDTH="91" HEIGHT="23" WC="0.96" CONTENT="ändring,"/><SP WIDTH="16" VPOS="517" HPOS="882"/>
							<String ID="string_124" HPOS="898" VPOS="523" WIDTH="22" HEIGHT="12" WC="0.93" CONTENT="en"/><SP WIDTH="17" VPOS="523" HPOS="920"/>
							<String ID="string_125" HPOS="937" VPOS="517" WIDTH="55" HEIGHT="23" WC="0.93" CONTENT="bety-"/>
						</TextLine>
						<TextLine ID="line_14" HPOS="235" VPOS="545" WIDTH="756" HEIGHT="24">
							<String ID="string_126" HPOS="235" VPOS="545" WIDTH="66" HEIGHT="18" WC="0.93" CONTENT="dande"/><SP WIDTH="16" VPOS="545" HPOS="301"/>
							<String ID="string_127" HPOS="317" VPOS="545" WIDTH="107" HEIGHT="24" WC="0.91" CONTENT="utjemning"/><SP WIDTH="15" VPOS="545" HPOS="424"/>
							<String ID="string_128" HPOS="439" VPOS="545" WIDTH="6" HEIGHT="19" WC="0.96" CONTENT="i"/><SP WIDTH="16" VPOS="545" HPOS="445"/>
							<String ID="string_129" HPOS="461" VPOS="545" WIDTH="92" HEIGHT="19" WC="0.93" CONTENT="afseende"/><SP WIDTH="16" VPOS="545" HPOS="553"/>
							<String ID="string_130" HPOS="569" VPOS="545" WIDTH="12" HEIGHT="19" WC="0.90" CONTENT="å"/><SP WIDTH="14" VPOS="545" HPOS="581"/>
							<String ID="string_131" HPOS="595" VPOS="545" WIDTH="136" HEIGHT="24" WC="0.90" CONTENT="ifrågakomne"/><SP WIDTH="16" VPOS="545" HPOS="731"/>
							<String ID="string_132" HPOS="747" VPOS="545" WIDTH="74" HEIGHT="19" WC="0.91" CONTENT="valrätt"/><SP WIDTH="14" VPOS="545" HPOS="821"/>
							<String ID="string_133" HPOS="835" VPOS="545" WIDTH="65" HEIGHT="19" WC="0.96" CONTENT="kunde"/><SP WIDTH="16" VPOS="545" HPOS="900"/>
							<String ID="string_134" HPOS="916" VPOS="546" WIDTH="75" HEIGHT="18" WC="0.95" CONTENT="vinnas."/>
						</TextLine>
						<TextLine ID="line_15" HPOS="234" VPOS="572" WIDTH="758" HEIGHT="25">
							<String ID="string_135" HPOS="234" VPOS="572" WIDTH="42" HEIGHT="21" WC="0.96" CONTENT="Och"/><SP WIDTH="17" VPOS="572" HPOS="276"/>
							<String ID="string_136" HPOS="293" VPOS="579" WIDTH="29" HEIGHT="13" WC="0.96" CONTENT="om"/><SP WIDTH="15" VPOS="579" HPOS="322"/>
							<String ID="string_137" HPOS="337" VPOS="574" WIDTH="115" HEIGHT="23" WC="0.96" CONTENT="ytterligare"/><SP WIDTH="16" VPOS="574" HPOS="452"/>
							<String ID="string_138" HPOS="468" VPOS="574" WIDTH="103" HEIGHT="19" WC="0.92" CONTENT="städernas"/><SP WIDTH="17" VPOS="574" HPOS="571"/>
							<String ID="string_139" HPOS="588" VPOS="574" WIDTH="156" HEIGHT="23" WC="0.91" CONTENT="valberättigade"/><SP WIDTH="18" VPOS="574" HPOS="744"/>
							<String ID="string_140" HPOS="762" VPOS="574" WIDTH="131" HEIGHT="19" WC="0.92" CONTENT="innevånares"/><SP WIDTH="15" VPOS="574" HPOS="893"/>
							<String ID="string_141" HPOS="908" VPOS="575" WIDTH="40" HEIGHT="18" WC="0.96" CONTENT="rätt"/><SP WIDTH="15" VPOS="575" HPOS="948"/>
							<String ID="string_142" HPOS="963" VPOS="576" WIDTH="29" HEIGHT="16" WC="0.96" CONTENT="att"/>
						</TextLine>
						<TextLine ID="line_16" HPOS="234" VPOS="601" WIDTH="758" HEIGHT="25">
							<String ID="string_143" HPOS="234" VPOS="602" WIDTH="64" HEIGHT="19" WC="0.90" CONTENT="sänka"/><SP WIDTH="21" VPOS="602" HPOS="298"/>
							<String ID="string_144" HPOS="319" VPOS="602" WIDTH="71" HEIGHT="23" WC="0.95" CONTENT="högsta"/><SP WIDTH="22" VPOS="602" HPOS="390"/>
							<String ID="string_145" HPOS="412" VPOS="603" WIDTH="103" HEIGHT="18" WC="0.93" CONTENT="röstetalet"/><SP WIDTH="23" VPOS="603" HPOS="515"/>
							<String ID="string_146" HPOS="538" VPOS="603" WIDTH="115" HEIGHT="23" WC="0.90" CONTENT="bibehålles,"/><SP WIDTH="23" VPOS="603" HPOS="653"/>
							<String ID="string_147" HPOS="676" VPOS="603" WIDTH="22" HEIGHT="18" WC="0.96" CONTENT="så"/><SP WIDTH="22" VPOS="603" HPOS="698"/>
							<String ID="string_148" HPOS="720" VPOS="603" WIDTH="57" HEIGHT="18" WC="0.95" CONTENT="torde"/><SP WIDTH="23" VPOS="603" HPOS="777"/>
							<String ID="string_149" HPOS="800" VPOS="608" WIDTH="44" HEIGHT="14" WC="0.96" CONTENT="man"/><SP WIDTH="22" VPOS="608" HPOS="844"/>
							<String ID="string_150" HPOS="866" VPOS="603" WIDTH="18" HEIGHT="23" WC="0.93" CONTENT="ej"/><SP WIDTH="24" VPOS="603" HPOS="884"/>
							<String ID="string_151" HPOS="908" VPOS="601" WIDTH="84" HEIGHT="20" WC="0.87" CONTENT="behöfva"/>
						</TextLine>
						<TextLine ID="line_17" HPOS="234" VPOS="630" WIDTH="757" HEIGHT="25">
							<String ID="string_152" HPOS="234" VPOS="630" WIDTH="75" HEIGHT="23" WC="0.96" CONTENT="frukta,"/><SP WIDTH="17" VPOS="630" HPOS="309"/>
							<String ID="string_153" HPOS="326" VPOS="633" WIDTH="28" HEIGHT="16" WC="0.96" CONTENT="att"/><SP WIDTH="16" VPOS="633" HPOS="354"/>
							<String ID="string_154" HPOS="370" VPOS="630" WIDTH="27" HEIGHT="20" WC="0.93" CONTENT="10"/><SP WIDTH="15" VPOS="630" HPOS="397"/>
							<String ID="string_155" HPOS="412" VPOS="631" WIDTH="113" HEIGHT="19" WC="0.91" CONTENT="röstetalets"/><SP WIDTH="16" VPOS="631" HPOS="525"/>
							<String ID="string_156" HPOS="541" VPOS="631" WIDTH="101" HEIGHT="19" WC="0.92" CONTENT="fixerande"/><SP WIDTH="16" VPOS="631" HPOS="642"/>
							<String ID="string_157" HPOS="658" VPOS="637" WIDTH="41" HEIGHT="13" WC="0.96" CONTENT="som"/><SP WIDTH="15" VPOS="637" HPOS="699"/>
							<String ID="string_158" HPOS="714" VPOS="631" WIDTH="34" HEIGHT="18" WC="0.96" CONTENT="det"/><SP WIDTH="14" VPOS="631" HPOS="748"/>
							<String ID="string_159" HPOS="762" VPOS="631" WIDTH="77" HEIGHT="24" WC="0.96" CONTENT="högsta,"/><SP WIDTH="17" VPOS="631" HPOS="839"/>
							<String ID="string_160" HPOS="856" VPOS="631" WIDTH="63" HEIGHT="19" WC="0.93" CONTENT="skulle"/><SP WIDTH="19" VPOS="631" HPOS="919"/>
							<String ID="string_161" HPOS="938" VPOS="631" WIDTH="53" HEIGHT="19" WC="0.90" CONTENT="häm-"/>
						</TextLine>
						<TextLine ID="line_18" HPOS="234" VPOS="659" WIDTH="757" HEIGHT="24">
							<String ID="string_162" HPOS="234" VPOS="659" WIDTH="71" HEIGHT="20" WC="0.96" CONTENT="mande"/><SP WIDTH="15" VPOS="659" HPOS="305"/>
							<String ID="string_163" HPOS="320" VPOS="659" WIDTH="83" HEIGHT="19" WC="0.96" CONTENT="inverka"/><SP WIDTH="15" VPOS="659" HPOS="403"/>
							<String ID="string_164" HPOS="418" VPOS="659" WIDTH="26" HEIGHT="24" WC="0.96" CONTENT="på"/><SP WIDTH="15" VPOS="659" HPOS="444"/>
							<String ID="string_165" HPOS="459" VPOS="659" WIDTH="37" HEIGHT="20" WC="0.96" CONTENT="den"/><SP WIDTH="17" VPOS="659" HPOS="496"/>
							<String ID="string_166" HPOS="513" VPOS="659" WIDTH="21" HEIGHT="20" WC="0.96" CONTENT="af"/><SP WIDTH="14" VPOS="659" HPOS="534"/>
							<String ID="string_167" HPOS="548" VPOS="662" WIDTH="29" HEIGHT="16" WC="0.96" CONTENT="ett"/><SP WIDTH="14" VPOS="662" HPOS="577"/>
							<String ID="string_168" HPOS="591" VPOS="659" WIDTH="93" HEIGHT="20" WC="0.96" CONTENT="framtida"/><SP WIDTH="12" VPOS="659" HPOS="684"/>
							<String ID="string_169" HPOS="696" VPOS="659" WIDTH="179" HEIGHT="20" WC="0.96" CONTENT="framåtskridande"/><SP WIDTH="11" VPOS="659" HPOS="875"/>
							<String ID="string_170" HPOS="886" VPOS="659" WIDTH="105" HEIGHT="24" WC="0.96" CONTENT="påkallade"/>
						</TextLine>
						<TextLine ID="line_19" HPOS="234" VPOS="687" WIDTH="758" HEIGHT="26">
							<String ID="string_171" HPOS="234" VPOS="688" WIDTH="116" HEIGHT="25" WC="0.96" CONTENT="ändringen,"/><SP WIDTH="24" VPOS="688" HPOS="350"/>
							<String ID="string_172" HPOS="374" VPOS="688" WIDTH="26" HEIGHT="19" WC="0.96" CONTENT="då"/><SP WIDTH="22" VPOS="688" HPOS="400"/>
							<String ID="string_173" HPOS="422" VPOS="689" WIDTH="24" HEIGHT="18" WC="0.92" CONTENT="de"/><SP WIDTH="23" VPOS="689" HPOS="446"/>
							<String ID="string_174" HPOS="469" VPOS="688" WIDTH="155" HEIGHT="23" WC="0.91" CONTENT="valberättigade"/><SP WIDTH="16" VPOS="688" HPOS="624"/>
							<String ID="string_175" HPOS="640" VPOS="689" WIDTH="6" HEIGHT="18" WC="0.96" CONTENT="i"/><SP WIDTH="16" VPOS="689" HPOS="646"/>
							<String ID="string_176" HPOS="662" VPOS="688" WIDTH="63" HEIGHT="23" WC="0.96" CONTENT="någon"/><SP WIDTH="23" VPOS="688" HPOS="725"/>
							<String ID="string_177" HPOS="748" VPOS="688" WIDTH="45" HEIGHT="19" WC="0.96" CONTENT="stad"/><SP WIDTH="18" VPOS="688" HPOS="793"/>
							<String ID="string_178" HPOS="811" VPOS="689" WIDTH="44" HEIGHT="18" WC="0.95" CONTENT="med"/><SP WIDTH="15" VPOS="689" HPOS="855"/>
							<String ID="string_179" HPOS="870" VPOS="688" WIDTH="76" HEIGHT="24" WC="0.96" CONTENT="hänsyn"/><SP WIDTH="15" VPOS="688" HPOS="946"/>
							<String ID="string_180" HPOS="961" VPOS="687" WIDTH="31" HEIGHT="20" WC="0.96" CONTENT="till"/>
						</TextLine>
						<TextLine ID="line_20" HPOS="234" VPOS="716" WIDTH="758" HEIGHT="24">
							<String ID="string_181" HPOS="234" VPOS="716" WIDTH="39" HEIGHT="19" WC="0.96" CONTENT="den"/><SP WIDTH="23" VPOS="716" HPOS="273"/>
							<String ID="string_182" HPOS="296" VPOS="722" WIDTH="49" HEIGHT="18" WC="0.96" CONTENT="egna"/><SP WIDTH="22" VPOS="722" HPOS="345"/>
							<String ID="string_183" HPOS="367" VPOS="717" WIDTH="81" HEIGHT="19" WC="0.93" CONTENT="stadens"/><SP WIDTH="20" VPOS="717" HPOS="448"/>
							<String ID="string_184" HPOS="468" VPOS="717" WIDTH="61" HEIGHT="19" WC="0.92" CONTENT="behof"/><SP WIDTH="14" VPOS="717" HPOS="529"/>
							<String ID="string_185" HPOS="543" VPOS="717" WIDTH="63" HEIGHT="19" WC="0.96" CONTENT="skulle"/><SP WIDTH="16" VPOS="717" HPOS="606"/>
							<String ID="string_186" HPOS="622" VPOS="723" WIDTH="46" HEIGHT="13" WC="0.96" CONTENT="anse"/><SP WIDTH="16" VPOS="723" HPOS="668"/>
							<String ID="string_187" HPOS="684" VPOS="723" WIDTH="24" HEIGHT="13" WC="0.96" CONTENT="en"/><SP WIDTH="16" VPOS="723" HPOS="708"/>
							<String ID="string_188" HPOS="724" VPOS="717" WIDTH="61" HEIGHT="18" WC="0.96" CONTENT="sådan"/><SP WIDTH="17" VPOS="717" HPOS="785"/>
							<String ID="string_189" HPOS="802" VPOS="722" WIDTH="47" HEIGHT="13" WC="0.96" CONTENT="vara"/><SP WIDTH="16" VPOS="722" HPOS="849"/>
							<String ID="string_190" HPOS="865" VPOS="716" WIDTH="21" HEIGHT="20" WC="0.93" CONTENT="af"/><SP WIDTH="14" VPOS="716" HPOS="886"/>
							<String ID="string_191" HPOS="900" VPOS="716" WIDTH="92" HEIGHT="20" WC="0.92" CONTENT="behofvet"/>
						</TextLine>
						<TextLine ID="line_21" HPOS="233" VPOS="745" WIDTH="102" HEIGHT="24">
							<String ID="string_192" HPOS="233" VPOS="745" WIDTH="102" HEIGHT="24" WC="0.95" CONTENT="påkallad."/>
						</TextLine>
					</TextBlock>
					<TextBlock ID="block_2" HPOS="232" VPOS="773" WIDTH="760" HEIGHT="368">
						<TextLine ID="line_22" HPOS="304" VPOS="773" WIDTH="688" HEIGHT="24">
							<String ID="string_193" HPOS="304" VPOS="773" WIDTH="46" HEIGHT="19" WC="0.96" CONTENT="Med"/><SP WIDTH="23" VPOS="773" HPOS="350"/>
							<String ID="string_194" HPOS="373" VPOS="773" WIDTH="93" HEIGHT="20" WC="0.93" CONTENT="afseende"/><SP WIDTH="23" VPOS="773" HPOS="466"/>
							<String ID="string_195" HPOS="489" VPOS="773" WIDTH="55" HEIGHT="23" WC="0.92" CONTENT="derå,"/><SP WIDTH="23" VPOS="773" HPOS="544"/>
							<String ID="string_196" HPOS="567" VPOS="776" WIDTH="29" HEIGHT="16" WC="0.96" CONTENT="att"/><SP WIDTH="15" VPOS="776" HPOS="596"/>
							<String ID="string_197" HPOS="611" VPOS="773" WIDTH="34" HEIGHT="19" WC="0.96" CONTENT="det"/><SP WIDTH="15" VPOS="773" HPOS="645"/>
							<String ID="string_198" HPOS="660" VPOS="773" WIDTH="125" HEIGHT="20" WC="0.93" CONTENT="kommunala"/><SP WIDTH="15" VPOS="773" HPOS="785"/>
							<String ID="string_199" HPOS="800" VPOS="773" WIDTH="109" HEIGHT="20" WC="0.92" CONTENT="skattörets"/><SP WIDTH="15" VPOS="773" HPOS="909"/>
							<String ID="string_200" HPOS="924" VPOS="773" WIDTH="68" HEIGHT="24" WC="0.96" CONTENT="värde,"/>
						</TextLine>
						<TextLine ID="line_23" HPOS="234" VPOS="801" WIDTH="756" HEIGHT="25">
							<String ID="string_201" HPOS="234" VPOS="807" WIDTH="42" HEIGHT="14" WC="0.96" CONTENT="som"/><SP WIDTH="16" VPOS="807" HPOS="276"/>
							<String ID="string_202" HPOS="292" VPOS="803" WIDTH="88" HEIGHT="18" WC="0.96" CONTENT="varierar"/><SP WIDTH="15" VPOS="803" HPOS="380"/>
							<String ID="string_203" HPOS="395" VPOS="802" WIDTH="7" HEIGHT="19" WC="0.96" CONTENT="i"/><SP WIDTH="16" VPOS="802" HPOS="402"/>
							<String ID="string_204" HPOS="418" VPOS="802" WIDTH="53" HEIGHT="19" WC="0.96" CONTENT="olika"/><SP WIDTH="15" VPOS="802" HPOS="471"/>
							<String ID="string_205" HPOS="486" VPOS="803" WIDTH="73" HEIGHT="22" WC="0.96" CONTENT="städer,"/><SP WIDTH="16" VPOS="803" HPOS="559"/>
							<String ID="string_206" HPOS="575" VPOS="802" WIDTH="7" HEIGHT="19" WC="0.96" CONTENT="i"/><SP WIDTH="17" VPOS="802" HPOS="582"/>
							<String ID="string_207" HPOS="599" VPOS="802" WIDTH="63" HEIGHT="23" WC="0.96" CONTENT="någon"/><SP WIDTH="16" VPOS="802" HPOS="662"/>
							<String ID="string_208" HPOS="678" VPOS="802" WIDTH="43" HEIGHT="19" WC="0.96" CONTENT="mån"/><SP WIDTH="17" VPOS="802" HPOS="721"/>
							<String ID="string_209" HPOS="738" VPOS="804" WIDTH="58" HEIGHT="22" WC="0.96" CONTENT="utgör"/><SP WIDTH="11" VPOS="804" HPOS="796"/>
							<String ID="string_210" HPOS="807" VPOS="802" WIDTH="106" HEIGHT="20" WC="0.96" CONTENT="måttstock"/><SP WIDTH="11" VPOS="802" HPOS="913"/>
							<String ID="string_211" HPOS="924" VPOS="801" WIDTH="31" HEIGHT="20" WC="0.96" CONTENT="för"/><SP WIDTH="11" VPOS="801" HPOS="955"/>
							<String ID="string_212" HPOS="966" VPOS="802" WIDTH="24" HEIGHT="19" WC="0.94" CONTENT="de"/>
						</TextLine>
						<TextLine ID="line_24" HPOS="233" VPOS="830" WIDTH="758" HEIGHT="21">
							<String ID="string_213" HPOS="233" VPOS="831" WIDTH="6" HEIGHT="18" WC="0.96" CONTENT="i"/><SP WIDTH="17" VPOS="831" HPOS="239"/>
							<String ID="string_214" HPOS="256" VPOS="831" WIDTH="94" HEIGHT="19" WC="0.96" CONTENT="städerna"/><SP WIDTH="21" VPOS="831" HPOS="350"/>
							<String ID="string_215" HPOS="371" VPOS="831" WIDTH="87" HEIGHT="19" WC="0.96" CONTENT="rådande"/><SP WIDTH="17" VPOS="831" HPOS="458"/>
							<String ID="string_216" HPOS="475" VPOS="831" WIDTH="131" HEIGHT="18" WC="0.96" CONTENT="ekonomiska"/><SP WIDTH="14" VPOS="831" HPOS="606"/>
							<String ID="string_217" HPOS="620" VPOS="830" WIDTH="151" HEIGHT="20" WC="0.95" CONTENT="förhållandena"/><SP WIDTH="14" VPOS="830" HPOS="771"/>
							<String ID="string_218" HPOS="785" VPOS="834" WIDTH="50" HEIGHT="16" WC="0.96" CONTENT="samt"/><SP WIDTH="16" VPOS="834" HPOS="835"/>
							<String ID="string_219" HPOS="851" VPOS="831" WIDTH="57" HEIGHT="19" WC="0.96" CONTENT="torde"/><SP WIDTH="15" VPOS="831" HPOS="908"/>
							<String ID="string_220" HPOS="923" VPOS="831" WIDTH="68" HEIGHT="20" WC="0.96" CONTENT="kunna"/>
						</TextLine>
						<TextLine ID="line_25" HPOS="232" VPOS="859" WIDTH="759" HEIGHT="24">
							<String ID="string_221" HPOS="232" VPOS="859" WIDTH="67" HEIGHT="20" WC="0.95" CONTENT="lemna"/><SP WIDTH="22" VPOS="859" HPOS="299"/>
							<String ID="string_222" HPOS="321" VPOS="859" WIDTH="64" HEIGHT="24" WC="0.96" CONTENT="någon"/><SP WIDTH="23" VPOS="859" HPOS="385"/>
							<String ID="string_223" HPOS="408" VPOS="859" WIDTH="86" HEIGHT="24" WC="0.96" CONTENT="antydan"/><SP WIDTH="24" VPOS="859" HPOS="494"/>
							<String ID="string_224" HPOS="518" VPOS="865" WIDTH="37" HEIGHT="17" WC="0.96" CONTENT="om,"/><SP WIDTH="23" VPOS="865" HPOS="555"/>
							<String ID="string_225" HPOS="578" VPOS="859" WIDTH="79" HEIGHT="19" WC="0.96" CONTENT="hvilken"/><SP WIDTH="15" VPOS="859" HPOS="657"/>
							<String ID="string_226" HPOS="672" VPOS="859" WIDTH="87" HEIGHT="20" WC="0.96" CONTENT="minimal"/><SP WIDTH="15" VPOS="859" HPOS="759"/>
							<String ID="string_227" HPOS="774" VPOS="860" WIDTH="87" HEIGHT="19" WC="0.96" CONTENT="inkomst"/><SP WIDTH="15" VPOS="860" HPOS="861"/>
							<String ID="string_228" HPOS="876" VPOS="865" WIDTH="41" HEIGHT="14" WC="0.95" CONTENT="som"/><SP WIDTH="16" VPOS="865" HPOS="917"/>
							<String ID="string_229" HPOS="933" VPOS="865" WIDTH="58" HEIGHT="14" WC="0.96" CONTENT="anses"/>
						</TextLine>
						<TextLine ID="line_26" HPOS="232" VPOS="887" WIDTH="760" HEIGHT="26">
							<String ID="string_230" HPOS="232" VPOS="887" WIDTH="33" HEIGHT="20" WC="0.96" CONTENT="för"/><SP WIDTH="16" VPOS="887" HPOS="265"/>
							<String ID="string_231" HPOS="281" VPOS="894" WIDTH="23" HEIGHT="13" WC="0.93" CONTENT="en"/><SP WIDTH="16" VPOS="894" HPOS="304"/>
							<String ID="string_232" HPOS="320" VPOS="887" WIDTH="124" HEIGHT="24" WC="0.92" CONTENT="sjelfständig"/><SP WIDTH="15" VPOS="887" HPOS="444"/>
							<String ID="string_233" HPOS="459" VPOS="888" WIDTH="87" HEIGHT="19" WC="0.96" CONTENT="utkomst"/><SP WIDTH="15" VPOS="888" HPOS="546"/>
							<String ID="string_234" HPOS="561" VPOS="888" WIDTH="119" HEIGHT="23" WC="0.53" CONTENT="nödvändig,"/><SP WIDTH="15" VPOS="888" HPOS="680"/>
							<String ID="string_235" HPOS="695" VPOS="888" WIDTH="22" HEIGHT="19" WC="0.96" CONTENT="så"/><SP WIDTH="15" VPOS="888" HPOS="717"/>
							<String ID="string_236" HPOS="732" VPOS="894" WIDTH="58" HEIGHT="18" WC="0.96" CONTENT="synes"/><SP WIDTH="17" VPOS="894" HPOS="790"/>
							<String ID="string_237" HPOS="807" VPOS="889" WIDTH="33" HEIGHT="19" WC="0.93" CONTENT="det"/><SP WIDTH="13" VPOS="889" HPOS="840"/>
							<String ID="string_238" HPOS="853" VPOS="888" WIDTH="98" HEIGHT="25" WC="0.93" CONTENT="sakenligt"/><SP WIDTH="11" VPOS="888" HPOS="951"/>
							<String ID="string_239" HPOS="962" VPOS="890" WIDTH="30" HEIGHT="18" WC="0.96" CONTENT="att"/>
						</TextLine>
						<TextLine ID="line_27" HPOS="233" VPOS="916" WIDTH="757" HEIGHT="25">
							<String ID="string_240" HPOS="233" VPOS="917" WIDTH="35" HEIGHT="19" WC="0.96" CONTENT="det"/><SP WIDTH="15" VPOS="917" HPOS="268"/>
							<String ID="string_241" HPOS="283" VPOS="917" WIDTH="125" HEIGHT="19" WC="0.93" CONTENT="kommunala"/><SP WIDTH="16" VPOS="917" HPOS="408"/>
							<String ID="string_242" HPOS="424" VPOS="917" WIDTH="97" HEIGHT="18" WC="0.92" CONTENT="skattöret"/><SP WIDTH="16" VPOS="917" HPOS="521"/>
							<String ID="string_243" HPOS="537" VPOS="916" WIDTH="108" HEIGHT="19" WC="0.92" CONTENT="bibehålles"/><SP WIDTH="20" VPOS="916" HPOS="645"/>
							<String ID="string_244" HPOS="665" VPOS="917" WIDTH="63" HEIGHT="18" WC="0.96" CONTENT="såsom"/><SP WIDTH="16" VPOS="917" HPOS="728"/>
							<String ID="string_245" HPOS="744" VPOS="917" WIDTH="96" HEIGHT="23" WC="0.96" CONTENT="grundval"/><SP WIDTH="15" VPOS="917" HPOS="840"/>
							<String ID="string_246" HPOS="855" VPOS="917" WIDTH="32" HEIGHT="19" WC="0.96" CONTENT="för"/><SP WIDTH="15" VPOS="917" HPOS="887"/>
							<String ID="string_247" HPOS="902" VPOS="917" WIDTH="37" HEIGHT="19" WC="0.93" CONTENT="den"/><SP WIDTH="16" VPOS="917" HPOS="939"/>
							<String ID="string_248" HPOS="955" VPOS="923" WIDTH="35" HEIGHT="18" WC="0.92" CONTENT="po-"/>
						</TextLine>
						<TextLine ID="line_28" HPOS="232" VPOS="945" WIDTH="759" HEIGHT="24">
							<String ID="string_249" HPOS="232" VPOS="945" WIDTH="70" HEIGHT="20" WC="0.93" CONTENT="litiska"/><SP WIDTH="22" VPOS="945" HPOS="302"/>
							<String ID="string_250" HPOS="324" VPOS="947" WIDTH="114" HEIGHT="18" WC="0.93" CONTENT="rösträtten."/><SP WIDTH="29" VPOS="947" HPOS="438"/>
							<String ID="string_251" HPOS="467" VPOS="945" WIDTH="93" HEIGHT="20" WC="0.90" CONTENT="Likasom"/><SP WIDTH="23" VPOS="945" HPOS="560"/>
							<String ID="string_252" HPOS="583" VPOS="945" WIDTH="33" HEIGHT="19" WC="0.96" CONTENT="det"/><SP WIDTH="22" VPOS="945" HPOS="616"/>
							<String ID="string_253" HPOS="638" VPOS="945" WIDTH="70" HEIGHT="24" WC="0.95" CONTENT="högsta"/><SP WIDTH="21" VPOS="945" HPOS="708"/>
							<String ID="string_254" HPOS="729" VPOS="945" WIDTH="106" HEIGHT="19" WC="0.96" CONTENT="röstetalet"/><SP WIDTH="20" VPOS="945" HPOS="835"/>
							<String ID="string_255" HPOS="855" VPOS="946" WIDTH="57" HEIGHT="19" WC="0.96" CONTENT="beror"/><SP WIDTH="16" VPOS="946" HPOS="912"/>
							<String ID="string_256" HPOS="928" VPOS="945" WIDTH="20" HEIGHT="20" WC="0.96" CONTENT="af"/><SP WIDTH="13" VPOS="945" HPOS="948"/>
							<String ID="string_257" HPOS="961" VPOS="948" WIDTH="30" HEIGHT="17" WC="0.96" CONTENT="ett"/>
						</TextLine>
						<TextLine ID="line_29" HPOS="232" VPOS="973" WIDTH="759" HEIGHT="25">
							<String ID="string_258" HPOS="232" VPOS="974" WIDTH="100" HEIGHT="19" WC="0.96" CONTENT="bestämdt"/><SP WIDTH="16" VPOS="974" HPOS="332"/>
							<String ID="string_259" HPOS="348" VPOS="974" WIDTH="53" HEIGHT="19" WC="0.93" CONTENT="antal"/><SP WIDTH="16" VPOS="974" HPOS="401"/>
							<String ID="string_260" HPOS="417" VPOS="974" WIDTH="109" HEIGHT="22" WC="0.91" CONTENT="skattören,"/><SP WIDTH="11" VPOS="974" HPOS="526"/>
							<String ID="string_261" HPOS="537" VPOS="974" WIDTH="62" HEIGHT="19" WC="0.95" CONTENT="borde"/><SP WIDTH="13" VPOS="974" HPOS="599"/>
							<String ID="string_262" HPOS="612" VPOS="973" WIDTH="56" HEIGHT="20" WC="0.96" CONTENT="äfven"/><SP WIDTH="12" VPOS="973" HPOS="668"/>
							<String ID="string_263" HPOS="680" VPOS="974" WIDTH="34" HEIGHT="19" WC="0.96" CONTENT="det"/><SP WIDTH="10" VPOS="974" HPOS="714"/>
							<String ID="string_264" HPOS="724" VPOS="974" WIDTH="64" HEIGHT="23" WC="0.96" CONTENT="lägsta"/><SP WIDTH="10" VPOS="974" HPOS="788"/>
							<String ID="string_265" HPOS="798" VPOS="974" WIDTH="105" HEIGHT="19" WC="0.96" CONTENT="röstetalet"/><SP WIDTH="12" VPOS="974" HPOS="903"/>
							<String ID="string_266" HPOS="915" VPOS="975" WIDTH="76" HEIGHT="23" WC="0.95" CONTENT="grunda"/>
						</TextLine>
						<TextLine ID="line_30" HPOS="232" VPOS="1002" WIDTH="756" HEIGHT="25">
							<String ID="string_267" HPOS="232" VPOS="1003" WIDTH="30" HEIGHT="23" WC="0.93" CONTENT="sig"/><SP WIDTH="24" VPOS="1003" HPOS="262"/>
							<String ID="string_268" HPOS="286" VPOS="1003" WIDTH="11" HEIGHT="19" WC="0.90" CONTENT="å"/><SP WIDTH="21" VPOS="1003" HPOS="297"/>
							<String ID="string_269" HPOS="318" VPOS="1003" WIDTH="126" HEIGHT="23" WC="0.92" CONTENT="lagstadgadt"/><SP WIDTH="22" VPOS="1003" HPOS="444"/>
							<String ID="string_270" HPOS="466" VPOS="1002" WIDTH="54" HEIGHT="20" WC="0.93" CONTENT="antal"/><SP WIDTH="15" VPOS="1002" HPOS="520"/>
							<String ID="string_271" HPOS="535" VPOS="1002" WIDTH="109" HEIGHT="19" WC="0.92" CONTENT="skattören."/><SP WIDTH="30" VPOS="1002" HPOS="644"/>
							<String ID="string_272" HPOS="674" VPOS="1002" WIDTH="62" HEIGHT="19" WC="0.96" CONTENT="Detta"/><SP WIDTH="15" VPOS="1002" HPOS="736"/>
							<String ID="string_273" HPOS="751" VPOS="1003" WIDTH="122" HEIGHT="19" WC="0.94" CONTENT="sistnämnda"/><SP WIDTH="17" VPOS="1003" HPOS="873"/>
							<String ID="string_274" HPOS="890" VPOS="1008" WIDTH="52" HEIGHT="19" WC="0.95" CONTENT="vore,"/><SP WIDTH="15" VPOS="1008" HPOS="942"/>
							<String ID="string_275" HPOS="957" VPOS="1009" WIDTH="31" HEIGHT="13" WC="0.97" CONTENT="om"/>
						</TextLine>
						<TextLine ID="line_31" HPOS="232" VPOS="1030" WIDTH="758" HEIGHT="25">
							<String ID="string_276" HPOS="232" VPOS="1037" WIDTH="46" HEIGHT="14" WC="0.95" CONTENT="man"/><SP WIDTH="22" VPOS="1037" HPOS="278"/>
							<String ID="string_277" HPOS="300" VPOS="1031" WIDTH="116" HEIGHT="24" WC="0.95" CONTENT="godkänner"/><SP WIDTH="21" VPOS="1031" HPOS="416"/>
							<String ID="string_278" HPOS="437" VPOS="1030" WIDTH="58" HEIGHT="21" WC="0.96" CONTENT="ofvan"/><SP WIDTH="22" VPOS="1030" HPOS="495"/>
							<String ID="string_279" HPOS="517" VPOS="1030" WIDTH="84" HEIGHT="20" WC="0.96" CONTENT="anförda"/><SP WIDTH="22" VPOS="1030" HPOS="601"/>
							<String ID="string_280" HPOS="623" VPOS="1030" WIDTH="27" HEIGHT="21" WC="0.92" CONTENT="10"/><SP WIDTH="20" VPOS="1030" HPOS="650"/>
							<String ID="string_281" HPOS="670" VPOS="1033" WIDTH="123" HEIGHT="22" WC="0.92" CONTENT="röstsystem,"/><SP WIDTH="16" VPOS="1033" HPOS="793"/>
							<String ID="string_282" HPOS="809" VPOS="1031" WIDTH="125" HEIGHT="24" WC="0.96" CONTENT="naturligtvis"/><SP WIDTH="16" VPOS="1031" HPOS="934"/>
							<String ID="string_283" HPOS="950" VPOS="1032" WIDTH="40" HEIGHT="23" WC="0.96" CONTENT="det,"/>
						</TextLine>
						<TextLine ID="line_32" HPOS="232" VPOS="1059" WIDTH="759" HEIGHT="27">
							<String ID="string_284" HPOS="232" VPOS="1060" WIDTH="79" HEIGHT="19" WC="0.96" CONTENT="hvilket"/><SP WIDTH="14" VPOS="1060" HPOS="311"/>
							<String ID="string_285" HPOS="325" VPOS="1060" WIDTH="61" HEIGHT="23" WC="0.96" CONTENT="enligt"/><SP WIDTH="16" VPOS="1060" HPOS="386"/>
							<String ID="string_286" HPOS="402" VPOS="1059" WIDTH="26" HEIGHT="20" WC="0.96" CONTENT="12"/><SP WIDTH="17" VPOS="1059" HPOS="428"/>
							<String ID="string_287" HPOS="445" VPOS="1059" WIDTH="12" HEIGHT="27" WC="0.53" CONTENT="8"/><SP WIDTH="15" VPOS="1059" HPOS="457"/>
							<String ID="string_288" HPOS="472" VPOS="1060" WIDTH="7" HEIGHT="19" WC="0.93" CONTENT="i"/><SP WIDTH="15" VPOS="1060" HPOS="479"/>
							<String ID="string_289" HPOS="494" VPOS="1059" WIDTH="255" HEIGHT="24" WC="0.91" CONTENT="kommunalförfattningen"/><SP WIDTH="16" VPOS="1059" HPOS="749"/>
							<String ID="string_290" HPOS="765" VPOS="1059" WIDTH="32" HEIGHT="20" WC="0.96" CONTENT="för"/><SP WIDTH="12" VPOS="1059" HPOS="797"/>
							<String ID="string_291" HPOS="809" VPOS="1060" WIDTH="100" HEIGHT="23" WC="0.88" CONTENT="städerna,"/><SP WIDTH="11" VPOS="1060" HPOS="909"/>
							<String ID="string_292" HPOS="920" VPOS="1060" WIDTH="71" HEIGHT="19" WC="0.96" CONTENT="sådant"/>
						</TextLine>
						<TextLine ID="line_33" HPOS="233" VPOS="1088" WIDTH="757" HEIGHT="26">
							<String ID="string_293" HPOS="233" VPOS="1089" WIDTH="57" HEIGHT="19" WC="0.96" CONTENT="detta"/><SP WIDTH="21" VPOS="1089" HPOS="290"/>
							<String ID="string_294" HPOS="311" VPOS="1089" WIDTH="74" HEIGHT="24" WC="0.96" CONTENT="lagrum"/><SP WIDTH="21" VPOS="1089" HPOS="385"/>
							<String ID="string_295" HPOS="406" VPOS="1089" WIDTH="55" HEIGHT="24" WC="0.96" CONTENT="lyder"/><SP WIDTH="21" VPOS="1089" HPOS="461"/>
							<String ID="string_296" HPOS="482" VPOS="1089" WIDTH="6" HEIGHT="18" WC="0.96" CONTENT="i"/><SP WIDTH="21" VPOS="1089" HPOS="488"/>
							<String ID="string_297" HPOS="509" VPOS="1089" WIDTH="73" HEIGHT="23" WC="0.96" CONTENT="nådiga"/><SP WIDTH="22" VPOS="1089" HPOS="582"/>
							<String ID="string_298" HPOS="604" VPOS="1088" WIDTH="148" HEIGHT="26" WC="0.96" CONTENT="förordningen,"/><SP WIDTH="23" VPOS="1088" HPOS="752"/>
							<String ID="string_299" HPOS="775" VPOS="1088" WIDTH="22" HEIGHT="19" WC="0.96" CONTENT="af"/><SP WIDTH="14" VPOS="1088" HPOS="797"/>
							<String ID="string_300" HPOS="811" VPOS="1089" WIDTH="38" HEIGHT="19" WC="0.97" CONTENT="den"/><SP WIDTH="16" VPOS="1089" HPOS="849"/>
							<String ID="string_301" HPOS="865" VPOS="1088" WIDTH="26" HEIGHT="19" WC="0.96" CONTENT="15"/><SP WIDTH="16" VPOS="1088" HPOS="891"/>
							<String ID="string_302" HPOS="907" VPOS="1089" WIDTH="83" HEIGHT="24" WC="0.96" CONTENT="Augusti"/>
						</TextLine>
						<TextLine ID="line_34" HPOS="233" VPOS="1117" WIDTH="336" HEIGHT="24">
							<String ID="string_303" HPOS="233" VPOS="1117" WIDTH="64" HEIGHT="24" WC="0.96" CONTENT="1883,"/><SP WIDTH="16" VPOS="1117" HPOS="297"/>
							<String ID="string_304" HPOS="313" VPOS="1117" WIDTH="108" HEIGHT="24" WC="0.96" CONTENT="berättigar"/><SP WIDTH="15" VPOS="1117" HPOS="421"/>
							<String ID="string_305" HPOS="436" VPOS="1118" WIDTH="30" HEIGHT="18" WC="0.96" CONTENT="till"/><SP WIDTH="15" VPOS="1118" HPOS="466"/>
							<String ID="string_306" HPOS="481" VPOS="1123" WIDTH="24" HEIGHT="13" WC="0.96" CONTENT="en"/><SP WIDTH="16" VPOS="1123" HPOS="505"/>
							<String ID="string_307" HPOS="521" VPOS="1119" WIDTH="48" HEIGHT="17" WC="0.96" CONTENT="röst."/>
						</TextLine>
					</TextBlock>
					<TextBlock ID="block_3" HPOS="232" VPOS="1145" WIDTH="760" HEIGHT="256">
						<TextLine ID="line_35" HPOS="304" VPOS="1145" WIDTH="687" HEIGHT="24">
							<String ID="string_308" HPOS="304" VPOS="1146" WIDTH="107" HEIGHT="23" WC="0.96" CONTENT="Onekligen"/><SP WIDTH="16" VPOS="1146" HPOS="411"/>
							<String ID="string_309" HPOS="427" VPOS="1146" WIDTH="38" HEIGHT="19" WC="0.96" CONTENT="kan"/><SP WIDTH="15" VPOS="1146" HPOS="465"/>
							<String ID="string_310" HPOS="480" VPOS="1151" WIDTH="45" HEIGHT="14" WC="0.96" CONTENT="man"/><SP WIDTH="16" VPOS="1151" HPOS="525"/>
							<String ID="string_311" HPOS="541" VPOS="1145" WIDTH="51" HEIGHT="20" WC="0.96" CONTENT="dock"/><SP WIDTH="16" VPOS="1145" HPOS="592"/>
							<String ID="string_312" HPOS="608" VPOS="1148" WIDTH="52" HEIGHT="17" WC="0.96" CONTENT="emot"/><SP WIDTH="14" VPOS="1148" HPOS="660"/>
							<String ID="string_313" HPOS="674" VPOS="1145" WIDTH="152" HEIGHT="24" WC="0.96" CONTENT="ifrågavarande"/><SP WIDTH="18" VPOS="1145" HPOS="826"/>
							<String ID="string_314" HPOS="844" VPOS="1145" WIDTH="83" HEIGHT="20" WC="0.96" CONTENT="likasom"/><SP WIDTH="13" VPOS="1145" HPOS="927"/>
							<String ID="string_315" HPOS="940" VPOS="1148" WIDTH="51" HEIGHT="17" WC="0.96" CONTENT="emot"/>
						</TextLine>
						<TextLine ID="line_36" HPOS="232" VPOS="1175" WIDTH="760" HEIGHT="23">
							<String ID="string_316" HPOS="232" VPOS="1175" WIDTH="48" HEIGHT="19" WC="0.96" CONTENT="hela"/><SP WIDTH="22" VPOS="1175" HPOS="280"/>
							<String ID="string_317" HPOS="302" VPOS="1175" WIDTH="33" HEIGHT="18" WC="0.96" CONTENT="det"/><SP WIDTH="22" VPOS="1175" HPOS="335"/>
							<String ID="string_318" HPOS="357" VPOS="1175" WIDTH="112" HEIGHT="19" WC="0.95" CONTENT="nuvarande"/><SP WIDTH="22" VPOS="1175" HPOS="469"/>
							<String ID="string_319" HPOS="491" VPOS="1176" WIDTH="94" HEIGHT="22" WC="0.96" CONTENT="systemet"/><SP WIDTH="22" VPOS="1176" HPOS="585"/>
							<String ID="string_320" HPOS="607" VPOS="1176" WIDTH="49" HEIGHT="21" WC="0.96" CONTENT="göra"/><SP WIDTH="15" VPOS="1176" HPOS="656"/>
							<String ID="string_321" HPOS="671" VPOS="1180" WIDTH="23" HEIGHT="13" WC="0.93" CONTENT="en"/><SP WIDTH="16" VPOS="1180" HPOS="694"/>
							<String ID="string_322" HPOS="710" VPOS="1175" WIDTH="61" HEIGHT="23" WC="0.92" CONTENT="vigtig"/><SP WIDTH="16" VPOS="1175" HPOS="771"/>
							<String ID="string_323" HPOS="787" VPOS="1175" WIDTH="135" HEIGHT="23" WC="0.96" CONTENT="anmärkning."/><SP WIDTH="30" VPOS="1175" HPOS="922"/>
							<String ID="string_324" HPOS="952" VPOS="1175" WIDTH="40" HEIGHT="19" WC="0.92" CONTENT="Det"/>
						</TextLine>
						<TextLine ID="line_37" HPOS="232" VPOS="1202" WIDTH="759" HEIGHT="25">
							<String ID="string_325" HPOS="232" VPOS="1203" WIDTH="42" HEIGHT="20" WC="0.96" CONTENT="kan"/><SP WIDTH="16" VPOS="1203" HPOS="274"/>
							<String ID="string_326" HPOS="290" VPOS="1209" WIDTH="58" HEIGHT="18" WC="0.95" CONTENT="synas"/><SP WIDTH="16" VPOS="1209" HPOS="348"/>
							<String ID="string_327" HPOS="364" VPOS="1203" WIDTH="114" HEIGHT="24" WC="0.96" CONTENT="onaturligt,"/><SP WIDTH="15" VPOS="1203" HPOS="478"/>
							<String ID="string_328" HPOS="493" VPOS="1205" WIDTH="30" HEIGHT="18" WC="0.96" CONTENT="att"/><SP WIDTH="16" VPOS="1205" HPOS="523"/>
							<String ID="string_329" HPOS="539" VPOS="1203" WIDTH="37" HEIGHT="18" WC="0.96" CONTENT="den"/><SP WIDTH="16" VPOS="1203" HPOS="576"/>
							<String ID="string_330" HPOS="592" VPOS="1202" WIDTH="94" HEIGHT="25" WC="0.95" CONTENT="politiska"/><SP WIDTH="15" VPOS="1202" HPOS="686"/>
							<String ID="string_331" HPOS="701" VPOS="1205" WIDTH="110" HEIGHT="17" WC="0.96" CONTENT="rösträtten"/><SP WIDTH="16" VPOS="1205" HPOS="811"/>
							<String ID="string_332" HPOS="827" VPOS="1203" WIDTH="22" HEIGHT="19" WC="0.96" CONTENT="så"/><SP WIDTH="15" VPOS="1203" HPOS="849"/>
							<String ID="string_333" HPOS="864" VPOS="1205" WIDTH="49" HEIGHT="17" WC="0.93" CONTENT="nära"/><SP WIDTH="12" VPOS="1205" HPOS="913"/>
							<String ID="string_334" HPOS="925" VPOS="1203" WIDTH="66" HEIGHT="19" WC="0.90" CONTENT="anslu-"/>
						</TextLine>
						<TextLine ID="line_38" HPOS="232" VPOS="1231" WIDTH="760" HEIGHT="25">
							<String ID="string_335" HPOS="232" VPOS="1234" WIDTH="32" HEIGHT="17" WC="0.96" CONTENT="tes"/><SP WIDTH="22" VPOS="1234" HPOS="264"/>
							<String ID="string_336" HPOS="286" VPOS="1233" WIDTH="29" HEIGHT="18" WC="0.96" CONTENT="till"/><SP WIDTH="18" VPOS="1233" HPOS="315"/>
							<String ID="string_337" HPOS="333" VPOS="1232" WIDTH="37" HEIGHT="19" WC="0.95" CONTENT="den"/><SP WIDTH="16" VPOS="1232" HPOS="370"/>
							<String ID="string_338" HPOS="386" VPOS="1231" WIDTH="124" HEIGHT="20" WC="0.93" CONTENT="kommunala"/><SP WIDTH="15" VPOS="1231" HPOS="510"/>
							<String ID="string_339" HPOS="525" VPOS="1231" WIDTH="167" HEIGHT="24" WC="0.89" CONTENT="skattöreskalan,"/><SP WIDTH="17" VPOS="1231" HPOS="692"/>
							<String ID="string_340" HPOS="709" VPOS="1231" WIDTH="22" HEIGHT="20" WC="0.96" CONTENT="så"/><SP WIDTH="15" VPOS="1231" HPOS="731"/>
							<String ID="string_341" HPOS="746" VPOS="1234" WIDTH="29" HEIGHT="17" WC="0.96" CONTENT="att"/><SP WIDTH="16" VPOS="1234" HPOS="775"/>
							<String ID="string_342" HPOS="791" VPOS="1232" WIDTH="67" HEIGHT="24" WC="0.95" CONTENT="hvarje"/><SP WIDTH="16" VPOS="1232" HPOS="858"/>
							<String ID="string_343" HPOS="874" VPOS="1231" WIDTH="118" HEIGHT="20" WC="0.96" CONTENT="tillkommet"/>
						</TextLine>
						<TextLine ID="line_39" HPOS="232" VPOS="1259" WIDTH="759" HEIGHT="25">
							<String ID="string_344" HPOS="232" VPOS="1261" WIDTH="90" HEIGHT="19" WC="0.92" CONTENT="skattöre"/><SP WIDTH="24" VPOS="1261" HPOS="322"/>
							<String ID="string_345" HPOS="346" VPOS="1261" WIDTH="49" HEIGHT="19" WC="0.96" CONTENT="ökar"/><SP WIDTH="22" VPOS="1261" HPOS="395"/>
							<String ID="string_346" HPOS="417" VPOS="1260" WIDTH="56" HEIGHT="19" WC="0.96" CONTENT="äfven"/><SP WIDTH="24" VPOS="1260" HPOS="473"/>
							<String ID="string_347" HPOS="497" VPOS="1261" WIDTH="33" HEIGHT="18" WC="0.96" CONTENT="det"/><SP WIDTH="15" VPOS="1261" HPOS="530"/>
							<String ID="string_348" HPOS="545" VPOS="1260" WIDTH="95" HEIGHT="24" WC="0.96" CONTENT="politiska"/><SP WIDTH="14" VPOS="1260" HPOS="640"/>
							<String ID="string_349" HPOS="654" VPOS="1261" WIDTH="111" HEIGHT="18" WC="0.96" CONTENT="röstetalet."/><SP WIDTH="30" VPOS="1261" HPOS="765"/>
							<String ID="string_350" HPOS="795" VPOS="1259" WIDTH="39" HEIGHT="20" WC="0.87" CONTENT="Det"/><SP WIDTH="15" VPOS="1259" HPOS="834"/>
							<String ID="string_351" HPOS="849" VPOS="1265" WIDTH="48" HEIGHT="14" WC="0.93" CONTENT="vore"/><SP WIDTH="16" VPOS="1265" HPOS="897"/>
							<String ID="string_352" HPOS="913" VPOS="1259" WIDTH="78" HEIGHT="20" WC="0.92" CONTENT="derföre"/>
						</TextLine>
						<TextLine ID="line_40" HPOS="232" VPOS="1289" WIDTH="759" HEIGHT="24">
							<String ID="string_353" HPOS="232" VPOS="1289" WIDTH="98" HEIGHT="20" WC="0.93" CONTENT="måhända"/><SP WIDTH="23" VPOS="1289" HPOS="330"/>
							<String ID="string_354" HPOS="353" VPOS="1289" WIDTH="100" HEIGHT="24" WC="0.92" CONTENT="sakenligt"/><SP WIDTH="22" VPOS="1289" HPOS="453"/>
							<String ID="string_355" HPOS="475" VPOS="1291" WIDTH="29" HEIGHT="16" WC="0.96" CONTENT="att"/><SP WIDTH="21" VPOS="1291" HPOS="504"/>
							<String ID="string_356" HPOS="525" VPOS="1289" WIDTH="98" HEIGHT="23" WC="0.96" CONTENT="begränsa"/><SP WIDTH="22" VPOS="1289" HPOS="623"/>
							<String ID="string_357" HPOS="645" VPOS="1289" WIDTH="103" HEIGHT="19" WC="0.95" CONTENT="klasserna"/><SP WIDTH="15" VPOS="1289" HPOS="748"/>
							<String ID="string_358" HPOS="763" VPOS="1289" WIDTH="30" HEIGHT="18" WC="0.96" CONTENT="till"/><SP WIDTH="15" VPOS="1289" HPOS="793"/>
							<String ID="string_359" HPOS="808" VPOS="1289" WIDTH="60" HEIGHT="23" WC="0.96" CONTENT="färre,"/><SP WIDTH="17" VPOS="1289" HPOS="868"/>
							<String ID="string_360" HPOS="885" VPOS="1289" WIDTH="22" HEIGHT="19" WC="0.96" CONTENT="så"/><SP WIDTH="15" VPOS="1289" HPOS="907"/>
							<String ID="string_361" HPOS="922" VPOS="1291" WIDTH="30" HEIGHT="17" WC="0.96" CONTENT="att"/><SP WIDTH="15" VPOS="1291" HPOS="952"/>
							<String ID="string_362" HPOS="967" VPOS="1289" WIDTH="24" HEIGHT="19" WC="0.96" CONTENT="de"/>
						</TextLine>
						<TextLine ID="line_41" HPOS="232" VPOS="1317" WIDTH="759" HEIGHT="25">
							<String ID="string_363" HPOS="232" VPOS="1318" WIDTH="158" HEIGHT="23" WC="0.89" CONTENT="valberättigade"/><SP WIDTH="16" VPOS="1318" HPOS="390"/>
							<String ID="string_364" HPOS="406" VPOS="1318" WIDTH="101" HEIGHT="19" WC="0.96" CONTENT="indelades"/><SP WIDTH="17" VPOS="1318" HPOS="507"/>
							<String ID="string_365" HPOS="524" VPOS="1317" WIDTH="71" HEIGHT="19" WC="0.96" CONTENT="endast"/><SP WIDTH="14" VPOS="1317" HPOS="595"/>
							<String ID="string_366" HPOS="609" VPOS="1318" WIDTH="7" HEIGHT="17" WC="0.93" CONTENT="i"/><SP WIDTH="15" VPOS="1318" HPOS="616"/>
							<String ID="string_367" HPOS="631" VPOS="1320" WIDTH="69" HEIGHT="16" WC="0.91" CONTENT="trenne"/><SP WIDTH="14" VPOS="1320" HPOS="700"/>
							<String ID="string_368" HPOS="714" VPOS="1317" WIDTH="49" HEIGHT="19" WC="0.96" CONTENT="eller"/><SP WIDTH="14" VPOS="1317" HPOS="763"/>
							<String ID="string_369" HPOS="777" VPOS="1317" WIDTH="60" HEIGHT="24" WC="0.96" CONTENT="högst"/><SP WIDTH="13" VPOS="1317" HPOS="837"/>
							<String ID="string_370" HPOS="850" VPOS="1317" WIDTH="38" HEIGHT="20" WC="0.96" CONTENT="fem"/><SP WIDTH="11" VPOS="1317" HPOS="888"/>
							<String ID="string_371" HPOS="899" VPOS="1323" WIDTH="92" HEIGHT="19" WC="0.96" CONTENT="grupper."/>
						</TextLine>
						<TextLine ID="line_42" HPOS="232" VPOS="1345" WIDTH="759" HEIGHT="21">
							<String ID="string_372" HPOS="232" VPOS="1346" WIDTH="34" HEIGHT="20" WC="0.95" CONTENT="Då"/><SP WIDTH="22" VPOS="1346" HPOS="266"/>
							<String ID="string_373" HPOS="288" VPOS="1346" WIDTH="24" HEIGHT="19" WC="0.96" CONTENT="de"/><SP WIDTH="22" VPOS="1346" HPOS="312"/>
							<String ID="string_374" HPOS="334" VPOS="1346" WIDTH="74" HEIGHT="19" WC="0.96" CONTENT="mindre"/><SP WIDTH="23" VPOS="1346" HPOS="408"/>
							<String ID="string_375" HPOS="431" VPOS="1346" WIDTH="115" HEIGHT="19" WC="0.93" CONTENT="bemedlade"/><SP WIDTH="23" VPOS="1346" HPOS="546"/>
							<String ID="string_376" HPOS="569" VPOS="1345" WIDTH="126" HEIGHT="19" WC="0.91" CONTENT="valmännens"/><SP WIDTH="16" VPOS="1345" HPOS="695"/>
							<String ID="string_377" HPOS="711" VPOS="1345" WIDTH="90" HEIGHT="19" WC="0.92" CONTENT="skattöre"/><SP WIDTH="16" VPOS="1345" HPOS="801"/>
							<String ID="string_378" HPOS="817" VPOS="1346" WIDTH="85" HEIGHT="19" WC="0.93" CONTENT="sålunda"/><SP WIDTH="15" VPOS="1346" HPOS="902"/>
							<String ID="string_379" HPOS="917" VPOS="1346" WIDTH="74" HEIGHT="19" WC="0.92" CONTENT="erhölle"/>
						</TextLine>
						<TextLine ID="line_43" HPOS="232" VPOS="1374" WIDTH="760" HEIGHT="27">
							<String ID="string_380" HPOS="232" VPOS="1374" WIDTH="55" HEIGHT="21" WC="0.94" CONTENT="ökad"/><SP WIDTH="22" VPOS="1374" HPOS="287"/>
							<String ID="string_381" HPOS="309" VPOS="1375" WIDTH="109" HEIGHT="26" WC="0.94" CONTENT="betydelse,"/><SP WIDTH="22" VPOS="1375" HPOS="418"/>
							<String ID="string_382" HPOS="440" VPOS="1375" WIDTH="65" HEIGHT="19" WC="0.96" CONTENT="kunde"/><SP WIDTH="23" VPOS="1375" HPOS="505"/>
							<String ID="string_383" HPOS="528" VPOS="1380" WIDTH="44" HEIGHT="13" WC="0.96" CONTENT="man"/><SP WIDTH="23" VPOS="1380" HPOS="572"/>
							<String ID="string_384" HPOS="595" VPOS="1374" WIDTH="97" HEIGHT="20" WC="0.96" CONTENT="måhända"/><SP WIDTH="14" VPOS="1374" HPOS="692"/>
							<String ID="string_385" HPOS="706" VPOS="1374" WIDTH="32" HEIGHT="19" WC="0.96" CONTENT="för"/><SP WIDTH="16" VPOS="1374" HPOS="738"/>
							<String ID="string_386" HPOS="754" VPOS="1375" WIDTH="33" HEIGHT="18" WC="0.96" CONTENT="det"/><SP WIDTH="15" VPOS="1375" HPOS="787"/>
							<String ID="string_387" HPOS="802" VPOS="1374" WIDTH="71" HEIGHT="25" WC="0.96" CONTENT="högsta"/><SP WIDTH="14" VPOS="1374" HPOS="873"/>
							<String ID="string_388" HPOS="887" VPOS="1374" WIDTH="105" HEIGHT="20" WC="0.96" CONTENT="röstetalet"/>
						</TextLine>
					</TextBlock>
				</ComposedBlock>
				<ComposedBlock ID="cblock_2" HPOS="303" VPOS="1448" WIDTH="345" HEIGHT="23">
					<TextBlock ID="block_4" HPOS="303" VPOS="1448" WIDTH="345" HEIGHT="23">
						<TextLine ID="line_44" HPOS="303" VPOS="1448" WIDTH="345" HEIGHT="23">
							<String ID="string_389" HPOS="303" VPOS="1450" WIDTH="133" HEIGHT="21" WC="0.86" CONTENT="Lagutskottets"/><SP WIDTH="12" VPOS="1450" HPOS="436"/>
							<String ID="string_390" HPOS="448" VPOS="1448" WIDTH="111" HEIGHT="18" WC="0.48" CONTENT="detänkumie"/><SP WIDTH="12" VPOS="1448" HPOS="559"/>
							<String ID="string_391" HPOS="571" VPOS="1450" WIDTH="37" HEIGHT="15" WC="0.81" CONTENT="iv.v"/><SP WIDTH="12" VPOS="1450" HPOS="608"/>
							<String ID="string_392" HPOS="620" VPOS="1448" WIDTH="28" HEIGHT="17" WC="0.62" CONTENT="ix."/>
						</TextLine>
					</TextBlock>
				</ComposedBlock>
			</PrintSpace>
		</Page>
	</Layout>
</alto>
