1070 1795
245 121 13 20 4
399 120 278 23 Petitionsbetänkande
692 121 46 23 N:o
754 120 38 23 25.

215 183 119 28 våningen
356 191 30 14 en
408 185 48 20 stor
478 183 136 30 högtidssal,
630 184 53 29 fyra
698 184 151 22 sessionsrum
864 186 60 19 samt
938 186 35 19 tre

216 217 91 22 mindre
322 217 139 28 arbetsrum;
477 218 225 29 kostnadsförslaget
716 218 103 29 uppgick
833 218 37 21 till
882 219 92 26 275,000

216 251 74 22 mark.
318 251 48 22 För
381 251 45 22 den
442 252 97 22 sålunda
558 252 159 29 projekterade
739 252 140 29 byggnaden
895 252 78 22 anhöll

215 285 105 22 komitén
335 285 42 22 hos
392 286 154 29 Helsingfors”
567 287 213 29 stadsfullmäktige
800 294 37 15 om
852 286 121 23 kostnads-

215 319 54 22 fritt
282 320 142 29 upplåtande
440 321 26 22 af
474 323 59 20 tomt
543 322 30 29 på
584 321 45 22 den
639 321 180 30 ursprungligen
829 321 37 22 för
876 329 29 14 en
914 321 59 22 real-

216 353 177 30 skolebyggnad
422 356 147 21 reserverade
599 356 91 29 platsen
721 356 86 21 mellan
835 355 138 29 Högbergs-,

215 388 183 30 Ulrikasborgs-,
417 389 100 23 Kasern-
536 390 43 22 och
597 390 199 30 Röddäldsgatan.
826 390 12 22 I
853 390 120 22 skrifvelse

216 423 27 21 af
256 423 46 22 den
318 425 26 21 10
359 424 112 22 Februari
487 426 52 22 1891
557 425 147 22 meddelades
720 424 129 23 emellertid
864 424 109 26 komitön,

216 459 36 20 att
270 458 212 30 stadsfullmäktige
497 459 20 29 ej
541 459 90 22 kunnat
649 459 82 22 bifalla
752 459 85 22 nämda
858 459 116 27 anhällan,

216 499 54 14 men
286 492 104 23 däremot
404 493 55 22 ville
474 493 37 22 för
522 494 132 22 ändamälet
663 496 57 20 utan
732 493 242 30 ersättningsanspräk

217 527 82 21 anvisa
320 527 127 30 tomtplats,
470 528 59 22 efter
553 528 115 22 komitöns
689 529 45 28 val,
760 528 113 29 antingen
896 528 14 21 å
930 527 44 22 den

218 560 167 30 odisponerade
401 562 67 22 delen
483 563 26 21 af
521 563 129 29 Broberget
665 563 57 22 eller
740 563 29 28 pä
784 569 68 15 norra
867 562 108 21 sluttnin-

217 603 47 21 gen
280 595 26 22 af
326 596 254 30 Observatorii-bergen
602 597 66 22 invid
683 598 100 21 svenska
798 597 176 28 normallyceets

217 630 65 29 gärd.
298 631 79 29 Nägra
392 631 72 29 dagar
478 631 99 29 tidigare
592 632 60 21 hade
666 631 41 22 vid
722 631 31 22 dä
768 631 120 30 pägäende
900 631 74 22 landt-

218 664 47 29 dag
280 665 8 21 i
303 665 170 30 Ridderskapet
488 666 43 22 och
546 666 82 28 Adeln,
647 667 90 21 Preste-
752 666 44 22 och
811 666 164 28 Borgarestän-

218 699 40 21 det
273 699 124 23 inlemnats
412 700 114 22 särskilda
541 701 206 29 petitionsförslag,
760 700 122 29 äsyftande
895 699 80 30 anslag

218 740 28 14 ur
260 733 118 23 allmänna
394 735 76 22 medel
484 735 37 22 för
540 735 145 29 uppförande
707 735 27 22 af
746 735 40 22 det
800 734 176 29 ifrägavarende

218 767 75 28 huset,
309 768 79 23 hvilka
404 769 201 30 petitionsförslag
614 769 92 22 likvisst
715 769 52 22 icke
780 769 78 22 blefvo
869 769 26 22 af
905 769 71 22 Stats-

218 802 122 28 utskottet,
356 803 36 22 dit
407 803 28 22 de
450 804 147 27 remitterats,
610 803 193 23 slutbehandlade
813 803 44 22 och
868 803 26 22 af
902 803 75 22 denna

219 837 70 22 orsak
304 837 99 23 förföllo.

288 872 163 22 Förevarande
466 873 231 29 petitionsmemoria]
708 872 172 23 sammanfaller
890 872 36 22 till
937 872 40 22 sitt

219 906 70 29 syfte,
305 907 75 22 säsom
394 915 76 21 synes,
481 907 52 22 med
546 907 28 22 de
582 907 40 22 vid
631 909 91 20 senaste
730 907 158 22 ständermöte
894 907 83 22 väckta

219 941 237 30 petitionsförslagen.
486 941 46 23 Vid
555 941 172 30 behandlingen
750 941 27 22 af
795 941 127 22 detsamma
937 941 41 22 har

219 975 129 28 Utskottet,
364 976 53 21 med
437 976 55 22 fullt
513 976 148 22 erkännande
676 976 26 22 af
714 976 55 22 idön
785 983 38 15 om
839 977 34 20 ett
887 983 90 22 gemen-

220 1012 62 19 samt
296 1010 42 22 hus
354 1010 37 22 för
406 1011 108 29 samtliga
529 1011 8 21 i
555 1011 172 22 hufvudstaden
747 1009 132 28 arbetande,
894 1010 83 21 hittills

220 1043 104 23 hemlösa
338 1045 177 29 vetenskapliga
531 1045 43 22 och
585 1045 106 22 litterära
701 1045 116 27 samfund,
825 1044 89 29 jämväl
921 1044 57 22 kun-

220 1080 42 20 nat
278 1086 54 15 anse
347 1079 201 30 förverkligandet
569 1079 26 22 af
608 1079 76 22 denna
698 1079 39 22 idé
752 1087 57 14 vara
824 1081 34 20 ett
872 1079 107 29 lämpligt

221 1113 44 22 och
288 1113 94 30 värdigt
403 1113 96 22 föremål
521 1113 37 23 för
579 1114 127 22 understöd
728 1114 53 21 från
797 1113 40 22 det
851 1113 128 22 allmännas

220 1147 58 22 sida.
309 1149 35 28 Ty
366 1155 37 15 om
424 1149 43 21 ock
490 1148 143 23 beträffande
649 1151 34 19 ett
698 1149 57 21 eller
770 1150 73 20 annat
857 1147 27 22 af
895 1147 84 30 ifråga-

220 1182 103 22 varande
353 1183 108 22 samfund
483 1183 122 29 möjlighet
629 1183 142 28 förefunnes,
795 1185 35 19 att
860 1182 39 22 det
920 1182 8 22 i
951 1190 28 14 en

221 1217 102 28 framtid,
340 1217 30 22 då
384 1217 111 22 behofvet
509 1217 26 22 af
554 1220 53 27 eget
629 1217 43 22 hus
694 1221 43 26 gör
760 1217 37 29 sig
811 1217 9 21 i
834 1216 73 29 högre
922 1216 57 29 grad

222 1255 30 18 än
280 1259 31 14 nu
336 1251 115 30 gällande,
475 1259 84 22 genom
584 1252 137 22 donationer
746 1251 57 22 eller
825 1251 154 28 insamlingar,

222 1286 77 21 såsom
314 1285 158 23 förhållandet
483 1286 62 22 varit
556 1286 53 22 med
618 1286 90 22 Finska
718 1285 262 29 Litteratursällskapet,

222 1322 73 20 sattes
311 1320 8 22 i
334 1320 93 22 tillfälle
451 1323 35 19 att
509 1321 170 22 tillfredsställa
694 1321 66 21 detta
780 1320 77 27 behof,
873 1320 26 21 så
916 1320 65 22 torde

222 1354 40 22 det
278 1354 14 22 å
311 1354 72 22 andra
406 1354 66 22 sidan
494 1355 25 21 få
541 1362 66 14 anses
629 1354 37 22 för
687 1354 71 30 högst
784 1354 139 28 osannolikt,
947 1356 35 20 att

221 1388 101 23 fertalet
339 1388 114 29 samfund,
464 1389 70 22 bland
550 1389 52 22 dem
618 1391 33 20 ett
662 1389 52 22 med
728 1389 46 22 den
787 1391 62 20 stora
863 1388 118 29 betydelse

223 1431 50 14 som
294 1423 88 22 Finska
402 1423 279 29 Vetenskapssocieteten,
704 1426 58 19 utan
777 1425 89 20 statens
888 1423 94 22 mellan-

293 1463 102 18 Allmänna
407 1463 169 19 Besvärsutskottets
588 1463 110 19 betänkande
710 1463 38 18 N:o
761 1463 30 19 17.
