1070 1795
236 107 13 20 8
388 107 279 22 Petitionsbetänkande
682 107 48 23 N:o
745 107 38 22 10.

208 176 73 19 större
297 175 143 28 svårigheter
456 179 28 17 än
500 175 116 21 måhända
638 175 74 22 under
735 176 76 28 någon
836 175 128 30 förgången

206 208 137 29 tidsperiod.

276 243 42 21 Ett
341 243 109 22 särskildt
475 243 49 21 skäl
548 246 35 19 att
605 244 62 27 ånyo
691 246 55 26 taga
770 243 76 22 denna
868 243 66 29 fråga
957 245 8 20 i

208 276 178 29 öfvervägande,
410 277 111 29 antingen
543 285 78 14 ensam
644 277 36 22 för
703 278 36 29 sig
759 278 54 21 eller
829 277 8 22 i
853 285 112 14 samman-

206 310 65 29 hang
287 311 51 21 med
354 311 81 28 frågan
452 319 36 14 om
504 312 143 21 inrättandet
674 312 26 21 af
720 320 47 21 nya
787 312 124 22 lärostolar
925 312 40 22 vid

207 345 29 21 de
266 345 72 22 andra
368 345 161 28 fakulteterna,
555 354 36 13 ser
620 347 124 21 Utskottet
764 347 51 21 icke
840 347 89 21 mindre
957 346 9 21 i

207 379 44 22 den
275 380 202 29 omständigheten
501 383 34 19 att
555 389 28 13 en
606 381 106 28 ledighet
734 381 26 21 af
777 381 161 28 professionen
957 381 9 21 i

208 414 114 28 exegetik,
346 415 29 21 då
397 415 93 21 tillfälle
510 415 36 21 tili
569 423 28 13 en
620 416 123 28 tudelning
766 415 26 22 af
805 416 76 21 denna
895 416 72 28 tjenst

208 448 107 28 erbjuder
330 449 112 28 sig,inom
459 457 28 13 en
503 450 51 20 icke
570 449 102 28 aflägsen
689 450 95 21 framtid
800 453 25 17 är
836 451 35 20 att
886 451 79 25 motse,

208 485 28 18 än
254 483 43 20 ock
313 483 50 21 däri
379 486 34 19 att
428 491 53 14 man
504 486 57 19 utan
583 491 27 14 en
634 484 72 21 sådan
728 483 97 29 delning
846 483 51 22 icke
920 484 46 21 kan

207 517 89 28 hoppas
322 520 34 19 att
379 518 23 21 få
425 518 99 29 tjensten
547 519 62 20 inom
633 518 117 21 önskvärd
773 518 34 21 tid
832 518 80 27 besatt,
936 521 29 18 än

207 551 91 27 mindre
313 552 39 21 väl
368 552 79 21 besatt.

277 586 66 21 Inom
358 587 122 21 Utskottet
494 587 41 21 har
551 587 125 26 anmärkts,
688 589 35 19 att
737 587 88 22 inemot
834 587 133 21 halftannat

208 620 106 21 årtionde
330 621 98 21 förflutit
444 621 69 21 sedan
531 621 172 21 universitetets
717 621 166 22 konsistorium
898 621 68 28 afgif-

207 654 35 21 vit
258 655 42 20 sitt
314 655 126 24 utlåtande,
450 655 42 22 och
508 657 34 20 att
557 663 54 13 man
628 655 58 22 efter
702 656 26 20 så
742 655 57 28 lång
813 655 46 22 tids
875 655 90 28 förlopp

207 689 52 20 icke
274 691 57 19 utan
347 691 35 19 att
398 690 60 28 ånyo
481 690 55 21 höra
559 697 86 14 samma
670 690 168 21 konsistorium
860 689 47 22 kan
929 689 37 22 be-

208 723 74 26 döma,
299 723 79 22 hvilka
394 723 123 22 fakulteter
533 724 7 21 i
556 723 147 22 närvarande
727 723 34 22 tid
782 723 115 22 måhända
912 731 55 14 vore

206 760 61 18 mest
282 757 8 21 i
305 757 71 22 behof
386 758 26 21 af
425 758 73 21 ökade
513 758 172 22 lärarekrafter.
709 758 47 21 För
771 758 132 21 Utskottets
919 765 48 14 ma-

204 791 83 29 joritet
302 792 70 22 hafva
387 793 59 22 dock
461 793 28 21 de
512 796 123 25 argument
658 793 175 21 universitetets
855 792 113 22 konsisto-

206 826 61 21 rium
288 827 76 21 anfört
379 827 142 22 fortfarande
532 827 208 28 bevisningskraft.
766 827 35 28 Ty
815 834 36 14 om
865 827 42 21 ock
923 827 45 21 den

207 861 178 29 vetenskapliga
400 861 151 29 forskningen
567 862 30 28 på
620 861 74 22 andra
718 861 110 22 områden
851 861 73 21 under
938 861 30 21 ti-

208 895 45 21 den
270 895 98 29 tilltagit
386 896 4 21 i
406 896 140 28 omfattning
561 896 44 21 och
622 895 64 29 djup,
702 899 26 18 är
744 895 40 22 det
799 902 28 14 en
849 895 62 21 känd
927 895 41 22 sak

208 932 35 18 att
259 929 64 22 detta
339 931 7 20 i
362 930 46 29 hög
424 931 56 28 grad
496 931 61 20 skett
572 931 30 28 på
614 930 45 21 den
672 930 136 29 exegetiska
819 929 149 29 disciplinens

208 964 99 21 område.
339 965 48 21 Och
411 968 34 18 att
469 965 173 21 universitetets
667 965 167 21 konsistorium
859 964 8 21 i
890 964 79 29 hvarje

207 998 42 21 fall
265 999 72 21 innan
354 999 39 21 det
408 999 94 28 slutliga
518 999 136 28 afgörandet
672 999 110 21 försättes
798 999 7 21 i
821 998 93 21 tillfälle
934 1001 35 20 att

207 1035 67 26 yttra
290 1035 41 26 sig,
348 1037 25 17 är
388 1036 63 19 utom
469 1034 41 21 allt
522 1034 91 21 tvifvel.

278 1068 34 21 På
332 1068 75 28 grund
423 1069 68 20 häraf
504 1069 35 20 får
553 1068 123 22 Utskottet
692 1067 120 22 vördsamt
828 1067 85 22 föreslå
927 1067 41 22 hos

207 1101 93 22 landets
317 1102 99 21 Ständer
431 1110 27 13 en
475 1102 144 29 underdånig
635 1102 99 29 petition
751 1101 88 22 därhän

485 1157 31 18 att
548 1154 113 28 Styrelsen,
688 1154 57 27 efter
773 1155 31 19 att
831 1153 67 28 hafva
920 1154 49 21 hört

418 1189 153 20 universitetets
594 1189 161 25 konsistorium,
780 1188 48 21 ville
847 1188 54 27 ånyo
918 1191 50 24 taga

418 1224 8 19 i
440 1223 158 28 öfvervägande
615 1223 89 27 frågan
728 1229 31 14 om
782 1222 187 27 professionens
957 1218 15 37 i

418 1257 92 28 exegetik
526 1257 88 27 delning
627 1258 7 19 i
647 1258 34 19 två
695 1257 113 20 ordinarie
814 1256 154 27 professioner.

279 1343 154 28 Helsingfors,
450 1343 25 21 af
487 1343 125 21 Allmänna
628 1342 224 25 Besvärsutskottet,
875 1341 44 21 den
942 1343 26 20 28

207 1376 113 23 Februari
338 1378 61 21 1894.

278 1457 105 12 Almanna
394 1452 169 17 Besvarsutskottets
577 1455 109 14 betankande
702 1454 38 15 N:o
758 1455 13 13 (.
