1070 1795
315 178 260 23 Motionsbetänkande
590 178 43 22 N:o
650 178 23 22 3.
812 180 26 19 25

111 249 79 20 hvarför
212 249 111 19 folkskolan
346 249 6 18 i
376 249 23 18 de
422 248 56 19 flesta
500 249 33 18 fall
549 249 73 22 nödgas
638 251 98 20 emottaga
751 248 61 19 såsom
829 249 38 18 ele-

112 284 31 13 ver
168 278 71 19 sådana
260 279 54 22 barn,
337 283 39 13 som
400 278 18 23 ej
443 277 46 24 fylla
512 278 23 17 de
555 281 49 15 mest
619 277 138 24 anspråkslösa
771 277 95 19 inträdes-

112 307 116 24 fordringar,
250 307 36 19 och
306 307 44 18 hela
366 307 44 18 dess
426 305 61 20 första
503 305 98 24 afdelving
616 305 112 20 förvandlas
744 306 5 18 i
765 306 103 23 anledning

111 335 57 19 däraf
198 335 29 19 till
256 341 24 14 en
307 335 63 22 skola,
396 340 40 13 som
462 338 107 15 motsvarar
600 335 54 22 lägre
682 334 109 19 folkskolan
819 335 49 18 eller

114 364 125 19 barnskolan.
270 364 102 19 Dessutom
395 363 65 19 kunna
482 363 6 18 i
511 363 145 19 folkskolornas
682 363 117 19 dislokation
815 366 53 16 stora

112 393 70 19 brister
199 393 104 23 iakttagas.
333 392 57 19 Flere
406 393 55 18 tiotal
478 392 113 19 kommuner
603 391 61 20 finnas
677 391 120 20 fortfarande
808 393 6 18 i
825 392 43 19 vårt

112 422 52 26 land,
180 422 52 19 inom
247 421 66 19 hvilka
328 422 56 22 ingen
401 421 50 19 enda
467 420 97 20 folkskola
579 423 51 17 ännu
641 420 85 23 arbetar,
737 421 52 19 och
780 416 12 36 i
803 421 64 19 hvilka

112 450 33 19 det
167 450 128 24 uppväxande
318 450 70 23 slägtet
410 450 81 18 sålunda
511 450 40 18 helt
574 450 36 18 och
626 450 60 18 hållet
702 451 20 17 är
738 450 6 17 i
760 450 72 18 saknad
848 449 21 19 af

112 480 37 17 den
171 479 144 22 undervisning,
337 483 39 14 som
400 478 24 19 de
447 478 87 23 erbjuda.
565 478 8 19 I
596 478 73 19 sådana
691 478 112 19 kommuner
818 478 48 21 åter,

113 507 65 19 hvilka
193 508 50 18 visat
259 510 28 16 ett
302 509 62 17 större
379 507 83 18 intresse
478 506 30 19 för
524 506 67 22 saken,
607 506 97 24 försiggår
718 507 119 18 inrättandet
847 506 22 19 af

112 536 92 19 skolorna
226 535 32 20 för
280 536 33 19 det
336 538 60 17 mesta
418 539 45 15 utan
484 535 63 24 någon
563 535 51 24 slags
630 536 52 25 plan,
699 535 28 19 till
743 535 124 23 oberäknelig

113 565 60 19 skada
189 565 31 18 för
235 565 37 18 den
288 564 90 19 framtida
393 564 143 23 utvecklingen.

180 594 9 18 I
205 593 46 19 våra
274 593 59 23 dagar
355 593 35 18 har
412 593 157 18 folkskolesaken
585 592 64 19 blifvit
664 598 68 18 genom
748 593 119 23 lagstiftning

114 622 74 22 slutligt
208 622 75 19 ordnad
299 622 34 18 hos
348 622 38 19 alla
402 621 77 20 bildade
495 621 48 19 folk.
573 621 146 25 Medvetandet,
735 624 28 17 att
778 621 89 24 kunskap

113 653 21 16 är
150 650 58 23 kraft,
225 650 120 25 ekonomisk,
361 651 71 22 andlig,
449 650 131 19 tosterländsä
596 649 60 27 kraft,
672 649 57 20 hvars
745 651 42 18 stöd
805 651 17 22 ej
834 655 33 14 ens

112 680 33 18 det
167 679 116 23 mäktigaste
300 679 39 19 folk
356 682 46 16 utan
418 679 61 18 skada
494 679 38 19 kan
551 679 85 24 umbära,
653 679 34 18 har
702 679 6 18 i
724 679 61 18 andra
799 679 68 18 länder

114 709 60 18 redan
191 708 55 23 gifvit
263 708 102 22 anledning
380 708 30 18 till
426 708 182 23 lagbestämningar,
625 708 60 22 enligt
695 707 66 19 hvilka
771 707 96 19 föräldrar

112 737 36 19 och
171 737 91 18 mälsmän
285 737 150 23 skyldigkännas
457 739 30 16 att
502 737 59 18 värda
584 736 28 23 sig
633 737 73 22 därom,
722 739 28 16 att
765 736 20 19 ät
800 736 67 23 hvarje

112 766 46 18 barn
174 765 21 20 af
210 771 22 13 en
248 766 39 18 viss
302 765 54 19 älder
371 765 97 19 meddelas
484 765 23 19 de
523 765 119 24 kunskaper,
658 770 40 13 som
712 771 22 12 en
747 765 58 23 högre
815 764 52 19 folk-

113 794 55 19 skola
188 795 6 18 i
211 795 44 18 d:ss
270 793 142 20 hufvudämnen
428 794 99 23 erbjuder,
541 794 60 23 jämte
617 794 33 18 det
666 793 92 19 skolorna
773 796 33 16 äro
822 793 44 19 ord-

112 823 51 19 nade
186 823 25 24 pä
234 825 28 16 ett
278 823 62 18 denna
355 822 79 19 fordran
453 823 135 18 motsvarande
604 824 45 17 sätt.
665 833 28 3 —
709 822 65 23 Tvång
789 827 56 18 synes
861 822 6 19 i

112 851 39 20 alla
165 851 103 20 händelser
283 851 25 19 ha
323 852 49 18 varit
388 851 33 19 det
436 852 49 18 enda
501 851 68 25 medel,
583 851 123 22 hvarigenom
717 852 56 18 dessa
783 851 84 19 ärenden

113 880 73 19 kunnat
202 880 78 23 bringas
295 881 7 18 i
317 883 28 16 ett
360 880 74 22 slutligt
450 880 36 19 och
502 879 182 20 tillfredsställande
703 879 61 19 skick.

182 908 23 25 Ej
229 909 62 19 heller
306 909 6 18 i
327 909 43 18 vårt
386 909 44 18 land
447 909 37 18 kan
500 909 33 18 det
549 914 56 13 anses
621 914 46 13 vara
682 908 63 23 någon
761 908 106 23 möjlighet,

113 939 28 17 att
164 937 24 19 de
210 940 54 17 stora
279 937 21 19 af
314 943 31 13 oss
361 937 83 24 tidigare
462 937 115 19 framhällba
593 937 77 23 brister,
686 937 68 18 hvaraf
769 937 33 18 vär
817 936 49 19 folk-

112 966 137 23 undervisning
272 965 122 20 fortfarande
417 966 55 23 lider,
495 966 63 19 skulle
579 965 65 19 kunna
659 965 95 24 afhjclpas
769 965 26 24 pä
809 967 59 17 annat

113 997 38 17 sätt
174 997 24 16 än
221 1000 69 18 genom
309 995 64 22 tvång,
389 994 36 19 och
441 995 18 18 vi
475 995 51 18 hälla
542 995 42 18 före
599 997 29 16 att
644 995 38 18 den
696 995 28 18 tid
740 1000 25 13 nu
780 996 21 17 är
817 995 50 22 inne,

114 1023 24 19 dä
154 1024 59 23 sagda
234 1023 63 20 medel
313 1023 33 19 bör
365 1023 102 24 tillgripas,
497 1023 40 19 Vår
553 1023 50 23 äsigt
618 1025 22 16 är
656 1023 117 23 visserligen,
789 1025 29 16 att
833 1028 34 13 un-

113 1052 35 19 der
162 1052 24 19 de
202 1052 34 19 hos
252 1057 32 14 oss
300 1052 84 19 rädande
400 1051 148 20 förhällandena
564 1052 33 19 det
612 1052 78 23 slutliga
706 1054 61 21 steget
779 1051 31 19 för
822 1052 45 18 ord-

111 1081 71 18 nandet
202 1080 21 19 af
245 1081 46 18 vära
307 1080 182 19 folkskoleärenden
506 1081 17 23 ej
540 1083 50 16 ännu
606 1080 30 19 för
652 1081 119 18 närvarande
787 1080 35 19 bör
837 1083 30 15 ut-

111 1113 64 20 tagas;
195 1115 43 13 men
254 1115 43 13 man
312 1109 38 19 kan
366 1109 125 20 tvifvelsutan
507 1109 78 23 vidtaga
601 1110 41 18 med
659 1109 134 24 afhjälpandet
808 1108 21 19 af
843 1109 24 18 de

112 1138 87 19 svåraste
223 1137 198 20 missförhällandena.
453 1138 38 19 Det
513 1138 61 19 måste
596 1143 56 14 anses
668 1143 46 14 vara
729 1143 23 13 en
768 1137 99 24 möjlighet

111 1170 29 15 att
162 1167 57 18 ställa
242 1167 222 22 barnaundervisningen
484 1167 25 24 pä
533 1172 23 13 en
575 1172 53 13 mera
642 1166 180 19 tillfredsställande
838 1165 29 20 fot

111 1197 24 17 än
158 1196 37 18 den
218 1196 120 18 närvarande
361 1198 50 16 samt
432 1199 29 15 att
483 1195 26 24 pä
531 1199 60 20 orter,
615 1195 35 18 där
666 1195 59 23 högre
742 1195 124 22 folkskola,
855 1191 14 33 i

110 1223 77 20 hvilken
212 1223 159 24 undervisningen
394 1223 98 24 försiggår
509 1224 26 24 pä
550 1224 82 18 barnens
648 1223 121 26 modersmål,
785 1223 60 19 finnes
860 1223 5 18 i

110 1252 93 19 närheten
219 1252 21 19 af
253 1252 83 19 hemmet
351 1252 37 19 och
404 1253 50 18 intet
469 1253 94 18 särskildt
578 1252 69 19 hinder
660 1254 62 17 möter
737 1253 44 18 dess
797 1252 68 23 begag-

110 1281 70 25 nande,
202 1281 141 24 skyldigkänna
359 1281 122 19 föräldrarna
497 1284 29 16 att
541 1281 95 19 förskaffa
651 1281 42 19 sina
709 1281 45 19 barn
770 1279 56 21 äfven
842 1281 24 18 de

110 1309 118 24 kunskaper,
250 1315 40 14 som
313 1310 63 18 denna
393 1309 56 20 skola
463 1310 7 19 i
485 1311 42 18 sina
542 1309 143 19 hufvudämnen
701 1309 96 24 erbjuder.
828 1309 39 19 Det

110 1338 60 19 måste
186 1338 95 19 likaledes
297 1344 56 13 anses
368 1338 82 26 möjligt,
459 1341 29 16 att
504 1339 33 18 det
552 1339 53 18 antal
620 1338 53 19 såväl
689 1338 52 23 lägre
754 1343 39 13 som
806 1337 60 23 högre

109 1366 116 24 folkskolor,
248 1366 74 19 hvilket
344 1366 114 20 kommuner
480 1367 43 18 med
542 1367 25 19 de
583 1370 48 16 mest
646 1366 53 19 olika
714 1365 151 24 förmögenhets-

110 1395 134 20 förhållanden
260 1396 50 19 visat
325 1395 29 24 sig
370 1395 66 20 kunna
451 1396 142 25 åstadkomma,
609 1395 106 19 fastställes
726 1401 40 13 som
777 1400 23 13 en
811 1400 54 13 norm

109 1423 32 20 för
156 1425 44 22 alla,
217 1426 49 17 samt
282 1427 28 16 att
325 1424 138 19 kommunerna
479 1425 96 23 därjämte
591 1424 79 23 åläggas
683 1427 29 16 att
722 1425 86 23 uppgöra
821 1424 44 23 plan

109 1452 31 20 för
155 1455 29 17 ett
199 1453 75 23 slutligt
290 1453 98 19 ordnande
404 1453 22 18 af
440 1453 41 19 sina
492 1451 240 22 folkskoleförhållanden.
756 1452 36 19 Till
807 1452 58 24 sagda

177 1519 106 18 Allmänna
295 1519 170 18 Besvärsutskottets
477 1519 111 19 betänkande
600 1520 38 17 N:o
650 1519 33 18 20.
