1070 1795
254 163 278 23 Petitionsbetänkande
547 163 44 23 N:o
606 163 38 23 25.
787 165 14 20 5

72 227 77 21 komst
166 233 78 15 vunne
267 226 131 22 ändamålet
413 225 83 29 ifråga.
525 226 82 22 Under
636 226 87 22 sådana
745 227 86 22 förhål-

72 260 92 29 landen,
180 260 44 22 och
238 260 52 22 med
305 260 91 29 hänsyn
415 260 8 22 i
439 261 72 28 öfrigt
532 260 37 22 till
588 260 164 23 fosterlandets
768 264 63 19 stora

72 303 63 21 gagn
156 295 26 21 af
202 295 46 22 alla
269 295 65 22 dessa
360 295 142 28 föreningar,
524 295 76 22 såsom
620 295 59 22 hvar
697 295 9 22 i
721 295 35 22 sin
778 295 53 22 stad

73 329 130 29 utgörande
226 337 28 14 en
278 329 58 22 härd
358 329 37 22 för
422 329 29 22 de
472 329 176 30 vetenskapliga
669 329 43 22 och
727 329 104 22 litterära

72 363 165 22 sträfvandena
252 364 8 21 i
274 363 86 28 landet,
376 364 43 21 har
434 363 157 29 uppförandet
607 363 26 22 af
644 363 39 22 det
698 363 133 30 föreslagna

73 397 68 23 huset
156 400 65 28 synts
236 398 121 23 Utskottet
368 398 53 22 med
432 398 51 22 skäl
493 398 80 23 kunna
583 399 93 29 påkalla
688 401 35 19 ett
732 399 99 29 bisprin-

72 432 76 29 gande
163 433 54 21 från
232 435 87 20 statens
335 433 57 22 sida.

141 467 55 22 Icke
211 467 48 22 lika
273 469 109 27 gynsamt
396 467 44 22 har
455 467 122 22 resultatet
592 467 26 22 af
627 467 133 23 Utskottets
770 468 59 28 pröf-

73 501 58 30 ning
153 501 56 22 stält
230 501 42 30 sig,
296 501 28 22 då
347 501 39 22 det
408 501 52 30 gält
483 503 34 20 att
539 501 87 30 afgöra,
641 502 9 21 i
665 502 96 22 hvilken
776 503 54 21 mån

74 536 109 22 behofvet
198 536 26 21 af
236 536 45 21 den
291 536 131 29 föreslagna
434 536 141 29 byggnaden
585 536 9 21 i
603 537 145 22 närvarande
760 537 70 22 stund

73 570 56 22 eller
151 570 8 22 i
181 578 29 14 en
232 573 56 19 nära
308 570 95 22 framtid
425 574 43 25 gör
491 570 56 22 eller
565 571 92 22 komme
672 573 36 20 att
722 574 57 26 göra
793 571 37 29 sig

73 605 121 28 verkligen
212 605 103 22 känbart.

140 639 70 22 Hvad
225 639 58 22 först
298 639 28 22 de
340 639 116 22 särskilda
470 639 144 30 sällskapens
624 640 135 22 nuvarande
769 647 61 15 sam-

72 673 152 29 lingslokaler
238 673 115 29 beträffar,
370 675 26 21 så
410 674 81 21 kunna
498 673 118 30 klagomål
627 674 8 21 i
646 674 64 22 detta
721 675 108 21 afseende

73 707 51 22 icke
147 708 53 22 med
222 708 41 29 fog
277 712 67 25 göras
366 708 53 22 från
434 708 145 29 sällskapens
594 708 57 22 sida.
703 711 10 20 Åt
728 709 28 21 de
771 709 59 22 allra

72 742 68 22 flesta
154 742 108 30 upplåter
273 743 178 28 Universitetet,
469 749 49 15 som
533 742 27 29 ju
577 743 8 21 i
603 743 51 22 vårt
676 743 55 22 land
747 743 83 22 åtmin-

74 779 66 20 stone
154 777 117 22 härintills
286 777 115 22 förblifvit
417 777 179 22 centralhärden
609 777 35 22 för
656 777 29 22 de
693 778 138 29 vetenskap-

73 811 48 29 liga
136 811 43 22 och
194 811 104 22 litterära
308 811 174 26 sträfvandena,
490 811 149 29 beredvilligt
650 812 50 22 sina
708 812 123 22 fakultets-

76 846 43 22 och
135 845 134 23 museisalar
282 846 35 21 till
333 845 194 28 sammanträden,
538 845 43 23 och
596 846 39 22 vid
645 846 130 29 högtidliga
785 847 47 21 års-

73 881 213 27 sammankomster,
302 881 74 21 såsom
384 881 89 21 Finska
490 881 286 28 Vetenskapssocietetens
787 881 43 21 och

74 915 105 21 Svenska
185 915 255 29 Literatursällskapets
446 915 9 21 i
460 915 108 28 Finland,
574 915 49 22 står
629 915 202 22 solennitetssalen

74 949 35 22 till
119 949 65 22 buds.
196 949 12 21 I
216 949 87 22 Finska
310 949 267 29 Litteratursällskapets
586 949 42 22 hus
636 949 62 22 hålla
707 949 36 22 för
751 953 80 18 närva-

73 983 79 28 rande,
167 986 65 19 utom
247 983 64 23 detta
326 984 102 29 sällskap
444 983 70 30 sjelft,
530 986 35 19 tre
576 984 72 21 andra
659 983 107 22 samfund
779 984 50 21 sina

74 1020 87 19 möten:
172 1017 184 30 Finsk-Ugriska
372 1018 140 29 Sällskapet,
528 1019 89 21 Finska
628 1018 126 22 historiska
766 1019 65 21 Sam-

74 1052 82 22 fundet
172 1051 44 23 och
231 1051 131 30 Sällskapet
377 1053 37 21 för
428 1053 114 21 Finlands
551 1053 108 28 geografi.
675 1053 155 28 Vetenskaps-

74 1086 126 22 societeten
225 1085 42 23 har
291 1094 58 21 egen
370 1087 63 22 lokal
458 1087 109 28 upphyrd
591 1087 8 21 i
621 1087 210 22 Folkbibliotekets

75 1121 49 22 öfre
139 1121 94 29 våning,
249 1121 82 22 medan
346 1121 88 22 Finska
444 1121 219 30 Läkaresällskapet
675 1122 42 21 har
728 1122 35 21 sin
773 1129 59 14 sam-

74 1155 126 28 lingslokal
215 1156 9 21 i
238 1156 72 28 något
329 1155 26 22 af
373 1155 146 22 härvarande
535 1155 117 22 allmänna
672 1155 103 30 sjukhus,
791 1155 41 22 där

75 1189 28 22 de
118 1190 8 21 i
137 1190 167 29 sammanhang
315 1190 52 21 med
375 1190 284 29 mötesförhandlingarna
667 1190 95 21 stående
771 1190 61 21 före-

74 1224 152 29 visningarna
241 1224 26 22 af
278 1225 116 28 patienter
409 1225 56 21 eller
481 1227 108 26 preparat
599 1224 132 29 naturligen
742 1224 90 29 lämpli-

75 1261 52 26 gast
151 1258 111 29 försiggå,
288 1259 42 21 och
355 1259 165 29 Pedagogiska
545 1259 161 28 Föreningens
729 1259 103 21 Central-

75 1293 120 28 afdelning
211 1293 49 22 åter
274 1293 183 22 sammanträder
471 1293 9 22 i
495 1294 72 27 något
582 1293 27 22 af
618 1293 145 22 härvarande
773 1293 59 22 läro-

75 1327 62 22 verk.
167 1327 83 29 Enligt
264 1327 132 23 Utskottets
416 1327 151 22 förmenande
583 1330 70 26 utgör
668 1327 79 21 därför
759 1327 73 22 afsak-

75 1361 76 22 naden
166 1361 26 22 af
204 1362 136 21 möteslokal
356 1362 7 21 i
379 1364 54 26 eget
448 1362 44 21 hus
507 1362 61 21 intet
579 1361 83 22 hinder
672 1361 36 22 för
720 1361 40 22 det
769 1362 63 21 inom

75 1396 28 21 de
128 1396 114 21 särskilda
264 1396 130 29 sällskapen
420 1396 164 29 försiggående
612 1396 101 22 arbetets
740 1396 93 21 ostörda

75 1431 110 28 fortgång
200 1430 44 22 och
264 1430 46 22 kan
325 1430 149 29 följaktligen
493 1431 50 21 icke
559 1437 67 15 anses
641 1430 192 29 nödvändiggöra

77 1467 34 20 ett
125 1467 65 20 snart
204 1465 100 22 skeende
319 1465 146 29 uppförande
482 1464 26 22 af
521 1465 39 21 det
576 1465 122 21 tillärnade
714 1465 74 21 huset.

143 1505 105 18 Allmänna
258 1505 170 18 Besvärsutskottets
440 1505 112 18 betänkande
565 1505 37 18 N:o
614 1505 30 18 17.
