1070 1795
262 126 27 20 14
413 126 281 23 Petitionsbetänkande
711 127 43 22 N:o
769 126 40 23 36.

231 193 80 22 seende
328 194 98 21 medföra
440 194 35 21 för
490 194 124 27 detsamma,
624 195 38 21 har
678 195 105 22 utskottet
798 195 18 28 ej
833 195 82 21 kunnat
922 196 70 21 lemna

232 227 117 22 obeaktadt
370 231 33 18 att
418 229 155 28 skogsmarken
587 230 8 20 i
616 229 94 22 Finland
724 229 35 22 för
780 229 134 22 närvarande
927 231 65 27 utgör

232 263 26 20 57
267 263 28 27 %,
316 263 52 21 eller
382 271 27 13 en
425 264 169 27 proportionsvis
610 263 51 22 vida
676 265 68 20 större
760 263 33 22 del
810 263 23 22 af
848 263 83 22 landets
948 267 43 26 yta,

230 298 28 20 än
274 297 56 21 hvad
349 297 61 22 fallet
424 299 24 20 är
461 299 7 20 i
484 297 67 29 nägot
566 301 66 18 annat
646 298 66 21 landi
725 293 87 37 Europa.
827 298 49 21 Den
897 300 95 19 omstän-

230 331 107 28 digheten,
352 334 32 19 att
397 332 68 21 finska
483 335 70 18 staten
570 339 50 21 eger
636 332 90 29 ungefär
740 333 28 20 44
783 333 28 27 9/,
819 332 23 21 af
850 332 70 21 denna
929 333 62 26 areal,

230 365 77 22 hvaraf
317 367 27 27 */)
355 368 24 19 är
386 366 149 29 skogbärande
546 367 38 20 bör
595 369 75 26 utgöra
680 375 27 13 en
714 367 84 28 garanti
807 366 35 21 för
850 369 31 19 att
887 367 105 28 skogsbe-

230 400 87 22 ståndet
327 401 13 21 ä
352 408 27 14 en
391 401 62 29 högst
461 401 97 29 betydlig
567 401 34 21 del
609 401 23 22 af
638 401 84 22 landets
730 401 128 28 skogsmark
865 401 84 28 jemväl
957 401 35 22 för

229 435 117 21 framtiden
358 437 23 19 är
394 436 123 27 betryggad.
536 436 53 21 Med
603 436 83 28 hänsyn
696 436 71 21 härtill
781 443 64 20 synes
858 435 131 22 ätminstone

229 469 35 21 för
276 469 133 22 närvarande
420 469 71 29 nägon
498 469 47 22 fara
555 471 7 20 i
570 470 170 28 klimatologiskt
747 469 124 22 hänseende
884 470 48 21 icke
940 477 51 14 vara

231 503 35 21 för
280 503 97 28 handen;
393 504 41 21 och
449 504 39 21 bör
503 511 27 14 en
545 503 67 22 sädan
627 504 48 21 icke
690 504 67 21 heller
771 503 116 22 framdeles
898 511 51 14 vara
961 506 31 19 att

230 540 76 24 motse,
321 538 90 21 säframt
426 538 26 21 de
463 539 160 27 bestämningar
633 539 7 20 i
648 546 29 13 nu
688 538 99 29 gällande
800 538 107 28 skogslag,
918 538 72 21 hvilka

232 572 47 21 afse
309 572 98 28 åtgärder
436 573 34 20 för
493 572 143 22 befordrande
659 573 23 21 af
704 573 126 21 återväxten
853 572 13 21 å
888 572 103 21 afverkad

232 606 132 28 skogsmark,
381 607 115 28 behörigen
518 607 131 22 efterlefvas.

302 641 34 20 Då
351 641 106 21 utskottet
471 641 96 26 sålunda,
582 641 28 28 pä
624 641 71 28 grund
710 641 23 21 af
752 640 59 22 hvad
828 641 39 20 här
877 640 65 22 ofvan
954 648 38 13 an-

232 675 62 26 förts,
314 675 48 21 icke
385 675 41 21 kan
449 676 74 20 förena
544 676 33 27 sig
597 683 34 13 om
646 676 177 27 petitionärernas
839 674 109 29 yrkanden
963 674 28 29 pä

232 717 43 20 nya
290 709 64 28 lagar,
370 709 113 29 äsyftande
497 709 124 29 ytterligare
637 709 180 28 inskränkningar
832 710 7 20 i
855 709 137 28 jordegarens

232 743 184 28 dispositionsrätt
431 744 62 21 öfver
508 744 33 21 sin
557 744 59 27 skog,
631 743 35 22 fär
680 744 111 25 utskottet,
802 743 68 21 under
884 743 108 21 uttalande

233 777 23 22 af
279 777 41 22 den
342 777 147 29 förhoppning
508 781 32 18 att
557 778 105 21 behofvet
676 777 23 22 af
714 785 27 14 en
756 785 149 20 noggrannare
920 777 72 29 tillsyn

234 811 63 22 öfver
311 812 155 21 efterlefnaden
485 812 23 21 af
530 820 29 13 nu
579 812 99 28 gällande
700 811 135 28 stadganden
859 811 132 22 beträffande

233 846 82 21 värden
330 846 24 21 af
368 847 84 28 privata
467 847 78 28 skogar
560 847 55 21 skall
630 847 23 21 af
668 847 105 28 styrelsen
789 846 203 28 uppmärksammas,

234 880 110 22 vördsamt
361 880 86 27 föreslä,
462 881 37 21 det

511 949 160 28 ofvananförde
690 949 121 28 petitioner
825 949 21 27 ej
859 949 66 20 mätte
940 948 53 28 frän

444 983 136 22 Ständernas
595 984 49 21 sida
660 984 35 21 till
701 983 76 28 någon
787 983 78 27 åtgärd
874 983 120 27 föranleda.

305 1092 11 21 I
338 1091 158 29 behandlingen
519 1092 23 21 af
564 1092 140 22 förevarande
726 1091 64 28 fräga
805 1091 66 22 hafva
886 1091 107 28 deltagit
981 1087 14 38 :

235 1126 145 21 ordföranden
402 1126 109 27 Lindelöf,
533 1126 145 21 ledamöterne
700 1127 27 20 A.
743 1125 164 29 Björkenheim,
923 1125 29 22 V.
967 1125 27 22 O.

236 1160 89 27 Schildt,
348 1160 20 21 J.
382 1160 128 27 Johansson,
525 1161 107 28 Talloren,
647 1161 118 28 Wegelius,
780 1160 93 26 Fontell,
888 1159 106 27 Renlund,

234 1195 128 28 Holmberg,
376 1195 84 26 Möller,
475 1195 78 26 Savön,
572 1195 107 26 Hollm6n,
694 1195 114 28 Häyrinen
824 1194 41 21 och
880 1193 114 22 Laurikai-

235 1237 44 13 nen
299 1232 55 18 samt
376 1229 166 28 suppleanterna
564 1229 27 21 A.
615 1229 29 21 M.
666 1229 130 26 Schauman,
811 1228 67 21 Aulin
894 1228 40 21 och
947 1228 45 21 Ru-

235 1263 77 22 hanen.

306 1469 181 20 Ekonomiutskoitets
499 1468 111 19 betänkande
622 1467 34 18 N:o
668 1468 28 17 14.
