1070 1795
214 142 27 21 10
383 141 261 24 Motionsbetänkande
660 141 43 24 N:o
718 141 24 23 3.

254 235 166 36 (Öfversättning.)

345 331 47 20 Till
414 332 157 23 Högvördiga
592 331 196 20 Presteståndet.

256 418 76 24 Frågan
345 423 30 14 om
391 418 129 23 utvidgandet
535 418 22 19 af
571 418 35 19 vår
621 417 214 21 folkskoleinstitution
851 420 49 17 samt
914 418 30 19 in-

185 446 94 19 förandet
294 446 22 19 af
336 446 71 19 allmän
430 446 93 24 läropligt
545 446 37 19 har
604 446 50 24 gång
670 446 51 19 efter
737 452 64 13 annan
817 447 50 19 varit
883 446 62 20 under

186 475 114 19 diskussion
316 475 32 19 vid
364 475 167 25 ständermötena,
547 480 43 14 men
610 475 57 19 alltid
683 477 47 17 utan
740 475 101 20 märkbart
855 475 89 20 resultat.

185 503 66 20 Däraf
265 503 39 20 kan
319 509 44 14 man
379 504 59 22 sluta,
452 505 30 18 att
497 503 100 24 förslagen
613 503 29 20 till
654 503 84 24 ändring
749 503 78 20 härtills
839 504 44 19 icke
894 504 52 19 varit

186 532 119 23 tillräckligt
320 532 126 25 förberedda,
461 532 37 19 och
514 538 23 13 en
554 534 90 17 närmare
660 532 121 24 granskning
796 533 74 19 utvisar
880 532 64 23 äfven,

186 563 30 17 att
232 561 24 18 de
272 561 159 24 anmärkningar,
448 566 40 14 som
503 563 53 17 emot
571 561 44 19 dem
631 561 65 19 blifvit
711 560 130 25 framställda,
860 561 2 19 i
876 561 69 24 många

186 589 108 19 afseenden
313 589 52 19 varit
380 589 62 20 värda
456 589 119 20 beaktande.
604 589 47 20 Men
667 595 31 14 om
713 595 45 14 man
773 593 57 20 tager
844 590 7 19 i
866 589 79 20 betrak-

187 618 62 19 tande
274 617 110 24 förslagens
400 618 87 23 ständigt
503 618 89 19 växande
608 619 83 18 bärvidd
708 621 50 16 samt
776 618 37 19 den
831 618 35 19 allt
881 620 64 18 större

186 647 118 23 anslutning
326 647 24 19 de
373 648 52 23 rönt,
445 647 61 19 måste
524 653 44 12 man
592 647 13 19 å
626 647 62 19 andra
711 647 56 19 sidan
791 647 103 24 medpifva,
916 648 30 18 att

188 675 67 19 denna
271 675 55 24 fråga
342 675 161 24 oemotståndligt
518 678 81 21 tränger
614 676 30 23 sig
659 676 6 18 i
681 675 128 24 förgrunden,
825 675 31 20 för
868 678 28 17 att
904 675 42 20 förr

186 703 51 20 eller
253 709 70 14 senare
338 705 60 18 vinna
413 710 62 17 seger.

257 732 39 19 Vid
311 736 78 15 senaste
400 733 93 23 landtdag
503 732 123 20 inlämnades
636 733 30 19 till
675 733 55 18 detta
739 732 58 20 stånd
805 735 30 17 ett
842 733 103 24 petitions-

187 761 111 23 memorial,
313 767 41 13 som
367 761 89 24 åsyftade
469 767 53 13 mera
533 761 121 20 omfattande
666 761 95 24 åtgärder
772 761 29 19 till
812 761 133 28 befrämjande

187 789 22 19 af
228 789 196 25 folkupplysningen,
446 792 25 17 än
489 790 61 23 något
565 789 119 24 föregående
700 789 80 24 förslag.
811 785 88 24 Ärendet
913 795 31 14 re-

186 818 116 19 mitterades
320 819 29 18 till
365 819 84 22 utskott,
464 824 43 13 men
523 819 33 19 vid
572 819 149 24 ompröfoingen
738 819 6 18 i
760 818 83 20 stånden
858 818 38 20 fick
911 819 34 18 det

186 847 45 19 icke
247 847 188 24 ständermajoritet.
460 847 77 23 Frågan
554 853 34 13 var
604 847 56 20 äfven
675 848 6 18 i
698 847 65 19 denna
777 847 117 24 omfattning
909 847 35 20 all-

186 875 56 20 deles
259 881 33 19 ny,
305 876 37 19 och
353 875 62 20 ehuru
426 875 122 24 sakkunnige
560 875 64 20 blifvit
634 876 95 24 anlitade,
741 876 124 23 hvarigenom
874 876 71 24 många

186 904 76 23 vigtiga
285 905 167 23 omständigheter
473 904 68 27 blifvitj
556 905 6 18 i
579 904 59 25 detalj
654 905 84 24 belysta,
754 905 79 23 gjordes
847 904 48 19 flere
911 910 34 13 an-

186 933 128 23 märkningar
336 937 51 16 emot
410 933 23 19 de
456 933 106 24 principer,
585 933 6 19 i
612 933 68 19 hvilka
695 933 109 24 petitionen
820 933 124 24 utmynnade.

186 961 32 19 Då
241 961 68 20 anhöll
332 967 44 14 man
399 961 77 24 endast,
498 964 29 17 att
543 967 24 14 en
583 961 59 24 nådig
658 961 125 25 proposition
798 961 67 20 härom
881 961 63 20 skulle

186 989 111 26 utarbetas,
313 990 25 24 på
354 991 34 18 det
402 992 30 17 att
447 996 18 13 n.
481 996 18 13 v.
514 991 134 19 ständermöte
664 990 60 19 måtte
742 990 67 19 kunna
825 990 78 19 besluta
913 995 31 14 om

186 1018 210 20 landskommunernas
412 1019 111 24 skyldighet
538 1022 29 16 att
582 1019 74 20 inrätta
671 1019 61 24 högre
749 1019 116 20 folkskolor.

256 1047 70 20 Såsom
342 1047 88 24 delaktig
445 1048 6 18 i
465 1047 193 25 petitionsförslaget
672 1048 32 19 vid
716 1049 79 18 senaste
805 1047 94 24 landtdag
909 1047 36 20 har

185 1076 35 23 jag
242 1078 68 17 ansett
332 1076 34 19 det
381 1081 41 14 som
438 1081 23 14 en
477 1077 49 23 pligt
541 1079 29 16 att
586 1077 36 18 allt
636 1076 124 20 fortfarande
775 1082 49 17 egna
839 1076 105 24 uppmärk-

186 1104 78 20 samhet
280 1104 21 19 åt
315 1105 65 19 denna
395 1105 61 24 fråga,
472 1110 41 14 som
529 1105 146 24 otvifvelaktigt
690 1107 23 17 är
729 1111 23 13 en
763 1105 88 23 lifsfråga
861 1104 31 20 för
902 1105 43 19 vårt

186 1132 50 24 folk,
260 1133 38 20 och
320 1134 6 18 i
350 1134 55 19 detta
420 1133 111 20 hänseende
546 1133 37 20 har
599 1135 36 18 den
652 1133 102 24 offentliga
769 1133 118 24 diskussion,
903 1139 42 14 som

186 1166 72 15 senare
282 1163 6 18 i
311 1161 69 25 frågan
402 1163 102 23 utspunnit
526 1162 37 24 sig,
581 1162 101 19 äfvensom
698 1162 99 19 särskilda
812 1162 132 24 sakkunniges

186 1190 93 24 benägna
302 1191 118 19 medverkan
443 1191 55 19 ländt
516 1191 39 24 mig
570 1191 31 19 till
617 1191 113 23 ovärderlig
746 1194 61 21 nytta.
837 1191 67 19 Såsom
920 1196 25 14 en

186 1218 56 20 frukt
266 1219 22 19 af
304 1219 75 24 ganska
394 1219 113 24 läogvariga
522 1219 145 20 förberedande
683 1220 82 19 arbeten
781 1219 118 20 framträder
914 1219 30 20 så-

186 1247 62 20 luoda
266 1248 35 19 det
320 1249 34 18 här
369 1248 64 19 nedan
450 1248 86 24 följande
560 1247 191 25 motionsförslaget,
772 1248 76 19 hvilket
869 1247 76 25 åsyftar

186 1276 144 19 utarbetandet
351 1276 21 19 af
386 1282 24 14 en
426 1277 114 24 förordning
555 1282 32 13 om
603 1276 71 20 allmän
690 1277 93 24 läropligt
799 1283 50 14 samt
863 1276 82 20 försam-

186 1304 75 24 lingars
286 1305 37 20 och
344 1305 124 20 kommuners
491 1305 112 24 skyldighet
625 1308 29 17 att
669 1305 75 20 inrätta
760 1305 36 20 och
812 1305 134 25 upprätthålla

186 1333 121 19 folkskolor.

256 1362 30 19 På
304 1362 62 24 grund
382 1361 21 20 af
417 1362 38 19 den
470 1362 121 24 mångsidiga
606 1362 110 24 belysning,
732 1367 41 15 som
789 1362 62 19 saken
868 1361 78 20 erhållit

185 1390 63 19 redan
269 1390 6 19 i
292 1391 34 19 det
340 1391 85 19 nämnda
440 1390 197 25 petitionsförslaget,
653 1391 37 20 och
706 1390 26 20 dä
748 1390 67 25 hvarje
825 1390 121 20 intresserad

185 1424 71 33 genom
273 1419 38 20 den
328 1419 100 24 offentliga
443 1419 137 20 diskussionen
597 1420 51 19 varit
662 1419 7 20 i
685 1419 80 20 tillfälle
780 1422 30 17 att
821 1422 52 17 sätta
883 1419 30 24 sig
924 1419 20 19 in

186 1453 6 13 i
208 1447 122 25 densamiuva,
347 1451 42 16 ror
402 1449 34 24 jag
450 1449 39 23 mig
503 1448 68 20 kunna
585 1449 109 19 inskränka
708 1453 41 14 min
762 1449 143 22 framställning
914 1447 32 20 till

255 1485 105 19 Allmänna
372 1486 169 18 Besvärsutskottets
554 1486 111 18 betänkande
678 1487 38 17 N:o
729 1486 33 18 20.
