1070 1795
414 128 260 23 Motionsbetänkande
691 129 44 22 N:o
751 129 22 22 5.

486 197 156 28 Förordning
662 198 105 22 rörande
783 197 106 28 ändring
903 198 28 23 af
944 198 25 23 11

418 231 46 22 och
484 231 27 22 13
531 232 28 24 88
581 231 9 22 1
604 231 181 28 förordningen
802 237 39 17 om
854 232 54 28 jagt
923 232 46 23 och

419 265 116 29 djurfång
555 266 10 21 i
580 265 106 23 Finland
702 266 28 22 af
743 267 47 22 den
805 266 30 23 10
850 265 119 24 Februari

420 299 67 23 1868.

487 371 60 22 Med
565 371 115 29 ändring
700 372 10 21 i
728 372 69 22 vissa
817 372 72 22 delar
902 372 32 21 af
941 373 28 21 11

420 405 44 23 och
484 406 33 22 13
533 407 30 27 $$
581 406 10 22 i
608 406 185 29 förordningen
806 414 40 14 om
855 407 59 28 jagt
926 407 45 22 och

420 440 125 29 djurfång
555 441 10 21 i
575 441 117 21 Finland
702 441 33 22 af
740 441 49 22 den
800 442 34 21 10
847 441 125 22 Februari

422 475 70 22 1868
510 475 93 22 varder
622 475 151 29 härigenom
791 475 130 29 stadgadt,
936 477 37 20 att

420 509 117 22 nämnda
563 510 30 27 $$
621 509 73 23 skola
726 509 99 22 erhålla
857 509 116 29 följande

422 543 107 29 lydelse:

662 641 15 28 $
696 641 36 22 11.

490 709 75 22 Hvar
592 709 45 22 och
662 716 31 15 en
711 716 60 15 vare
791 709 127 29 förbjudet
937 711 37 20 att

423 743 16 22 å
467 750 64 22 egna
556 743 60 22 eller
638 744 99 21 andras
756 751 59 22 egor
823 744 72 31 jaga
914 744 60 22 eller

424 777 79 30 fånga
522 778 94 28 nyttigt
634 778 124 22 vildbråd
777 775 81 25 under
871 778 51 22 viss
935 778 39 22 tid

424 812 31 23 af
470 812 61 26 året,
551 812 103 23 hvilken
666 813 111 22 räknas:
791 813 40 22 för
843 812 130 29 rapphöns

425 846 58 23 från
510 847 45 22 och
583 847 58 22 med
660 847 50 22 den
729 847 32 22 15
777 847 138 22 November
934 847 40 22 till

426 881 44 22 och
483 881 58 21 med
554 881 49 21 den
617 882 32 21 31
661 881 178 29 nästföljande
851 881 122 29 Augusti;

426 915 39 22 för
484 915 137 29 ejderhane
640 916 61 21 eller
718 916 121 29 gudunge
858 915 59 22 från
930 916 45 22 och

425 950 57 22 med
509 950 49 22 den
583 950 33 22 15
637 950 72 22 Mars
728 950 41 22 till
787 951 45 21 och
851 950 58 22 med
926 950 49 22 den

427 985 13 21 1
457 984 77 26 Juni;
549 984 40 22 för
601 991 72 19 svan,
688 985 139 28 ejderhona
841 985 60 21 eller
913 984 61 26 åda,

426 1018 109 29 vildgås,
555 1019 137 26 morkulla,
712 1019 55 22 alla
787 1020 68 21 arter
873 1019 32 22 af
914 1019 62 22 and-

426 1053 97 28 slägtet,
553 1053 119 22 beckasin
699 1053 46 22 och
770 1053 127 22 brushane
917 1053 59 22 från

426 1088 45 22 och
498 1087 57 22 med
584 1088 32 21 15
638 1088 71 21 Mars
729 1088 40 21 till
788 1088 45 21 och
852 1087 57 22 med
928 1087 48 22 den

428 1122 31 22 31
477 1122 63 25 Juli,
560 1123 67 20 samt
646 1121 40 22 för
705 1122 56 22 alla
779 1122 86 29 öfriga
878 1122 57 29 slag
948 1121 33 22 af

426 1156 93 29 nyttigt
537 1155 125 23 vildbråd
681 1156 59 22 från
760 1156 45 22 och
817 1156 58 22 med
888 1156 48 22 den
947 1156 32 22 15

426 1191 71 21 Mars
525 1190 41 22 till
594 1190 45 22 och
666 1191 59 22 med
753 1191 48 22 den
825 1191 16 22 9
859 1191 116 28 Augusti.

431 1225 83 22 Under
541 1225 85 22 denna
654 1225 214 28 fridlysningstid
893 1224 43 23 mä
955 1225 23 28 ej

427 1259 78 22 heller
519 1259 77 28 giller
609 1259 61 22 eller
682 1266 92 15 snaror
786 1259 117 26 utsättas,
918 1259 60 22 eller

427 1293 170 22 derförinnan
632 1295 98 20 utsatta
766 1293 145 22 bibehållas
938 1293 40 22 för

428 1334 88 15 annan
543 1328 36 21 än
603 1327 124 29 lofgifven
746 1327 230 29 vildbrädsfängst.

427 1362 43 22 Att
492 1362 75 28 jaga,
597 1362 70 22 döda
696 1362 60 22 eller
775 1361 81 29 fånga
875 1362 39 28 elg
933 1361 45 23 och

428 1396 88 22 bäfver
543 1403 60 16 vare
630 1397 146 22 tillsvidare
803 1396 82 23 under
920 1396 58 22 hela

428 1430 53 22 året
500 1430 135 29 förbjudet.

290 1477 47 22 Lag-
350 1475 32 18 och
394 1474 181 19 Ekonomiutskottets
587 1473 112 19 betänkande
711 1473 38 18 N:o
763 1474 16 17 6.
