1070 1795
255 105 29 22 56
444 106 235 22 Petitionsbetänkande
694 106 36 21 N:o
745 106 19 21 2.

227 162 85 17 banorna
324 163 74 17 komma
410 165 28 16 att
450 163 65 18 förena
528 163 100 18 Bottniska
640 163 63 21 viken,
716 163 96 23 Päijänne,
826 163 79 20 Keitele,
913 163 74 18 Konne-

226 191 46 20 vesi,
292 191 70 22 Iisvesi,
378 192 62 17 Saima
453 192 34 17 och
501 191 76 23 Ladoga
590 191 108 23 vattendrag
711 191 41 18 med
765 191 110 18 hvarandra.
901 191 27 18 De
942 191 45 18 sista

226 219 32 18 två
276 219 84 19 nödären
377 220 61 22 hafva,
456 225 56 18 synes
530 221 45 22 mig,
592 223 86 20 nogsamt
696 221 77 20 bevisat,
785 221 7 17 i
805 220 49 18 huru
867 220 120 23 stor:mängd

227 247 53 23 ryskt
299 249 43 22 mjöl
361 249 112 22 importeras
491 249 30 18 till
540 249 41 18 vårt
599 249 51 22 land;
671 249 35 18 den
725 249 20 17 af
756 249 38 22 mig
806 248 106 23 föreslagna
924 249 63 22 linjen,

227 276 70 23 dragen
317 277 40 17 frän
376 278 84 22 Ladogas
479 278 65 17 strand
564 280 39 15 mot
620 278 88 17 nordvest
726 278 35 17 och
780 279 51 16 tvärs
844 283 66 16 genom
924 277 63 18 landet

226 307 38 15 mot
277 308 60 15 vester
349 312 43 12 vore
406 307 36 17 den
455 309 48 15 mest
516 307 89 22 lämpliga
616 309 28 16 att
656 307 96 17 fortskaffa
763 307 68 17 sädant
837 306 28 17 till
872 305 115 19 vidsträckta

227 333 53 18 delar
298 334 19 17 af
334 335 84 18 Finland.
443 331 59 22 Äfven
521 336 6 17 i
547 335 32 18 fall
598 335 20 18 af
632 336 43 22 krig
687 335 60 18 skulle
761 335 62 18 denna
835 335 48 18 bana
896 334 55 17 hafva
963 340 23 12 en

226 362 60 23 viktig
305 363 72 23 uppgift
392 367 27 14 att
437 364 51 23 fylla,
507 365 6 16 i
533 364 89 18 händelse
642 364 74 18 fienden
736 363 89 24 lyckades
843 363 75 23 afbryta
936 363 50 18 trafi-

227 391 37 18 ken
278 392 10 17 &
301 392 129 24 kustlinjerna.

296 421 37 17 Det
352 421 60 18 blefve
432 422 27 17 för
478 422 53 22 längt
546 424 27 16 att
585 422 35 18 här
633 423 97 21 uppräkna
742 422 38 17 alla
793 422 24 17 de
830 422 83 17 fördelar
926 420 61 18 denna

226 448 85 23 banlinje
330 450 72 17 komme
416 452 26 16 att
455 450 84 23 erbjuda.
565 451 28 17 Då
607 451 59 22 enligt
678 451 48 17 hvad
740 450 54 18 ofvan
808 450 77 21 anförts,
898 450 36 17 den
946 450 39 17 tek-

227 477 56 18 niska
302 478 165 23 undersökningen
485 479 32 17 vid
535 479 74 22 Nyslott
628 479 36 18 och
682 479 122 22 Punkaharju
823 479 58 17 redan
896 481 30 19 egt
939 483 47 16 rum,

226 505 69 18 saknas
313 512 50 12 ännu
376 512 23 13 en
412 507 110 18 ekonomisk
535 508 141 22 undersökning
688 508 21 17 af
720 508 58 17 linien
792 508 7 17 i
812 507 43 19 hela
869 507 42 18 dess
923 507 62 22 längd,

226 534 76 18 hvilken
316 535 100 24 utredning
429 536 32 18 bör
473 536 65 23 föregå
550 542 23 12 en
586 536 110 23 fullständig
704 537 133 17 instrumental
846 536 141 22 undersökning

226 563 34 17 och
274 564 120 22 uppgörande
406 565 21 17 af
437 565 160 23 kostnadsförslag
609 565 30 18 för
652 566 42 17 hela
706 565 67 18 banan.

296 593 25 17 Pä
339 593 59 22 grund
418 593 20 18 af
454 593 114 23 ofvansagda
583 594 29 17 fär
622 595 33 22 jag
668 594 105 23 ödmjukast
785 593 76 18 anhälla
875 593 31 18 det
919 592 66 19 heder-

228 621 58 17 värda
305 621 139 19 Bondeständet
457 623 42 17 ville
513 623 115 17 understöda
640 623 35 18 och
688 623 27 17 till
727 622 182 23 jernvägsutskottet
922 622 63 17 remit-

226 652 41 15 tera
280 651 42 16 mitt
334 651 162 22 petitionsförslag
509 651 72 18 derom:

433 711 32 19 att
480 709 48 28 före
539 710 183 21 nästkommande
735 709 106 28 landidag
849 709 68 21 mätte
925 709 60 20 verk-

364 738 78 21 ställas
465 745 27 14 en
515 739 127 20 ekonomisk
664 738 169 27 undersökning
851 738 30 27 af
893 744 27 15 en
935 737 48 28 för-

365 766 187 28 bindningsbana,
569 767 87 21 hvilken
672 767 55 28 från
743 767 144 21 Pieksämäki
895 766 37 21 vid
941 765 42 22 Sa-

364 796 103 20 volakska
483 795 76 22 banan
573 796 69 21 skulle
658 797 59 20 ledas
731 803 80 20 genom
827 795 83 26 Jorois,
920 795 63 21 Ran-

366 824 94 27 tasalmi,
488 824 91 28 Nyslott
601 825 39 20 och
662 824 152 28 Punkaharju
838 824 36 21 till
897 823 88 21 Elisen-

364 859 70 14 vaara
449 853 37 21 vid
501 853 108 21 Karelska
624 853 82 22 banan.

297 915 116 23 Helsingfors
426 915 35 18 den
474 916 11 17 8
497 916 84 17 februari
594 916 50 17 1894.

764 957 21 21 H.
803 955 112 28 Landgr6n.

295 1073 159 28 (Öfversättning)

583 1125 37 17 26.

409 1193 45 18 Till
468 1194 149 18 Hedervärda
633 1193 179 19 Bondeständet.

295 1251 70 17 Genom
378 1251 23 18 de
414 1251 57 18 redan
484 1252 29 17 för
525 1253 55 17 trafik
593 1252 90 23 upplätna
689 1249 152 21 Österbottniska
850 1251 35 17 och
896 1250 89 18 Savolaks

223 1282 49 15 samt
291 1279 35 18 den
345 1282 52 15 snart
414 1280 73 23 färdiga
506 1281 93 17 Karelska
614 1281 126 22 jernvägarna
758 1281 35 16 har
805 1279 125 18 samfärdseln
944 1279 41 18 från

223 1308 58 18 söder
299 1311 65 15 norrut
382 1309 34 17 och
434 1311 79 16 tvärtom
529 1309 125 23 tillgodosetts
668 1310 24 22 pä
704 1311 28 16 ett
744 1307 180 20 tillfredsställande
937 1309 48 20 sätt;

223 1342 43 12 men
286 1337 84 17 deremot
388 1339 22 15 är
428 1338 25 17 all
471 1338 162 17 kommunikation
651 1338 7 17 i
676 1338 86 22 riktning
777 1338 20 16 &t
811 1339 51 15 öster
875 1337 35 17 och
924 1338 61 16 vester

223 1365 80 18 förenad
321 1366 42 17 med
382 1366 22 17 de
423 1368 66 16 största
507 1366 120 22 svärigheter.
652 1366 58 18 Förut
728 1366 83 18 nämnda
829 1368 30 15 tre
878 1365 107 17 stambanor

223 1394 85 23 uppfylla
326 1395 68 18 endast
411 1395 108 22 bristfälligt
537 1395 72 18 landets
628 1395 58 18 behof
702 1395 21 18 af
740 1393 245 22 kommunikationsmedel,

223 1423 66 18 sävida
306 1423 23 18 de
348 1424 16 22 ej
378 1423 95 18 förbindas
486 1423 42 18 med
541 1424 108 17 hvarandra.
674 1424 33 17 Ett
720 1423 124 23 fullständigt
856 1423 35 17 och
905 1422 80 22 verkligt

295 1463 201 19 Petitionsbetänkande
508 1464 37 17 N:o
557 1464 17 18 2.
