1070 1795
287 137 230 22 Petitionsbetänkande
533 138 34 21 N:o
583 137 33 22 28.
791 138 14 21 5

73 195 177 27 öfverskattats,
270 196 110 22 särskildt
396 196 6 21 i
418 196 61 21 hvad
495 196 38 21 det
549 195 70 27 gäller
634 195 160 27 förslitningen
811 195 26 21 af

73 231 120 21 skenorna.
224 230 135 21 Stälskenor
381 230 73 21 hafva
475 231 85 20 nästan
579 230 71 21 under
668 230 46 21 alla
734 231 99 20 omstän-

73 265 102 26 digheter
194 271 27 15 en
242 265 26 21 så
286 265 53 27 lång
357 265 156 27 varaktighet,
529 265 54 21 flere
599 265 125 26 decennier,
740 266 36 20 att
791 265 42 20 för-

73 300 98 21 ändrade
194 299 228 22 trafikförhällanden
445 300 78 21 kunna
546 299 92 27 påkalla
661 300 67 21 deras
751 300 83 26 utbyte

72 334 69 21 innan
164 334 27 21 de
214 334 77 21 blifvit
313 334 53 22 fullt
385 334 114 22 förslitna.
530 327 21 28 Å
571 334 71 21 andra
661 334 65 21 sidan
744 334 46 21 kan
805 339 29 16 en

73 369 57 21 ökad
150 368 118 27 hastighet
286 369 69 22 äfven
374 369 108 27 möjligen
501 369 7 20 i
524 368 72 28 några
610 369 62 21 delar
688 369 102 21 medföra
805 374 29 16 en

73 403 131 27 minskning
227 403 7 21 i
253 403 209 27 drifkostnaderna,
481 403 130 27 derigenom
630 404 38 21 att
686 403 5 21 i
712 403 63 22 vissa
794 403 40 21 fall

73 443 90 16 samma
179 437 69 22 trafik
263 438 45 21 kan
324 438 106 26 betjenas
446 438 52 21 med
513 444 29 15 en
554 438 87 21 mindre
651 438 70 21 talrik
732 438 102 21 rullande

72 471 106 22 materiel
200 472 42 21 och
264 478 29 15 en
315 471 123 28 fåtaligare
461 472 153 27 tågpersonal,
638 472 29 21 då
686 477 87 22 vagnar
791 472 43 21 och

72 506 117 27 betjening
204 506 92 22 kortare
312 506 32 22 tid
359 506 136 27 uppehållas
511 506 14 21 å
541 506 86 22 färden.

141 541 125 21 Utskottet
288 541 42 21 har
351 541 53 22 med
426 541 39 22 det
488 541 95 21 anförda
605 541 49 21 icke
677 541 64 22 velat
763 541 71 21 hafva

73 575 73 28 sagdt,
162 576 37 20 att
214 575 184 27 farhastigheten
413 575 7 21 i
436 575 46 21 alla
497 575 39 21 fall
553 575 41 22 och
610 575 13 21 å
640 575 108 27 samtliga
764 576 70 21 banor

72 610 6 21 i
98 610 78 21 landet
195 610 68 21 borde
282 610 63 21 ökas.
376 610 143 21 Densamma
537 610 42 21 bör
597 610 89 27 låmpas
702 610 64 22 såväl
781 611 52 20 med

72 645 91 26 hänsyn
181 645 35 21 till
235 645 151 22 säkerhetens
406 650 51 16 som
476 645 112 21 trafikens
607 645 132 27 fordringar,
756 645 25 22 så
797 646 37 21 att

73 685 28 16 en
116 679 58 21 ökad
190 679 117 27 hastighet
322 679 50 22 icke
388 679 93 27 införes,
499 679 38 22 der
553 680 20 26 ej
589 680 163 21 motsvarande
762 679 71 22 fördel

72 714 35 21 för
117 713 98 22 trafiken
226 714 132 27 härigenom
369 714 47 21 kan
427 714 94 26 vinnas;
532 720 53 15 men
596 714 38 22 der
645 714 88 27 verklig
743 714 89 22 lättnad

73 748 44 21 kan
137 749 95 21 beredas
252 749 156 21 samfärdseln
428 754 82 21 genom
529 755 28 15 en
576 748 58 22 ökad
653 749 124 26 hastighet,
793 749 40 20 bör

73 783 43 21 den
131 783 51 21 icke
197 783 73 21 hållas
286 783 68 27 lägre,
370 785 31 19 än
416 783 62 21 hvad
494 783 111 22 trafikens
617 783 108 22 säkerhet
737 783 41 22 och
790 783 42 21 för-

73 817 75 27 nuftig
162 817 146 28 hushållning
323 817 83 22 fordra.

142 851 34 22 Då
198 852 39 21 det
258 851 30 28 på
310 853 72 26 grund
405 852 27 21 af
452 853 39 20 det
510 852 95 21 anförda
624 858 70 21 synes
709 852 123 22 förefinnas

72 886 58 27 goda
149 886 51 21 skäl
220 887 36 20 att
274 892 97 16 numera
386 887 120 26 upphäfva
521 887 43 21 den
579 887 36 20 för
630 887 142 21 närvarande
787 887 44 26 gäl-

72 920 66 21 lande
154 921 181 26 begränsningen
349 921 27 21 af
384 921 185 27 farhastigheten
579 921 14 21 å
603 921 90 22 landets
703 921 128 27 jernvägar,

72 954 35 22 får
121 955 119 22 utskottet
255 955 120 22 vördsamt
391 955 96 22 föreslå:

278 1020 33 19 att
335 1018 131 21 Ständerna
488 1018 52 21 ville
559 1019 37 27 för
614 1019 37 20 sin
666 1019 34 31 del
715 1018 117 28 upphäfva

209 1052 116 21 härintills
343 1053 106 27 gällande
469 1053 167 27 bestämningar
655 1060 35 13 om
708 1052 122 21 inskränk-

209 1087 57 27 ning
281 1087 29 27 af
321 1087 179 28 farhastigheten
515 1087 14 21 ä
545 1087 85 21 landets
640 1087 123 28 jernvägar
773 1088 59 19 samt

209 1121 103 28 derjemte
331 1121 39 21 hos
390 1121 68 21 Hans
473 1121 124 28 Kejserliga
612 1121 105 28 Majestät
732 1121 99 27 anhälla,

210 1157 32 19 att
262 1156 14 21 å
286 1156 154 27 jernvägarne
456 1156 119 27 framdeles
590 1156 70 21 skulle
676 1156 113 27 tillämpas
804 1163 28 13 en

210 1190 68 27 nägot
298 1190 55 21 ökad
372 1190 150 28 farhastighet
541 1190 37 27 för
592 1190 185 27 passageraretäg,
793 1190 39 21 der

208 1225 167 20 nämnvärdare
390 1225 102 27 fördelar
507 1225 129 27 härigenom
652 1225 72 20 kunde
735 1224 36 28 för
783 1226 46 19 tra-

208 1259 60 28 fiken
284 1259 95 21 beredas.

138 1403 10 21 I
163 1403 65 22 detta
243 1404 96 21 ärendes
355 1404 126 27 beredning
496 1405 70 20 hafva
576 1405 95 26 deltagit
682 1404 149 21 ordföranden

69 1438 39 21 Th.
124 1438 119 27 Tallgvist,
259 1439 163 26 ledamöterne,
439 1439 96 22 friherre
551 1439 25 22 R.
595 1439 87 27 Wrede,
698 1439 24 21 L.
739 1439 92 26 Gripen-

138 1488 182 23 Jernvägsutskottets
332 1489 114 18 betänkande
458 1489 37 18 N:o
507 1491 17 16 5.
