1070 1795
262 125 13 21 2
414 124 279 23 Petitionsbetänkande
709 125 43 22 N:o
769 124 37 23 35.

233 193 69 25 tycket
317 193 45 20 icke
376 193 52 20 låter
444 195 29 22 sig
488 194 69 19 förena
572 195 44 19 med
632 195 38 18 den
685 194 36 20 hos
738 199 32 15 oss
785 194 58 25 djupt
857 194 69 19 rotade
942 199 47 19 upp-

232 221 110 25 fattningen
358 227 31 15 om
404 222 112 24 lagbunden
530 222 68 20 frihet.

302 252 36 18 Att
359 251 85 20 nämnda
463 251 30 19 till
516 252 214 23 generalguvernörens
746 251 141 24 godtfinnande
902 251 88 24 uttryck-

232 279 53 24 ligen
301 279 145 20 öfverlemnade
461 280 148 19 bestämmande
624 279 41 20 står
680 281 6 18 i
702 280 119 24 motsägelse
836 280 30 19 till
879 280 37 19 den
927 280 6 19 i
943 280 48 19 våra

233 308 121 24 grundlagar
377 308 102 25 uttryckta
497 309 78 24 princip
591 310 31 18 att
635 309 59 24 ingen
710 311 48 17 utan
773 309 44 24 laga
833 309 45 19 dom
893 308 37 20 och
944 314 45 13 ran-

233 337 84 24 sakning
340 337 32 19 må
392 337 67 19 kunna
481 337 96 20 afhändas
597 337 55 24 gods,
668 337 39 20 fast
722 338 49 19 eller
786 337 46 24 löst,
848 343 58 19 synes
918 337 72 24 jemväl

232 371 48 14 vara
295 365 117 24 uppenbart.

302 393 44 21 Den
367 394 81 20 hämsko
471 395 26 24 på
511 395 166 24 yttranderätten,
693 400 41 15 som
749 395 130 19 förenämnda
893 394 98 25 pressför-

232 423 85 24 ordning
338 423 86 24 utöfvar,
447 424 37 19 och
501 424 88 23 hvilken,
605 423 62 25 enligt
681 424 51 20 hvad
748 423 138 20 erfarenheten
901 423 43 20 från
960 428 30 15 se-

232 454 58 17 naste
311 451 37 20 och
370 451 57 20 äfven
450 451 44 20 från
510 452 65 19 denna
590 452 96 23 landtdag
700 452 80 24 utvisat,
794 452 72 23 jemväl
881 452 109 19 utsträckts

233 480 31 19 till
285 480 115 20 uttalanden
423 481 33 19 vid
477 480 287 25 landtdagsförhandlingarna,
779 480 37 19 har
832 481 88 22 sålunda,
936 480 54 24 långt

232 507 51 21 ifrån
307 511 30 17 att
354 509 86 19 allenast
454 509 73 20 beröra
542 509 178 24 tidningsmännen,
736 510 53 23 gjort
803 509 68 24 frågan
887 514 30 14 om
933 509 56 19 ernå-

233 537 61 20 endet
315 537 22 20 af
358 543 23 14 en
405 537 163 25 tryckfrihetslag
591 537 29 20 till
636 543 24 14 en
675 538 83 19 allmänt
772 538 144 23 medborgerlig
931 542 58 19 ange-

232 565 100 24 lägenhet,
354 566 59 20 hvars
435 566 79 24 lösning
529 568 58 22 utgör
602 568 28 17 ett
646 566 153 25 önskningsmäl,
816 566 75 19 hvilket
905 565 85 20 förvisso

233 594 55 20 delas
305 594 21 20 af
340 595 40 19 alla
396 595 171 20 samhällsklasser
581 595 7 19 i
604 595 43 19 värt
661 595 53 20 land.

302 623 84 20 Oafsedt
408 624 37 19 den
466 624 178 19 demoraliserande
660 624 82 24 verkan,
758 624 33 19 det
807 623 87 20 rädande
910 628 78 15 censur-

232 652 81 24 tvånget
335 652 62 19 måste
420 652 88 19 medföra
529 653 62 19 redan
607 652 79 19 derföre
702 655 30 17 att
747 653 33 18 det
795 655 23 16 är
833 652 72 23 egnadt
920 653 30 18 att
963 651 27 24 pä

231 680 86 20 förhand
333 683 81 17 stämma
430 681 131 19 allmänheten
577 683 53 17 emot
645 681 93 24 ätgärder
754 681 36 19 och
805 681 143 22 förhällanden,
959 680 31 19 för

231 709 78 19 hvilkas
332 709 64 24 skydd
412 715 94 14 censuren
522 710 80 23 anlitas,
617 709 39 20 kan
672 710 34 19 det
721 710 32 19 väl
768 709 44 20 icke
827 709 64 19 heller
905 708 84 20 förbises

233 740 30 17 att
286 739 24 18 de
334 737 22 20 af
376 743 96 15 censuren
495 738 129 19 framkallade
645 738 94 20 försöken
762 738 50 19 att
804 733 12 34 i
827 737 99 20 förtäckta
942 737 48 20 eller

233 767 76 19 dunkla
332 767 82 24 ordalag
432 767 52 24 gifva
499 767 79 24 uttryck
594 767 20 19 åt
629 767 87 19 rådande
732 766 149 25 uppfattningar
896 767 36 18 och
948 766 41 24 opi-

231 795 76 20 nionen
327 796 72 23 jemväl
421 796 68 19 kunna
511 796 66 23 skjuta
599 795 55 20 öfver
672 795 66 26 målet,
754 798 50 17 samt
819 795 46 19 leda
879 795 44 20 icke
939 794 51 19 blott

232 823 30 20 till
287 823 121 20 öfverdrifna
431 824 162 24 föreställningar
612 827 46 16 utan
682 824 38 19 ock
741 824 31 19 till
793 823 136 20 vanställande
944 823 45 24 ryk-

232 856 42 20 ten,
297 852 67 19 hvilka
387 853 111 19 emellertid
520 853 67 20 kunna
610 858 48 14 oroa
676 853 38 19 och
729 853 96 19 vilseleda
840 853 38 18 den
894 853 97 18 allmänna

229 881 111 24 meningen.

303 910 31 19 Då
350 910 33 19 det
398 909 32 20 för
445 912 29 17 ett
489 909 48 24 folk,
553 915 41 14 som
610 912 22 17 är
647 911 99 18 medvetet
761 915 30 14 om
807 910 30 19 sin
853 911 40 18 rätt
904 911 29 17 att
944 911 46 22 taga

235 939 33 19 del
283 939 7 18 i
306 939 110 18 ordnandet
438 939 21 18 af
480 939 43 19 sina
547 944 51 18 egna
618 939 173 24 angelägenbeter,
811 938 44 19 icke
878 941 23 16 är
914 938 77 24 möjligt

234 970 30 17 att
279 967 94 20 förblifva
388 967 95 19 oberördt
498 967 21 19 af
533 967 50 19 eler
597 969 30 17 att
642 967 85 20 förhålla
743 968 29 23 sig
787 967 93 24 likgiltigt
899 967 30 18 till
950 967 39 23 vig-

233 996 43 23 tiga
292 996 104 24 spörsmål,
412 1001 41 14 som
468 996 66 19 kunna
549 995 97 24 föreligga
661 996 30 19 till
708 996 115 23 afgörande,
839 995 56 20 skola
910 995 31 20 väl
954 995 35 19 all-

234 1025 30 19 tid
287 1027 82 21 utvägar
390 1024 90 25 päfinnas
503 1026 35 21 att,
557 1025 26 23 pä
598 1027 28 16 ett
642 1025 49 19 eller
706 1027 61 17 annat
783 1026 45 21 sätt,
845 1023 51 24 gifva
911 1024 78 24 uttryck

233 1053 21 20 ät
278 1053 24 19 de
320 1053 208 24 meningsriktoingar,
543 1059 42 13 som
600 1053 70 19 härvid
685 1053 36 20 hos
737 1053 132 19 allmänheten
885 1053 43 18 med
944 1052 45 19 obe-

233 1082 85 24 tvinglig
338 1081 54 20 kraft
414 1082 49 19 söka
486 1083 29 22 sig
537 1081 44 20 luft.
610 1081 48 20 Meni
696 1082 67 19 stället
783 1081 32 20 för
837 1081 87 23 ständigt
938 1081 51 19 äter-

233 1111 118 18 kommarde
367 1111 69 18 försök
451 1112 29 18 att
495 1110 65 24 undgä
575 1116 106 14 censurens
696 1110 124 23 vaksamhet,
836 1110 49 19 eller
907 1110 82 19 anlitan-

234 1139 34 19 det
291 1140 36 18 sist
350 1139 37 19 och
410 1139 99 24 slutligen,
531 1139 26 19 dä
578 1139 62 19 andra
662 1139 64 19 medel
747 1139 44 20 icke
807 1139 31 19 stä
853 1139 30 18 till
898 1139 57 23 buds,
971 1138 22 19 af

232 1168 102 19 utlandets
356 1173 62 19 press,
440 1173 47 14 vore
503 1169 33 18 det
551 1168 31 19 väl
598 1173 23 14 ur
636 1167 68 24 hvarje
720 1167 101 25 synponkt
836 1170 29 17 att
879 1166 110 25 föredraga,

233 1197 34 18 det
290 1202 24 13 en
337 1195 162 25 tryckfrihetslag
520 1197 64 18 skulle
606 1197 81 18 utstaka
709 1196 91 20 vilkoren
820 1195 31 20 för
874 1197 64 22 öppna
954 1196 36 19 och

233 1224 187 20 oförbehällsamma
436 1225 115 20 uttalanden
565 1225 7 19 i
588 1225 98 19 allmänna
701 1225 74 23 frågor.

302 1253 96 20 Förutom
414 1253 34 20 det
463 1254 44 23 laga
522 1259 71 14 ansvar
609 1254 31 19 för
654 1254 106 23 missbruk,
777 1259 41 13 som
834 1253 81 20 sälunda
927 1253 7 19 i
945 1253 45 20 stöd

231 1281 23 20 af
276 1282 115 24 presslagen
414 1283 65 18 kunde
499 1282 21 19 af
533 1282 86 19 domstol
634 1282 88 23 ädömas,
738 1282 37 19 och
791 1282 127 23 hvarigenom
932 1281 58 20 otvif-

232 1311 98 24 velaktigt
353 1311 79 23 önsklig
456 1311 77 24 garanti
553 1311 32 19 för
608 1313 28 17 ett
656 1311 96 19 mättfullt
767 1311 107 19 utöfvande
889 1310 22 19 af
924 1310 65 24 tryck-

231 1339 87 19 friheten
342 1339 64 19 skulle
431 1339 64 23 ernäs,
516 1340 58 18 torde
593 1339 56 19 äfven
666 1340 37 18 den
718 1339 104 24 möjlighet
837 1339 30 18 till
882 1339 109 23 genmälen,

232 1374 43 12 som
299 1368 71 19 endast
390 1368 24 19 de
438 1370 61 23 öppet
520 1368 147 19 framträdande
682 1368 131 19 uttalandena
829 1367 87 24 erbjuda,
932 1368 6 18 i
954 1367 35 19 och

231 1396 33 20 för
286 1397 29 23 sig
337 1397 97 19 innebära
457 1397 37 19 den
517 1397 91 24 trygghet
630 1400 53 16 emot
703 1396 118 25 ö&fvergrepp
840 1396 44 19 från
899 1401 92 19 pressens

231 1425 51 23 sida,
299 1431 41 14 som
355 1426 44 18 med
415 1425 44 21 skäl
473 1426 42 27 bög
529 1425 81 24 åsyftas.

301 1459 131 32 Lagutskottets
444 1451 111 46 bete
567 1463 38 18 N:o
616 1464 30 17 10.
