1070 1795
252 145 27 21 12
424 143 262 23 Motionsbetänkande
701 143 43 22 N:o
760 142 22 23 2.

222 208 92 26 drycker,
335 209 75 22 dömes,
429 210 53 17 utom
503 207 30 20 till
551 207 69 20 derför
638 208 94 24 stadgadt
751 213 78 20 ansvar,
844 207 38 20 den
897 207 84 20 sålunda

221 237 139 19 missbrukade
375 236 135 25 försäljnings-
527 236 49 19 eller
590 236 211 25 utskänkningsrätten
817 236 98 24 förlustig.

290 282 132 25 Helsingfors,
438 282 37 19 den
491 282 11 19 5
519 282 97 19 Februari
634 281 61 20 1894.

290 337 28 22 E.
334 337 155 22 Tensikkala.
686 336 29 23 K.
732 336 115 23 Oittinen.

295 383 93 22 Kustaa
402 382 107 29 Kiipula.
684 381 31 23 M.
730 381 118 24 Heikura.

227 422 19 5 —
294 428 94 23 Jaakko
403 428 108 22 Hirvelä.
684 428 30 22 K.
729 427 29 23 V.
773 427 141 23 Hellström.

292 473 95 22 Henrik
402 473 137 22 Kansanen.
684 473 31 22 H.
730 472 24 23 J.
769 473 141 28 Malmgren.

293 601 150 26 (Öfversättning.)

362 663 50 19 Till
436 663 179 20 Hedervärda
638 663 207 20 Bondeständet.

295 726 64 19 Sedan
382 726 111 24 Kejserliga
515 726 150 23 Förordningen
682 726 101 23 angäende
798 725 126 25 Försäljning
938 726 38 20 och

221 754 137 25 utskänkning
380 754 22 20 af
422 755 141 24 maltdrycker,
579 755 22 19 af
614 755 38 19 den
668 753 13 20 2
697 755 56 24 April
771 753 60 25 1883,
847 755 53 19 trädt
914 755 6 19 i
935 755 42 24 gäl-

221 783 60 20 lande
303 783 59 24 kraft,
384 783 36 20 bar
441 784 37 19 den
501 789 70 18 genom
587 783 27 26 88
629 782 20 24 3,
666 782 26 20 12
708 783 37 20 och
761 783 25 19 14
802 783 7 19 i
825 783 60 24 sagda
900 783 77 20 förord-

221 812 74 23 ningen
313 811 100 24 medgifna
428 812 93 23 rättighet
535 814 31 17 att
580 812 100 19 utskänka
695 811 133 24 maltdrycker
843 812 36 19 och
895 812 83 24 anlägga

220 839 117 25 bryggerier
351 841 29 18 uti
396 841 205 23 landskommunerna,
615 841 7 18 i
638 841 100 19 desamma
754 840 57 19 väckt
826 840 82 20 allmänt
922 841 57 19 miss-

221 869 55 24 nöje.

292 898 155 19 Vidkommande
470 897 50 20 först
542 897 132 24 anläggandet
696 896 23 21 af
739 897 115 24 bryggerier
869 898 52 19 inom
936 902 43 15 om-

221 925 60 20 rådet
304 926 20 19 af
344 932 23 13 en
391 926 97 23 kommun,
507 929 22 16 är
544 927 72 18 sådant
630 926 74 20 tillåtet
719 929 46 16 utan
782 926 127 20 kommunens
924 927 54 18 med-

220 954 100 23 gifvande.
358 955 30 19 En
409 955 84 24 naturlig
515 954 50 25 följd
585 954 59 20 häraf
657 957 23 17 är
695 957 30 17 att
740 954 141 25 försäljningen
897 954 37 20 och
947 958 30 16 ut-

220 982 138 25 skänkningen
382 983 22 19 af
416 983 134 24 maltdrycker
565 983 26 24 på
606 986 56 17 orten
678 983 40 20 blir
733 983 120 20 allmännare
868 989 70 18 genom
952 983 25 20 de

220 1011 120 25 rättigheter
356 1011 26 27 $$
399 1011 26 20 12
441 1012 35 19 och
493 1011 26 20 14
535 1013 6 18 i
557 1012 61 24 sagda
634 1011 116 24 förordning
764 1011 103 25 medgifva,
894 1011 83 24 Sålänge

220 1045 27 14 nu
263 1041 91 23 gällande
370 1041 115 23 förordning
499 1040 104 20 förblifver
618 1041 32 19 vid
666 1040 60 24 kraft,
742 1046 36 18 ega
793 1041 140 19 kommunerna
947 1041 31 19 in-

220 1074 37 18 gen
281 1071 40 18 rätt
340 1072 30 17 att
384 1069 60 24 stäfja
459 1069 23 20 de
497 1069 7 19 i
520 1069 61 20 talrik
597 1069 71 24 mängd
683 1069 123 25 uppstående
821 1069 156 20 missförhällan-

220 1097 48 24 den,
291 1103 41 14 som
350 1098 62 19 redan
427 1100 62 21 yppat
504 1098 29 24 sig
547 1098 8 19 i
571 1098 24 19 de
610 1098 58 19 flesta
682 1101 62 20 orter,
760 1097 21 20 af
795 1098 67 19 hvilka
877 1098 32 19 må
923 1100 55 17 näm-

221 1131 36 14 nas
274 1123 115 28 Östermyra
404 1127 37 19 och
455 1127 74 19 Härmä
544 1127 6 18 i
566 1127 66 19 Nedre
649 1123 135 23 Österbotten.
801 1127 30 19 Då
847 1127 61 24 sagda
922 1126 56 19 kom-

219 1160 71 14 muner
311 1155 50 19 efter
379 1155 87 24 förmåga
481 1155 78 20 försökt
574 1155 104 20 förhindra
693 1155 131 24 anläggandet
839 1155 22 20 af
875 1155 103 24 ölbrygge-

220 1183 42 19 rier
286 1185 52 18 inom
354 1184 125 19 kommunens
495 1184 88 23 område,
599 1183 59 21 hafva
674 1184 58 19 dessa
748 1183 69 20 försök
832 1183 30 20 till
878 1183 100 24 evärdelig

222 1217 48 18 sorg
285 1212 31 19 för
331 1212 150 20 medlemmarne
496 1212 21 19 af
531 1213 117 19 kommunen
664 1213 42 23 gått
722 1218 30 14 om
768 1213 55 18 intet.

291 1241 57 20 Hvad
364 1241 32 19 för
410 1241 33 19 det
458 1241 62 19 andra
536 1241 94 20 beträffar
645 1241 159 23 utskänkningen
816 1241 22 19 af
843 1241 135 24 maltdrycker

219 1268 27 24 på
268 1269 68 20 landet
359 1269 11 20 å
386 1269 95 20 värdshus
497 1270 36 19 och
550 1269 144 24 gästgifverier,
710 1270 79 19 hvartill
804 1272 35 17 äro
854 1269 123 24 berättigade

219 1297 33 20 för
275 1298 95 19 trafikens
393 1298 60 19 behof
464 1298 99 20 inrättade
580 1299 96 19 värdshus
692 1298 100 20 äfvensom
807 1298 170 24 gästgifverierna,

221 1331 49 14 vore
286 1332 24 13 en
326 1327 116 23 förändring
456 1327 57 19 äfven
529 1327 6 18 i
551 1327 101 19 anseende
668 1327 30 19 till
714 1327 44 19 dem
767 1327 119 23 nödvändig.
904 1327 72 19 Värds-

219 1354 112 20 husvärden
357 1354 37 20 och
420 1355 132 24 gästgifvaren
578 1356 77 19 komma
673 1356 6 18 i
702 1356 24 18 de
748 1354 57 20 flesta
827 1355 34 19 fall
876 1357 31 17 att
921 1355 56 19 miss-

220 1382 67 21 bruka
303 1384 43 19 sina
360 1384 124 24 rättigheter,
499 1384 32 19 för
547 1386 30 17 att
591 1384 45 20 icke
652 1384 41 19 tala
709 1389 31 14 om
748 1384 34 19 det
789 1383 82 24 förderf,
880 1384 95 19 utskänk-

219 1411 146 24 ningsställena
387 1412 134 20 åstadkomma
537 1413 26 24 på
579 1413 24 19 de
619 1414 61 22 orter,
697 1413 35 19 der
748 1412 74 20 sådana
837 1412 62 20 finnas
914 1413 62 19 inrät-

289 1479 180 18 Ekonomiutskottets
481 1479 111 18 betänkande
605 1482 36 15 N:o
653 1480 27 17 11.
