1070 1795
295 146 230 23 Petitionsbetänkande
542 146 35 21 N:o
593 146 20 21 2.
766 147 37 20 131

72 205 82 26 Hangö
170 205 81 26 banan,
269 205 26 21 så
313 205 73 21 skulle
406 210 83 21 genom
505 205 43 20 den
564 204 131 27 föreslägna
709 204 125 27 jernvägen

72 245 28 16 en
116 239 5 20 i
139 239 82 26 sjelfva
237 239 81 22 verket
334 245 31 20 ny
375 239 42 21 och
431 239 50 21 icke
492 239 59 20 blott
562 238 146 21 underlättad
718 238 116 27 jernvägs-

72 273 69 22 trafik
164 273 142 22 framkallas.
337 273 36 21 Nu
394 273 176 26 ifrågavarande
590 273 80 21 bandel
690 273 42 20 har
751 273 6 20 i
780 273 54 26 följd

73 307 68 21 häraf
160 307 50 22 icke
233 307 66 27 ringa
317 307 119 26 betydelse
456 307 35 20 för
512 307 213 26 statsjernvägarne
746 307 87 26 sjelfva.

73 342 47 21 Den
137 342 77 21 starkt
229 342 72 21 ökade
317 341 75 27 trafik,
408 347 50 16 som
474 347 82 21 genom
572 341 27 22 de
614 341 143 22 förbättrade
772 341 62 21 kom-

72 376 172 22 munikatiorna
262 377 113 26 uppstode
392 376 51 21 från
459 376 43 21 den
517 376 111 26 landsort,
644 381 82 21 genom
742 375 91 22 hvilken

73 410 82 28 Hangö
171 411 76 21 banan
260 411 129 27 framlöper,
402 411 74 21 skulle
492 410 115 28 nemligen
618 410 14 22 å
643 416 28 16 en
682 410 89 27 ganska
782 410 53 27 lång

74 446 94 21 sträcka
196 446 54 20 falla
272 446 85 25 jemväl
382 445 144 21 sistnämnda
549 446 60 19 bana
632 445 34 21 till
688 446 64 25 godo.
783 445 51 21 Det-

74 485 90 16 samma
178 479 76 22 blefve
274 479 153 22 förhållandet
443 479 51 22 med
511 479 43 22 den
569 479 72 21 ökade
654 479 98 22 trafiken
768 479 66 21 emel-

73 514 38 21 lan
126 507 50 28 Åbo
192 514 42 21 och
250 513 150 28 Helsingfors.
427 513 45 22 Det
487 513 102 22 tillskott
605 513 5 21 i
627 513 91 24 rörelse,
736 519 49 16 som
801 513 33 21 så-

73 548 69 21 lunda
156 548 113 21 tillfördes
286 548 80 27 Hangö
382 548 104 27 jernväg,
501 548 74 21 skulle
591 548 7 21 i
613 548 44 26 hög
672 548 54 26 grad
742 548 44 21 öka
797 548 37 20 ba-

74 588 58 15 nans
155 582 150 27 rentabilitet,
324 583 93 21 hvilken
434 583 121 24 härintills,
576 582 28 27 på
622 583 72 26 grund
716 583 67 21 deraf
799 584 36 19 att

74 618 75 20 större
168 617 132 21 lokaltrafik
315 617 29 26 på
363 617 146 26 Helsingfors
524 617 21 26 ej
560 616 114 27 uppstått,
691 617 62 21 varit
771 616 65 27 långt

73 651 89 21 mindre
178 653 30 19 än
223 651 42 21 den
281 651 88 22 kunnat
385 657 63 15 vara.
471 651 98 21 Ensamt
581 651 73 21 denna
664 651 171 26 omständighet

74 686 75 25 borde,
166 685 70 28 enligt
252 686 130 21 utskottets
398 685 155 26 förmenande,
565 691 28 15 ur
609 685 226 27 statsjernvägarnes

75 720 119 27 synpunkt
209 721 55 26 göra
279 720 133 21 utförandet
424 720 26 21 af
459 720 109 21 bandelen
579 719 257 28 Helsingfors
740 715 12 36 —
764 719 72 28 Hangö

74 755 76 20 banan
166 755 174 26 besynnerligen
356 755 134 21 önskvärdt.

145 789 90 27 Nyttan
260 789 26 21 af
305 789 41 22 den
366 795 46 21 nya
434 789 124 27 jernvägen
578 789 68 21 borde
669 789 96 20 sålunda
786 788 50 21 icke

75 829 56 16 vara
151 823 82 22 tvifvel
253 823 163 22 underkastad.
448 824 44 21 Det
510 824 41 21 har
570 824 105 21 häremot
693 824 5 20 i
718 823 119 22 utskottet

75 858 96 26 anförts,
192 859 36 20 att
247 858 91 21 dermed
358 860 61 19 ännu
439 858 122 27 ingalunda
581 864 41 15 var
641 858 142 27 ådagalagdt,
800 859 37 19 att

75 893 74 21 denna
164 893 60 20 bana
239 893 69 21 redan
324 898 30 15 nu
369 893 41 20 bör
425 893 93 26 bringas
534 893 35 20 till
584 893 128 20 utförande.
741 892 95 21 Utskot-

75 929 36 19 tet
126 927 42 21 har
183 927 96 26 tidigare
296 927 67 26 gifvit
380 927 50 21 skäl
447 927 35 20 för
494 927 42 21 den
548 927 154 26 uppfattning,
715 927 36 20 att
762 926 75 26 någon

75 961 172 26 väsendtligare
274 961 166 27 inskränkning
462 961 5 20 i
491 961 270 27 jernvagsbyggnaderna
787 960 50 21 icke

76 995 68 22 borde
163 1001 43 21 ega
224 1001 58 20 rum,
302 995 93 22 hvarför
414 996 119 21 utskottet
553 995 26 22 sä
598 995 94 27 mycket
711 995 69 21 hellre
800 1000 36 15 an-

76 1031 48 20 sett
135 1030 134 21 utförandet
281 1030 26 21 af
322 1023 62 28 Äbo—
394 1019 131 43 Helsinfors
533 1030 117 21 kustbana
661 1035 31 15 nu
701 1029 78 21 kunna
791 1029 45 20 vid-

76 1065 61 25 taga,
168 1069 50 16 som
249 1063 69 22 äfven
345 1064 6 20 i
378 1064 109 21 händelse
514 1064 128 21 Ständerna
669 1063 87 22 hbeslöte
784 1063 53 26 hyg-

77 1098 84 27 gandet
184 1098 26 21 af
230 1098 74 21 banan
327 1098 95 21 Keuru—
435 1097 305 28 Jyväskylä
575 1093 13 37 —
600 1097 140 28 Suonenjoki,
762 1097 75 26 ingen-

77 1132 52 21 dera
152 1132 26 21 af
198 1132 68 21 dessa
290 1132 64 21 linier
376 1132 97 21 behöfde
498 1132 111 21 slutföras
628 1132 61 21 inom
710 1137 27 16 en
756 1131 81 21 finans-

78 1166 80 27 period,
179 1166 98 21 likalitet
301 1173 49 14 som
372 1166 131 27 någondera
526 1167 25 20 af
573 1167 51 21 dem
646 1166 96 21 behöfde
762 1165 29 28 pä
809 1171 27 16 en

76 1200 59 27 gång
150 1201 34 20 till
200 1201 52 20 hela
268 1201 34 20 sin
318 1201 66 26 längd
399 1201 53 21 med
467 1201 79 21 arbete
562 1201 114 26 beläggas.

146 1235 51 21 Men
213 1235 38 21 det
267 1235 78 26 finnes,
358 1235 71 26 enligt
444 1235 132 22 utskottets
591 1235 77 26 tanke,
680 1235 69 21 äfven
760 1235 77 25 andra,

77 1275 64 15 mera
163 1269 100 26 positiva
284 1269 54 22 'skäl
360 1269 36 21 för
418 1269 175 27 ifrågavarande
616 1269 73 21 banas
712 1269 125 26 byggande,

77 1303 93 22 säsnart
186 1304 76 26 andra,
276 1303 115 28 pågående
407 1304 206 26 jernvägsarbeten
628 1303 76 21 blifvit
718 1303 119 21 siutförda.

77 1337 41 21 Om
141 1338 39 20 det
202 1339 29 19 än
255 1338 38 20 mä
316 1344 68 15 anses
407 1338 88 26 riktigt,
517 1339 36 20 att
576 1338 37 20 vid
632 1337 163 26 utvidgningen
814 1337 27 20 af

76 1372 176 27 jernvägsnätet
268 1372 202 27 fortsättningsvis
485 1372 54 26 följa
556 1372 118 21 enahanda
686 1371 151 26 hufvudsyfte

77 1412 50 15 som
139 1402 9 36 —
157 1407 121 26 härintills,
308 1407 114 26 nemligen
454 1408 37 19 att
516 1406 57 21 söka
603 1406 121 21 utsträcka
750 1406 87 26 jernvä-

77 1447 69 20 garne
162 1441 35 21 till
212 1441 91 21 landets
318 1441 128 26 aflägsnare
462 1441 68 26 delar,
544 1441 25 20 sä
585 1441 40 20 bör
640 1441 65 21 detta
720 1441 57 20 dock
788 1440 50 21 icke

146 1491 202 18 Pelitionsbetänkande
361 1491 37 18 N:o
411 1491 17 17 2.
