1070 1795
192 143 81 23 Ständ.
289 144 53 21 Pet.
358 156 27 2 —
401 143 172 22 Petitionsbet.
591 143 41 22 N:o
648 143 37 22 35.
777 145 13 20 3

65 209 105 29 digheter
192 209 148 28 förekomme,
364 208 60 22 efter
438 208 169 29 godtfinnande
622 209 94 21 inställa
732 216 29 14 en
776 209 45 22 tid-

64 244 69 29 nings
149 243 143 29 utgifvande,
308 246 128 27 temporärt
452 243 57 22 eller
523 243 50 22 helt
589 243 43 22 och
647 243 79 22 hållet.

132 279 123 21 Huruvida
276 279 66 21 dessa
360 278 142 29 vidtgående
517 278 163 22 restriktioner
695 278 9 22 i
719 278 102 29 verklig-

64 314 70 21 heten
154 314 90 21 mäktat
265 313 124 29 tillgodose
412 313 40 22 det
475 313 106 29 åsyftade
597 313 137 28 ändamålet,
750 320 69 22 synes

65 348 70 29 högst
156 348 167 29 tvifvelaktigt.
354 348 100 21 Snarare
469 348 66 21 torde
551 347 162 22 erfarenheten
729 355 37 14 om
781 347 40 22 det

65 383 229 22 otillfredsställande
308 383 122 21 resultatet
441 383 25 21 af
475 390 29 14 en
512 383 71 21 sådan
591 382 230 29 presslagsstiftning

64 418 42 22 hos
129 418 170 22 vederbörande
321 418 164 28 myndigheter
501 418 84 28 sjelfva
599 417 134 22 framkallat
747 418 74 28 insigt

65 459 37 15 om
117 452 171 22 maktlösheten
302 453 9 20 i
326 452 233 21 censurförfarandet.

133 487 51 22 Den
206 487 137 28 preventiva
366 494 125 15 censurens
514 487 107 28 skadliga
643 486 128 29 inflytande
791 487 30 28 på

64 529 100 21 pressen,
184 521 75 22 denna
276 521 104 29 mäktiga
395 521 112 30 häfstång
522 521 37 22 för
575 521 173 29 medborgerlig
762 528 56 22 upp-

64 556 88 22 fostran
175 556 43 22 och
240 556 135 29 spridandet
397 556 25 22 af
441 557 109 28 bildning
572 557 38 21 till
633 556 45 22 alla
701 556 118 22 samhälls-

63 591 70 28 lager,
156 591 134 21 återverkar
311 591 30 29 på
363 591 112 22 nationen
498 591 9 22 i
529 591 52 22 dess
605 591 80 22 helhet
707 591 44 21 och
772 591 47 21 kan

64 625 37 22 till
117 625 43 22 och
179 625 53 22 med
247 625 107 22 störande
370 626 93 28 ingripa
478 626 9 21 i
501 625 156 23 förhållandet
672 625 99 22 emellan
785 633 35 14 re-

64 660 83 28 gering
170 660 42 21 och
235 660 56 22 folk.
321 660 42 21 Ett
378 660 8 21 i
401 661 181 21 konstitutionel
597 660 61 22 anda
672 659 148 30 uppfostradt

63 695 51 21 folk
136 695 46 21 kan
200 695 118 28 nämligen
333 695 52 21 icke
401 695 94 28 tvingas
511 697 34 20 att
560 695 106 28 iakttaga
680 695 96 28 tystnad
791 694 29 22 då

63 729 120 28 lifsfrågor
204 729 38 22 för
263 729 127 22 detsamma
411 729 117 29 föreligga
550 729 37 22 till
610 729 132 29 afgörande.
772 729 48 21 Der

64 763 45 22 den
131 763 136 29 preventiva
290 771 111 14 censuren
424 764 81 29 lägger
520 764 83 21 hinder
620 764 9 21 i
644 767 76 26 vägen
734 763 37 22 för
786 765 34 20 ett

63 798 53 22 fritt
137 798 120 22 uttalande
279 799 8 21 i
309 799 85 21 sådana
416 799 86 28 frågor,
527 799 63 21 visar
609 799 161 21 erfarenheten
785 800 35 19 att

64 833 45 21 den
131 833 115 22 allmänna
262 833 125 29 opinionen
407 833 68 22 söker
491 833 37 29 sig
543 833 95 29 uttryck
654 833 111 29 antingen
781 840 38 21 ge-

63 875 54 14 nom
140 875 95 21 pressen
251 868 8 21 i
274 868 105 21 utlandet
394 868 62 28 eller,
473 875 37 15 om
524 868 90 22 landets
630 875 59 22 egen
704 868 115 28 tidnings-

63 909 64 22 press
147 902 91 28 anlitas,
254 902 72 22 under
341 902 60 22 form
417 902 26 22 af
456 902 93 29 dunkla,
566 902 37 22 för
617 902 202 29 pressmyndighe-

63 939 66 19 terna
150 937 52 22 icke
223 937 127 29 åtkomliga
365 937 172 29 anspelningar,
553 944 85 22 genom
653 937 81 22 hvilka
748 936 71 23 bland

63 971 157 22 allmänheten
243 974 34 19 ett
298 972 49 21 ofta
364 972 129 22 förstoradt
508 972 68 29 rykte
592 979 37 14 om
645 971 123 22 händelser
783 971 36 22 för

63 1006 75 28 dagen
156 1006 166 29 kringsprides.
352 1007 133 28 Vädjandet
506 1007 38 22 till
559 1015 30 13 en
604 1006 143 22 främmande
761 1006 58 22 läsa-

63 1041 90 21 rekrets
176 1041 64 22 leder
258 1041 128 22 emellertid
402 1041 50 22 ofta
466 1041 37 22 till
519 1049 29 14 en
564 1041 97 29 ensidig,
678 1041 52 22 icke
746 1041 73 22 sällan

63 1075 38 21 till
123 1083 28 14 en
174 1075 127 30 förvrängd
316 1076 116 29 skildring
448 1076 26 21 af
488 1077 27 21 de
531 1076 167 28 förhållanden,
715 1075 80 22 hvilka
811 1076 8 21 i

63 1109 133 22 hemlandet
218 1110 52 21 icke
285 1110 24 22 få
323 1111 154 21 underkastas
493 1111 107 28 offentlig
616 1111 143 26 diskussion;
775 1110 43 21 och

64 1144 28 21 de
115 1151 116 22 personer,
255 1145 80 21 hvilka
357 1145 132 28 oförskyldt
504 1145 79 22 träffas
599 1145 26 22 af
638 1145 108 21 klandret
761 1145 57 21 eller

62 1179 101 28 förtalet,
180 1179 74 22 blifva
268 1179 94 22 härmed
377 1180 125 21 beröfvade
518 1181 25 20 så
559 1180 57 29 godt
631 1187 49 14 som
696 1179 79 29 hvarje
783 1181 36 20 ut-

64 1217 45 25 väg
125 1215 33 20 att
173 1214 64 21 finna
252 1215 148 28 upprättelse.
431 1215 42 21 Ett
489 1217 74 26 öppet,
579 1215 30 28 på
624 1215 41 21 sak
680 1215 88 28 gående
783 1216 36 20 ut-

64 1248 92 21 talande
171 1249 9 21 i
198 1249 44 21 den
264 1249 122 21 inhemska
400 1256 96 21 pressen
511 1249 76 22 skulle
603 1249 108 28 deremot,
728 1256 37 15 om
780 1249 39 22 det

64 1282 114 22 befunnes
196 1283 105 28 oriktigt,
317 1283 79 22 kunna
411 1285 80 26 rättas,
507 1283 43 22 och
566 1283 39 22 det
620 1291 89 21 ansvar,
726 1291 49 14 som
790 1283 29 22 då

63 1317 8 22 i
86 1317 53 28 laga
154 1317 100 29 ordning
269 1319 92 20 komme
377 1320 34 19 att
420 1318 59 29 följa
495 1319 6 20 å
513 1326 29 13 en
553 1318 162 28 missfirmelse,
724 1318 94 29 erbjöde

64 1351 128 29 tillräcklig
214 1352 91 28 garanti
327 1352 37 22 för
379 1354 35 19 att
429 1352 132 22 hofsamhet
576 1354 6 19 i
597 1360 106 21 pressens
719 1353 99 22 uttalan-

64 1386 45 22 den
124 1386 78 22 blefve
217 1387 126 29 iakttagen.
374 1387 85 22 Derför
474 1388 71 21 borde
560 1388 9 21 i
585 1395 28 14 en
627 1388 192 29 tryckfrihetslag

62 1421 92 29 stadgas
171 1429 37 14 om
223 1424 47 19 rätt
285 1422 35 22 för
336 1422 87 22 enhvar
438 1424 35 20 att
489 1425 70 26 öppet
574 1423 43 21 och
628 1423 189 22 oförbehällsamt

61 1456 74 21 uttala
150 1457 36 28 sig
201 1457 8 21 i
226 1457 114 21 allmänna
355 1457 85 29 frägor.
