1070 1795
256 116 12 20 2
412 115 280 24 Petitionsbetäinkande
706 117 44 22 N:o
766 115 39 24 36.

228 185 62 20 sedan
311 185 46 24 föga
379 191 39 19 nog
440 186 85 24 ansägos
543 186 79 25 dugliga
636 187 31 18 till
683 187 99 24 sägvirke,
794 193 27 13 nu
832 187 31 19 för
874 187 53 19 tiden
938 187 49 19 höra

228 215 32 20 tili
276 214 24 19 de
315 216 75 18 största
404 221 45 13 man
463 215 96 24 päträffar
573 215 7 19 i
595 215 48 20 våra
658 215 78 24 skogar.
760 215 37 20 Om
812 216 66 19 denna
893 215 94 25 obegrän-

229 243 48 20 sade
300 243 183 24 skogsafverkning,
506 249 41 14 som
568 244 7 19 i
590 243 70 24 många
682 243 35 20 fall
740 245 45 18 med
807 244 43 19 skäl
869 244 39 19 kan
923 243 64 20 kallas

229 271 92 26 sköfling,
344 271 131 20 obehindradt
497 272 32 19 får
548 272 71 24 fortgå,
640 272 23 20 sä
678 272 79 20 komma
779 273 42 19 helt
836 273 68 19 säkert
918 273 70 23 många

229 300 95 23 skogrika
346 300 78 20 trakter
439 303 30 17 att
485 301 106 24 ödeläggas
603 301 36 20 och
655 301 59 20 deras
730 301 113 24 bebyggare
859 304 29 17 att
903 301 84 20 drabbas

228 329 21 20 af
264 335 24 13 en
304 329 114 24 fullständig
434 329 115 20 ekonomisk
565 329 50 20 ruin.

297 358 44 19 Den
361 358 80 23 komite,
457 363 41 14 som
517 358 23 19 är
556 357 55 20 1874
630 364 34 13 var
679 359 81 19 nedsatt
776 359 31 19 för
822 361 30 17 att
866 357 73 25 afgifva
954 359 33 19 be-

229 386 100 21 tänkande
344 387 7 18 i
366 387 107 23 anledning
489 386 21 19 af
524 387 39 19 den
579 387 85 19 hotande
680 387 123 20 öfverdrifna
814 387 173 24 skogsafverknin-

228 422 45 18 gen,
289 415 73 19 uttalar
378 416 43 19 sina
435 415 93 24 farhägor
542 416 7 18 i
565 415 94 20 afseende
674 416 12 19 ä
700 416 23 19 de
734 416 66 20 finska
810 416 108 23 skogarnas
929 416 58 19 fram-

228 444 30 20 tid
274 444 37 19 och
327 443 85 20 föreslär
427 444 58 19 äfven
501 446 80 22 stränga
596 444 94 23 ätgärder
704 448 41 15 mot
760 444 153 24 skogssköfling.
943 445 44 19 Som

228 471 76 22 bekant
325 471 59 20 hafva
407 472 150 20 förhällandena
571 473 8 18 i
595 473 54 19 detta
670 473 93 19 afseende
780 473 88 19 därefter
883 473 105 24 ingalunda

228 501 66 20 blifvit
309 501 72 23 bättre,
397 504 46 16 utan
458 503 85 18 tvärtom
557 501 115 21 förvärrats.

300 529 24 19 Vi
344 529 26 20 ha
392 530 115 23 visserligen
529 535 23 14 en
575 535 26 19 ny
624 530 92 24 skogslag
732 530 22 19 af
767 530 23 19 år
806 529 62 25 1886,
884 536 43 13 men
943 530 44 19 dess

227 558 125 24 stadganden
367 559 6 18 i
389 558 94 20 afseende
499 559 12 19 &
525 558 171 25 skogsköflingens
711 559 117 19 hämmande
844 561 35 17 äro
894 559 44 19 icke
950 564 38 18 nog

228 590 88 21 stränga,
337 587 92 19 hvarföre
451 593 44 14 man
517 587 45 20 icke
581 587 57 20 torde
654 587 43 20 haft
712 587 111 25 synnerligt
845 593 50 18 gagn
910 587 21 20 af
945 587 42 19 dem

227 617 33 19 för
280 615 143 20 ofvannämnda
446 616 96 19 ändamål.
573 616 39 19 Det
633 616 102 19 förefaller
758 616 68 23 också,
849 622 41 13 som
912 621 30 14 om
963 621 24 14 en

228 645 85 24 tidigare
328 644 131 24 bestämning,
475 645 79 19 hvilken
570 645 110 19 innehälles
696 645 6 18 i
718 645 10 25 &
745 644 27 20 35
789 645 22 19 af
820 645 78 23 Nädiga
908 645 79 23 Kungö-

227 674 67 19 relsen
309 673 38 19 den
363 671 13 20 9
392 674 111 23 september
526 673 61 24 1851,
610 673 118 20 åtminstone
744 674 7 18 i
767 673 100 20 särskilda
882 673 105 20 afseenden

228 701 110 25 kraftigare
360 701 51 19 hade
433 701 111 20 motverkat
564 702 99 19 hemmans
686 702 137 24 ödeläggande
846 702 30 19 till
899 701 49 24 följd
968 701 22 20 af

228 729 152 25 skogssköfling.

298 759 10 18 I
323 759 70 24 många
415 759 62 19 andra
500 759 69 20 länder
583 761 36 18 äro
634 759 137 24 stadgandena
787 759 102 24 angående
905 758 82 24 sköfling

228 788 22 20 af
264 787 100 20 enskildes
380 787 72 24 skogar
467 788 62 19 delvis
545 790 103 21 strängare
663 790 25 17 än
703 788 36 19 hos
756 793 39 18 oss,
812 788 36 19 och
859 787 60 20 likväl
930 787 56 20 torde

229 817 38 20 den
290 817 78 24 privata
390 816 141 23 eganderätten
547 817 105 19 därstädes
667 823 47 13 vara
730 817 6 18 i
752 817 42 18 lika
809 816 39 24 hög
863 817 48 23 grad
926 816 59 24 helig-

228 846 68 19 hållen
307 845 37 19 och
355 844 212 20 öfverensstämmande
577 846 45 19 med
632 845 165 20 folkkaraktären
809 851 42 14 som
863 845 6 18 i
880 845 43 19 vårt
932 845 55 20 land.

230 873 100 21 Särskildt
345 875 35 17 äro
396 873 24 19 de
436 873 179 24 lagbestämningar
630 876 30 17 att
675 874 81 23 beakta,
771 873 68 20 hvilka
855 874 61 19 sedan
931 873 55 19 1874

229 902 37 21 och
284 900 54 21 1882
354 902 50 19 varit
420 902 90 23 gällande
525 902 6 19 i
548 902 43 20 vårt
605 902 110 25 grannland
728 902 81 24 Sverige
820 902 37 20 och
868 902 43 19 med
921 902 67 19 hvilka

229 937 46 14 man
298 930 45 20 sökt
366 930 59 25 stäfja
446 931 145 24 skogssköfling
605 932 6 18 i
627 931 77 20 landets
725 931 64 24 bägge
811 931 121 23 nordligaste
948 931 39 18 län.

230 960 87 20 Medelst
338 959 61 24 sagda
422 959 155 24 lagstadganden
596 963 22 16 är
634 960 81 24 sågning
730 960 39 19 och
785 962 71 21 export
871 959 21 20 af
906 959 81 20 alldeles

230 988 136 23 undermåliga
380 988 46 19 träd
442 988 31 19 vid
489 988 90 25 äfventyr
595 989 21 19 af
630 994 71 14 varans
712 989 73 19 förlust
795 988 111 24 förbjuden.
928 988 59 19 Sven-

230 1018 38 20 ska
283 1017 129 24 forstyrelsen
427 1016 50 20 hade
493 1017 32 19 väl
540 1017 62 20 delvis
618 1020 81 17 motsatt
714 1018 30 23 sig
760 1017 86 19 berörda
861 1016 128 25 lagstiftning,

231 1049 49 17 enär
294 1051 44 14 man
357 1045 67 24 ansäg,
440 1048 29 17 att
484 1045 37 20 den
537 1046 71 19 endast
622 1046 64 19 skulle
701 1045 48 21 leda
764 1046 30 19 till
811 1045 85 25 lagbrott
911 1045 36 20 och
957 1045 32 20 sä-

230 1075 62 20 lunda
307 1073 71 21 förfela
394 1074 34 19 det
442 1073 82 20 afsedda
538 1075 122 23 ändamälet;
682 1081 43 13 men
741 1075 62 23 enligt
818 1074 51 19 hvad
885 1080 22 13 ur
922 1074 68 19 lands-

230 1103 142 24 höfdingarnes
387 1102 118 20 berättelser
521 1103 91 24 framgår,
628 1104 36 19 har
679 1104 114 19 densamma
808 1103 51 19 visat
869 1103 29 23 sig
909 1108 79 19 synner-

231 1133 54 24 ligen
307 1131 162 24 ändamälsenlig,
484 1132 6 18 i
506 1132 33 19 det
561 1135 31 16 att
614 1132 149 24 skogsäverkan
786 1131 71 24 aftagit
873 1131 37 20 och
924 1137 44 14 man
983 1131 6 19 i

232 1161 107 20 allmänhet
354 1160 73 24 begynt
442 1160 89 24 iakttaga
545 1163 64 17 större
626 1161 130 24 sparsamhet.
788 1160 149 19 Omvärdnaden
953 1159 37 20 och

231 1189 123 20 bevarandet
364 1188 22 19 af
395 1189 47 19 vära
452 1189 72 24 skogar
535 1189 132 24 synnerligast
674 1190 7 18 i
689 1195 61 14 norra
756 1189 86 19 Finland
851 1194 47 14 anse
907 1189 17 18 vi
932 1188 58 20 äfven

232 1219 32 19 för
280 1224 24 13 en
319 1217 57 23 fräga
391 1217 21 19 af
426 1217 71 20 allmän
514 1218 101 24 betydelse
631 1218 31 19 för
678 1218 44 19 hela
738 1218 75 23 landet,
829 1217 82 20 emedan
922 1217 68 24 skogs-

232 1247 85 23 sköfling
332 1245 145 24 otvifvelaktigt
495 1246 79 20 utöfvar
589 1252 25 14 en
630 1247 72 23 menlig
716 1247 98 19 inverkan
829 1246 27 25 pä
869 1248 74 17 värme-
954 1246 36 19 och

232 1274 275 21 nederbördsförhällandena
527 1275 37 19 och
585 1276 115 23 därigenom
714 1275 103 20 försvärar
833 1275 111 19 utkomsten
960 1274 31 19 för

232 1304 117 20 kommande
365 1304 144 23 generationer.

303 1332 31 19 Då
357 1332 34 19 det
412 1332 60 24 enligt
492 1332 35 19 vär
549 1332 52 24 åsigt
615 1338 47 14 vore
678 1332 21 20 af
713 1332 73 24 nöden,
802 1333 31 18 att
848 1331 144 24 skogssköfling

233 1362 38 19 och
294 1360 70 20 främst
384 1359 117 25 afverkning
521 1360 22 20 af
563 1361 123 24 undermälig
707 1360 36 20 tall
759 1366 71 18 genom
845 1365 24 14 en
884 1360 107 24 uttrycklig

233 1388 205 27 lagstiftningsätgärd
458 1389 63 20 skulle
536 1389 139 24 förekommas,
690 1395 44 14 men
750 1389 27 19 dä
788 1388 33 20 för
835 1388 156 21 ästadkomman-

234 1419 34 19 det
284 1418 21 20 af
318 1424 24 13 en
358 1417 32 20 för
404 1418 48 19 vära
467 1418 138 20 förhällanden
620 1418 157 24 ändamälsenlig
787 1417 124 25 lagstiftning
922 1417 69 20 under-

303 1456 183 18 Ekonomiutskottets
498 1457 111 18 betänkande
620 1457 38 18 N:o
670 1457 29 17 14.
