1070 1795
234 125 15 20 4
408 125 260 22 Motionsbetänkande
684 125 42 23 N:o
743 125 22 22 9.

206 188 112 20 kostnaden
342 189 78 23 deltaga
435 189 42 19 lika
491 189 45 20 med
551 189 63 24 öfrige
630 189 231 25 vägbyggnadsskyldige
877 189 51 20 efter
942 195 24 14 en

206 217 60 20 hvars
281 217 143 20 innehafvande
439 218 80 20 mantal.

277 246 40 19 För
332 247 91 23 taxering
438 247 37 18 och
490 247 142 24 uppskattning
647 247 7 18 i
669 247 74 19 mantal
758 246 21 20 af
789 246 56 20 såväl
855 246 112 25 skattlagda

207 276 53 21 torp,
284 275 90 24 utjordar
396 275 37 19 och
455 275 88 19 kronans
566 275 72 24 parker
660 275 36 20 och
712 275 79 24 skogar,
807 281 42 14 som
864 275 50 19 bruk
930 275 37 20 och

207 302 65 25 öfrige
296 303 142 20 ofvannämnde
460 304 140 25 inrättningar,
623 303 101 20 äfvensom
740 303 30 20 för
785 304 146 19 bestämmande
947 304 22 19 af

207 331 34 19 det
265 332 175 24 penningebidrag,
462 332 76 20 hvilket
560 332 45 19 från
624 333 61 23 sagde
700 333 133 24 inrättningar
848 332 47 24 utgå
909 332 58 23 skall,

207 359 77 24 åligger
306 361 50 25 dem,
369 361 78 24 jemlikt
462 361 11 25 8
488 360 27 20 56
531 361 6 19 i
553 361 72 24 nådiga
640 360 141 25 förordningen
796 361 101 24 angående
913 361 54 19 kom-

207 388 188 25 munalförvaltning
409 389 27 25 på
451 389 67 20 landet
534 389 21 20 af
569 390 37 19 den
622 389 13 19 6
651 389 97 20 Februari
761 389 62 23 1865,
836 390 53 19 inom
899 389 68 25 hvarje

207 418 94 19 kommun
321 418 84 19 tillsatta
420 419 173 23 taxeringsnämnd
609 420 94 23 upprätta
718 418 74 25 förslag
807 419 37 19 och
860 419 107 19 detsamma

208 446 32 19 till
264 446 205 20 kommunalstämmas
491 447 93 24 pröfning
606 447 126 19 öfverlemna.
765 448 58 19 Hvad
845 447 122 19 kommunal-

208 477 84 17 stämma
313 475 68 20 härom
402 475 89 24 beslutit,
515 475 50 20 skall
588 475 117 24 hänskjutas
728 476 30 18 till
773 475 136 24 Guvernören,
926 481 41 14 som

207 503 37 20 har
266 505 32 18 att
320 504 84 19 ärendet
425 503 69 25 afgöra
509 509 69 18 genom
594 505 71 24 utslag,
680 504 82 23 hvilket,
778 505 65 19 såvidt
858 505 34 18 det
906 504 61 24 angår

207 533 198 23 mantalssättningen
422 532 21 19 af
456 533 87 19 kronans
559 533 74 24 parker
648 533 37 19 och
701 533 79 26 skogar,
796 533 39 19 bör
849 533 117 19 Ekonomie-

207 561 169 24 departementets
392 561 6 19 i
414 561 84 20 Senaten
514 561 93 24 pröfning
622 561 140 20 underställas.

280 589 37 19 Det
332 590 79 23 mantal,
428 595 41 14 som
484 590 84 19 sålunda
583 590 63 19 åsatts
662 590 114 24 skattlagda
791 591 45 23 torp
853 589 36 20 och
904 590 60 24 utjor-

208 618 38 19 dar
269 620 50 17 samt
341 618 95 25 kronans:
451 619 80 25 parkerj
547 619 36 19 och
600 619 79 23 skogar,
695 618 102 20 förblifver
813 619 59 19 sodan
889 618 78 20 oförän-

207 646 61 19 dradt
291 647 97 24 gällande,
410 647 103 19 hvaremot
535 648 17 23 ej
573 647 77 20 mindre
667 647 196 24 mantalssättningen
879 647 12 19 &
909 647 58 23 bruk,

207 674 98 25 fabriker,
326 676 64 23 sägar,
414 681 91 19 gvarnar,
528 676 112 23 ölbryggeri
657 676 37 19 och
709 676 217 23 bränvinsbrännerier,
942 678 25 17 än

207 703 233 25 kostnadsberäkningen
456 704 21 20 af
491 705 141 23 vägunderhäll
649 705 36 19 bör
700 705 57 19 hvart
772 704 59 20 femte
846 705 23 19 är
879 704 87 24 förnyas.

278 772 124 24 Helsingfors
418 773 37 19 den
471 772 27 20 29
513 772 84 20 Januari
613 772 62 21 1894.

621 845 129 22 Representant
761 845 27 18 för
800 845 67 18 Torneå
878 845 89 22 domsaga.

691 885 57 22 Isak
763 885 105 22 Hoikka.

279 956 73 19 Härom
368 955 68 20 förena
452 956 38 24 sig:

313 1023 27 23 P.
355 1023 84 22 Aulin.
706 1023 40 22 Eli
760 1023 137 22 Juntunen.

208 1069 131 23 Representant
350 1069 28 18 för
389 1069 52 18 Kemi
453 1069 88 23 domsaga.
617 1069 130 22 Representant
758 1069 28 18 för
799 1069 68 22 Kajana
879 1069 88 22 domsaga.

279 1259 75 21 Redan
378 1258 37 22 vid
440 1259 141 21 1863—1864
603 1258 34 21 års
661 1258 104 28 landtdag
784 1266 39 14 var
843 1258 75 28 frågan
934 1265 34 14 om

209 1295 80 26 vägars
304 1293 40 21 och
360 1293 72 21 broars
449 1293 111 21 underhåll
576 1293 13 20 å
604 1293 73 20 landet
692 1293 90 20 föremål
794 1293 35 20 för
838 1292 130 22 Ständernas

208 1327 139 27 behandling.
376 1327 39 21 Uti
438 1330 71 18 svaret
532 1327 12 20 å
560 1327 41 21 den
618 1328 134 27 proposition
767 1327 7 20 i
789 1328 78 24 ämnet,
881 1327 88 21 hvilken

209 1362 29 21 då
258 1361 107 22 förelades
382 1360 126 27 Ständerna,
523 1360 109 22 framhölls
648 1360 66 22 bland
730 1363 71 24 annat,
816 1360 100 21 hurusom
932 1360 38 22 nå-

211 1403 43 21 gon
278 1395 97 29 grundad
398 1395 115 28 anledning
534 1395 35 21 för
591 1396 58 21 vissa
671 1395 182 28 jordlägenheters
869 1394 100 23 befrielse

209 1430 48 21 från
283 1429 91 22 berörda
397 1429 77 22 besvär
488 1429 48 22 icke
552 1429 74 22 vidare
641 1429 133 27 förefunnes,
790 1437 48 13 men
854 1432 31 18 att
900 1428 69 29 åtgär-

280 1471 47 22 Lag-
340 1469 32 18 och
384 1469 181 18 Ekonomiutskottets
578 1469 111 18 betänkande
701 1469 37 17 N:o
752 1469 27 18 13.
