<?xml version="1.0" encoding="UTF-8"?>
<alto xmlns="http://www.loc.gov/standards/alto/ns-v3#" xmlns:xlink="http://www.w3.org/1999/xlink" xmlns:xsi="http://www.w3.org/2001/XMLSchema-instance" xsi:schemaLocation="http://www.loc.gov/standards/alto/ns-v3# http://www.loc.gov/alto/v3/alto-3-0.xsd">
	<Description>
		<MeasurementUnit>pixel</MeasurementUnit>
		<sourceImageInformation>
			<fileName>/tmp/tess_pbpyuuw9_input.PNG</fileName>
		</sourceImageInformation>
		<OCRProcessing ID="OCR_0">
			<ocrProcessingStep>
				<processingSoftware>
					<softwareName>tesseract 5.3.4</softwareName>
				</processingSoftware>
			</ocrProcessingStep>
		</OCRProcessing>
	</Description>
	<Layout>
		<Page WIDTH="1070" HEIGHT="1795" PHYSICAL_IMG_NR="0" ID="page_0">
			<PrintSpace HPOS="0" VPOS="0" WIDTH="1070" HEIGHT="1795">
				<ComposedBlock ID="cblock_0" HPOS="255" VPOS="136" WIDTH="550" HEIGHT="23">
					<TextBlock ID="block_0" HPOS="255" VPOS="136" WIDTH="550" HEIGHT="23">
						<TextLine ID="line_0" HPOS="255" VPOS="136" WIDTH="550" HEIGHT="23">
							<String ID="string_0" HPOS="255" VPOS="137" WIDTH="27" HEIGHT="20" WC="0.95" CONTENT="22"/><SP WIDTH="127" VPOS="137" HPOS="282"/>
							<String ID="string_1" HPOS="409" VPOS="136" WIDTH="277" HEIGHT="23" WC="0.91" CONTENT="Petitionsbetänkande"/><SP WIDTH="17" VPOS="136" HPOS="686"/>
							<String ID="string_2" HPOS="703" VPOS="137" WIDTH="42" HEIGHT="22" WC="0.96" CONTENT="N:o"/><SP WIDTH="20" VPOS="137" HPOS="745"/>
							<String ID="string_3" HPOS="765" VPOS="136" WIDTH="40" HEIGHT="23" WC="0.95" CONTENT="43."/>
						</TextLine>
					</TextBlock>
				</ComposedBlock>
				<ComposedBlock ID="cblock_1" HPOS="224" VPOS="206" WIDTH="761" HEIGHT="1253">
					<TextBlock ID="block_1" HPOS="225" VPOS="206" WIDTH="758" HEIGHT="397">
						<TextLine ID="line_1" HPOS="226" VPOS="206" WIDTH="756" HEIGHT="26">
							<String ID="string_4" HPOS="226" VPOS="211" WIDTH="49" HEIGHT="19" WC="0.63" CONTENT="Grot,"/><SP WIDTH="15" VPOS="211" HPOS="275"/>
							<String ID="string_5" HPOS="290" VPOS="206" WIDTH="81" HEIGHT="19" WC="0.89" CONTENT="hvilken"/><SP WIDTH="17" VPOS="206" HPOS="371"/>
							<String ID="string_6" HPOS="388" VPOS="206" WIDTH="67" HEIGHT="19" WC="0.92" CONTENT="voxlar"/><SP WIDTH="14" VPOS="206" HPOS="455"/>
							<String ID="string_7" HPOS="469" VPOS="206" WIDTH="7" HEIGHT="19" WC="0.96" CONTENT="i"/><SP WIDTH="16" VPOS="206" HPOS="476"/>
							<String ID="string_8" HPOS="492" VPOS="206" WIDTH="53" HEIGHT="19" WC="0.96" CONTENT="olika"/><SP WIDTH="16" VPOS="206" HPOS="545"/>
							<String ID="string_9" HPOS="561" VPOS="207" WIDTH="71" HEIGHT="23" WC="0.96" CONTENT="städer,"/><SP WIDTH="15" VPOS="207" HPOS="632"/>
							<String ID="string_10" HPOS="647" VPOS="209" WIDTH="23" HEIGHT="16" WC="0.96" CONTENT="är"/><SP WIDTH="11" VPOS="209" HPOS="670"/>
							<String ID="string_11" HPOS="681" VPOS="213" WIDTH="23" HEIGHT="12" WC="0.96" CONTENT="en"/><SP WIDTH="17" VPOS="213" HPOS="704"/>
							<String ID="string_12" HPOS="721" VPOS="207" WIDTH="125" HEIGHT="25" WC="0.82" CONTENT="någorlunda"/><SP WIDTH="15" VPOS="207" HPOS="846"/>
							<String ID="string_13" HPOS="861" VPOS="207" WIDTH="39" HEIGHT="25" WC="0.93" CONTENT="god"/><SP WIDTH="15" VPOS="207" HPOS="900"/>
							<String ID="string_14" HPOS="915" VPOS="207" WIDTH="67" HEIGHT="19" WC="0.92" CONTENT="värde-"/>
						</TextLine>
						<TextLine ID="line_2" HPOS="226" VPOS="234" WIDTH="756" HEIGHT="21">
							<String ID="string_15" HPOS="226" VPOS="236" WIDTH="76" HEIGHT="18" WC="0.96" CONTENT="mätare"/><SP WIDTH="22" VPOS="236" HPOS="302"/>
							<String ID="string_16" HPOS="324" VPOS="235" WIDTH="30" HEIGHT="19" WC="0.96" CONTENT="för"/><SP WIDTH="14" VPOS="235" HPOS="354"/>
							<String ID="string_17" HPOS="368" VPOS="234" WIDTH="25" HEIGHT="20" WC="0.96" CONTENT="de"/><SP WIDTH="15" VPOS="234" HPOS="393"/>
							<String ID="string_18" HPOS="408" VPOS="235" WIDTH="6" HEIGHT="18" WC="0.96" CONTENT="i"/><SP WIDTH="16" VPOS="235" HPOS="414"/>
							<String ID="string_19" HPOS="430" VPOS="235" WIDTH="94" HEIGHT="19" WC="0.96" CONTENT="städerna"/><SP WIDTH="14" VPOS="235" HPOS="524"/>
							<String ID="string_20" HPOS="538" VPOS="234" WIDTH="87" HEIGHT="20" WC="0.96" CONTENT="rådande"/><SP WIDTH="15" VPOS="234" HPOS="625"/>
							<String ID="string_21" HPOS="640" VPOS="235" WIDTH="128" HEIGHT="20" WC="0.96" CONTENT="ekonomiska"/><SP WIDTH="15" VPOS="235" HPOS="768"/>
							<String ID="string_22" HPOS="783" VPOS="235" WIDTH="149" HEIGHT="20" WC="0.94" CONTENT="förhållandena"/><SP WIDTH="14" VPOS="235" HPOS="932"/>
							<String ID="string_23" HPOS="946" VPOS="235" WIDTH="36" HEIGHT="19" WC="0.94" CONTENT="och"/>
						</TextLine>
						<TextLine ID="line_3" HPOS="226" VPOS="263" WIDTH="757" HEIGHT="26">
							<String ID="string_24" HPOS="226" VPOS="263" WIDTH="86" HEIGHT="19" WC="0.96" CONTENT="sålunda"/><SP WIDTH="20" VPOS="263" HPOS="312"/>
							<String ID="string_25" HPOS="332" VPOS="263" WIDTH="59" HEIGHT="19" WC="0.96" CONTENT="äfven"/><SP WIDTH="22" VPOS="263" HPOS="391"/>
							<String ID="string_26" HPOS="413" VPOS="263" WIDTH="38" HEIGHT="20" WC="0.96" CONTENT="kan"/><SP WIDTH="22" VPOS="263" HPOS="451"/>
							<String ID="string_27" HPOS="473" VPOS="263" WIDTH="65" HEIGHT="20" WC="0.96" CONTENT="lämna"/><SP WIDTH="22" VPOS="263" HPOS="538"/>
							<String ID="string_28" HPOS="560" VPOS="263" WIDTH="66" HEIGHT="25" WC="0.96" CONTENT="någon"/><SP WIDTH="24" VPOS="263" HPOS="626"/>
							<String ID="string_29" HPOS="650" VPOS="263" WIDTH="121" HEIGHT="26" WC="0.96" CONTENT="vägledning"/><SP WIDTH="16" VPOS="263" HPOS="771"/>
							<String ID="string_30" HPOS="787" VPOS="264" WIDTH="33" HEIGHT="19" WC="0.93" CONTENT="vid"/><SP WIDTH="14" VPOS="264" HPOS="820"/>
							<String ID="string_31" HPOS="834" VPOS="264" WIDTH="115" HEIGHT="25" WC="0.92" CONTENT="afgörandet"/><SP WIDTH="14" VPOS="264" HPOS="949"/>
							<String ID="string_32" HPOS="963" VPOS="264" WIDTH="20" HEIGHT="18" WC="0.96" CONTENT="af"/>
						</TextLine>
						<TextLine ID="line_4" HPOS="226" VPOS="291" WIDTH="757" HEIGHT="26">
							<String ID="string_33" HPOS="226" VPOS="291" WIDTH="76" HEIGHT="25" WC="0.96" CONTENT="frågan,"/><SP WIDTH="23" VPOS="291" HPOS="302"/>
							<String ID="string_34" HPOS="325" VPOS="292" WIDTH="75" HEIGHT="19" WC="0.96" CONTENT="hvilket"/><SP WIDTH="20" VPOS="292" HPOS="400"/>
							<String ID="string_35" HPOS="420" VPOS="292" WIDTH="104" HEIGHT="19" WC="0.96" CONTENT="minimum"/><SP WIDTH="15" VPOS="292" HPOS="524"/>
							<String ID="string_36" HPOS="539" VPOS="292" WIDTH="20" HEIGHT="19" WC="0.96" CONTENT="af"/><SP WIDTH="14" VPOS="292" HPOS="559"/>
							<String ID="string_37" HPOS="573" VPOS="291" WIDTH="50" HEIGHT="26" WC="0.96" CONTENT="årlig"/><SP WIDTH="15" VPOS="291" HPOS="623"/>
							<String ID="string_38" HPOS="638" VPOS="292" WIDTH="87" HEIGHT="19" WC="0.75" CONTENT="inkotast"/><SP WIDTH="15" VPOS="292" HPOS="725"/>
							<String ID="string_39" HPOS="740" VPOS="299" WIDTH="61" HEIGHT="13" WC="0.96" CONTENT="anses"/><SP WIDTH="15" VPOS="299" HPOS="801"/>
							<String ID="string_40" HPOS="816" VPOS="292" WIDTH="124" HEIGHT="25" WC="0.96" CONTENT="nödvändigt"/><SP WIDTH="14" VPOS="292" HPOS="940"/>
							<String ID="string_41" HPOS="954" VPOS="292" WIDTH="29" HEIGHT="19" WC="0.96" CONTENT="för"/>
						</TextLine>
						<TextLine ID="line_5" HPOS="226" VPOS="320" WIDTH="756" HEIGHT="25">
							<String ID="string_42" HPOS="226" VPOS="320" WIDTH="130" HEIGHT="25" WC="0.89" CONTENT="sjelfständig"/><SP WIDTH="25" VPOS="320" HPOS="356"/>
							<String ID="string_43" HPOS="381" VPOS="321" WIDTH="94" HEIGHT="23" WC="0.93" CONTENT="utkomst,"/><SP WIDTH="24" VPOS="321" HPOS="475"/>
							<String ID="string_44" HPOS="499" VPOS="326" WIDTH="60" HEIGHT="19" WC="0.96" CONTENT="synes"/><SP WIDTH="23" VPOS="326" HPOS="559"/>
							<String ID="string_45" HPOS="582" VPOS="321" WIDTH="33" HEIGHT="19" WC="0.92" CONTENT="det"/><SP WIDTH="23" VPOS="321" HPOS="615"/>
							<String ID="string_46" HPOS="638" VPOS="321" WIDTH="98" HEIGHT="24" WC="0.92" CONTENT="sakenligt"/><SP WIDTH="23" VPOS="321" HPOS="736"/>
							<String ID="string_47" HPOS="759" VPOS="323" WIDTH="30" HEIGHT="18" WC="0.96" CONTENT="att"/><SP WIDTH="20" VPOS="323" HPOS="789"/>
							<String ID="string_48" HPOS="809" VPOS="321" WIDTH="34" HEIGHT="20" WC="0.96" CONTENT="det"/><SP WIDTH="15" VPOS="321" HPOS="843"/>
							<String ID="string_49" HPOS="858" VPOS="321" WIDTH="124" HEIGHT="19" WC="0.96" CONTENT="kommunala"/>
						</TextLine>
						<TextLine ID="line_6" HPOS="226" VPOS="348" WIDTH="756" HEIGHT="27">
							<String ID="string_50" HPOS="226" VPOS="349" WIDTH="97" HEIGHT="19" WC="0.92" CONTENT="skattöret"/><SP WIDTH="22" VPOS="349" HPOS="323"/>
							<String ID="string_51" HPOS="345" VPOS="349" WIDTH="109" HEIGHT="20" WC="0.91" CONTENT="bibehålles"/><SP WIDTH="23" VPOS="349" HPOS="454"/>
							<String ID="string_52" HPOS="477" VPOS="348" WIDTH="66" HEIGHT="20" WC="0.95" CONTENT="såsom"/><SP WIDTH="22" VPOS="348" HPOS="543"/>
							<String ID="string_53" HPOS="565" VPOS="349" WIDTH="98" HEIGHT="24" WC="0.93" CONTENT="grundval"/><SP WIDTH="21" VPOS="349" HPOS="663"/>
							<String ID="string_54" HPOS="684" VPOS="349" WIDTH="29" HEIGHT="20" WC="0.95" CONTENT="för"/><SP WIDTH="21" VPOS="349" HPOS="713"/>
							<String ID="string_55" HPOS="734" VPOS="350" WIDTH="122" HEIGHT="25" WC="0.96" CONTENT="rättigheten"/><SP WIDTH="15" VPOS="350" HPOS="856"/>
							<String ID="string_56" HPOS="871" VPOS="351" WIDTH="29" HEIGHT="18" WC="0.93" CONTENT="att"/><SP WIDTH="15" VPOS="351" HPOS="900"/>
							<String ID="string_57" HPOS="915" VPOS="349" WIDTH="67" HEIGHT="19" WC="0.92" CONTENT="utöfva"/>
						</TextLine>
						<TextLine ID="line_7" HPOS="225" VPOS="377" WIDTH="757" HEIGHT="26">
							<String ID="string_58" HPOS="225" VPOS="377" WIDTH="84" HEIGHT="26" WC="0.96" CONTENT="politisk"/><SP WIDTH="16" VPOS="377" HPOS="309"/>
							<String ID="string_59" HPOS="325" VPOS="379" WIDTH="86" HEIGHT="18" WC="0.96" CONTENT="rösträtt."/><SP WIDTH="22" VPOS="379" HPOS="411"/>
							<String ID="string_60" HPOS="433" VPOS="377" WIDTH="29" HEIGHT="20" WC="0.96" CONTENT="På"/><SP WIDTH="16" VPOS="377" HPOS="462"/>
							<String ID="string_61" HPOS="478" VPOS="383" WIDTH="74" HEIGHT="14" WC="0.96" CONTENT="samma"/><SP WIDTH="16" VPOS="383" HPOS="552"/>
							<String ID="string_62" HPOS="568" VPOS="380" WIDTH="40" HEIGHT="17" WC="0.96" CONTENT="sätt"/><SP WIDTH="15" VPOS="380" HPOS="608"/>
							<String ID="string_63" HPOS="623" VPOS="384" WIDTH="43" HEIGHT="13" WC="0.93" CONTENT="som"/><SP WIDTH="15" VPOS="384" HPOS="666"/>
							<String ID="string_64" HPOS="681" VPOS="379" WIDTH="153" HEIGHT="18" WC="0.91" CONTENT="röstmaximum"/><SP WIDTH="15" VPOS="379" HPOS="834"/>
							<String ID="string_65" HPOS="849" VPOS="379" WIDTH="57" HEIGHT="18" WC="0.96" CONTENT="beror"/><SP WIDTH="14" VPOS="379" HPOS="906"/>
							<String ID="string_66" HPOS="920" VPOS="378" WIDTH="19" HEIGHT="19" WC="0.96" CONTENT="af"/><SP WIDTH="10" VPOS="378" HPOS="939"/>
							<String ID="string_67" HPOS="949" VPOS="377" WIDTH="33" HEIGHT="20" WC="0.96" CONTENT="det"/>
						</TextLine>
						<TextLine ID="line_8" HPOS="226" VPOS="405" WIDTH="756" HEIGHT="27">
							<String ID="string_68" HPOS="226" VPOS="405" WIDTH="83" HEIGHT="26" WC="0.91" CONTENT="påförda"/><SP WIDTH="15" VPOS="405" HPOS="309"/>
							<String ID="string_69" HPOS="324" VPOS="406" WIDTH="185" HEIGHT="26" WC="0.91" CONTENT="skattörebeloppet,"/><SP WIDTH="22" VPOS="406" HPOS="509"/>
							<String ID="string_70" HPOS="531" VPOS="407" WIDTH="34" HEIGHT="19" WC="0.96" CONTENT="bör"/><SP WIDTH="16" VPOS="407" HPOS="565"/>
							<String ID="string_71" HPOS="581" VPOS="407" WIDTH="59" HEIGHT="19" WC="0.93" CONTENT="äfven"/><SP WIDTH="16" VPOS="407" HPOS="640"/>
							<String ID="string_72" HPOS="656" VPOS="407" WIDTH="151" HEIGHT="19" WC="0.90" CONTENT="röstmaximum"/><SP WIDTH="21" VPOS="407" HPOS="807"/>
							<String ID="string_73" HPOS="828" VPOS="407" WIDTH="77" HEIGHT="25" WC="0.93" CONTENT="grunda"/><SP WIDTH="11" VPOS="407" HPOS="905"/>
							<String ID="string_74" HPOS="916" VPOS="406" WIDTH="30" HEIGHT="26" WC="0.95" CONTENT="sig"/><SP WIDTH="11" VPOS="406" HPOS="946"/>
							<String ID="string_75" HPOS="957" VPOS="406" WIDTH="25" HEIGHT="26" WC="0.96" CONTENT="på"/>
						</TextLine>
						<TextLine ID="line_9" HPOS="226" VPOS="435" WIDTH="756" HEIGHT="25">
							<String ID="string_76" HPOS="226" VPOS="435" WIDTH="63" HEIGHT="24" WC="0.96" CONTENT="sagda"/><SP WIDTH="23" VPOS="435" HPOS="289"/>
							<String ID="string_77" HPOS="312" VPOS="435" WIDTH="78" HEIGHT="24" WC="0.94" CONTENT="belopp."/><SP WIDTH="29" VPOS="435" HPOS="390"/>
							<String ID="string_78" HPOS="419" VPOS="435" WIDTH="59" HEIGHT="19" WC="0.96" CONTENT="Detta"/><SP WIDTH="17" VPOS="435" HPOS="478"/>
							<String ID="string_79" HPOS="495" VPOS="435" WIDTH="72" HEIGHT="25" WC="0.96" CONTENT="belopp"/><SP WIDTH="16" VPOS="435" HPOS="567"/>
							<String ID="string_80" HPOS="583" VPOS="441" WIDTH="46" HEIGHT="13" WC="0.93" CONTENT="vore"/><SP WIDTH="16" VPOS="441" HPOS="629"/>
							<String ID="string_81" HPOS="645" VPOS="436" WIDTH="147" HEIGHT="24" WC="0.89" CONTENT="natnrenligast"/><SP WIDTH="15" VPOS="436" HPOS="792"/>
							<String ID="string_82" HPOS="807" VPOS="436" WIDTH="39" HEIGHT="23" WC="0.96" CONTENT="det,"/><SP WIDTH="16" VPOS="436" HPOS="846"/>
							<String ID="string_83" HPOS="862" VPOS="442" WIDTH="42" HEIGHT="12" WC="0.96" CONTENT="som"/><SP WIDTH="16" VPOS="442" HPOS="904"/>
							<String ID="string_84" HPOS="920" VPOS="435" WIDTH="62" HEIGHT="24" WC="0.96" CONTENT="enligt"/>
						</TextLine>
						<TextLine ID="line_10" HPOS="227" VPOS="463" WIDTH="756" HEIGHT="26">
							<String ID="string_85" HPOS="227" VPOS="465" WIDTH="10" HEIGHT="22" WC="0.73" CONTENT="8"/><SP WIDTH="19" VPOS="465" HPOS="237"/>
							<String ID="string_86" HPOS="256" VPOS="464" WIDTH="26" HEIGHT="18" WC="0.96" CONTENT="12"/><SP WIDTH="16" VPOS="464" HPOS="282"/>
							<String ID="string_87" HPOS="298" VPOS="463" WIDTH="7" HEIGHT="19" WC="0.93" CONTENT="i"/><SP WIDTH="15" VPOS="463" HPOS="305"/>
							<String ID="string_88" HPOS="320" VPOS="463" WIDTH="256" HEIGHT="25" WC="0.92" CONTENT="kommunalförordningen"/><SP WIDTH="16" VPOS="463" HPOS="576"/>
							<String ID="string_89" HPOS="592" VPOS="464" WIDTH="30" HEIGHT="19" WC="0.96" CONTENT="för"/><SP WIDTH="11" VPOS="464" HPOS="622"/>
							<String ID="string_90" HPOS="633" VPOS="463" WIDTH="98" HEIGHT="24" WC="0.96" CONTENT="städerna,"/><SP WIDTH="13" VPOS="463" HPOS="731"/>
							<String ID="string_91" HPOS="744" VPOS="463" WIDTH="63" HEIGHT="20" WC="0.96" CONTENT="sådan"/><SP WIDTH="10" VPOS="463" HPOS="807"/>
							<String ID="string_92" HPOS="817" VPOS="464" WIDTH="65" HEIGHT="19" WC="0.96" CONTENT="denna"/><SP WIDTH="11" VPOS="464" HPOS="882"/>
							<String ID="string_93" HPOS="893" VPOS="463" WIDTH="90" HEIGHT="26" WC="0.96" CONTENT="paragraf"/>
						</TextLine>
						<TextLine ID="line_11" HPOS="226" VPOS="491" WIDTH="756" HEIGHT="26">
							<String ID="string_94" HPOS="226" VPOS="491" WIDTH="60" HEIGHT="25" WC="0.96" CONTENT="lyder"/><SP WIDTH="14" VPOS="491" HPOS="286"/>
							<String ID="string_95" HPOS="300" VPOS="492" WIDTH="5" HEIGHT="19" WC="0.93" CONTENT="i"/><SP WIDTH="17" VPOS="492" HPOS="305"/>
							<String ID="string_96" HPOS="322" VPOS="491" WIDTH="77" HEIGHT="26" WC="0.91" CONTENT="Nådiga"/><SP WIDTH="16" VPOS="491" HPOS="399"/>
							<String ID="string_97" HPOS="415" VPOS="492" WIDTH="146" HEIGHT="25" WC="0.96" CONTENT="Förordningen"/><SP WIDTH="15" VPOS="492" HPOS="561"/>
							<String ID="string_98" HPOS="576" VPOS="492" WIDTH="39" HEIGHT="19" WC="0.97" CONTENT="den"/><SP WIDTH="17" VPOS="492" HPOS="615"/>
							<String ID="string_99" HPOS="632" VPOS="493" WIDTH="24" HEIGHT="18" WC="0.96" CONTENT="15"/><SP WIDTH="16" VPOS="493" HPOS="656"/>
							<String ID="string_100" HPOS="672" VPOS="493" WIDTH="80" HEIGHT="24" WC="0.96" CONTENT="augusti"/><SP WIDTH="19" VPOS="493" HPOS="752"/>
							<String ID="string_101" HPOS="771" VPOS="493" WIDTH="60" HEIGHT="23" WC="0.96" CONTENT="1883,"/><SP WIDTH="16" VPOS="493" HPOS="831"/>
							<String ID="string_102" HPOS="847" VPOS="494" WIDTH="58" HEIGHT="23" WC="0.96" CONTENT="utgör"/><SP WIDTH="15" VPOS="494" HPOS="905"/>
							<String ID="string_103" HPOS="920" VPOS="492" WIDTH="62" HEIGHT="19" WC="0.96" CONTENT="vilkor"/>
						</TextLine>
						<TextLine ID="line_12" HPOS="225" VPOS="520" WIDTH="756" HEIGHT="26">
							<String ID="string_104" HPOS="225" VPOS="521" WIDTH="30" HEIGHT="18" WC="0.96" CONTENT="för"/><SP WIDTH="22" VPOS="521" HPOS="255"/>
							<String ID="string_105" HPOS="277" VPOS="527" WIDTH="25" HEIGHT="13" WC="0.96" CONTENT="en"/><SP WIDTH="23" VPOS="527" HPOS="302"/>
							<String ID="string_106" HPOS="325" VPOS="522" WIDTH="46" HEIGHT="17" WC="0.94" CONTENT="röst."/><SP WIDTH="31" VPOS="522" HPOS="371"/>
							<String ID="string_107" HPOS="402" VPOS="520" WIDTH="87" HEIGHT="20" WC="0.94" CONTENT="Sålunda"/><SP WIDTH="22" VPOS="520" HPOS="489"/>
							<String ID="string_108" HPOS="511" VPOS="520" WIDTH="65" HEIGHT="20" WC="0.95" CONTENT="skulle"/><SP WIDTH="21" VPOS="520" HPOS="576"/>
							<String ID="string_109" HPOS="597" VPOS="521" WIDTH="34" HEIGHT="18" WC="0.93" CONTENT="två"/><SP WIDTH="23" VPOS="521" HPOS="631"/>
							<String ID="string_110" HPOS="654" VPOS="521" WIDTH="101" HEIGHT="19" WC="0.92" CONTENT="skattören"/><SP WIDTH="22" VPOS="521" HPOS="755"/>
							<String ID="string_111" HPOS="777" VPOS="521" WIDTH="55" HEIGHT="25" WC="0.91" CONTENT="gifva"/><SP WIDTH="20" VPOS="521" HPOS="832"/>
							<String ID="string_112" HPOS="852" VPOS="527" WIDTH="23" HEIGHT="13" WC="0.96" CONTENT="en"/><SP WIDTH="17" VPOS="527" HPOS="875"/>
							<String ID="string_113" HPOS="892" VPOS="522" WIDTH="45" HEIGHT="22" WC="0.96" CONTENT="röst,"/><SP WIDTH="15" VPOS="522" HPOS="937"/>
							<String ID="string_114" HPOS="952" VPOS="522" WIDTH="29" HEIGHT="17" WC="0.96" CONTENT="tre"/>
						</TextLine>
						<TextLine ID="line_13" HPOS="226" VPOS="549" WIDTH="755" HEIGHT="25">
							<String ID="string_115" HPOS="226" VPOS="549" WIDTH="103" HEIGHT="19" WC="0.91" CONTENT="skattören"/><SP WIDTH="22" VPOS="549" HPOS="329"/>
							<String ID="string_116" HPOS="351" VPOS="549" WIDTH="34" HEIGHT="19" WC="0.95" CONTENT="två"/><SP WIDTH="20" VPOS="549" HPOS="385"/>
							<String ID="string_117" HPOS="405" VPOS="551" WIDTH="69" HEIGHT="21" WC="0.96" CONTENT="röster,"/><SP WIDTH="16" VPOS="551" HPOS="474"/>
							<String ID="string_118" HPOS="490" VPOS="555" WIDTH="45" HEIGHT="14" WC="0.96" CONTENT="men"/><SP WIDTH="16" VPOS="555" HPOS="535"/>
							<String ID="string_119" HPOS="551" VPOS="549" WIDTH="44" HEIGHT="25" WC="0.93" CONTENT="fyra"/><SP WIDTH="16" VPOS="549" HPOS="595"/>
							<String ID="string_120" HPOS="611" VPOS="549" WIDTH="99" HEIGHT="20" WC="0.92" CONTENT="skattören"/><SP WIDTH="16" VPOS="549" HPOS="710"/>
							<String ID="string_121" HPOS="726" VPOS="549" WIDTH="45" HEIGHT="25" WC="0.95" CONTENT="fyra"/><SP WIDTH="15" VPOS="549" HPOS="771"/>
							<String ID="string_122" HPOS="786" VPOS="551" WIDTH="68" HEIGHT="22" WC="0.96" CONTENT="röster,"/><SP WIDTH="15" VPOS="551" HPOS="854"/>
							<String ID="string_123" HPOS="869" VPOS="549" WIDTH="38" HEIGHT="19" WC="0.93" CONTENT="fem"/><SP WIDTH="14" VPOS="549" HPOS="907"/>
							<String ID="string_124" HPOS="921" VPOS="549" WIDTH="60" HEIGHT="19" WC="0.92" CONTENT="skatt-"/>
						</TextLine>
						<TextLine ID="line_14" HPOS="226" VPOS="577" WIDTH="631" HEIGHT="26">
							<String ID="string_125" HPOS="226" VPOS="579" WIDTH="48" HEIGHT="18" WC="0.96" CONTENT="ören"/><SP WIDTH="16" VPOS="579" HPOS="274"/>
							<String ID="string_126" HPOS="290" VPOS="577" WIDTH="38" HEIGHT="20" WC="0.96" CONTENT="fem"/><SP WIDTH="15" VPOS="577" HPOS="328"/>
							<String ID="string_127" HPOS="343" VPOS="579" WIDTH="65" HEIGHT="18" WC="0.93" CONTENT="röster"/><SP WIDTH="14" VPOS="579" HPOS="408"/>
							<String ID="string_128" HPOS="422" VPOS="583" WIDTH="18" HEIGHT="14" WC="0.78" CONTENT="0."/><SP WIDTH="16" VPOS="583" HPOS="440"/>
							<String ID="string_129" HPOS="456" VPOS="583" WIDTH="14" HEIGHT="14" WC="0.96" CONTENT="s."/><SP WIDTH="17" VPOS="583" HPOS="470"/>
							<String ID="string_130" HPOS="487" VPOS="584" WIDTH="18" HEIGHT="13" WC="0.96" CONTENT="v."/><SP WIDTH="16" VPOS="584" HPOS="505"/>
							<String ID="string_131" HPOS="521" VPOS="578" WIDTH="41" HEIGHT="19" WC="0.93" CONTENT="tills"/><SP WIDTH="16" VPOS="578" HPOS="562"/>
							<String ID="string_132" HPOS="578" VPOS="578" WIDTH="153" HEIGHT="19" WC="0.91" CONTENT="röstmaximum"/><SP WIDTH="16" VPOS="578" HPOS="731"/>
							<String ID="string_133" HPOS="747" VPOS="580" WIDTH="110" HEIGHT="23" WC="0.96" CONTENT="uppmätts."/>
						</TextLine>
					</TextBlock>
					<TextBlock ID="block_2" HPOS="224" VPOS="606" WIDTH="758" HEIGHT="311">
						<TextLine ID="line_15" HPOS="296" VPOS="606" WIDTH="684" HEIGHT="25">
							<String ID="string_134" HPOS="296" VPOS="607" WIDTH="24" HEIGHT="18" WC="0.93" CONTENT="Af"/><SP WIDTH="15" VPOS="607" HPOS="320"/>
							<String ID="string_135" HPOS="335" VPOS="606" WIDTH="93" HEIGHT="19" WC="0.91" CONTENT="behofvet"/><SP WIDTH="15" VPOS="606" HPOS="428"/>
							<String ID="string_136" HPOS="443" VPOS="606" WIDTH="100" HEIGHT="25" WC="0.92" CONTENT="påkalladt"/><SP WIDTH="15" VPOS="606" HPOS="543"/>
							<String ID="string_137" HPOS="558" VPOS="612" WIDTH="47" HEIGHT="13" WC="0.96" CONTENT="vore"/><SP WIDTH="14" VPOS="612" HPOS="605"/>
							<String ID="string_138" HPOS="619" VPOS="607" WIDTH="65" HEIGHT="23" WC="0.96" CONTENT="äfven,"/><SP WIDTH="11" VPOS="607" HPOS="684"/>
							<String ID="string_139" HPOS="695" VPOS="609" WIDTH="29" HEIGHT="17" WC="0.95" CONTENT="att"/><SP WIDTH="10" VPOS="609" HPOS="724"/>
							<String ID="string_140" HPOS="734" VPOS="607" WIDTH="39" HEIGHT="19" WC="0.93" CONTENT="den"/><SP WIDTH="11" VPOS="607" HPOS="773"/>
							<String ID="string_141" HPOS="784" VPOS="606" WIDTH="143" HEIGHT="22" WC="0.91" CONTENT="obestämdhet,"/><SP WIDTH="12" VPOS="606" HPOS="927"/>
							<String ID="string_142" HPOS="939" VPOS="611" WIDTH="41" HEIGHT="14" WC="0.96" CONTENT="som"/>
						</TextLine>
						<TextLine ID="line_16" HPOS="224" VPOS="634" WIDTH="757" HEIGHT="21">
							<String ID="string_143" HPOS="224" VPOS="637" WIDTH="56" HEIGHT="17" WC="0.95" CONTENT="ännu"/><SP WIDTH="22" VPOS="637" HPOS="280"/>
							<String ID="string_144" HPOS="302" VPOS="634" WIDTH="58" HEIGHT="20" WC="0.96" CONTENT="råder"/><SP WIDTH="22" VPOS="634" HPOS="360"/>
							<String ID="string_145" HPOS="382" VPOS="635" WIDTH="44" HEIGHT="19" WC="0.95" CONTENT="med"/><SP WIDTH="16" VPOS="635" HPOS="426"/>
							<String ID="string_146" HPOS="442" VPOS="635" WIDTH="91" HEIGHT="19" WC="0.93" CONTENT="afseende"/><SP WIDTH="16" VPOS="635" HPOS="533"/>
							<String ID="string_147" HPOS="549" VPOS="635" WIDTH="11" HEIGHT="19" WC="0.92" CONTENT="å"/><SP WIDTH="15" VPOS="635" HPOS="560"/>
							<String ID="string_148" HPOS="575" VPOS="635" WIDTH="24" HEIGHT="19" WC="0.96" CONTENT="de"/><SP WIDTH="15" VPOS="635" HPOS="599"/>
							<String ID="string_149" HPOS="614" VPOS="635" WIDTH="45" HEIGHT="19" WC="0.93" CONTENT="från"/><SP WIDTH="15" VPOS="635" HPOS="659"/>
							<String ID="string_150" HPOS="674" VPOS="635" WIDTH="72" HEIGHT="20" WC="0.92" CONTENT="valrätt"/><SP WIDTH="16" VPOS="635" HPOS="746"/>
							<String ID="string_151" HPOS="762" VPOS="635" WIDTH="104" HEIGHT="20" WC="0.96" CONTENT="uteslutna"/><SP WIDTH="15" VPOS="635" HPOS="866"/>
							<String ID="string_152" HPOS="881" VPOS="635" WIDTH="100" HEIGHT="18" WC="0.96" CONTENT="klasserna"/>
						</TextLine>
						<TextLine ID="line_17" HPOS="224" VPOS="663" WIDTH="758" HEIGHT="24">
							<String ID="string_153" HPOS="224" VPOS="663" WIDTH="21" HEIGHT="19" WC="0.96" CONTENT="af"/><SP WIDTH="22" VPOS="663" HPOS="245"/>
							<String ID="string_154" HPOS="267" VPOS="663" WIDTH="132" HEIGHT="24" WC="0.95" CONTENT="medborgare,"/><SP WIDTH="22" VPOS="663" HPOS="399"/>
							<String ID="string_155" HPOS="421" VPOS="663" WIDTH="80" HEIGHT="20" WC="0.93" CONTENT="hvilken"/><SP WIDTH="16" VPOS="663" HPOS="501"/>
							<String ID="string_156" HPOS="517" VPOS="663" WIDTH="138" HEIGHT="20" WC="0.92" CONTENT="obestämdhet"/><SP WIDTH="16" VPOS="663" HPOS="655"/>
							<String ID="string_157" HPOS="671" VPOS="664" WIDTH="33" HEIGHT="19" WC="0.96" CONTENT="vid"/><SP WIDTH="17" VPOS="664" HPOS="704"/>
							<String ID="string_158" HPOS="721" VPOS="664" WIDTH="54" HEIGHT="19" WC="0.96" CONTENT="1882"/><SP WIDTH="17" VPOS="664" HPOS="775"/>
							<String ID="string_159" HPOS="792" VPOS="663" WIDTH="32" HEIGHT="20" WC="0.91" CONTENT="års"/><SP WIDTH="16" VPOS="663" HPOS="824"/>
							<String ID="string_160" HPOS="840" VPOS="663" WIDTH="94" HEIGHT="24" WC="0.91" CONTENT="landtdag"/><SP WIDTH="15" VPOS="663" HPOS="934"/>
							<String ID="string_161" HPOS="949" VPOS="663" WIDTH="33" HEIGHT="24" WC="0.96" CONTENT="gaf"/>
						</TextLine>
						<TextLine ID="line_18" HPOS="224" VPOS="691" WIDTH="757" HEIGHT="26">
							<String ID="string_162" HPOS="224" VPOS="691" WIDTH="111" HEIGHT="25" WC="0.89" CONTENT="anledning"/><SP WIDTH="22" VPOS="691" HPOS="335"/>
							<String ID="string_163" HPOS="357" VPOS="692" WIDTH="29" HEIGHT="19" WC="0.89" CONTENT="till"/><SP WIDTH="23" VPOS="692" HPOS="386"/>
							<String ID="string_164" HPOS="409" VPOS="692" WIDTH="147" HEIGHT="19" WC="0.89" CONTENT="ofvannämnda"/><SP WIDTH="23" VPOS="692" HPOS="556"/>
							<String ID="string_165" HPOS="579" VPOS="692" WIDTH="170" HEIGHT="25" WC="0.89" CONTENT="ständerpetition,"/><SP WIDTH="24" VPOS="692" HPOS="749"/>
							<String ID="string_166" HPOS="773" VPOS="692" WIDTH="64" HEIGHT="19" WC="0.93" CONTENT="skulle"/><SP WIDTH="22" VPOS="692" HPOS="837"/>
							<String ID="string_167" HPOS="859" VPOS="691" WIDTH="72" HEIGHT="25" WC="0.91" CONTENT="ådraga"/><SP WIDTH="20" VPOS="691" HPOS="931"/>
							<String ID="string_168" HPOS="951" VPOS="691" WIDTH="30" HEIGHT="25" WC="0.96" CONTENT="sig"/>
						</TextLine>
						<TextLine ID="line_19" HPOS="225" VPOS="719" WIDTH="756" HEIGHT="26">
							<String ID="string_169" HPOS="225" VPOS="720" WIDTH="136" HEIGHT="25" WC="0.93" CONTENT="lagstiftarens"/><SP WIDTH="16" VPOS="720" HPOS="361"/>
							<String ID="string_170" HPOS="377" VPOS="721" WIDTH="182" HEIGHT="24" WC="0.72" CONTENT="nppmärksamhet."/><SP WIDTH="25" VPOS="721" HPOS="559"/>
							<String ID="string_171" HPOS="584" VPOS="721" WIDTH="37" HEIGHT="18" WC="0.96" CONTENT="Det"/><SP WIDTH="13" VPOS="721" HPOS="621"/>
							<String ID="string_172" HPOS="634" VPOS="721" WIDTH="77" HEIGHT="24" WC="0.96" CONTENT="förslag,"/><SP WIDTH="16" VPOS="721" HPOS="711"/>
							<String ID="string_173" HPOS="727" VPOS="727" WIDTH="43" HEIGHT="13" WC="0.96" CONTENT="som"/><SP WIDTH="14" VPOS="727" HPOS="770"/>
							<String ID="string_174" HPOS="784" VPOS="721" WIDTH="5" HEIGHT="18" WC="0.96" CONTENT="i"/><SP WIDTH="16" VPOS="721" HPOS="789"/>
							<String ID="string_175" HPOS="805" VPOS="721" WIDTH="54" HEIGHT="19" WC="0.96" CONTENT="detta"/><SP WIDTH="11" VPOS="721" HPOS="859"/>
							<String ID="string_176" HPOS="870" VPOS="719" WIDTH="111" HEIGHT="20" WC="0.96" CONTENT="hänseende"/>
						</TextLine>
						<TextLine ID="line_20" HPOS="225" VPOS="748" WIDTH="755" HEIGHT="26">
							<String ID="string_177" HPOS="225" VPOS="748" WIDTH="70" HEIGHT="25" WC="0.96" CONTENT="ingick"/><SP WIDTH="20" VPOS="748" HPOS="295"/>
							<String ID="string_178" HPOS="315" VPOS="749" WIDTH="6" HEIGHT="18" WC="0.96" CONTENT="i"/><SP WIDTH="16" VPOS="749" HPOS="321"/>
							<String ID="string_179" HPOS="337" VPOS="749" WIDTH="72" HEIGHT="25" WC="0.96" CONTENT="nådiga"/><SP WIDTH="15" VPOS="749" HPOS="409"/>
							<String ID="string_180" HPOS="424" VPOS="749" WIDTH="148" HEIGHT="25" WC="0.96" CONTENT="propositionen"/><SP WIDTH="14" VPOS="749" HPOS="572"/>
							<String ID="string_181" HPOS="586" VPOS="749" WIDTH="23" HEIGHT="19" WC="0.96" CONTENT="år"/><SP WIDTH="16" VPOS="749" HPOS="609"/>
							<String ID="string_182" HPOS="625" VPOS="750" WIDTH="53" HEIGHT="19" WC="0.96" CONTENT="1855"/><SP WIDTH="16" VPOS="750" HPOS="678"/>
							<String ID="string_183" HPOS="694" VPOS="749" WIDTH="38" HEIGHT="20" WC="0.96" CONTENT="och"/><SP WIDTH="15" VPOS="749" HPOS="732"/>
							<String ID="string_184" HPOS="747" VPOS="749" WIDTH="76" HEIGHT="20" WC="0.96" CONTENT="hvilket"/><SP WIDTH="16" VPOS="749" HPOS="823"/>
							<String ID="string_185" HPOS="839" VPOS="749" WIDTH="25" HEIGHT="19" WC="0.96" CONTENT="då"/><SP WIDTH="16" VPOS="749" HPOS="864"/>
							<String ID="string_186" HPOS="880" VPOS="755" WIDTH="50" HEIGHT="12" WC="0.93" CONTENT="vann"/><SP WIDTH="16" VPOS="755" HPOS="930"/>
							<String ID="string_187" HPOS="946" VPOS="748" WIDTH="34" HEIGHT="19" WC="0.92" CONTENT="all-"/>
						</TextLine>
						<TextLine ID="line_21" HPOS="226" VPOS="777" WIDTH="755" HEIGHT="25">
							<String ID="string_188" HPOS="226" VPOS="779" WIDTH="46" HEIGHT="17" WC="0.96" CONTENT="män"/><SP WIDTH="22" VPOS="779" HPOS="272"/>
							<String ID="string_189" HPOS="294" VPOS="777" WIDTH="118" HEIGHT="25" WC="0.96" CONTENT="anslutning"/><SP WIDTH="21" VPOS="777" HPOS="412"/>
							<String ID="string_190" HPOS="433" VPOS="777" WIDTH="7" HEIGHT="20" WC="0.96" CONTENT="i"/><SP WIDTH="22" VPOS="777" HPOS="440"/>
							<String ID="string_191" HPOS="462" VPOS="777" WIDTH="90" HEIGHT="25" WC="0.96" CONTENT="stånden,"/><SP WIDTH="17" VPOS="777" HPOS="552"/>
							<String ID="string_192" HPOS="569" VPOS="783" WIDTH="61" HEIGHT="19" WC="0.96" CONTENT="synes"/><SP WIDTH="14" VPOS="783" HPOS="630"/>
							<String ID="string_193" HPOS="644" VPOS="777" WIDTH="59" HEIGHT="20" WC="0.93" CONTENT="äfven"/><SP WIDTH="16" VPOS="777" HPOS="703"/>
							<String ID="string_194" HPOS="719" VPOS="784" WIDTH="28" HEIGHT="13" WC="0.96" CONTENT="nu"/><SP WIDTH="16" VPOS="784" HPOS="747"/>
							<String ID="string_195" HPOS="763" VPOS="778" WIDTH="4" HEIGHT="19" WC="0.93" CONTENT="i"/><SP WIDTH="17" VPOS="778" HPOS="767"/>
							<String ID="string_196" HPOS="784" VPOS="777" WIDTH="116" HEIGHT="20" WC="0.92" CONTENT="hufvudsak"/><SP WIDTH="14" VPOS="777" HPOS="900"/>
							<String ID="string_197" HPOS="914" VPOS="777" WIDTH="67" HEIGHT="19" WC="0.96" CONTENT="kunna"/>
						</TextLine>
						<TextLine ID="line_22" HPOS="225" VPOS="806" WIDTH="755" HEIGHT="25">
							<String ID="string_198" HPOS="225" VPOS="806" WIDTH="90" HEIGHT="19" WC="0.96" CONTENT="försvara"/><SP WIDTH="22" VPOS="806" HPOS="315"/>
							<String ID="string_199" HPOS="337" VPOS="806" WIDTH="32" HEIGHT="19" WC="0.96" CONTENT="sin"/><SP WIDTH="22" VPOS="806" HPOS="369"/>
							<String ID="string_200" HPOS="391" VPOS="806" WIDTH="57" HEIGHT="25" WC="0.95" CONTENT="plats."/><SP WIDTH="30" VPOS="806" HPOS="448"/>
							<String ID="string_201" HPOS="478" VPOS="806" WIDTH="67" HEIGHT="25" WC="0.90" CONTENT="Enligt"/><SP WIDTH="20" VPOS="806" HPOS="545"/>
							<String ID="string_202" HPOS="565" VPOS="807" WIDTH="54" HEIGHT="18" WC="0.96" CONTENT="detta"/><SP WIDTH="15" VPOS="807" HPOS="619"/>
							<String ID="string_203" HPOS="634" VPOS="806" WIDTH="72" HEIGHT="25" WC="0.96" CONTENT="förslag"/><SP WIDTH="16" VPOS="806" HPOS="706"/>
							<String ID="string_204" HPOS="722" VPOS="813" WIDTH="47" HEIGHT="13" WC="0.96" CONTENT="voro"/><SP WIDTH="23" VPOS="813" HPOS="769"/>
							<String ID="string_205" HPOS="792" VPOS="807" WIDTH="47" HEIGHT="24" WC="0.96" CONTENT="inga"/><SP WIDTH="15" VPOS="807" HPOS="839"/>
							<String ID="string_206" HPOS="854" VPOS="806" WIDTH="61" HEIGHT="19" WC="0.92" CONTENT="andra"/><SP WIDTH="15" VPOS="806" HPOS="915"/>
							<String ID="string_207" HPOS="930" VPOS="811" WIDTH="50" HEIGHT="14" WC="0.92" CONTENT="sam-"/>
						</TextLine>
						<TextLine ID="line_23" HPOS="224" VPOS="834" WIDTH="757" HEIGHT="25">
							<String ID="string_208" HPOS="224" VPOS="834" WIDTH="135" HEIGHT="20" WC="0.90" CONTENT="hällsklasser."/><SP WIDTH="29" VPOS="834" HPOS="359"/>
							<String ID="string_209" HPOS="388" VPOS="835" WIDTH="66" HEIGHT="19" WC="0.96" CONTENT="såsom"/><SP WIDTH="32" VPOS="835" HPOS="454"/>
							<String ID="string_210" HPOS="486" VPOS="835" WIDTH="79" HEIGHT="23" WC="0.32" CONTENT="«sådana,"/><SP WIDTH="29" VPOS="835" HPOS="565"/>
							<String ID="string_211" HPOS="594" VPOS="834" WIDTH="44" HEIGHT="19" WC="0.93" CONTENT="från"/><SP WIDTH="25" VPOS="834" HPOS="638"/>
							<String ID="string_212" HPOS="663" VPOS="835" WIDTH="71" HEIGHT="19" WC="0.89" CONTENT="valrätt"/><SP WIDTH="25" VPOS="835" HPOS="734"/>
							<String ID="string_213" HPOS="759" VPOS="835" WIDTH="108" HEIGHT="20" WC="0.81" CONTENT="uteslutna,"/><SP WIDTH="24" VPOS="835" HPOS="867"/>
							<String ID="string_214" HPOS="891" VPOS="837" WIDTH="25" HEIGHT="16" WC="0.93" CONTENT="än"/><SP WIDTH="25" VPOS="837" HPOS="916"/>
							<String ID="string_215" HPOS="941" VPOS="834" WIDTH="40" HEIGHT="25" WC="0.91" CONTENT="lag-"/>
						</TextLine>
						<TextLine ID="line_24" HPOS="227" VPOS="863" WIDTH="754" HEIGHT="26">
							<String ID="string_216" HPOS="227" VPOS="863" WIDTH="73" HEIGHT="19" WC="0.90" CONTENT="stadda"/><SP WIDTH="17" VPOS="863" HPOS="300"/>
							<String ID="string_217" HPOS="317" VPOS="863" WIDTH="123" HEIGHT="26" WC="0.92" CONTENT="tjenstehjon"/><SP WIDTH="15" VPOS="863" HPOS="440"/>
							<String ID="string_218" HPOS="455" VPOS="864" WIDTH="6" HEIGHT="18" WC="0.93" CONTENT="i"/><SP WIDTH="16" VPOS="864" HPOS="461"/>
							<String ID="string_219" HPOS="477" VPOS="863" WIDTH="129" HEIGHT="20" WC="0.92" CONTENT="husbondens"/><SP WIDTH="15" VPOS="863" HPOS="606"/>
							<String ID="string_220" HPOS="621" VPOS="863" WIDTH="45" HEIGHT="19" WC="0.96" CONTENT="kost"/><SP WIDTH="16" VPOS="863" HPOS="666"/>
							<String ID="string_221" HPOS="682" VPOS="865" WIDTH="51" HEIGHT="18" WC="0.96" CONTENT="samt"/><SP WIDTH="15" VPOS="865" HPOS="733"/>
							<String ID="string_222" HPOS="748" VPOS="863" WIDTH="150" HEIGHT="26" WC="0.96" CONTENT="gemenskapen"/><SP WIDTH="16" VPOS="863" HPOS="898"/>
							<String ID="string_223" HPOS="914" VPOS="863" WIDTH="33" HEIGHT="19" WC="0.96" CONTENT="vid"/><SP WIDTH="10" VPOS="863" HPOS="947"/>
							<String ID="string_224" HPOS="957" VPOS="863" WIDTH="24" HEIGHT="19" WC="0.96" CONTENT="de"/>
						</TextLine>
						<TextLine ID="line_25" HPOS="225" VPOS="891" WIDTH="196" HEIGHT="26">
							<String ID="string_225" HPOS="225" VPOS="891" WIDTH="67" HEIGHT="20" WC="0.96" CONTENT="aktiva"/><SP WIDTH="15" VPOS="891" HPOS="292"/>
							<String ID="string_226" HPOS="307" VPOS="894" WIDTH="114" HEIGHT="23" WC="0.96" CONTENT="trupperna."/>
						</TextLine>
					</TextBlock>
					<TextBlock ID="block_3" HPOS="226" VPOS="920" WIDTH="758" HEIGHT="334">
						<TextLine ID="line_26" HPOS="296" VPOS="920" WIDTH="686" HEIGHT="26">
							<String ID="string_227" HPOS="296" VPOS="920" WIDTH="55" HEIGHT="19" WC="0.93" CONTENT="Enär"/><SP WIDTH="21" VPOS="920" HPOS="351"/>
							<String ID="string_228" HPOS="372" VPOS="921" WIDTH="66" HEIGHT="19" WC="0.96" CONTENT="denna"/><SP WIDTH="21" VPOS="921" HPOS="438"/>
							<String ID="string_229" HPOS="459" VPOS="927" WIDTH="40" HEIGHT="18" WC="0.92" CONTENT="nya"/><SP WIDTH="21" VPOS="927" HPOS="499"/>
							<String ID="string_230" HPOS="520" VPOS="921" WIDTH="150" HEIGHT="25" WC="0.91" CONTENT="lagförändring"/><SP WIDTH="15" VPOS="921" HPOS="670"/>
							<String ID="string_231" HPOS="685" VPOS="921" WIDTH="23" HEIGHT="19" WC="0.97" CONTENT="så"/><SP WIDTH="15" VPOS="921" HPOS="708"/>
							<String ID="string_232" HPOS="723" VPOS="921" WIDTH="43" HEIGHT="19" WC="0.96" CONTENT="vidt"/><SP WIDTH="15" VPOS="921" HPOS="766"/>
							<String ID="string_233" HPOS="781" VPOS="921" WIDTH="78" HEIGHT="24" WC="0.96" CONTENT="möjligt"/><SP WIDTH="15" VPOS="921" HPOS="859"/>
							<String ID="string_234" HPOS="874" VPOS="920" WIDTH="60" HEIGHT="20" WC="0.93" CONTENT="borde"/><SP WIDTH="14" VPOS="920" HPOS="934"/>
							<String ID="string_235" HPOS="948" VPOS="927" WIDTH="34" HEIGHT="12" WC="0.91" CONTENT="an-"/>
						</TextLine>
						<TextLine ID="line_27" HPOS="226" VPOS="949" WIDTH="756" HEIGHT="25">
							<String ID="string_236" HPOS="226" VPOS="949" WIDTH="54" HEIGHT="19" WC="0.95" CONTENT="sluta"/><SP WIDTH="23" VPOS="949" HPOS="280"/>
							<String ID="string_237" HPOS="303" VPOS="949" WIDTH="30" HEIGHT="24" WC="0.95" CONTENT="sig"/><SP WIDTH="23" VPOS="949" HPOS="333"/>
							<String ID="string_238" HPOS="356" VPOS="949" WIDTH="29" HEIGHT="19" WC="0.96" CONTENT="till"/><SP WIDTH="18" VPOS="949" HPOS="385"/>
							<String ID="string_239" HPOS="403" VPOS="949" WIDTH="106" HEIGHT="20" WC="0.96" CONTENT="bestående"/><SP WIDTH="15" VPOS="949" HPOS="509"/>
							<String ID="string_240" HPOS="524" VPOS="949" WIDTH="142" HEIGHT="24" WC="0.96" CONTENT="förhållanden,"/><SP WIDTH="16" VPOS="949" HPOS="666"/>
							<String ID="string_241" HPOS="682" VPOS="955" WIDTH="47" HEIGHT="14" WC="0.96" CONTENT="vore"/><SP WIDTH="15" VPOS="955" HPOS="729"/>
							<String ID="string_242" HPOS="744" VPOS="950" WIDTH="35" HEIGHT="19" WC="0.96" CONTENT="det"/><SP WIDTH="15" VPOS="950" HPOS="779"/>
							<String ID="string_243" HPOS="794" VPOS="949" WIDTH="102" HEIGHT="25" WC="0.96" CONTENT="naturligt,"/><SP WIDTH="15" VPOS="949" HPOS="896"/>
							<String ID="string_244" HPOS="911" VPOS="950" WIDTH="29" HEIGHT="18" WC="0.96" CONTENT="att"/><SP WIDTH="15" VPOS="950" HPOS="940"/>
							<String ID="string_245" HPOS="955" VPOS="955" WIDTH="27" HEIGHT="13" WC="0.95" CONTENT="nu"/>
						</TextLine>
						<TextLine ID="line_28" HPOS="226" VPOS="977" WIDTH="756" HEIGHT="25">
							<String ID="string_246" HPOS="226" VPOS="977" WIDTH="93" HEIGHT="24" WC="0.95" CONTENT="gällande"/><SP WIDTH="23" VPOS="977" HPOS="319"/>
							<String ID="string_247" HPOS="342" VPOS="977" WIDTH="124" HEIGHT="25" WC="0.96" CONTENT="bestämning"/><SP WIDTH="23" VPOS="977" HPOS="466"/>
							<String ID="string_248" HPOS="489" VPOS="984" WIDTH="30" HEIGHT="13" WC="0.93" CONTENT="om"/><SP WIDTH="17" VPOS="984" HPOS="519"/>
							<String ID="string_249" HPOS="536" VPOS="978" WIDTH="215" HEIGHT="19" WC="0.92" CONTENT="stadsinnevånarenes"/><SP WIDTH="15" VPOS="978" HPOS="751"/>
							<String ID="string_250" HPOS="766" VPOS="980" WIDTH="41" HEIGHT="17" WC="0.96" CONTENT="rätt"/><SP WIDTH="14" VPOS="980" HPOS="807"/>
							<String ID="string_251" HPOS="821" VPOS="980" WIDTH="30" HEIGHT="17" WC="0.96" CONTENT="att"/><SP WIDTH="15" VPOS="980" HPOS="851"/>
							<String ID="string_252" HPOS="866" VPOS="977" WIDTH="60" HEIGHT="20" WC="0.93" CONTENT="ändra"/><SP WIDTH="16" VPOS="977" HPOS="926"/>
							<String ID="string_253" HPOS="942" VPOS="977" WIDTH="40" HEIGHT="19" WC="0.92" CONTENT="val-"/>
						</TextLine>
						<TextLine ID="line_29" HPOS="226" VPOS="1006" WIDTH="756" HEIGHT="25">
							<String ID="string_254" HPOS="226" VPOS="1007" WIDTH="63" HEIGHT="18" WC="0.95" CONTENT="sättet"/><SP WIDTH="23" VPOS="1007" HPOS="289"/>
							<String ID="string_255" HPOS="312" VPOS="1006" WIDTH="37" HEIGHT="19" WC="0.93" CONTENT="och"/><SP WIDTH="26" VPOS="1006" HPOS="349"/>
							<String ID="string_256" HPOS="375" VPOS="1006" WIDTH="142" HEIGHT="25" WC="0.92" CONTENT="valordningen"/><SP WIDTH="21" VPOS="1006" HPOS="517"/>
							<String ID="string_257" HPOS="538" VPOS="1007" WIDTH="65" HEIGHT="19" WC="0.93" CONTENT="skulle"/><SP WIDTH="23" VPOS="1007" HPOS="603"/>
							<String ID="string_258" HPOS="626" VPOS="1007" WIDTH="85" HEIGHT="24" WC="0.91" CONTENT="gvarstä."/><SP WIDTH="31" VPOS="1007" HPOS="711"/>
							<String ID="string_259" HPOS="742" VPOS="1006" WIDTH="89" HEIGHT="20" WC="0.96" CONTENT="Sålunda"/><SP WIDTH="23" VPOS="1006" HPOS="831"/>
							<String ID="string_260" HPOS="854" VPOS="1012" WIDTH="47" HEIGHT="13" WC="0.95" CONTENT="vore"/><SP WIDTH="18" VPOS="1012" HPOS="901"/>
							<String ID="string_261" HPOS="919" VPOS="1008" WIDTH="63" HEIGHT="23" WC="0.96" CONTENT="vägen"/>
						</TextLine>
						<TextLine ID="line_30" HPOS="226" VPOS="1035" WIDTH="757" HEIGHT="25">
							<String ID="string_262" HPOS="226" VPOS="1035" WIDTH="81" HEIGHT="18" WC="0.92" CONTENT="lemnad"/><SP WIDTH="18" VPOS="1035" HPOS="307"/>
							<String ID="string_263" HPOS="325" VPOS="1037" WIDTH="65" HEIGHT="22" WC="0.96" CONTENT="öppen"/><SP WIDTH="16" VPOS="1037" HPOS="390"/>
							<String ID="string_264" HPOS="406" VPOS="1035" WIDTH="29" HEIGHT="19" WC="0.93" CONTENT="för"/><SP WIDTH="15" VPOS="1035" HPOS="435"/>
							<String ID="string_265" HPOS="450" VPOS="1035" WIDTH="119" HEIGHT="25" WC="0.92" CONTENT="vidtagande"/><SP WIDTH="15" VPOS="1035" HPOS="569"/>
							<String ID="string_266" HPOS="584" VPOS="1035" WIDTH="20" HEIGHT="19" WC="0.96" CONTENT="af"/><SP WIDTH="14" VPOS="1035" HPOS="604"/>
							<String ID="string_267" HPOS="618" VPOS="1035" WIDTH="73" HEIGHT="19" WC="0.96" CONTENT="sådana"/><SP WIDTH="15" VPOS="1035" HPOS="691"/>
							<String ID="string_268" HPOS="706" VPOS="1035" WIDTH="141" HEIGHT="25" WC="0.96" CONTENT="förbättringar"/><SP WIDTH="15" VPOS="1035" HPOS="847"/>
							<String ID="string_269" HPOS="862" VPOS="1035" WIDTH="5" HEIGHT="19" WC="0.93" CONTENT="i"/><SP WIDTH="17" VPOS="1035" HPOS="867"/>
							<String ID="string_270" HPOS="884" VPOS="1035" WIDTH="99" HEIGHT="19" WC="0.92" CONTENT="valsättet,"/>
						</TextLine>
						<TextLine ID="line_31" HPOS="226" VPOS="1063" WIDTH="757" HEIGHT="26">
							<String ID="string_271" HPOS="226" VPOS="1063" WIDTH="70" HEIGHT="19" WC="0.95" CONTENT="hvilka"/><SP WIDTH="24" VPOS="1063" HPOS="296"/>
							<String ID="string_272" HPOS="320" VPOS="1069" WIDTH="46" HEIGHT="14" WC="0.93" CONTENT="vore"/><SP WIDTH="26" VPOS="1069" HPOS="366"/>
							<String ID="string_273" HPOS="392" VPOS="1063" WIDTH="78" HEIGHT="25" WC="0.93" CONTENT="möjliga"/><SP WIDTH="21" VPOS="1063" HPOS="470"/>
							<String ID="string_274" HPOS="491" VPOS="1064" WIDTH="33" HEIGHT="19" WC="0.96" CONTENT="vid"/><SP WIDTH="21" VPOS="1064" HPOS="524"/>
							<String ID="string_275" HPOS="545" VPOS="1064" WIDTH="140" HEIGHT="25" WC="0.96" CONTENT="utvecklingen"/><SP WIDTH="23" VPOS="1064" HPOS="685"/>
							<String ID="string_276" HPOS="708" VPOS="1064" WIDTH="20" HEIGHT="19" WC="0.92" CONTENT="af"/><SP WIDTH="21" VPOS="1064" HPOS="728"/>
							<String ID="string_277" HPOS="749" VPOS="1063" WIDTH="136" HEIGHT="26" WC="0.92" CONTENT="stadgandena"/><SP WIDTH="22" VPOS="1063" HPOS="885"/>
							<String ID="string_278" HPOS="907" VPOS="1065" WIDTH="6" HEIGHT="17" WC="0.96" CONTENT="i"/><SP WIDTH="23" VPOS="1065" HPOS="913"/>
							<String ID="string_279" HPOS="936" VPOS="1063" WIDTH="47" HEIGHT="19" WC="0.96" CONTENT="våra"/>
						</TextLine>
						<TextLine ID="line_32" HPOS="226" VPOS="1091" WIDTH="757" HEIGHT="26">
							<String ID="string_280" HPOS="226" VPOS="1092" WIDTH="128" HEIGHT="25" WC="0.96" CONTENT="grundlagar."/><SP WIDTH="30" VPOS="1092" HPOS="354"/>
							<String ID="string_281" HPOS="384" VPOS="1091" WIDTH="29" HEIGHT="20" WC="0.90" CONTENT="Då"/><SP WIDTH="21" VPOS="1091" HPOS="413"/>
							<String ID="string_282" HPOS="434" VPOS="1092" WIDTH="59" HEIGHT="19" WC="0.90" CONTENT="hvart"/><SP WIDTH="22" VPOS="1092" HPOS="493"/>
							<String ID="string_283" HPOS="515" VPOS="1093" WIDTH="35" HEIGHT="18" WC="0.96" CONTENT="och"/><SP WIDTH="22" VPOS="1093" HPOS="550"/>
							<String ID="string_284" HPOS="572" VPOS="1094" WIDTH="28" HEIGHT="17" WC="0.96" CONTENT="ett"/><SP WIDTH="22" VPOS="1094" HPOS="600"/>
							<String ID="string_285" HPOS="622" VPOS="1093" WIDTH="74" HEIGHT="24" WC="0.96" CONTENT="förslag"/><SP WIDTH="22" VPOS="1093" HPOS="696"/>
							<String ID="string_286" HPOS="718" VPOS="1099" WIDTH="32" HEIGHT="12" WC="0.96" CONTENT="om"/><SP WIDTH="16" VPOS="1099" HPOS="750"/>
							<String ID="string_287" HPOS="766" VPOS="1092" WIDTH="87" HEIGHT="25" WC="0.96" CONTENT="ändring"/><SP WIDTH="15" VPOS="1092" HPOS="853"/>
							<String ID="string_288" HPOS="868" VPOS="1092" WIDTH="6" HEIGHT="19" WC="0.93" CONTENT="i"/><SP WIDTH="16" VPOS="1092" HPOS="874"/>
							<String ID="string_289" HPOS="890" VPOS="1092" WIDTH="93" HEIGHT="19" WC="0.92" CONTENT="valsättet"/>
						</TextLine>
						<TextLine ID="line_33" HPOS="227" VPOS="1119" WIDTH="756" HEIGHT="26">
							<String ID="string_290" HPOS="227" VPOS="1119" WIDTH="65" HEIGHT="20" WC="0.96" CONTENT="måste"/><SP WIDTH="15" VPOS="1119" HPOS="292"/>
							<String ID="string_291" HPOS="307" VPOS="1120" WIDTH="119" HEIGHT="25" WC="0.96" CONTENT="hänskjutas"/><SP WIDTH="15" VPOS="1120" HPOS="426"/>
							<String ID="string_292" HPOS="441" VPOS="1121" WIDTH="30" HEIGHT="18" WC="0.96" CONTENT="till"/><SP WIDTH="15" VPOS="1121" HPOS="471"/>
							<String ID="string_293" HPOS="486" VPOS="1121" WIDTH="106" HEIGHT="24" WC="0.96" CONTENT="Kejsarens"/><SP WIDTH="17" VPOS="1121" HPOS="592"/>
							<String ID="string_294" HPOS="609" VPOS="1121" WIDTH="36" HEIGHT="19" WC="0.93" CONTENT="och"/><SP WIDTH="11" VPOS="1121" HPOS="645"/>
							<String ID="string_295" HPOS="656" VPOS="1121" WIDTH="134" HEIGHT="19" WC="0.91" CONTENT="Storfurstens"/><SP WIDTH="11" VPOS="1121" HPOS="790"/>
							<String ID="string_296" HPOS="801" VPOS="1121" WIDTH="133" HEIGHT="24" WC="0.91" CONTENT="bepröfvande"/><SP WIDTH="13" VPOS="1121" HPOS="934"/>
							<String ID="string_297" HPOS="947" VPOS="1121" WIDTH="36" HEIGHT="18" WC="0.96" CONTENT="och"/>
						</TextLine>
						<TextLine ID="line_34" HPOS="226" VPOS="1149" WIDTH="758" HEIGHT="25">
							<String ID="string_298" HPOS="226" VPOS="1149" WIDTH="143" HEIGHT="24" WC="0.90" CONTENT="stadfästande,"/><SP WIDTH="17" VPOS="1149" HPOS="369"/>
							<String ID="string_299" HPOS="386" VPOS="1149" WIDTH="55" HEIGHT="19" WC="0.95" CONTENT="torde"/><SP WIDTH="15" VPOS="1149" HPOS="441"/>
							<String ID="string_300" HPOS="456" VPOS="1149" WIDTH="59" HEIGHT="19" WC="0.96" CONTENT="äfven"/><SP WIDTH="16" VPOS="1149" HPOS="515"/>
							<String ID="string_301" HPOS="531" VPOS="1149" WIDTH="41" HEIGHT="20" WC="0.93" CONTENT="häri"/><SP WIDTH="16" VPOS="1149" HPOS="572"/>
							<String ID="string_302" HPOS="588" VPOS="1149" WIDTH="106" HEIGHT="20" WC="0.92" CONTENT="förefinnas"/><SP WIDTH="15" VPOS="1149" HPOS="694"/>
							<String ID="string_303" HPOS="709" VPOS="1149" WIDTH="121" HEIGHT="25" WC="0.96" CONTENT="tillräckliga"/><SP WIDTH="15" VPOS="1149" HPOS="830"/>
							<String ID="string_304" HPOS="845" VPOS="1149" WIDTH="100" HEIGHT="24" WC="0.96" CONTENT="garantier"/><SP WIDTH="9" VPOS="1149" HPOS="945"/>
							<String ID="string_305" HPOS="954" VPOS="1149" WIDTH="30" HEIGHT="19" WC="0.96" CONTENT="för"/>
						</TextLine>
						<TextLine ID="line_35" HPOS="226" VPOS="1177" WIDTH="758" HEIGHT="25">
							<String ID="string_306" HPOS="226" VPOS="1179" WIDTH="30" HEIGHT="17" WC="0.96" CONTENT="att"/><SP WIDTH="16" VPOS="1179" HPOS="256"/>
							<String ID="string_307" HPOS="272" VPOS="1177" WIDTH="74" HEIGHT="19" WC="0.93" CONTENT="sådana"/><SP WIDTH="16" VPOS="1177" HPOS="346"/>
							<String ID="string_308" HPOS="362" VPOS="1177" WIDTH="201" HEIGHT="20" WC="0.91" CONTENT="reformsträfvanden"/><SP WIDTH="16" VPOS="1177" HPOS="563"/>
							<String ID="string_309" HPOS="579" VPOS="1178" WIDTH="43" HEIGHT="19" WC="0.96" CONTENT="icke"/><SP WIDTH="16" VPOS="1178" HPOS="622"/>
							<String ID="string_310" HPOS="638" VPOS="1178" WIDTH="64" HEIGHT="19" WC="0.96" CONTENT="skulle"/><SP WIDTH="14" VPOS="1178" HPOS="702"/>
							<String ID="string_311" HPOS="716" VPOS="1177" WIDTH="139" HEIGHT="20" WC="0.96" CONTENT="åstadkomma"/><SP WIDTH="15" VPOS="1177" HPOS="855"/>
							<String ID="string_312" HPOS="870" VPOS="1177" WIDTH="60" HEIGHT="25" WC="0.96" CONTENT="något"/><SP WIDTH="11" VPOS="1177" HPOS="930"/>
							<String ID="string_313" HPOS="941" VPOS="1183" WIDTH="43" HEIGHT="13" WC="0.96" CONTENT="som"/>
						</TextLine>
						<TextLine ID="line_36" HPOS="226" VPOS="1205" WIDTH="757" HEIGHT="26">
							<String ID="string_314" HPOS="226" VPOS="1206" WIDTH="59" HEIGHT="19" WC="0.92" CONTENT="stode"/><SP WIDTH="22" VPOS="1206" HPOS="285"/>
							<String ID="string_315" HPOS="307" VPOS="1206" WIDTH="5" HEIGHT="18" WC="0.96" CONTENT="i"/><SP WIDTH="23" VPOS="1206" HPOS="312"/>
							<String ID="string_316" HPOS="335" VPOS="1206" WIDTH="49" HEIGHT="19" WC="0.96" CONTENT="strid"/><SP WIDTH="20" VPOS="1206" HPOS="384"/>
							<String ID="string_317" HPOS="404" VPOS="1207" WIDTH="44" HEIGHT="18" WC="0.93" CONTENT="med"/><SP WIDTH="16" VPOS="1207" HPOS="448"/>
							<String ID="string_318" HPOS="464" VPOS="1206" WIDTH="235" HEIGHT="25" WC="0.91" CONTENT="Landtdagsordningens"/><SP WIDTH="15" VPOS="1206" HPOS="699"/>
							<String ID="string_319" HPOS="714" VPOS="1207" WIDTH="127" HEIGHT="24" WC="0.96" CONTENT="stadganden"/><SP WIDTH="16" VPOS="1207" HPOS="841"/>
							<String ID="string_320" HPOS="857" VPOS="1206" WIDTH="37" HEIGHT="19" WC="0.93" CONTENT="och"/><SP WIDTH="15" VPOS="1206" HPOS="894"/>
							<String ID="string_321" HPOS="909" VPOS="1205" WIDTH="74" HEIGHT="26" WC="0.91" CONTENT="grund-"/>
						</TextLine>
						<TextLine ID="line_37" HPOS="226" VPOS="1234" WIDTH="237" HEIGHT="20">
							<String ID="string_322" HPOS="226" VPOS="1234" WIDTH="81" HEIGHT="19" WC="0.95" CONTENT="idéerna"/><SP WIDTH="14" VPOS="1234" HPOS="307"/>
							<String ID="string_323" HPOS="321" VPOS="1234" WIDTH="6" HEIGHT="19" WC="0.96" CONTENT="i"/><SP WIDTH="16" VPOS="1234" HPOS="327"/>
							<String ID="string_324" HPOS="343" VPOS="1235" WIDTH="120" HEIGHT="19" WC="0.95" CONTENT="densamma."/>
						</TextLine>
					</TextBlock>
					<TextBlock ID="block_4" HPOS="226" VPOS="1263" WIDTH="759" HEIGHT="196">
						<TextLine ID="line_38" HPOS="296" VPOS="1263" WIDTH="688" HEIGHT="25">
							<String ID="string_325" HPOS="296" VPOS="1263" WIDTH="63" HEIGHT="18" WC="0.96" CONTENT="Bland"/><SP WIDTH="23" VPOS="1263" HPOS="359"/>
							<String ID="string_326" HPOS="382" VPOS="1263" WIDTH="99" HEIGHT="25" WC="0.96" CONTENT="mängden"/><SP WIDTH="22" VPOS="1263" HPOS="481"/>
							<String ID="string_327" HPOS="503" VPOS="1264" WIDTH="20" HEIGHT="18" WC="0.96" CONTENT="af"/><SP WIDTH="20" VPOS="1264" HPOS="523"/>
							<String ID="string_328" HPOS="543" VPOS="1263" WIDTH="173" HEIGHT="25" WC="0.96" CONTENT="omständigheter,"/><SP WIDTH="17" VPOS="1263" HPOS="716"/>
							<String ID="string_329" HPOS="733" VPOS="1269" WIDTH="43" HEIGHT="14" WC="0.93" CONTENT="som"/><SP WIDTH="16" VPOS="1269" HPOS="776"/>
							<String ID="string_330" HPOS="792" VPOS="1263" WIDTH="144" HEIGHT="25" WC="0.90" CONTENT="ifrågakomma"/><SP WIDTH="15" VPOS="1263" HPOS="936"/>
							<String ID="string_331" HPOS="951" VPOS="1263" WIDTH="33" HEIGHT="18" WC="0.96" CONTENT="vid"/>
						</TextLine>
						<TextLine ID="line_39" HPOS="227" VPOS="1291" WIDTH="756" HEIGHT="26">
							<String ID="string_332" HPOS="227" VPOS="1291" WIDTH="160" HEIGHT="20" WC="0.96" CONTENT="verkställandet"/><SP WIDTH="21" VPOS="1291" HPOS="387"/>
							<String ID="string_333" HPOS="408" VPOS="1293" WIDTH="20" HEIGHT="18" WC="0.96" CONTENT="af"/><SP WIDTH="20" VPOS="1293" HPOS="428"/>
							<String ID="string_334" HPOS="448" VPOS="1292" WIDTH="98" HEIGHT="19" WC="0.93" CONTENT="omtalade"/><SP WIDTH="14" VPOS="1292" HPOS="546"/>
							<String ID="string_335" HPOS="560" VPOS="1292" WIDTH="177" HEIGHT="25" WC="0.92" CONTENT="lagförändringar,"/><SP WIDTH="15" VPOS="1292" HPOS="737"/>
							<String ID="string_336" HPOS="752" VPOS="1292" WIDTH="94" HEIGHT="25" WC="0.92" CONTENT="förtjenar"/><SP WIDTH="15" VPOS="1292" HPOS="846"/>
							<String ID="string_337" HPOS="861" VPOS="1291" WIDTH="78" HEIGHT="20" WC="0.93" CONTENT="anföras"/><SP WIDTH="15" VPOS="1291" HPOS="939"/>
							<String ID="string_338" HPOS="954" VPOS="1291" WIDTH="29" HEIGHT="19" WC="0.91" CONTENT="in-"/>
						</TextLine>
						<TextLine ID="line_40" HPOS="226" VPOS="1319" WIDTH="758" HEIGHT="26">
							<String ID="string_339" HPOS="226" VPOS="1319" WIDTH="84" HEIGHT="26" WC="0.96" CONTENT="delning"/><SP WIDTH="14" VPOS="1319" HPOS="310"/>
							<String ID="string_340" HPOS="324" VPOS="1320" WIDTH="19" HEIGHT="19" WC="0.96" CONTENT="af"/><SP WIDTH="15" VPOS="1320" HPOS="343"/>
							<String ID="string_341" HPOS="358" VPOS="1320" WIDTH="24" HEIGHT="19" WC="0.96" CONTENT="de"/><SP WIDTH="16" VPOS="1320" HPOS="382"/>
							<String ID="string_342" HPOS="398" VPOS="1323" WIDTH="73" HEIGHT="17" WC="0.96" CONTENT="största"/><SP WIDTH="14" VPOS="1323" HPOS="471"/>
							<String ID="string_343" HPOS="485" VPOS="1321" WIDTH="92" HEIGHT="18" WC="0.96" CONTENT="städerna"/><SP WIDTH="15" VPOS="1321" HPOS="577"/>
							<String ID="string_344" HPOS="592" VPOS="1321" WIDTH="6" HEIGHT="18" WC="0.96" CONTENT="i"/><SP WIDTH="15" VPOS="1321" HPOS="598"/>
							<String ID="string_345" HPOS="613" VPOS="1321" WIDTH="47" HEIGHT="18" WC="0.96" CONTENT="flere"/><SP WIDTH="15" VPOS="1321" HPOS="660"/>
							<String ID="string_346" HPOS="675" VPOS="1321" WIDTH="120" HEIGHT="23" WC="0.96" CONTENT="valdistrikt,"/><SP WIDTH="16" VPOS="1321" HPOS="795"/>
							<String ID="string_347" HPOS="811" VPOS="1320" WIDTH="68" HEIGHT="19" WC="0.96" CONTENT="hvilka"/><SP WIDTH="12" VPOS="1320" HPOS="879"/>
							<String ID="string_348" HPOS="891" VPOS="1322" WIDTH="27" HEIGHT="17" WC="0.93" CONTENT="ett"/><SP WIDTH="8" VPOS="1322" HPOS="918"/>
							<String ID="string_349" HPOS="926" VPOS="1320" WIDTH="58" HEIGHT="19" WC="0.93" CONTENT="hvart"/>
						</TextLine>
						<TextLine ID="line_41" HPOS="226" VPOS="1348" WIDTH="757" HEIGHT="26">
							<String ID="string_350" HPOS="226" VPOS="1348" WIDTH="52" HEIGHT="24" WC="0.91" CONTENT="egde"/><SP WIDTH="25" VPOS="1348" HPOS="278"/>
							<String ID="string_351" HPOS="303" VPOS="1348" WIDTH="50" HEIGHT="25" WC="0.96" CONTENT="välja"/><SP WIDTH="22" VPOS="1348" HPOS="353"/>
							<String ID="string_352" HPOS="375" VPOS="1354" WIDTH="25" HEIGHT="14" WC="0.96" CONTENT="en"/><SP WIDTH="22" VPOS="1354" HPOS="400"/>
							<String ID="string_353" HPOS="422" VPOS="1348" WIDTH="49" HEIGHT="20" WC="0.96" CONTENT="eller"/><SP WIDTH="18" VPOS="1348" HPOS="471"/>
							<String ID="string_354" HPOS="489" VPOS="1349" WIDTH="46" HEIGHT="19" WC="0.93" CONTENT="flera"/><SP WIDTH="15" VPOS="1349" HPOS="535"/>
							<String ID="string_355" HPOS="550" VPOS="1348" WIDTH="158" HEIGHT="26" WC="0.91" CONTENT="landtdagsmän."/><SP WIDTH="30" VPOS="1348" HPOS="708"/>
							<String ID="string_356" HPOS="738" VPOS="1348" WIDTH="79" HEIGHT="20" WC="0.95" CONTENT="Genom"/><SP WIDTH="14" VPOS="1348" HPOS="817"/>
							<String ID="string_357" HPOS="831" VPOS="1354" WIDTH="25" HEIGHT="14" WC="0.95" CONTENT="en"/><SP WIDTH="17" VPOS="1354" HPOS="856"/>
							<String ID="string_358" HPOS="873" VPOS="1348" WIDTH="61" HEIGHT="19" WC="0.93" CONTENT="sådan"/><SP WIDTH="16" VPOS="1348" HPOS="934"/>
							<String ID="string_359" HPOS="950" VPOS="1354" WIDTH="33" HEIGHT="13" WC="0.92" CONTENT="an-"/>
						</TextLine>
						<TextLine ID="line_42" HPOS="226" VPOS="1376" WIDTH="759" HEIGHT="27">
							<String ID="string_360" HPOS="226" VPOS="1376" WIDTH="88" HEIGHT="25" WC="0.96" CONTENT="ordning"/><SP WIDTH="19" VPOS="1376" HPOS="314"/>
							<String ID="string_361" HPOS="333" VPOS="1377" WIDTH="67" HEIGHT="19" WC="0.96" CONTENT="kunde"/><SP WIDTH="15" VPOS="1377" HPOS="400"/>
							<String ID="string_362" HPOS="415" VPOS="1383" WIDTH="46" HEIGHT="13" WC="0.96" CONTENT="man"/><SP WIDTH="14" VPOS="1383" HPOS="461"/>
							<String ID="string_363" HPOS="475" VPOS="1378" WIDTH="59" HEIGHT="19" WC="0.96" CONTENT="äfven"/><SP WIDTH="15" VPOS="1378" HPOS="534"/>
							<String ID="string_364" HPOS="549" VPOS="1377" WIDTH="6" HEIGHT="19" WC="0.96" CONTENT="i"/><SP WIDTH="16" VPOS="1377" HPOS="555"/>
							<String ID="string_365" HPOS="571" VPOS="1377" WIDTH="121" HEIGHT="20" WC="0.96" CONTENT="åtminstone"/><SP WIDTH="14" VPOS="1377" HPOS="692"/>
							<String ID="string_366" HPOS="706" VPOS="1377" WIDTH="67" HEIGHT="26" WC="0.96" CONTENT="någon"/><SP WIDTH="15" VPOS="1377" HPOS="773"/>
							<String ID="string_367" HPOS="788" VPOS="1376" WIDTH="48" HEIGHT="20" WC="0.95" CONTENT="mån"/><SP WIDTH="15" VPOS="1376" HPOS="836"/>
							<String ID="string_368" HPOS="851" VPOS="1376" WIDTH="71" HEIGHT="20" WC="0.93" CONTENT="bereda"/><SP WIDTH="15" VPOS="1376" HPOS="922"/>
							<String ID="string_369" HPOS="937" VPOS="1376" WIDTH="48" HEIGHT="26" WC="0.91" CONTENT="möj-"/>
						</TextLine>
						<TextLine ID="line_43" HPOS="226" VPOS="1405" WIDTH="759" HEIGHT="25">
							<String ID="string_370" HPOS="226" VPOS="1405" WIDTH="65" HEIGHT="24" WC="0.96" CONTENT="lighet"/><SP WIDTH="22" VPOS="1405" HPOS="291"/>
							<String ID="string_371" HPOS="313" VPOS="1405" WIDTH="29" HEIGHT="20" WC="0.96" CONTENT="för"/><SP WIDTH="20" VPOS="1405" HPOS="342"/>
							<String ID="string_372" HPOS="362" VPOS="1406" WIDTH="125" HEIGHT="19" WC="0.95" CONTENT="minoriteten"/><SP WIDTH="22" VPOS="1406" HPOS="487"/>
							<String ID="string_373" HPOS="509" VPOS="1407" WIDTH="29" HEIGHT="18" WC="0.96" CONTENT="att"/><SP WIDTH="22" VPOS="1407" HPOS="538"/>
							<String ID="string_374" HPOS="560" VPOS="1406" WIDTH="45" HEIGHT="19" WC="0.96" CONTENT="med"/><SP WIDTH="23" VPOS="1406" HPOS="605"/>
							<String ID="string_375" HPOS="628" VPOS="1406" WIDTH="41" HEIGHT="19" WC="0.96" CONTENT="sina"/><SP WIDTH="24" VPOS="1406" HPOS="669"/>
							<String ID="string_376" HPOS="693" VPOS="1408" WIDTH="46" HEIGHT="17" WC="0.96" CONTENT="män"/><SP WIDTH="23" VPOS="1408" HPOS="739"/>
							<String ID="string_377" HPOS="762" VPOS="1406" WIDTH="77" HEIGHT="19" WC="0.95" CONTENT="besätta"/><SP WIDTH="23" VPOS="1406" HPOS="839"/>
							<String ID="string_378" HPOS="862" VPOS="1405" WIDTH="59" HEIGHT="25" WC="0.96" CONTENT="några"/><SP WIDTH="17" VPOS="1405" HPOS="921"/>
							<String ID="string_379" HPOS="938" VPOS="1405" WIDTH="47" HEIGHT="20" WC="0.96" CONTENT="eller"/>
						</TextLine>
						<TextLine ID="line_44" HPOS="226" VPOS="1433" WIDTH="600" HEIGHT="26">
							<String ID="string_380" HPOS="226" VPOS="1433" WIDTH="67" HEIGHT="26" WC="0.91" CONTENT="någan"/><SP WIDTH="17" VPOS="1433" HPOS="293"/>
							<String ID="string_381" HPOS="310" VPOS="1434" WIDTH="19" HEIGHT="17" WC="0.96" CONTENT="af"/><SP WIDTH="15" VPOS="1434" HPOS="329"/>
							<String ID="string_382" HPOS="344" VPOS="1434" WIDTH="112" HEIGHT="25" WC="0.85" CONTENT="respektive"/><SP WIDTH="15" VPOS="1434" HPOS="456"/>
							<String ID="string_383" HPOS="471" VPOS="1435" WIDTH="78" HEIGHT="18" WC="0.93" CONTENT="städers"/><SP WIDTH="16" VPOS="1435" HPOS="549"/>
							<String ID="string_384" HPOS="565" VPOS="1434" WIDTH="261" HEIGHT="25" WC="0.90" CONTENT="landtdagsmannaplatser."/>
						</TextLine>
					</TextBlock>
				</ComposedBlock>
				<ComposedBlock ID="cblock_2" HPOS="296" VPOS="1483" WIDTH="340" HEIGHT="23">
					<TextBlock ID="block_5" HPOS="296" VPOS="1483" WIDTH="340" HEIGHT="23">
						<TextLine ID="line_45" HPOS="296" VPOS="1483" WIDTH="340" HEIGHT="23">
							<String ID="string_385" HPOS="296" VPOS="1483" WIDTH="129" HEIGHT="23" WC="0.90" CONTENT="Lagutskottets"/><SP WIDTH="12" VPOS="1483" HPOS="425"/>
							<String ID="string_386" HPOS="437" VPOS="1485" WIDTH="110" HEIGHT="17" WC="0.94" CONTENT="betänkande"/><SP WIDTH="14" VPOS="1485" HPOS="547"/>
							<String ID="string_387" HPOS="561" VPOS="1486" WIDTH="36" HEIGHT="16" WC="0.95" CONTENT="N:o"/><SP WIDTH="13" VPOS="1486" HPOS="597"/>
							<String ID="string_388" HPOS="610" VPOS="1485" WIDTH="26" HEIGHT="16" WC="0.95" CONTENT="14."/>
						</TextLine>
					</TextBlock>
				</ComposedBlock>
			</PrintSpace>
		</Page>
	</Layout>
</alto>
