1070 1795
253 102 27 21 72
442 101 229 22 Petitionsbetänkande
688 101 34 22 N:o
738 101 21 22 2.

223 159 87 17 kommun
324 159 86 22 upplåter
422 159 67 18 oodlad
501 159 35 18 och
549 159 56 18 odlad
617 159 54 17 mark
684 159 28 17 för
718 159 114 22 jernvägens
844 157 61 19 behof.
925 157 61 18 Häraf

224 187 81 23 framgår
323 187 93 23 klarligen
434 187 49 18 huru
502 187 57 23 lifligt
578 188 54 17 dessa
650 188 113 17 kommuner
781 187 62 18 känna
862 186 87 18 behofvet
965 185 21 18 af

224 217 61 17 bättre
303 217 188 17 kommunikationer.
515 217 42 17 Den
575 215 60 24 lifliga
652 216 167 18 handelsrörelsen
837 215 8 18 i
857 215 72 18 Iisalmi
941 215 42 18 stad

224 245 48 17 lider
285 245 107 18 äfvenledes
405 250 42 13 men
460 245 21 17 af
491 245 72 18 bristen
576 245 24 22 på
613 245 67 17 nutida
694 244 61 18 medel
768 244 29 18 för
810 243 128 19 samfärdseln.

292 273 25 18 På
330 273 60 23 grund
403 273 20 18 af
434 273 134 18 ofvanstående
581 274 56 22 vågar
647 274 34 22 jag
694 273 78 18 föreslå:

431 339 33 19 att
485 337 35 21 det
547 337 135 21 hedervärda
709 336 166 21 Bondeståndet
898 336 9 21 i
932 336 49 27 för-

362 366 67 27 ening
450 367 50 20 med
522 366 74 27 öfriga
617 365 69 22 stånd
708 365 68 21 måtte
792 365 39 21 hos
847 365 65 21 Hans
927 364 54 28 Kej-

362 395 81 27 serliga
466 394 106 28 Majestät
587 394 93 22 anhålla
696 401 36 15 om
748 394 78 28 anslag
841 393 38 29 för
893 394 88 20 instru-

364 424 82 20 mental
467 424 167 27 undersökning
656 423 30 27 af
705 430 27 14 en
750 423 170 27 jernvägslinje,
936 429 48 13 som

364 452 9 20 i
388 452 79 27 nejden
493 452 83 21 mellan
600 451 139 28 Suonenjoki
755 451 40 21 och
810 451 89 26 Kuopio
914 451 71 20 skulle

364 481 52 26 utgå
432 480 55 28 från
503 481 88 20 trakten
606 481 29 26 af
647 480 138 21 Kurkimäki
801 480 52 21 eller
867 479 116 22 Salminen

362 509 109 21 stationer
493 509 14 21 å
532 509 106 21 Savolaks
666 509 76 20 banan
763 511 60 18 samt
845 509 79 27 dragas
948 508 37 21 till

364 537 131 28 Kuttajärvi
510 538 9 20 i
534 537 114 27 Karttuta,
665 537 104 28 derifrån
785 537 62 27 öfver
856 536 129 22 Peltosalmi

366 567 35 20 till
424 567 89 20 Iisalmi
535 567 50 20 stad
607 567 39 20 och
670 566 78 21 vidare
768 566 36 21 till
820 566 91 27 Kajana
925 567 59 19 samt

365 596 63 27 längs
450 602 71 14 norra
543 595 107 21 stranden
666 595 29 27 af
712 594 55 21 Uleä
784 595 61 20 träsk
861 595 34 20 till
916 594 69 20 Vaala

364 624 39 21 och
432 624 117 27 Uleåborgs
565 624 54 26 stad,
636 623 117 28 äfvensom
769 625 32 19 att
817 623 70 28 nådig
899 629 83 21 propo-

364 653 69 20 sition
450 653 77 20 härom
543 652 68 21 måtte
627 652 35 21 till
678 652 191 27 förstkommande
881 651 104 27 landtdag

365 681 90 27 aflätas.

297 743 119 23 Helsingfors
429 744 35 17 den
477 744 10 17 7
501 744 91 17 Februari
605 743 50 18 1894.

511 795 67 22 Heikki
593 795 109 22 Tikkanen.

428 837 129 20 representant
570 835 28 18 för
611 835 72 17 Iisalmi
699 835 93 22 domsaga.

299 992 157 26 (Öfversättning)

589 1043 39 18 32.

411 1105 46 18 Till
474 1105 148 18 Hedervärda
637 1105 180 18 Bondeständet.

300 1163 119 23 Nordligaste
439 1163 54 19 delen
506 1164 20 17 af
543 1164 32 17 det
587 1169 57 12 norra
656 1164 83 18 Karelen
753 1165 47 17 samt
813 1164 35 17 den
861 1165 50 16 ännu
924 1163 65 23 längre

231 1193 57 22 uppåt
307 1192 79 23 belägna
405 1193 68 22 nejden
491 1193 56 22 kring
561 1193 45 18 Uleä
618 1193 55 18 träsk
685 1193 55 18 hafva
753 1193 61 18 under
826 1193 55 22 långa
893 1192 49 18 tider
955 1192 35 17 fått

231 1221 53 22 nöjas
298 1221 40 17 med
352 1221 184 22 stjufbarnsandelen
549 1222 6 17 i
568 1221 48 18 hvad
630 1222 32 17 det
674 1222 47 22 gällt
734 1221 133 18 sträfvandena
879 1221 29 17 till
915 1221 74 17 framät-

231 1249 101 18 skridande
351 1251 7 16 i
376 1250 64 17 landet
452 1250 29 17 för
494 1250 61 22 öfrigt.
579 1251 36 16 Till
629 1250 46 23 följd
688 1251 20 17 af
719 1251 33 17 det
764 1250 85 23 aflägsna
861 1250 35 17 och
909 1249 82 18 afskilda

231 1279 50 22 läget
299 1279 34 17 har
358 1279 18 17 åt
395 1279 55 18 dessa
469 1279 79 22 bygders
567 1279 131 18 förhållanden
718 1279 35 18 och
775 1279 138 18 lefnadsvilkor
925 1281 65 20 egnats

231 1307 55 22 högst
298 1307 54 22 ringa
365 1308 168 22 uppmärksamhet,
544 1308 21 22 ja
577 1309 21 16 sä
610 1309 60 22 ringa,
683 1310 28 15 att
724 1313 42 12 man
781 1309 34 16 hör
823 1308 66 22 mänga
895 1307 95 18 tänkande

232 1341 88 17 personer
339 1336 80 18 bedöma
438 1337 41 17 dem
492 1337 25 22 pä
535 1339 26 15 ett
580 1339 42 19 sätt,
638 1342 40 12 som
692 1337 79 22 antyder
784 1337 16 22 ej
815 1336 67 18 endast
895 1336 95 17 bristande

231 1364 119 23 benägenhet
368 1366 26 16 att
412 1365 40 17 lära
470 1366 63 17 känna
552 1365 55 18 dessa
624 1365 139 21 förhällanden,
779 1367 44 16 utan
837 1365 54 17 äfven
905 1366 27 17 ett
944 1364 47 18 kallt

232 1393 119 18 förbiseende
358 1395 96 22 gentemot
461 1394 43 18 hela
511 1394 61 17 denna
580 1394 140 23 undanskymda
727 1395 32 16 vrä
766 1394 21 17 af
792 1394 69 18 landet.
878 1394 44 17 Men
930 1393 61 18 denna

232 1423 32 16 vrä
277 1423 21 16 är
310 1422 53 18 äfven
376 1428 23 12 en
412 1423 30 17 del
456 1423 19 17 af
489 1423 160 21 fäderneslandet;
663 1423 54 18 äfven
731 1423 43 18 dess
787 1423 102 22 inbyggare
902 1424 32 16 äro
947 1423 44 17 vära

301 1462 203 18 Petitionsbetänkande
516 1463 37 17 N:o
566 1463 17 17 2.
