1070 1795
256 122 15 21 4
412 122 277 22 Petitionsbetänkande
705 122 45 22 N:o
765 121 40 23 40.

434 197 45 14 svar
500 192 33 25 för
555 193 123 24 entreprenör
700 191 58 26 blefve
780 191 107 20 detsamma
901 197 43 14 som
958 197 29 14 nu

435 221 24 18 är
473 221 94 19 bestämdt
580 221 33 25 för
627 220 76 20 enskild
716 220 140 25 väglotisegare.

297 283 127 24 Helsingfors
439 283 39 20 don
493 282 14 20 9
522 283 87 20 februari
626 282 64 21 1894.

717 344 66 23 Juho
799 344 119 23 Koivisto.

588 521 42 22 NIL.

300 581 170 29 (Öfversättning).

397 649 138 19 Vördsamt
554 649 267 24 petitionsmemorial.

299 711 63 20 Bland
384 712 24 18 de
425 711 98 20 allmänna
541 711 77 26 besvär,
633 711 67 20 hvilka
714 711 22 19 af
750 711 55 19 älder
821 713 36 18 äro
873 711 47 19 med
933 711 55 24 jord-

228 739 142 24 lägenheterna
391 739 118 24 förbundna,
533 742 23 17 är
572 740 111 24 byggandet
698 740 37 19 och
751 740 126 19 underhället
894 739 22 20 af
930 741 59 22 vägar

228 768 38 20 och
283 769 59 19 broar
358 768 145 24 otvifvelaktigt
519 771 28 16 ett
562 769 22 19 af
598 769 23 18 de
637 770 86 22 tyngsta.
754 768 82 19 Oafsedt
853 773 31 15 om
897 769 91 23 jordega-

226 802 38 14 ren
286 797 36 19 har
344 797 29 19 tid
396 797 37 20 och
456 797 77 19 tillfälle
556 799 29 17 att
601 797 79 24 afbryta
700 798 44 18 sina
759 797 78 24 vanliga
851 797 137 24 hemarbeten,

227 825 64 20 mäste
313 826 38 19 han
372 826 69 19 skicka
462 826 43 19 sina
526 826 76 23 tjenare
626 826 36 19 och
679 826 83 23 dragare
778 825 32 20 till
826 828 29 17 att
871 826 65 23 bygga
951 826 37 19 och

228 854 122 19 iständsätta
365 857 61 20 vägar
442 855 36 19 och
493 854 60 20 broar
568 854 49 19 eller
632 854 32 20 för
678 854 114 25 byggandet
807 855 36 19 och
859 854 129 19 underhället

228 882 22 20 af
272 883 99 19 desamma
393 883 66 19 betala
475 883 61 24 dryga
552 883 114 24 penningar,
682 883 66 19 hvilka
764 883 37 19 han
817 883 7 18 i
840 883 25 19 de
881 883 58 19 flesta
954 882 34 20 fall

229 912 158 23 oundgängligen
403 911 63 20 skulle
481 911 84 20 behöfva
580 911 32 20 för
627 912 78 19 ökande
721 911 22 20 af
757 912 34 19 sitt
807 911 134 24 otillräckliga
956 913 31 18 rö-

228 940 136 24 relsekapital.

299 969 237 24 Vägbyggnadsbesväret
551 969 96 23 betungar
663 968 116 24 visserligen
795 969 44 19 icke
847 974 54 14 mera
913 971 76 17 ensamt

228 997 40 19 den
289 997 149 24 jordbrukande
458 997 147 24 befolkningen.
631 997 29 20 På
682 997 64 24 grund
768 997 21 19 af
802 997 91 24 gällande
910 997 77 19 förord-

228 1026 48 24 ning
299 1026 101 23 angäende
422 1026 126 25 vägbyggnad
564 1026 78 23 deltaga
658 1026 49 25 deri,
723 1026 86 19 förutom
824 1025 129 20 innehafvare
968 1025 21 20 af

228 1054 114 24 skattlagda
364 1057 46 22 torp
433 1055 36 19 och
485 1055 96 25 utjordar,
602 1054 57 20 äfven
674 1054 128 20 innebafvare
819 1054 21 19 af
853 1054 58 24 bruk,
926 1054 61 19 fabri-

228 1083 44 24 ker,
288 1083 64 24 sågar,
368 1089 92 18 gvarnar,
476 1083 136 24 ölbryggerier
627 1083 37 20 och
680 1083 225 19 brännvinsbrännerier
920 1083 67 19 äfven-

229 1117 43 14 som
293 1112 77 19 kronan
392 1112 32 19 för
439 1112 42 19 sina
497 1112 140 24 skogsparker.
667 1112 44 19 Den
727 1110 93 27 lindring,
835 1117 41 14 som
892 1111 26 24 pä
933 1112 54 19 detta

229 1142 42 18 sätt
293 1141 87 19 kommer
398 1141 119 24 jordegarne
541 1141 30 18 till
593 1141 39 23 del,
654 1143 24 17 är
698 1141 53 19 dock
773 1146 54 13 mera
845 1140 102 19 illusorisk
962 1142 25 17 än

228 1169 85 24 verklig.
343 1169 87 20 Hvarest
456 1169 210 24 fabriksinrättningar
690 1169 37 20 och
752 1169 141 24 kronoparkar
917 1168 69 26 finnas,

228 1198 64 20 blifva
314 1200 59 22 vägar
394 1198 37 19 och
453 1198 60 19 broar
535 1198 104 23 vanligtvis
662 1197 36 20 illa
717 1197 109 20 medfarna.
856 1197 39 20 Det
910 1197 76 24 bidrag,

227 1226 96 20 hvarmed
338 1227 24 18 de
378 1226 150 24 ifrågavarande
544 1227 159 23 inrättningarna
718 1226 39 19 och
771 1226 99 24 parkerna
886 1226 79 23 deltaga
979 1226 8 19 i

228 1255 242 25 vägbyggnadsbesväret,
493 1258 22 17 är
537 1255 69 19 derför
628 1255 7 18 i
656 1255 70 24 sjelfva
742 1255 69 18 verket
826 1255 44 19 icke
886 1257 61 17 annat
962 1257 25 16 än

228 1289 26 14 en
278 1284 109 23 ersättning
410 1283 31 20 för
463 1285 38 18 den
517 1286 64 17 större
597 1283 93 24 kostnad,
706 1289 42 14 som
761 1283 26 24 på
801 1283 76 19 sådana
893 1283 71 19 ställen
979 1284 7 18 i

228 1313 39 19 och
283 1313 31 19 för
328 1312 126 19 underhållet
469 1312 21 19 af
504 1315 60 22 vägar
579 1312 37 19 och
632 1312 60 19 broar
708 1315 22 16 är
741 1311 126 24 erforderlig,
890 1311 41 20 Och
942 1312 44 19 här-

228 1341 32 19 till
284 1341 88 19 kommer
388 1343 52 17 ännu
456 1346 23 14 en
495 1346 65 14 annan
576 1341 152 23 omständighet,
745 1346 41 13 som
802 1341 93 23 bidrager
911 1340 31 19 till
957 1343 29 16 att

226 1369 29 25 på
278 1370 60 23 några
360 1372 55 16 orter
429 1370 106 23 hastigare,
551 1369 26 25 på
592 1370 62 18 andra
669 1369 44 19 åter
728 1369 142 24 långsammare
886 1368 38 20 öka
939 1370 48 23 väg-

226 1398 202 24 byggnadsbesväret.
459 1398 26 19 Ju
500 1403 54 14 mera
569 1398 98 23 nämligen
684 1398 37 19 den
738 1397 99 20 allmänna
852 1397 85 19 trafiken
953 1400 32 17 vä-

226 1432 46 18 xer,
295 1427 56 19 desto
374 1432 54 15 mera
450 1427 93 19 behöfvas
568 1429 59 22 vägar
650 1426 37 20 och
702 1427 67 22 broar,
785 1427 58 18 desto
859 1431 55 14 mera
928 1427 58 18 nötas

298 1467 47 20 Lag-
358 1465 32 18 och
402 1465 182 18 Ekonomiutskottets
596 1465 111 17 betänkande
720 1466 38 16 N:o
769 1465 28 16 14.
