1070 1795
258 129 27 20 24
412 127 278 23 Petitionsbetänkande
706 127 43 23 N:o
765 127 40 23 43.

228 197 119 26 detaljering
369 198 19 19 af
410 198 119 19 hithörande
551 197 170 23 omständigheter
743 198 84 19 emedan
841 197 85 25 afsigten
942 197 44 19 med

228 227 67 19 denna
316 227 84 25 petition
420 226 73 19 endast
514 228 23 17 är
557 228 30 17 att
609 226 137 19 åstadkomma
767 232 27 14 en
813 225 125 25 underdånig
951 231 35 14 an-

229 255 67 19 hållan
317 257 30 17 att
369 255 55 19 Hans
447 255 92 24 Majestät
560 255 49 19 efter
624 255 136 25 bepröfvande
776 255 30 19 till
822 254 164 20 nästkommande

229 284 135 19 ständermöte
381 283 47 20 ville
442 283 59 20 aflåta
516 283 61 25 nådig
592 283 124 26 proposition
731 283 5 19 i
752 284 89 19 ärendet.

299 312 25 19 Vi
347 312 51 25 våga
420 312 66 19 derför
509 312 89 25 ödmjukt
617 311 79 20 anhålla
718 312 35 19 det
777 312 100 25 vällofliga
891 311 94 25 Borgare-

230 341 81 19 ståndet
333 341 31 19 till
386 341 145 19 vederbörande
553 341 77 18 utskott
654 340 46 19 ville
721 340 102 20 remittera
837 342 30 18 ett
882 340 103 25 petitions-

228 369 76 25 förslag
318 369 6 20 i
341 369 38 20 den
394 369 97 25 riktning:

505 438 29 19 det
560 438 104 19 ständerna
688 438 8 18 i
720 438 153 24 underdänighet
894 437 42 19 ville
958 437 29 19 till

437 467 56 18 Hans
508 466 89 25 Majestät
612 466 47 25 ingå
674 466 44 19 med
731 473 24 12 en
771 466 89 25 begäran,
877 466 28 19 det
918 465 69 20 täcktes

437 495 56 19 Hans
508 495 89 25 Majestät
612 494 62 19 tillåta
688 501 24 12 en
726 495 152 24 undersökning,
894 494 8 19 i
919 494 67 19 hvilket

438 523 81 26 omfång
542 523 33 20 och
590 523 8 19 i
612 523 64 19 hvilka
690 523 104 25 afseenden
808 523 22 19 de
845 523 8 19 i
867 523 31 25 $$
913 523 26 19 12
954 522 33 19 och

439 553 24 18 13
484 553 25 24 af
528 552 23 19 L.
579 551 20 20 O.
621 551 94 26 ingående
733 552 119 25 stadganden
867 558 32 13 om
913 551 31 19 val
958 551 29 19 till

440 581 91 24 Borgare-
555 581 33 19 och
609 580 149 19 Bondeständen
773 580 62 19 kunde
850 586 47 13 vara
910 579 9 20 i
933 579 57 25 behof

438 610 25 24 af
474 609 117 25 förändring
605 609 8 19 i
622 609 60 25 ofvan
691 609 72 25 antydd
774 609 96 26 riktning,
881 610 50 17 samt
944 608 43 19 med

436 638 76 25 ledning
541 637 58 26 deraf
622 637 39 20 låta
685 637 100 26 förelägga
809 638 176 18 nästsammanträ-

437 667 60 19 dande
512 666 77 19 ständer
603 666 60 25 nådig
674 666 123 25 proposition
812 666 9 19 i
835 666 80 19 ärendet.

299 724 125 25 Helsingfors
440 724 37 19 den
493 725 12 18 6
521 723 91 20 Februari
630 723 61 20 1894.

299 803 90 23 Kaarlo
405 803 108 22 Castrén.
684 801 56 23 Otto
757 801 126 23 Stenroth.

300 843 53 23 Atle
369 843 100 22 Genetz.
682 842 26 21 A.
725 841 90 23 Lilius.

300 883 95 23 Rudolf
406 883 113 22 Erenius.
682 882 64 22 Eero
761 881 94 23 Erkko.

300 923 69 24 Gust.
385 923 63 22 Rud.
463 923 96 22 Idman.
682 922 69 22 Arth.
768 921 119 23 Sommer.

300 964 29 23 K.
346 964 28 23 6.
389 963 72 28 Berg.
682 963 26 22 F.
724 962 30 22 K.
770 962 102 28 Nybom.

299 1004 26 22 A.
340 1003 146 23 Herckman.
681 1001 84 24 Alfrid
781 1001 157 29 Aejmelaeus.

299 1044 23 23 J.
338 1044 135 22 Pelkonen.
681 1042 29 22 K.
726 1041 174 29 Wiljakainen.

300 1084 28 23 6.
342 1084 29 23 P.
386 1084 119 28 Alopeus.
682 1083 28 22 A.
726 1082 28 22 E.
770 1082 147 22 Andersson.

300 1124 113 23 Theodor
428 1123 126 23 Schvindt.
683 1122 28 23 G.
727 1122 28 22 V.
771 1121 155 23 Liukkonen.

300 1164 26 22 F.
341 1164 187 28 Neppenström.
682 1162 26 23 F.
724 1162 30 22 H.
771 1161 82 23 Malin.

477 1203 23 22 J.
515 1203 37 23 W.
569 1202 163 23 Söderlund*.
