1070 1795
300 140 262 23 Motionsbetänkande
577 140 43 22 N:o
636 137 22 24 6.
820 141 11 20 7

100 208 130 29 deltagande
253 209 7 20 i
280 208 86 22 stadens
386 211 67 25 tunga
468 216 39 13 var
523 208 121 21 obestämdt
660 208 41 21 och
716 209 53 20 tvist
784 207 78 22 under-

102 242 93 28 kastadt,
217 243 32 21 till
272 243 48 21 dess
344 243 101 27 slutligen
469 255 28 3 —
520 242 28 29 pä
567 250 81 13 samma
662 242 58 28 gång
735 242 71 21 Adeln
822 242 41 21 och

103 277 163 28 Presterskapet
288 284 76 21 genom
388 276 27 21 de
438 276 35 21 för
494 276 64 21 dessa
577 276 64 21 ständ
664 276 41 21 den
723 277 25 20 16
764 276 99 21 Oktober

105 312 55 21 1723
183 311 113 21 utfärdade
321 311 124 28 privilegier
467 311 120 21 bibehöllos
603 311 37 21 vid
656 310 48 21 dem
719 310 91 29 tidigare
827 311 36 20 be-

103 345 79 28 viljade
203 345 89 21 friheter
306 359 27 2 —
348 352 78 21 genom
442 345 146 21 resolutionen
604 345 28 28 pä
647 345 163 28 borgerskapets
828 345 35 21 be-

101 381 53 20 svär
175 379 24 21 af
220 379 67 28 sagda
309 379 42 28 dag
374 379 115 28 stadgades
509 382 32 18 att
558 380 77 27 »ingen
651 379 39 21 eho
706 379 37 21 det
757 387 51 13 vara
825 379 38 25 mä,

103 421 48 14 som
166 421 48 21 eger
229 414 41 20 hus
291 414 9 20 i
315 414 49 20 stad
379 413 41 21 och
436 414 18 28 ej
470 421 79 20 genom
565 413 105 21 särskilda
686 414 122 27 privilegier
823 413 40 21 och

104 448 82 21 härtills
209 448 124 27 undfängna
355 448 142 20 resolutioner
519 450 25 18 är
566 448 90 26 befriad,
679 448 54 21 skall
756 448 51 20 eller
826 447 37 21 bör

104 482 141 27 undandraga
260 482 33 27 sig
308 485 37 22 att,
360 481 44 22 lika
419 481 49 21 med
485 481 156 29 borgerskapet
656 489 51 14 vara
722 481 95 28 delaktig
833 482 30 20 uti

103 520 34 18 att
151 516 125 22 underhälla
291 515 127 27 brandvakt,
429 516 148 28 vägrödjning,
589 517 78 28 kyrko-
679 516 41 21 och
730 515 133 29 prestgärds-

106 551 100 28 byggnad
222 551 49 20 med
286 551 50 20 flere
352 558 71 19 onera,
441 558 45 13 som
503 551 18 28 ej
539 551 72 20 kunna
627 551 52 20 eller
694 550 51 21 böra
756 557 61 14 arses
830 550 34 21 för

104 585 140 29 personalia.>
276 585 48 21 Och
340 585 6 20 i
362 585 147 28 förklaringen
526 585 27 28 pä
569 585 111 21 städernas
696 585 77 21 besvär
787 585 23 20 af
821 585 42 20 den

107 621 25 20 17
155 619 121 22 December
300 620 54 21 1734
378 619 87 28 stadgas
487 619 46 22 åter
553 622 38 23 att,
607 619 88 21 emedan
713 620 65 27 »inga
792 619 72 21 som
849 615 18 37 i

104 655 104 21 städerna
232 654 30 27 bo,
286 654 74 21 hvilka
382 661 39 20 ega
444 654 54 21 hus»
516 653 49 22 från
581 653 27 22 de
624 655 7 20 i
646 653 169 29 nästäberopade
831 661 33 13 re-

103 689 95 21 solution
221 687 91 22 nämnde
336 687 41 22 och
400 687 73 28 dylika
489 688 90 27 utgifter
594 688 52 21 böra
661 695 51 14 vara
727 687 102 27 befriade,
844 689 19 27 ej

102 723 68 21 heller
190 722 144 28 civilbetjente
358 722 42 21 och
422 721 185 29 ständspersoner,
623 722 34 21 mä
672 722 48 21 frän
736 721 79 22 sädana
831 722 32 21 af-

101 757 68 28 gifter
184 758 33 27 sig
232 756 144 28 undandraga.

173 791 75 21 Ehuru
270 790 23 21 af
316 790 63 21 dessa
402 790 143 28 stadganden,
568 791 73 20 hvilka
662 791 54 20 intill
732 790 132 21 kommunal-

102 825 169 27 författningens
294 825 104 20 tillkomst
421 825 80 28 utgjort
522 825 97 28 grunden
642 825 34 20 för
698 824 137 29 deltagandet
857 825 6 20 i

103 859 112 22 städernas
231 859 94 28 utgifter,
336 858 66 29 några
413 859 112 21 bestämda
536 859 112 21 slutsatser
658 860 30 20 uti
701 858 162 29 ifrågavarande

103 893 105 22 afseende
223 893 48 22 icke
287 893 71 21 kunna
374 893 84 28 dragas,
473 893 62 21 torde
551 893 56 21 dock
623 893 41 21 den
678 893 185 28 omständigheten

103 930 34 19 att
157 929 7 19 i
188 927 62 22 dessa
273 927 140 28 stadganden,
431 935 46 13 som
500 927 47 22 afse
569 931 32 18 att
623 927 116 22 bestämma
754 927 110 28 omfånget

105 962 24 21 af
153 961 27 22 de
204 961 151 28 skyldigheter,
377 961 75 21 hvilka
474 961 144 28 gårdsegarne
641 961 70 22 såsom
732 961 57 22 klass
811 969 53 14 voro

105 995 171 27 underkastade,
291 995 170 29 vägrödjningen
484 1003 48 14 men
556 997 18 27 ej
595 996 231 28 gatläggningstungan
841 997 24 20 är

104 1030 122 26 omnämnd,
248 1031 6 20 i
278 1031 32 20 sin
332 1029 48 22 mån
400 1029 52 29 tyda
468 1030 27 29 på
511 1033 32 18 att
557 1030 133 21 sistnämnda
706 1033 65 25 tunga
786 1029 77 28 ansågs

104 1064 77 29 åtfölja
200 1064 93 28 egandet
315 1065 51 20 eller
388 1064 131 21 besittandet
542 1065 23 20 af
585 1067 55 18 tomt
660 1065 7 20 i
683 1064 75 21 staden
774 1064 40 21 och
830 1063 34 22 så-

103 1098 66 21 lunda
192 1099 18 28 ej
234 1100 75 26 utgöra
327 1101 31 19 ett
373 1098 85 27 besvär,
473 1099 83 20 hvilket
571 1098 49 29 ålåg
635 1098 143 28 gårdsegarne
793 1098 71 21 såsom

105 1133 143 28 korporation.

173 1167 125 21 Emellertid
314 1167 44 26 har,
373 1167 56 21 efter
444 1166 140 21 utfärdandet
599 1166 23 21 af
633 1166 153 28 förordningen
799 1166 65 28 angå-

103 1201 55 21 ende
179 1201 255 28 kommunalförvaltning
450 1202 6 20 i
472 1201 48 21 stad
537 1201 23 21 af
577 1201 43 21 den
638 1202 14 20 8
670 1201 121 21 December
809 1201 55 21 1873

103 1235 43 22 den
169 1235 57 28 åsigt
248 1236 93 26 uttalats,
364 1238 32 19 att
414 1235 161 22 ofvannämnda
591 1238 132 25 tomtegarne
738 1235 58 21 förut
811 1235 54 28 ålig-

103 1269 71 28 gande
196 1269 302 29 gatuunderhällsskyldighet
519 1277 79 20 genom
621 1271 11 19 7
656 1270 12 27 $
692 1270 5 20 i
714 1269 91 21 nämnda
820 1269 45 21 för-

103 1303 93 29 ordning
221 1304 73 21 blifvit
318 1303 49 22 från
390 1303 48 22 dem
455 1303 89 29 aflyftad
567 1303 42 22 och
631 1303 133 22 förvandlats
787 1301 32 23 till
837 1311 27 13 en

104 1338 130 21 kommunen
256 1339 6 20 i
286 1338 48 21 dess
357 1338 74 21 helhet
454 1338 114 28 åliggande
583 1341 73 25 tunga,
671 1337 87 22 hvilken
773 1337 91 21 sålunda

105 1372 66 21 borde
188 1372 100 22 bekostas
304 1372 48 22 med
368 1372 77 26 medel,
461 1372 127 21 uttaxerade
599 1372 39 21 hos
649 1372 139 21 kommunens
799 1374 66 18 samt-

105 1407 44 27 liga
164 1406 141 22 medlemmar.
337 1406 76 21 Såsom
437 1406 47 21 skäl
500 1407 33 20 för
557 1406 84 28 åsigten
656 1409 32 18 att
703 1413 26 14 en
744 1405 59 29 dylik
819 1406 45 27 lag-

103 1441 127 28 förändring
252 1441 110 28 verkligen
384 1441 56 21 varit
459 1441 8 20 i
483 1440 278 28 kommunalförfattningen
776 1439 88 28 åsyftad

174 1481 48 22 Lag-
235 1481 33 17 och
280 1481 185 17 Ekonomiutskottets
477 1480 113 17 betänkande
603 1479 37 18 N:o
653 1480 17 17 9.
