1070 1795
246 180 278 22 Petitionsbetänkande
542 180 43 22 N:o
600 180 40 22 43.
768 182 24 19 31

271 250 47 19 valet
340 249 26 26 af
382 250 70 19 elektor
467 250 82 25 deltager
563 256 24 13 en
602 250 46 19 hvar
663 250 55 19 inom
733 250 88 19 kommu-

272 285 38 12 nen
324 278 61 19 bosatt
399 285 55 17 man,
469 285 50 17 som,
535 278 8 19 i
557 279 43 18 stöd
613 279 26 24 af
649 279 89 24 gällande
747 279 74 24 förord-

270 307 48 24 ning
332 306 98 25 angående
445 307 256 25 kommunalförvaliningen
712 307 30 25 pä
752 307 68 24 landet,

270 341 41 19 eger
326 337 38 17 rätt
378 337 28 17 att
422 337 43 24 taga
479 335 30 20 del
522 335 9 19 i
545 335 135 20 diskussionen
695 336 34 19 och
750 336 71 25 fattan-

271 364 28 19 det
321 364 25 25 af
365 364 61 19 beslut
439 364 33 19 vid
486 364 199 19 kommunalstämma
700 364 32 19 och
748 371 42 12 som
805 364 17 25 e

270 393 55 18 hörer
348 393 28 18 till
390 395 62 16 annat
467 392 59 20 stånd
540 393 43 19 eller
598 394 22 17 är
635 393 77 19 anstäld
726 393 8 18 i
749 393 72 19 landets

270 422 56 24 tjenst
341 433 28 2 —
386 433 23 3 —
429 434 27 1 —
472 434 27 2 —
514 422 34 19 och
563 422 93 19 beräknas
670 423 87 18 rösterna
775 422 46 24 efter

269 450 96 19 skattören
386 450 45 19 eller
454 450 21 19 de
496 450 62 19 andra
579 450 90 25 grunder,
692 450 64 19 hvilka
768 450 53 25 gälla

270 478 32 19 vid
321 478 152 20 bestämmandet
493 479 26 24 af
537 479 31 19 det
590 479 71 24 belopp,
683 479 90 19 hvarmed
796 485 24 12 en

269 507 47 19 hvar
330 513 42 19 eger
386 507 80 25 bidraga
481 507 28 19 till
523 507 129 19 kommunens
666 507 102 20 allmänna
790 507 29 19 be-

269 535 40 26 hof,
324 535 46 20 dock
384 535 44 20 med
442 536 121 25 iakttagande
578 536 25 25 af
614 537 27 18 att
658 535 58 26 ingen
739 536 80 19 tillkom-

268 570 41 13 mer
322 565 45 24 flere
382 565 27 18 än
425 565 25 18 10
463 566 66 18 röster.

132 627 130 25 Helsingfors,
278 627 38 20 den
332 628 11 19 9
358 627 95 20 Februari
472 628 61 19 1894.

506 689 73 28 Hugo
595 689 155 28 Landgren".

132 855 70 21 Sedan
218 855 40 21 den
274 856 8 19 i
298 856 11 26 $
326 856 26 20 12
368 855 23 21 af
406 855 246 28 Landtdagsordningen
662 855 41 21 den
716 856 26 20 15
754 855 64 28 April

63 889 54 21 1869
133 889 102 28 stadgade
250 889 127 28 rättigheten
402 892 32 18 att
455 889 85 28 deltaga
561 890 6 20 i
590 889 227 28 landtdagsmannaval

61 923 32 20 till
108 923 182 28 Borgareståndet
305 923 72 21 blifvit
392 924 7 20 i
415 924 58 21 vissa
489 923 58 21 delar
562 923 106 21 utsträckt
682 931 77 20 genom
775 923 41 21 den

62 957 81 28 lydelse
156 958 33 27 $:n
206 957 83 21 erhållit
304 958 6 20 i
326 957 78 28 nådiga
421 957 123 22 manifestet
555 957 22 22 af
592 957 41 21 den
644 959 26 20 20
685 957 59 22 Mars
756 959 61 25 1879,

63 991 85 21 anhöllo
175 991 119 22 Ständerna
319 991 37 21 vid
383 993 55 20 1882
457 992 34 21 års
513 991 103 29 landtdag
631 993 30 20 uti
684 991 133 28 underdänig

61 1026 89 27 petition
166 1033 34 14 om
215 1025 153 28 föreläggande
384 1026 23 21 af
423 1026 65 27 nådig
499 1027 131 27 proposition
643 1026 6 21 i
661 1025 36 22 det
713 1026 56 28 syfte
785 1029 31 18 att

61 1059 34 21 för
110 1059 76 22 sådant
201 1060 35 21 val
251 1060 84 21 komme
352 1063 31 18 att
398 1060 57 27 gälla
470 1067 26 14 en
512 1060 76 21 allmän
607 1060 133 28 valordning,
762 1067 54 21 upp-

61 1093 91 28 tagande
168 1093 64 22 bland
254 1099 65 16 annat
342 1094 159 28 bestämningar
523 1101 35 14 om
581 1094 36 21 det
637 1095 78 20 minsta
738 1094 77 28 belopp

61 1127 53 28 årlig
133 1128 99 27 inkomst,
254 1135 45 14 som
323 1128 72 21 kunde
415 1128 98 21 medföra
534 1130 94 25 rösträtt,
650 1132 54 17 samt
725 1136 34 13 om
780 1127 37 22 det

60 1161 76 28 högsta
151 1162 57 21 antal
223 1164 74 24 röster,
312 1169 46 14 som
373 1161 73 22 kunde
459 1163 98 27 tilläggas
570 1162 70 28 någon
654 1162 161 28 valberättigad,

60 1195 110 22 äfvensom
186 1199 31 18 att
229 1196 146 28 stadgandena
390 1204 35 13 om
436 1196 55 27 dem,
502 1197 73 20 hvilka
588 1197 47 20 icke
651 1196 53 28 egde
719 1198 42 19 rätt
770 1197 45 20 att
805 1191 15 37 i

60 1230 57 21 valet
132 1230 90 28 deltaga,
238 1230 77 21 erhölle
332 1232 68 19 större
424 1231 139 28 noggranhet,
584 1231 64 28 jemte
670 1231 36 21 det
728 1232 87 20 rösträtt

60 1264 66 21 borde
141 1265 137 20 tillerkännas
298 1264 81 21 sådana
400 1265 50 21 från
473 1265 128 28 deltagande
624 1266 6 20 i
654 1265 57 22 valet
733 1265 82 21 derför-

59 1299 64 20 innan
139 1299 107 21 uteslutna
261 1299 87 26 klasser,
364 1307 46 13 som
425 1299 106 22 innehade
547 1307 26 13 en
593 1299 155 28 jemförelsevis
764 1299 51 21 obe-

59 1332 79 21 roende
153 1333 107 27 ställning.
289 1333 11 20 I
315 1333 117 27 anledning
447 1333 62 21 häraf
524 1333 170 21 öfverlemnades
710 1333 30 21 till
757 1335 57 19 stän-

59 1366 105 22 dermötet
178 1366 24 22 år
218 1368 54 20 1885
288 1374 26 14 en
329 1366 66 29 nådig
416 1368 133 28 proposition
571 1367 131 21 beträffande
724 1367 90 28 ändring

59 1400 22 21 af
97 1400 41 21 den
151 1408 76 21 genom
243 1401 65 21 ofvan
332 1401 124 28 åberopade
478 1401 101 22 manifest
603 1401 110 22 bestämda
734 1401 81 29 lydelse

58 1434 23 22 af
97 1436 25 20 12
139 1435 12 27 $
166 1435 25 21 L.
206 1435 34 26 O.,
254 1435 67 28 enligt
337 1435 88 22 hvilken
441 1436 104 21 valrätten
562 1436 68 21 skulle
645 1435 120 22 utsträckas
780 1435 34 22 sä-

58 1469 65 21 lunda
139 1472 38 22 att,
188 1482 26 3 —
230 1472 58 19 utom
300 1470 85 27 qvinna,
398 1469 49 27 den,
458 1477 45 14 som
513 1472 24 19 är
546 1470 115 21 frälseman
672 1470 51 21 eller
735 1470 38 21 hör
782 1469 32 22 till

126 1520 131 22 Laguiskottets
270 1521 109 17 betänkande
392 1522 38 16 N:o
443 1521 28 18 14.
