1070 1795
295 143 231 22 Petitionsbetänkande
543 143 34 22 N:o
594 143 20 21 2.
779 145 28 20 43
837 150 3 5 0

75 200 34 17 och
123 199 60 18 skulle
196 199 76 23 betjena
284 199 79 18 trafiken
376 199 42 18 från
432 200 103 17 Kexholms
548 199 61 18 stads-
622 199 35 18 och
666 199 170 23 landsförsamling,

74 228 99 23 Pyhäjärvi
192 229 69 17 socken
280 230 48 16 samt
345 228 53 17 delar
417 228 20 17 af
454 228 87 17 Kaukola
557 228 35 17 och
608 228 72 17 Hiitola
696 228 85 18 socknar.
806 229 30 17 En

76 256 51 23 dylik
146 256 87 18 trafikled
250 257 60 17 skulle
335 256 55 21 hafva
402 256 36 18 den
452 256 86 18 fördelen
552 257 77 17 framom
642 257 23 17 de
678 256 118 23 föregående,
809 259 28 16 att

76 285 36 17 den
131 285 62 17 kunde
212 285 93 18 användas
324 285 40 18 året
376 291 35 15 om,
424 285 97 23 hastigare
535 285 61 18 skulle
609 285 88 18 befordra
710 286 50 17 såväl
773 291 64 17 passa-

75 318 66 17 gerare
160 319 39 12 som
218 313 95 23 fraktgods
326 316 48 15 samt
392 314 115 22 antagligen,
520 314 6 17 i
539 313 91 18 händelse
643 316 26 15 ett
682 314 85 22 billigare
780 314 56 23 bygg-

76 342 116 23 nadssystem
211 342 73 18 komme
303 343 28 17 till
350 343 125 22 användning,
494 342 61 18 blefve
569 342 73 18 mindre
663 342 82 18 kostsam
761 345 23 16 än
801 343 35 17 den

76 370 127 18 förstnämnda
221 371 81 18 kanalen
320 371 28 18 till
366 372 76 20 Antrea,
461 371 81 18 rörande
555 371 55 18 hvars
622 370 97 23 byggande
733 371 104 18 Ständerna

75 399 32 17 vid
120 399 45 19 1885
178 400 30 17 års
221 399 89 24 landtdag
322 400 75 18 anhöllo
411 405 29 13 om
454 399 57 23 nådig
524 400 122 22 proposition.

145 428 37 18 Till
200 428 47 23 följd
265 429 55 17 häraf
336 430 56 21 vågar
406 428 33 23 jag
452 428 107 23 ödmjukast
571 428 76 18 anhålla
660 428 32 18 det
705 428 73 18 landets
791 429 45 22 hög-

76 456 63 23 lofliga
152 457 80 17 Ständer
244 453 62 22 måtte
313 457 65 18 förena
390 457 28 22 sig
431 462 29 12 om
473 462 24 12 en
510 457 81 22 petition
605 457 69 18 derom:

282 517 33 19 att
330 515 56 21 hans
402 515 126 27 Kejserliga
543 515 106 27 Majestät
664 515 52 20 ville
732 515 46 20 låta
793 522 43 13 un-

214 544 91 21 dersöka
320 544 89 21 hvilken
425 543 95 22 kostnad
535 551 28 13 en
573 543 97 28 jernväg
682 543 29 27 af
720 544 41 20 lätt
773 543 64 28 bygg-

214 573 138 27 nadssystem
374 572 56 27 från
454 572 121 21 Kexholms
599 573 69 20 hamn
692 572 35 21 till
749 572 86 21 Hiitola

213 601 85 21 station
323 601 53 21 eller
401 601 76 27 någon
500 607 79 14 annan
604 601 91 27 lämplig
714 601 75 27 punkt
811 601 30 27 af

214 629 108 22 Karelska
340 630 125 27 jernvägen
489 630 85 20 komme
597 631 32 19 att
652 629 102 28 erfordra
769 631 66 25 samt,

216 658 55 23 efter
286 658 84 27 fästadt
388 658 103 27 afseende
501 658 87 27 jemväl
603 658 14 21 å
632 658 99 21 eventuel
746 658 88 21 kanali-

214 687 74 27 sering
310 687 108 27 antingen
441 687 35 20 till
495 687 86 20 Antrea
597 687 52 20 eller
664 687 76 20 Inkilä
755 687 79 20 statio-

214 722 46 21 ner,
298 715 112 28 förelägga
444 715 266 21 nästsammanträdande
741 715 96 21 Ständer

213 744 69 27 nädig
302 744 141 27 proposition
473 751 37 14 om
539 744 109 21 Karelska
678 744 85 21 banans
786 743 48 28 för-

216 773 84 20 enande
325 773 49 20 med
397 773 91 27 Ladoga
509 773 67 20 invid
598 773 108 20 Kexholm
729 772 106 28 antingen

213 801 80 21 medels
303 801 96 28 jernväg
415 801 52 21 eller
483 801 74 21 kanal.

145 857 117 24 Helsingfors
275 858 35 17 den
322 858 11 18 9
346 858 92 18 Februari
452 858 50 17 1894.

145 916 87 21 Tuomas
248 916 124 21 Poutiainen.
656 915 20 21 S.
694 915 71 28 Ryösä.

147 1085 156 24 (Öfversättning)

435 1116 37 18 18.

255 1174 45 17 Till
315 1173 144 18 Hedervärda
473 1173 181 18 Bondeständet.

145 1227 26 21 Är
185 1231 45 18 1888
242 1231 31 17 ärs
286 1231 80 17 Ständer
378 1231 70 22 ansägo
461 1231 32 17 det
505 1235 44 13 vara
562 1230 20 17 af
593 1230 43 21 vikt,
650 1232 27 15 att
690 1229 40 18 frän
743 1230 92 17 Karelska

77 1259 115 22 stambanan,
205 1259 80 18 förutom
298 1260 28 17 till
340 1259 101 18 Sordavala
454 1259 46 22 stad,
514 1265 23 12 en
551 1259 88 22 sidogren
652 1259 61 17 skulle
727 1259 67 22 dragas
806 1259 29 17 till

77 1289 61 21 nägon
151 1293 67 16 annan,
231 1289 21 17 sä
265 1288 77 23 belägen
355 1289 56 16 hamn
424 1287 31 18 vid
468 1288 82 22 Ladoga,
563 1289 28 16 att
603 1287 36 18 den
652 1288 23 21 pä
682 1287 94 23 möjligast
782 1287 54 18 bästa

77 1318 36 16 sätt
125 1317 61 17 skulle
199 1317 62 22 lämpa
273 1317 29 22 sig
314 1322 38 12 som
365 1316 186 23 förmedlingspunkt
563 1316 30 18 för
605 1316 83 18 handeln
701 1316 69 17 mellan
777 1315 58 18 Kare-

77 1345 36 21 len,
138 1347 47 15 samt
210 1345 121 17 öfverhufvud
350 1346 52 16 östra
420 1345 87 21 Finland,
521 1345 36 17 och
569 1345 98 22 Ryssland.
692 1344 37 18 För
741 1345 43 16 hela
795 1345 40 16 vårt

77 1373 54 18 lands
143 1373 95 18 förkofran
252 1374 100 17 arbetande
366 1373 122 23 medborgare
501 1373 56 18 hafva
569 1373 30 18 för
611 1373 55 23 länge
680 1372 57 18 sedan
751 1372 84 18 omfattat

78 1402 61 18 denna
162 1403 58 17 tanke
234 1403 34 17 och
282 1405 60 15 ansett
354 1402 116 23 Kronoborg,
489 1402 43 18 med
549 1402 43 17 dess
606 1402 20 17 af
636 1401 93 23 naturliga
742 1401 93 18 förmäner

77 1431 86 22 gynnade
182 1431 61 22 hamn,
263 1437 44 12 vara
319 1431 32 18 det
363 1431 60 22 ställe,
437 1431 28 18 dit
479 1437 23 12 en
516 1431 69 17 bibana
597 1431 41 17 frän
652 1430 91 18 Karelska
756 1430 79 17 stamba-

77 1465 36 12 nan
127 1460 57 17 borde
196 1460 72 22 dragas.

146 1499 202 19 Petitionsbetänkande
360 1499 38 18 N:o
410 1500 18 17 2.
