1070 1795
215 137 28 21 24
383 135 263 24 Motionsbetänkande
661 135 43 23 N:o
720 135 24 23 3.

257 206 48 20 Med
320 206 94 19 afseende
430 206 12 19 &
456 205 148 20 barnskolorna
612 205 31 19 mä
654 205 5 19 i
671 205 55 19 detta
736 205 93 20 afseende
840 205 106 24 iakttagas,

186 235 52 20 hvad
253 235 123 25 kyrkolagen
392 235 87 23 stadgar.

539 314 10 26 $
566 314 35 20 11.

257 379 56 18 Inom
328 378 42 20 åtta
390 378 32 19 års
437 377 78 25 förlopp
532 377 51 20 efter
599 378 33 19 det
648 377 64 20 denna
728 377 32 24 lag
775 377 97 20 utfärdats
888 376 58 20 skola

187 407 148 20 barnskolorna
356 407 7 19 i
387 407 40 19 alla
448 406 139 24 församlingar
609 412 47 14 vara
678 406 22 20 så
724 406 87 20 ordnade
827 411 41 14 som
883 405 7 19 i
905 405 10 25 8
932 404 13 20 4

188 438 64 21 säges.
285 436 104 19 Likaledes
412 436 57 19 skola
489 436 90 23 samtliga
602 435 173 19 landskommuner
797 436 52 17 inom
871 434 74 19 femton

187 464 33 19 års
244 463 87 26 förlopp,
353 464 86 19 räknadt
461 463 44 20 från
527 469 74 14 samma
622 464 36 22 tid,
680 463 88 20 anordna
787 464 35 19 sitt
837 463 108 19 folkskole-

187 493 87 19 väsende
291 493 62 26 enligt
369 493 10 25 $
396 491 19 20 5.

258 521 35 19 Om
315 521 66 20 lokala
404 521 137 19 förhållanden
564 523 48 21 göra
631 521 64 23 någon
711 521 77 18 lättnad
803 520 7 19 i
825 519 93 20 afseende
934 519 12 20 å

188 549 94 20 enskilda
297 549 149 24 församlingars
461 550 48 19 eller
523 549 127 20 kommuners
666 549 111 24 skyldighet
788 548 157 24 oundgängligen

187 579 122 23 nödvändig,
332 579 58 18 beror
413 578 67 24 frågan
503 579 26 24 på
552 578 94 24 pröfning
674 577 22 20 af
716 577 112 24 Kejserliga
850 577 95 19 Senatens

188 607 256 24 Ekonomiedepartement.

541 687 10 25 s
569 686 33 21 12.

258 749 70 20 Denna
351 751 31 23 lag
402 750 36 20 har
460 751 44 19 icke
527 750 125 25 tillämpning
675 750 25 24 på
724 750 93 19 abnorma
837 749 56 23 barn,
915 754 31 14 om

189 778 79 19 hvilkas
284 779 141 24 undervisning
440 781 22 17 är
477 779 96 20 särskildt
589 779 99 24 stadgadt.

262 961 151 26 (Öfversättning).

351 1035 47 20 Till
414 1035 160 20 Hedervärda
592 1035 195 19 Bondeståndet.

260 1121 76 19 Trettio
359 1121 22 19 år
402 1120 57 20 hafva
481 1123 54 17 snart
555 1120 79 24 förgått,
650 1121 60 19 sedan
726 1121 34 18 vår
775 1121 60 23 högre
850 1120 98 20 folkskola

191 1149 62 19 erhöll
278 1149 28 19 sin
330 1150 110 19 nuvarande
458 1149 113 23 anordning.
603 1149 42 19 Den
661 1149 35 19 har
711 1149 62 19 under
788 1149 60 24 sagda
863 1149 84 24 tidrymd

190 1178 162 23 ovedersägligen
375 1178 99 19 utvecklat
496 1179 28 22 sig
539 1179 6 18 i
563 1178 109 23 betydande
688 1179 53 18 mån:
757 1183 36 18 nya
809 1178 66 19 skolor
890 1177 58 20 hafva

189 1206 6 19 i
218 1208 52 17 stort
293 1207 52 18 antal
369 1207 62 18 blifvit
453 1207 96 19 inrättade
573 1207 67 24 hvarje
655 1207 29 23 år,
700 1207 37 19 och
752 1207 91 19 intresset
859 1206 30 19 för
904 1207 44 18 dem

189 1234 64 20 håller
278 1235 120 19 fortfarande
421 1235 25 24 på
467 1238 28 16 att
518 1235 83 20 utbreda
624 1236 34 22 sig.
689 1235 115 20 Emellertid
823 1235 125 19 förefinnas
937 1230 16 34 i

191 1263 44 19 vårt
258 1263 183 20 folkskoleväsende
464 1267 53 16 stora
533 1264 189 19 missförhållanden.
757 1264 30 19 En
803 1264 60 23 otalig
879 1264 69 23 mängd

190 1291 59 20 äfven
274 1292 100 24 förmögna
396 1292 97 19 föräldrar
515 1292 69 23 finnas,
606 1293 66 19 hvilka
693 1293 18 24 ej
731 1298 46 14 anse
799 1293 34 18 det
855 1298 40 13 som
918 1293 29 18 sin

190 1320 114 24 skyldighet
334 1325 30 16 att
389 1321 93 19 förskaffa
506 1321 42 19 sina
571 1321 47 19 barn
642 1321 36 19 den
702 1321 94 25 bildning,
819 1327 40 14 som
882 1321 66 24 erbju-

189 1348 35 20 des
244 1349 5 19 i
275 1355 23 13 en
321 1349 61 24 högre
403 1348 103 24 folkskola,
529 1349 37 20 och
590 1350 30 22 de,
644 1355 41 13 som
709 1352 51 16 sätta
782 1350 41 18 sina
839 1350 48 18 barn
902 1350 6 18 i
924 1355 23 13 en

181 1377 62 24 "dylik
268 1378 62 25 skola,
353 1378 105 19 inskränka
476 1378 29 19 för
521 1378 33 19 det
570 1381 62 16 mesta
648 1378 57 19 deras
721 1378 94 24 skolgång
831 1378 29 19 till
875 1381 29 16 ett
919 1378 28 19 år.

189 1405 105 20 Dessutom
318 1407 36 19 bör
374 1407 131 23 ihågkommas
520 1409 29 16 att
565 1407 37 19 den
618 1407 145 24 undervisning,
779 1413 40 13 som
835 1407 91 24 erbjudes
941 1407 7 18 i

188 1434 89 19 hemmen
300 1435 35 18 och
358 1435 146 25 hbarnskolorna,
521 1435 182 24 öfverhnfvndtaget
714 1438 21 17 är
750 1439 71 21 ytterst
837 1435 111 25 hristfällig,

258 1473 106 19 Allmänna
376 1473 169 19 Besvärsutskottets
557 1474 111 18 betänkande
680 1476 36 16 N:o
732 1474 31 18 20.
