1070 1795
172 132 385 25 Petitionsbetänkande
569 133 58 23 N:o
643 133 48 23 29.

256 455 236 28 Jernvägsutskottets
511 455 140 22 betänkande
669 454 37 23 N:o
722 455 14 22 4
751 455 8 22 i
774 461 37 16 an-

189 489 89 29 ledning
297 490 24 21 af
338 490 33 21 ett
390 489 57 22 inom
468 489 188 28 Borgareständet
674 490 67 21 väckt
756 489 55 29 peti-

188 523 142 30 tionsförslag
349 531 33 15 om
401 524 117 22 införande
534 524 25 22 af
573 523 105 24 zontariff
691 524 13 22 ä
724 523 86 23 landets

186 559 128 28 jernvägar.

121 664 87 22 Genom
224 664 211 27 protokollsutdrag
452 665 26 20 af
491 665 43 21 den
550 664 27 21 12
592 663 108 22 Februari
712 664 41 21 har
765 664 44 21 väl-

53 698 75 28 lofliga
143 698 193 27 Borgareständet
355 699 35 22 till
406 699 246 27 Jernvägsutskottets
668 699 142 26 behandling,

51 733 71 26 jemte
146 733 112 27 protokoll
280 733 64 22 öfver
368 735 35 20 ett
427 734 38 21 vid
484 733 108 22 ärendets
612 733 84 22 remiss
714 733 97 27 afgifvet

53 768 115 26 yttrande,
184 767 129 27 hänskjutit
328 767 100 28 följande
444 768 240 27 petitionsmemoria!:

224 847 45 18 Till
285 847 129 23 Vällofliga
430 847 205 23 Borgareständet.

121 893 127 22 Jernvägarne
264 893 6 18 i
286 895 25 16 ett
326 893 45 18 land
387 894 59 17 vinna
461 893 95 24 sjelffallet
571 896 59 15 större
646 894 96 23 betydelse
755 895 7 17 i
775 894 36 18 den

53 923 43 16 män
109 921 101 24 afgifterna
222 921 29 18 för
263 927 76 18 person-
352 923 36 17 och
401 922 150 23 godsbefordran
564 923 96 18 nedsättas
671 923 34 18 och
714 923 62 18 lemna
788 929 23 12 en

53 953 60 16 större
127 951 103 18 allmänhet
241 951 97 23 möjlighet
350 953 27 16 att
390 951 61 18 anlita
465 951 50 18 detta
527 951 237 18 kommunikationsmedel.
783 952 28 17 De

53 985 25 12 nu
91 980 6 17 i
110 980 41 17 värt
162 980 45 17 land
219 979 97 18 faststälda
329 979 102 24 afgifterna
444 980 29 18 för
485 981 48 20 3:dje
547 981 85 17 klassens
644 985 121 18 passagerare
773 982 38 19 äro,

53 1014 29 12 om
95 1009 35 17 ock
143 1009 73 18 mindre
231 1010 24 17 än
270 1009 7 18 i
289 1009 75 23 mänget
377 1011 59 16 annat
449 1009 50 21 land,
513 1009 48 18 dock
574 1009 62 18 alltför
649 1010 49 22 höga
714 1009 28 18 för
754 1012 27 15 att
793 1009 20 18 af

54 1037 36 18 den
104 1037 121 19 obemedlade
237 1038 64 17 kunna
316 1038 92 23 erläggas.
433 1038 82 23 Afgifter
528 1038 70 18 sädana
610 1043 39 13 som
662 1039 22 18 18
699 1039 35 17 mk.
746 1039 30 18 för
788 1044 23 12 en

53 1067 35 17 500
100 1066 41 18 kms
153 1071 48 17 resa,
211 1067 21 22 ja
244 1067 49 17 ända
304 1067 28 17 till
344 1067 24 18 30
380 1067 38 18 mk.
432 1067 31 18 för
475 1067 23 18 de
512 1067 73 23 längsta
597 1067 74 18 afständ
683 1073 35 17 per
728 1068 83 23 jernväg,

53 1095 59 18 mäste
125 1095 29 18 för
165 1095 69 18 talrika
245 1095 51 23 lager
308 1095 20 18 af
339 1096 102 18 samhället
455 1096 122 23 omöjliggöra
589 1101 52 13 resor
654 1096 53 18 äfven
720 1096 21 18 af
751 1098 60 16 större

52 1124 43 22 vigt.
114 1124 37 17 Det
163 1126 21 15 är
196 1123 75 18 derföre
283 1124 106 23 förklarligt
402 1127 28 15 att
443 1125 72 17 antalet
527 1130 127 17 passagerare,
666 1130 38 13 som
717 1125 95 18 utsträcka

53 1153 42 18 sina
106 1158 52 12 resor
170 1153 30 17 till
210 1153 66 23 längre
291 1153 80 20 afständ,
384 1155 22 16 är
420 1153 141 23 jemförelsevis
574 1154 70 22 ganska
656 1154 46 18 litet.
727 1151 84 21 Öfverra-

53 1181 70 18 skande
140 1183 20 16 är
176 1181 32 18 det
223 1181 49 18 dock
287 1184 26 16 att
328 1187 23 12 ur
364 1183 200 22 jernvägsstatistiken
580 1183 61 17 erfara
657 1185 27 15 att
699 1183 24 22 pä
739 1183 73 18 afständ

53 1210 52 18 öfver
119 1210 35 18 200
171 1211 31 17 km
217 1211 45 17 falla
277 1211 41 17 icke
334 1211 50 17 fulla
399 1211 40 23 40
455 1211 21 18 af
489 1211 36 18 alla
537 1211 150 23 jernvägsresor;
702 1212 25 22 pä
739 1211 73 18 afständ

52 1239 52 18 öfver
116 1239 35 18 300
162 1239 31 18 km
208 1239 67 18 endast
290 1239 60 23 2,4%.
375 1240 31 17 En
419 1242 60 16 större
493 1240 92 23 sänkning
598 1240 20 17 af
631 1240 105 23 afgifterna,
749 1240 62 18 särde-

53 1267 28 18 les
93 1267 30 18 för
135 1273 53 12 resor
202 1268 24 23 pä
241 1268 64 23 längre
321 1268 82 21 afständ,
416 1269 90 18 framstär
518 1268 75 19 derföre
606 1269 60 18 säsom
679 1274 23 13 en
718 1269 93 23 bjudande

53 1296 143 23 nödvändighet,
208 1301 28 13 om
248 1297 124 22 jernvägarne
385 1297 35 18 hos
434 1303 31 12 oss
479 1297 52 18 skola
544 1298 72 18 erhälla
628 1298 36 18 den
674 1298 96 23 betydelse
783 1298 29 18 för

52 1325 65 18 landet
129 1325 23 18 de
165 1325 63 18 kunna
240 1327 40 21 äga.

121 1354 33 17 Att
166 1359 42 13 man
220 1354 102 23 ingalunda
335 1354 91 19 behöfver
436 1355 71 21 befara,
521 1357 27 16 att
560 1360 22 12 en
593 1355 57 18 sädan
662 1355 92 23 sänkning
763 1356 48 17 skall

53 1382 84 18 medföra
150 1385 26 16 ett
187 1382 109 24 nedgående
309 1383 21 18 af
339 1384 111 18 inkomsten
463 1384 42 18 från
517 1384 164 23 jernvägsdritten,
694 1386 20 16 är
730 1389 23 13 en
766 1384 46 23 följd

53 1411 58 22 deraf,
124 1413 27 16 att
162 1417 30 12 om
205 1412 145 23 nedsättningen
363 1413 21 17 af
396 1413 128 23 biljettprisen
537 1415 20 16 är
571 1413 110 22 tillräckligt
693 1415 39 16 stor
744 1413 29 18 för
785 1415 27 16 att

52 1439 62 18 lemna
132 1440 54 18 äfven
205 1441 22 17 de
243 1441 56 18 minst
314 1441 112 19 bemedlade
443 1442 66 23 lagren
526 1442 20 18 af
559 1442 99 18 samhället
673 1442 96 23 möjlighet
785 1444 26 16 att

121 1492 179 23 Jernvägsutskottets
313 1493 113 18 betänkande
439 1493 38 18 N:o
490 1495 16 16 4.
