1070 1795
258 124 26 21 14
409 123 278 24 Petitionsbetänkande
702 124 46 23 N:o
764 124 37 23 21.

297 191 54 22 Med
373 191 91 27 hänsyn
489 192 80 21 härtill
593 192 75 21 finner
689 192 130 25 Utskottet,
844 195 35 18 att
894 200 36 14 om
946 192 43 23 ock

228 232 84 22 genom
335 225 67 29 dylik
422 226 155 29 nedsättning
599 226 26 21 af
644 227 201 28 terminsafgiften
860 227 9 21 i
883 226 107 23 fruntim-

228 261 128 21 mersskola
378 268 29 13 en
429 261 89 28 ganska
540 261 118 28 väsentlig
680 261 138 28 minskning
839 261 8 21 i
863 261 127 22 inkomster

229 294 37 21 för
289 295 140 21 statsverket
444 295 76 21 blefve
537 295 95 28 följden,
649 295 76 22 denna
741 295 174 29 omständighet
930 295 59 22 dock

229 329 52 21 icke
296 329 97 21 innebär
408 336 47 21 nog
469 329 70 28 giltig
555 329 127 28 anledning
698 332 35 19 att
748 329 37 22 för
801 330 44 21 den
861 330 8 21 i
883 329 107 22 flicksko-

229 363 68 21 lorna
317 363 135 22 meddelade
475 363 200 29 undervisningen
690 363 80 22 fordra
787 367 73 18 större
875 363 70 30 afgift
959 367 30 18 än

230 397 52 27 den,
298 405 49 14 som
362 398 37 21 för
414 398 151 28 gosskolorna
581 401 25 18 är
621 398 105 28 stadgad.

299 432 67 21 Inom
381 432 121 21 Utskottet
521 432 41 21 har
575 432 89 28 jämväl
679 432 140 29 föreslagits,
836 435 35 18 att
885 432 105 22 termins-

230 465 127 29 afgifterna
379 467 9 20 i
411 470 86 17 statens
521 466 78 21 skolor
620 474 84 20 genom
728 467 99 28 lämplig
843 467 97 28 höjning
954 465 37 22 för

231 501 153 27 gosskolorna
408 501 44 21 och
477 500 152 29 nedsättning
656 501 36 21 för
721 501 270 22 fruntimmersskolorna

230 535 72 21 borde
323 535 123 28 utjämnas,
468 535 25 21 sä
509 537 35 19 att
566 535 8 21 i
598 535 108 29 samtliga
726 535 68 22 dessa
809 536 78 21 skolor
903 535 87 21 erlades

230 569 122 22 enahanda
368 569 76 28 afgift,
465 569 140 29 exempelvis
622 571 26 20 25
665 570 45 21 mk.
740 570 115 21 Flertalet
869 571 63 20 inom
946 569 44 22 Ut-

231 603 89 22 skottet
334 603 44 22 har
390 603 59 22 dock
465 603 19 29 ej
501 604 80 21 tunnit
593 604 87 28 skäligt
690 604 93 21 förorda
795 604 160 29 tillgripandet
966 603 28 22 af

231 638 73 21 sädan
327 638 88 29 ätgärd,
439 638 30 21 dä
488 639 26 28 ju
537 638 135 29 härigenom
692 638 153 29 möjligheten
861 639 36 21 för
911 645 80 22 gossar

231 672 53 21 frän
300 673 109 28 fattigare
428 672 51 21 hem
496 675 35 19 att
547 673 87 21 erhälla
650 673 162 28 skolbildning
827 673 77 22 blefve
918 675 73 26 ytter-

230 707 75 28 ligare
320 707 149 25 förminskad,
486 707 43 21 och
545 707 91 22 komme
651 715 54 14 man
721 707 99 22 sälunda
837 710 34 19 att
882 707 51 22 med
946 707 45 21 den

233 749 44 13 ena
299 741 92 22 handen
414 742 110 28 ätertaga,
549 741 62 22 hvad
628 749 52 14 man
696 741 73 29 gifvit
785 741 52 22 med
853 741 44 22 den
913 741 77 22 andra.

300 776 34 21 På
357 775 76 29 grund
457 775 26 22 af
500 776 61 21 hvad
577 776 71 21 ofvan
664 775 89 23 anförts
768 775 37 22 får
820 776 121 22 Utskottet
955 776 37 21 sä-

231 810 73 21 lunda
325 810 119 21 vördsamt
466 809 92 26 föreslå,
581 813 35 18 att
631 810 91 21 landets
738 810 136 29 Höglofliga
893 810 98 21 Ständer

230 845 58 20 ville
310 845 56 28 ingå
388 845 38 21 till
444 845 65 21 Hans
524 845 133 28 Kejserliga
672 845 111 28 Majestät
798 845 52 22 med
865 852 28 14 en
909 845 83 21 under-

232 879 73 28 dånig
319 879 100 28 petition
434 879 86 26 därom,

508 939 31 19 att
563 937 28 21 N.
616 937 153 28 Kungörelsen
791 938 32 27 af
841 937 41 21 den
903 939 31 20 22
950 944 42 14 au-

438 972 59 27 gusti
520 973 58 19 1889
601 979 61 13 mom.
685 973 14 20 3
714 973 66 19 måtte
792 972 126 27 förändras
934 972 8 20 i
957 972 35 20 så-

440 1006 53 21 dant
509 1006 65 27 syfte,
590 1008 31 19 att
636 1006 149 28 mottagandet
801 1006 30 27 af
838 1006 104 27 frielever
957 1006 35 21 till

440 1041 252 20 elementarläroverkens
725 1040 39 21 och
788 1040 203 27 fruntimmerssko-

440 1075 74 21 lornas
529 1075 77 27 första
625 1075 60 20 klass
700 1075 71 27 blefve
789 1075 86 25 tillåtet,
903 1075 33 21 till
959 1075 34 20 det

440 1110 61 20 antal
525 1109 39 21 och
584 1110 31 27 pä
638 1109 26 21 de
684 1109 80 21 villkor
783 1109 77 28 fjärde
881 1116 61 14 mom.
965 1109 32 28 af

441 1144 166 27 ofvannämnda
622 1143 137 28 Kungörelse
771 1144 134 27 fastställer,

232 1179 62 19 samt

509 1215 32 18 att
556 1219 30 14 nu
595 1212 104 28 gällande
708 1212 163 28 bestämningar
883 1212 111 27 angående

441 1247 97 28 beloppet
561 1247 32 27 af
611 1247 218 28 terminsafgijterna
852 1247 8 20 i
883 1247 110 27 fruntim-

442 1281 158 21 mersskolorna
622 1281 65 21 mätte
706 1281 129 28 förändras
853 1281 93 25 därhän,
962 1283 32 18 att

442 1315 217 28 terminsafgifterna
682 1316 36 20 vid
740 1315 64 21 dessa
826 1315 98 21 läroverk
941 1315 53 20 ned-

442 1352 65 18 sättes
532 1350 35 20 till
585 1356 84 14 samma
684 1349 84 28 belopp,
784 1356 45 14 som
845 1350 8 19 i
869 1350 125 21 elementar-

443 1384 123 21 läroverken
579 1384 42 28 för
632 1391 83 21 gossar.

306 1469 104 18 Allmänna
421 1469 170 18 Besvärsutskoitets
603 1469 109 19 betänkande
724 1469 39 18 N:o
776 1469 29 18 10.
