1070 1795
247 141 379 25 Petitionsbetänkande
640 143 60 23 N:o
714 143 51 23 28.

324 448 256 27 Jernvägsutskottets
596 448 94 27 förslag
706 448 40 22 till
763 454 115 16 samman-

255 482 127 28 jemkning
397 483 29 21 af
444 482 117 23 Ståndens
577 481 153 29 skiljaktliga
746 482 79 23 beslut
840 483 39 21 vid

258 517 178 27 behandlingen
452 517 28 22 af
493 517 135 22 utskottets
644 517 150 22 betänkande
809 517 41 22 N:o
865 518 14 21 5

258 552 6 21 i
296 551 131 28 anledning
452 551 28 22 af
499 551 70 22 väckt
592 551 70 28 fråga
685 557 39 17 om
747 551 61 23 ökad
830 551 49 22 far-

258 586 126 27 hastighet
399 587 13 20 å
429 586 94 22 landets
536 585 138 29 jernvägar.

189 724 30 21 Af
242 724 106 21 utskottet
372 724 197 21 tillhandakomna
585 724 208 29 protokollsutdrag
809 724 69 21 fram-

119 759 42 28 går
176 761 32 19 att
222 758 98 22 Stånden
338 758 38 22 vid
394 759 167 28 behandlingen
577 758 24 22 af
616 758 120 22 utskottets
753 766 29 14 nu
792 758 86 29 ifråga-

120 793 99 22 varande
235 793 142 22 betänkande
394 795 91 20 stannat
501 793 38 22 vid
553 793 99 28 följande
667 793 86 22 beslut:

190 828 158 27 Ridderskapet
370 828 40 21 och
434 828 72 21 Adeln
528 827 42 22 har
593 827 87 29 antagit
694 829 31 20 ett
740 827 25 22 så
781 827 98 29 lydande

119 861 231 29 resolutionsförslag:
376 864 46 24 ,att
449 862 126 22 Ständerna
600 862 53 21 ville
668 862 36 21 för
719 862 35 21 sin
770 861 36 23 del
822 869 57 20 upp-

119 897 70 22 häfva
211 896 111 22 härintills
344 896 110 29 gällande
475 897 170 28 bestämningar
660 903 37 15 om
712 896 167 29 inskränkning

119 931 25 22 af
158 931 178 28 farhastigheten
354 931 13 21 å
383 931 90 22 landets
488 931 141 28 jernvägar*.

189 966 162 21 Presteståndet
366 966 42 21 har
424 967 52 20 med
492 965 120 28 afböjande
628 966 24 21 af
662 966 120 21 utskottets
793 965 86 29 förslag

119 1000 92 21 beslutit
232 1002 33 19 att
280 1000 126 21 Ständerna
422 1001 74 21 skulle
511 1000 101 22 anhålla:
628 1001 46 25 ,,att
689 1001 63 21 Hans
766 1000 111 28 Majestät,

119 1035 56 21 efter
190 1035 38 21 det
242 1034 135 29 fullständig
392 1042 82 21 genom
489 1035 108 21 fackmän
613 1035 125 21 verkställd
754 1035 124 21 undersök-

119 1069 55 28 ning
196 1069 7 21 i
226 1070 80 23 ämnet
322 1071 40 26 egt
380 1076 59 19 rum,
456 1069 53 22 ville
525 1071 53 26 taga
593 1069 7 21 i
616 1069 80 28 nådigt
710 1069 168 28 öfvervägande

119 1103 121 27 huruvida,
266 1104 49 21 med
339 1103 162 22 bibehållande
524 1104 24 21 af
565 1105 130 20 nuvarande
710 1103 78 29 billiga
803 1104 74 28 bygg-

121 1138 141 28 nadssystem
272 1137 35 22 för
317 1137 91 22 landets
418 1138 129 29 jernvägar,
554 1138 179 29 farhastigheten
742 1138 13 21 å
762 1139 116 21 desamma

119 1173 76 21 kunde
210 1173 7 20 i
232 1172 75 29 någon
323 1172 52 23 mån
392 1173 58 22 ökas
465 1173 36 22 för
516 1173 196 28 passageraretåg,
728 1175 58 20 samt
801 1173 76 22 derom

119 1207 128 28 framlägga
263 1207 69 28 nådig
347 1207 141 28 proposition
504 1207 34 22 till
553 1209 65 20 nästa
634 1207 129 29 landtdag*.

188 1242 188 28 Borgareständet
391 1242 43 21 har
450 1242 102 29 godkänt
567 1242 121 22 utskottets
702 1242 93 28 förslag.

188 1276 166 22 Bondeständet
370 1276 42 21 har
430 1277 50 21 med
495 1277 147 21 förkastande
657 1277 25 21 af
696 1277 120 21 utskottets
832 1276 46 21 för-

119 1311 50 28 slag
199 1311 104 21 omfattat
324 1317 28 15 en
376 1310 27 22 sä
426 1311 100 28 lydande
541 1311 133 22 resolution:
692 1313 45 23 ,att
752 1311 127 22 Ständerna

119 1346 53 20 ville
187 1345 35 21 för
237 1345 34 21 sin
288 1345 36 21 del
340 1346 120 27 upphäfva
470 1345 113 22 härintills
594 1345 105 29 gällande
710 1345 169 28 bestämningar

119 1387 34 14 om
183 1380 167 29 inskränkning
372 1380 26 21 af
424 1380 179 29 farhastigheten
619 1380 13 22 å
648 1380 87 21 landets
750 1380 127 28 jernvägar,

118 1415 118 21 äfvensom
251 1414 92 22 anhälla
366 1415 39 21 det
428 1415 53 21 ville
497 1415 62 21 Hans
575 1414 125 29 Kejserliga
716 1414 106 29 Majestät
832 1414 46 21 läta

119 1449 127 23 undersöka
268 1449 114 22 huruvida
398 1449 44 22 och
458 1450 6 21 i
480 1449 61 22 hvad
557 1449 51 22 män
624 1450 38 21 det
676 1456 52 15 vore
744 1449 87 28 möjligt
846 1451 33 19 att

185 1500 181 23 Jernvägsutskottets
378 1501 115 18 betänkande
505 1500 37 19 N:o
555 1501 17 18 5.
