1070 1795
296 141 230 22 Petitionsbetänkande
543 141 34 22 N:o
593 141 21 22 2.
778 144 25 21 17

73 197 122 18 medlemmar
214 198 80 22 uttryckt
313 203 38 12 som
370 198 30 17 sin
413 198 96 22 enhälliga
522 198 72 17 önskan
607 198 156 19 framlemnandet
775 199 20 18 af
807 201 26 16 ett

73 225 161 24 petitionsförslag
252 227 96 22 angående
369 226 98 18 omnämda
483 227 86 22 jernväg,
587 227 56 22 vågar
659 227 33 22 jag
710 228 75 17 anhålla
803 234 29 12 om

74 254 116 18 hedervärda
204 255 147 18 Bondeståndets
364 255 113 17 medverkan
492 255 72 18 dertill:

281 309 32 19 att
341 307 86 21 landets
452 307 129 27 Ständer,
576 303 12 36 i
604 308 229 27 öfverensstämmelse

213 341 49 21 med
283 341 68 28 syftet
372 341 10 21 i
406 341 140 22 Ständernas
561 342 39 21 vid
621 345 87 18 senaste
729 343 104 28 landtdag

212 375 85 28 fattade
313 375 70 22 beslut
405 375 113 28 angående
541 376 89 21 Raumo
644 377 102 28 jernväg,
763 378 70 21 skulle

213 410 80 21 anvisa
307 417 27 14 en
349 410 81 28 miljon
445 411 65 21 mark
524 411 24 21 åt
563 411 90 21 Raumo
668 412 50 20 stad
734 412 35 21 till
778 412 53 21 sub-

214 445 91 20 vention
323 444 37 28 för
380 444 122 28 byggandet
517 445 29 27 af
558 452 27 14 en
595 446 97 27 jernväg
707 446 55 27 från
778 447 53 20 Pei-

211 479 70 27 pohja
296 479 84 21 station
399 479 7 21 ä
426 479 168 28 Tammerfors—
606 480 142 27 Björneborgs
759 481 74 21 banan

216 513 35 21 till
266 513 87 21 Raumo
369 513 76 21 hamn.

147 569 119 23 Helsingfors
280 570 35 17 den
327 569 11 18 8
351 570 90 17 Februari
455 570 49 17 1894.

579 611 61 22 Wilho
655 612 109 21 Witikkala.

433 767 38 17 10.

256 823 46 18 Till
315 823 127 23 Vällofliga
454 824 201 22 Borgareständet.

146 880 37 18 Vid
202 883 74 16 senaste
289 881 125 17 ständermöte
426 881 102 18 framförde
541 881 36 18 den
591 881 104 19 dävarande
704 883 57 17 ärade
770 888 65 18 repre-

76 911 99 16 sentanten
188 909 29 18 för
229 909 71 23 Nystad
314 915 21 12 en
348 909 85 18 vördsam
446 910 81 22 petition
541 915 28 12 om
583 910 149 22 tillgodoseende
746 911 19 18 af
772 911 63 18 denna

76 938 52 17 stads
141 937 56 23 lifligt
209 938 63 17 kända
284 938 57 17 behof
352 938 20 17 af
382 938 115 18 förbindelse
510 939 43 17 med
567 939 73 17 landets
652 939 127 22 järnvägsnät,
792 942 43 15 när-

78 968 47 15 mast
137 967 62 17 banan
213 967 80 17 emellan
306 967 124 18 Tammerfors
443 967 34 17 och
492 967 122 22 Björneborg.
633 967 105 18 Petitionen
746 968 89 23 lyckades

77 995 113 22 emellertid,
214 996 6 17 i
239 995 92 23 mängden
351 995 20 18 af
388 995 58 18 andra
462 996 170 23 järnvägsprojekt,
652 997 42 16 icke
708 997 86 17 tillvinna
807 997 28 22 sig

78 1024 114 17 Ständernas
205 1024 58 17 bifall.

147 1052 26 18 Af
190 1053 57 17 sådan
266 1053 102 22 anledning
386 1053 34 18 och
440 1053 23 18 då
481 1053 58 18 sedan
556 1053 86 18 sednaste
656 1053 88 23 landtdag
757 1059 36 18 nya
805 1056 30 15 vä-

77 1081 62 22 gande
152 1081 41 18 skäl
206 1081 112 22 tillkommit,
331 1081 63 18 hvilka
406 1082 39 17 tala
457 1082 28 17 för
498 1082 98 22 byggande
609 1082 21 17 af
636 1082 143 23 ifrågavarande
790 1083 45 22 linje

79 1109 190 24 Nystad—Peipohja,
288 1110 54 17 utber
357 1111 33 21 jag
408 1111 38 21 mig
464 1110 94 17 vördsamt
576 1110 19 17 få
607 1111 103 22 framlägga
722 1117 22 12 en
758 1111 77 23 förnyad

79 1139 79 22 petition
176 1139 7 17 i
203 1139 61 17 denna
282 1138 29 18 för
329 1139 65 17 staden
407 1139 72 22 Nystad
493 1139 106 22 synnerligt
610 1139 72 22 viktiga
694 1139 141 23 angelägenhet.

147 1167 37 18 Till
203 1168 112 22 motivering
332 1167 20 18 af
362 1167 107 18 densamma
481 1168 35 17 har
526 1168 33 22 jag
572 1169 45 16 äran
630 1168 5 17 i
649 1168 75 17 korthet
736 1168 100 18 framhålla

79 1196 83 23 följande
175 1196 147 23 hufvudsakliga
334 1197 121 22 synpunkter.

148 1225 37 17 Det
203 1225 53 17 torde
274 1225 41 18 icke
334 1225 64 17 kunna
410 1225 64 21 nekas,
488 1227 26 15 att
528 1225 37 18 den
577 1225 119 22 vidsträckta,
710 1225 78 23 bördiga
801 1226 34 17 och

77 1253 137 23 jämförelsevis
226 1255 36 16 tätt
274 1254 98 17 befolkade
386 1254 54 23 bygd,
454 1259 39 12 som
507 1254 84 17 sträcker
604 1255 29 22 sig
646 1254 80 18 emellan
738 1255 61 17 Kumo
810 1254 28 18 elf

79 1283 6 17 i
105 1288 44 12 porr
167 1284 49 16 samt
228 1283 7 17 i
247 1285 62 15 vester
320 1283 35 17 och
368 1283 55 17 söder
435 1283 103 22 begränsas
551 1282 20 18 af
581 1283 69 20 hafvet,
666 1283 3 17 i
682 1288 40 13 mer
734 1285 24 15 än
771 1285 26 16 ett
809 1283 27 18 af-

79 1311 70 18 seende
168 1311 91 22 förtjänar
277 1313 27 15 ett
318 1313 92 20 noggrant
423 1311 112 22 beaktande,
549 1311 23 18 då
585 1311 53 22 fråga
650 1312 67 17 väckes
730 1317 30 12 om
772 1311 63 19 vidare

79 1340 107 22 utveckling
210 1339 20 17 af
244 1340 141 22 järnvägsnätet
403 1341 5 16 i
428 1341 41 16 vårt
487 1340 49 17 land.
561 1340 29 17 En
605 1341 79 21 järnväg
696 1340 70 22 dragen
778 1343 58 15 tvärs-

79 1368 73 22 igenom
166 1368 87 23 sydvesta
265 1368 79 18 Finland
357 1368 41 18 från
412 1368 77 22 lämplig
501 1368 61 23 punkt
574 1368 31 18 vid
617 1368 149 23 Björneborgska
775 1363 63 23 banan

79 1397 37 17 ned
128 1397 30 17 till
171 1397 74 21 kusten,
258 1403 43 12 vore
314 1398 6 17 i
333 1397 95 23 synnerlig
440 1397 46 23 grad
499 1397 61 22 egnad
573 1400 28 15 att
613 1398 7 17 i
634 1397 61 18 denna
708 1397 30 18 del
749 1397 20 18 af
773 1398 64 17 landet

79 1425 100 18 framkalla
192 1428 26 15 ett
230 1425 114 18 förbättradt
353 1426 93 22 jordbruk
459 1426 35 18 och
508 1431 23 12 en
538 1425 80 23 lifligare
626 1426 137 22 mejerirörelse
771 1431 66 18 genom

77 1456 30 15 att
119 1454 29 18 för
160 1454 61 18 dettas
234 1454 58 18 alster
304 1457 60 20 öppna
377 1460 23 12 en
413 1460 25 12 nu
452 1455 72 17 saknad
537 1455 56 22 billig
605 1456 101 21 exportväg
719 1457 47 15 samt
775 1455 62 17 tillika

149 1494 201 18 Petitionsbetänkande
362 1495 38 17 N:o
413 1495 17 17 2.
756 1495 10 17 2
