1070 1795
764 151 27 21 13

61 213 136 21 litiefondens
220 213 105 21 ordinarie
348 213 115 27 tillgångar
477 213 69 21 blefve
561 213 28 27 pä
605 215 31 20 ett
651 213 110 28 varaktigt
775 215 44 20 sätt

62 247 117 22 förstärkta
200 253 77 21 genom
298 248 42 21 viss
360 247 55 27 årlig
431 247 92 22 inkomst
538 249 27 20 än
581 248 46 26 ock,
644 247 28 22 då
687 248 41 21 den
743 249 76 20 väckta

61 281 75 27 frågan
159 288 34 15 om
216 282 41 21 den
280 281 68 22 finska
370 281 138 22 tulltariffens
523 282 125 27 förändring
662 282 34 21 till
712 282 107 21 öfverens-

60 316 122 21 stämmelse
204 316 49 21 med
276 315 160 28 Kejsardömets
451 316 77 21 varder
543 316 89 21 föremål
647 317 33 20 för
695 316 123 28 afgörande,

60 351 7 20 i
89 350 67 21 nåder
180 351 56 21 fästa
258 350 99 22 afseende
376 351 35 21 vid
428 351 26 21 de
471 351 129 26 önskningar
615 351 40 21 och
670 351 87 26 åsigter,
773 357 46 16 som

60 385 27 26 på
111 385 36 21 det
169 385 69 21 finska
260 384 78 23 folkets
360 387 81 25 vägnar
456 385 123 21 framburits
595 385 7 21 i
618 385 40 22 den
674 385 145 28 underdåniga

59 419 99 27 petition,
174 420 85 21 hvilken
274 420 23 21 af
311 420 120 21 Ständerna
446 420 24 21 år
487 420 54 21 1891
552 420 7 21 i
572 420 113 27 anledning
696 420 23 21 af
726 421 93 21 nämnda

59 453 61 27 fråga
135 453 31 22 till
182 454 59 21 Hans
256 453 119 28 Kejserliga
391 453 102 28 Majestät
508 453 87 22 aflåtits.

404 557 27 21 27
447 557 20 26 8.

130 609 70 21 Sedan
216 609 58 21 Hans
290 609 119 27 Kejserliga
423 609 102 27 Majestät
540 609 92 27 förelagt
644 609 39 22 Oss
694 609 65 27 nådig
769 615 49 21 pro-

59 644 94 27 position
176 643 109 27 angående
306 643 74 22 vidare
400 643 222 28 jernvägsbyggnader
637 644 7 21 i
658 643 80 27 landet,
754 643 63 22 hafva

59 679 26 21 Vi
108 678 33 21 för
160 677 44 22 Vår
219 678 34 21 del
268 678 88 21 beslutit
370 680 38 23 att,
425 679 23 20 så
465 680 61 20 snart
541 678 102 21 arbetena
658 678 13 21 å
686 678 41 21 den
743 678 74 21 Karel-

59 713 39 21 ska
119 712 117 27 jernvägen
258 712 70 21 blifvit
350 712 113 27 afslutade,
487 719 25 15 en
528 713 155 26 normalspårig
698 713 56 21 bana
769 713 48 20 med

59 747 58 21 räler
132 747 22 21 af
168 747 28 21 25
210 747 116 26 kilograms
341 748 44 26 vigt
400 753 39 21 per
449 749 69 20 meter
529 747 54 22 skall
594 747 80 27 byggas
684 747 47 21 från
743 747 73 21 Keuru

59 781 80 22 station
154 781 13 22 å
183 781 57 22 Vasa
250 781 88 27 jernväg
353 781 33 22 till
401 781 116 28 Jyväskylä
529 782 48 21 stad
588 781 39 22 och
640 781 94 22 derifrån
744 781 72 21 vidare

59 816 33 21 till
115 815 97 22 Suolahti
234 815 38 22 vik
290 815 22 22 af
326 815 83 22 Keitele
425 816 31 27 sjö
472 816 110 21 äfvensom
597 817 33 20 för
646 816 69 21 denna
728 816 89 27 jernväg

58 850 97 27 godkänt
177 856 26 15 en
225 850 186 22 kostnadssumma
426 850 23 22 af
463 851 114 26 8,035,000
592 851 60 21 mark
669 851 39 21 och
724 850 24 21 af
757 851 60 20 detta

58 885 79 26 belopp
152 885 84 20 anvisat
247 885 113 26 6,000,000
371 885 61 21 mark
444 885 68 22 under
523 885 142 22 instundande
673 885 143 27 finansperiod

57 919 34 21 för
115 919 82 21 banans
220 919 120 27 byggande;
364 920 39 21 och
422 919 65 22 hafva
502 920 26 21 Vi
543 920 74 21 härom
632 920 81 21 anmält
729 920 31 21 uti
775 919 40 21 den

58 953 147 27 underdåniga
227 953 111 22 skrifvelse
360 954 27 21 Vi
410 954 42 21 den
475 955 26 20 31
521 955 112 26 nyssvikne
650 954 42 27 Maj
708 954 33 21 till
756 954 60 21 Hans

58 987 119 28 Kejserliga
193 987 100 28 Majestät
308 988 71 22 aflåtit
390 991 56 19 samt
456 989 46 21 deri
512 989 70 21 tillika
592 989 142 26 underdånigt
744 989 72 20 anhäl-

56 1023 32 26 lit,
99 1024 35 19 att
144 1029 25 14 en
181 1023 152 26 normalspårig
344 1023 55 22 bana
409 1023 49 21 med
469 1023 56 22 räler
535 1023 22 22 af
566 1023 28 22 30
601 1023 115 26 kilograms
725 1023 44 26 vigt
777 1029 38 20 per

58 1058 68 20 meter
149 1056 47 22 från
218 1051 47 27 Åbo
284 1058 47 21 stad
347 1057 60 22 öfver
422 1057 50 22 Salo
487 1057 80 28 köping
581 1057 33 22 till
630 1057 63 22 Karis
708 1058 79 21 station
803 1057 12 21 å

57 1091 204 27 Hangö—Hyvinge
274 1091 87 28 jernväg
376 1092 68 21 måtte
455 1092 80 27 byggas
545 1092 39 21 och
596 1092 66 21 under
673 1091 142 22 instundande

57 1125 143 27 finansperiod
223 1126 47 21 med
293 1126 73 21 arbete
390 1126 107 27 beläggas,
519 1126 64 27 jemte
599 1127 37 20 det
655 1126 26 21 Vi
696 1125 34 22 för
746 1126 69 21 denna

56 1159 62 27 bana,
142 1160 86 21 hvilken
250 1161 7 20 i
272 1161 32 21 sin
324 1161 72 21 helhet
412 1163 24 18 är
452 1161 109 21 beräknad
577 1162 32 19 att
624 1160 62 22 kosta
701 1160 114 27 9,200,000

57 1194 68 26 mark,
142 1194 32 21 för
189 1195 92 21 nämnda
296 1194 144 27 finansperiod
456 1195 83 21 anvisat
553 1195 115 26 3,600,000
682 1196 67 20 mark.

400 1298 28 21 28
443 1299 20 25 8.

125 1348 11 21 I
152 1349 114 27 anledning
280 1349 23 21 af
317 1349 39 21 Oss
372 1349 97 27 förelagd
484 1350 63 26 nådig
563 1350 131 26 proposition
710 1350 48 20 med
772 1350 42 20 för-

56 1382 47 28 slag
117 1383 34 21 till
166 1383 35 27 lag
216 1389 34 16 om
266 1383 128 28 utskrifning
409 1384 23 21 af
446 1384 75 21 hästar
535 1384 33 21 för
583 1383 124 28 krigsbehof
716 1384 63 21 hafva
788 1384 26 21 Vi

55 1418 32 20 uti
103 1417 112 22 skrifvelse
230 1417 34 22 för
279 1418 39 21 den
334 1419 26 20 31
378 1419 113 26 pyssvikne
508 1419 42 26 Maj
566 1419 39 20 hos
620 1419 60 20 Hans
696 1418 118 27 Kejserliga

55 1451 102 28 Majestät
179 1453 6 20 i
201 1453 169 26 underdånighet
388 1453 86 26 anmält,
490 1455 32 20 att
537 1453 26 21 Vi
578 1453 46 22 icke
639 1453 55 21 varit
709 1453 7 21 i
729 1453 84 22 tillfälle
