1070 1795
315 131 244 21 Petitionsbetänkande
574 130 36 22 N:o
627 129 32 23 37.
825 133 13 19 9

108 193 147 28 Förslagsvis
278 193 40 22 har
340 193 122 22 Utskottet
484 193 69 21 tänkt
576 193 42 28 sig,
641 196 35 19 att
698 196 34 18 ett
747 194 69 27 årligt
833 194 34 21 bi-

109 229 57 27 drag
196 227 26 22 af
243 229 77 26 30,000
342 228 65 21 mark
430 228 37 21 för
488 228 46 21 fem
557 228 122 21 månaders
702 228 165 28 seglationstid

109 269 55 14 vore
180 262 114 28 lämpligt.
323 262 54 21 Men
396 263 30 28 på
443 262 39 21 det
498 264 35 19 att
549 262 45 21 den
609 262 56 21 eller
680 263 35 27 de,
733 269 48 14 som
798 263 68 27 åtaga

110 297 36 28 sig
168 296 159 21 förbindelsen
351 299 33 18 att
407 297 160 28 upprätthålla
589 297 177 28 ifrågavarande
789 297 76 27 trafik,

108 331 52 21 icke
182 331 72 21 måtte
270 331 62 21 finna
348 331 36 21 sin
400 331 127 28 uträkning
544 331 39 21 vid
599 333 33 19 att
648 331 105 28 uppbära
769 331 96 21 subven-

112 366 80 21 tionen
208 367 56 19 utan
280 367 34 19 att
324 369 56 24 göra
396 365 28 21 de
440 365 143 28 stipulerade
599 373 101 20 resorna,
716 365 41 21 der
767 366 28 21 de
805 365 61 21 blott

109 404 39 18 äro
171 399 103 29 möjliga,
298 399 70 22 borde
392 400 36 21 för
444 399 81 29 hvarje
541 399 142 22 försummad
699 407 51 14 resa
765 402 34 19 ett
815 400 50 21 skä-

111 435 45 27 ligt
172 434 84 28 afdrag
271 437 67 25 göras
353 434 53 21 från
422 434 266 21 subventionssumman.

177 469 33 20 På
233 468 75 28 grund
332 469 26 20 af
370 468 40 21 det
426 468 72 21 ofvan
514 468 78 29 sagda,
609 476 67 13 anser
694 469 36 27 sig
744 469 122 21 Utskottet

110 503 54 21 böra
189 503 117 21 vördsamt
329 503 83 20 föreslå
437 503 39 20 det
492 503 57 21 ville
564 503 91 21 landets
672 503 98 21 Ständer
785 503 81 21 förena

111 538 35 27 sig
163 545 35 14 om
216 545 26 13 en
260 537 145 28 underdånig
420 537 100 28 petition
537 537 87 22 derom:

383 591 33 20 att
436 590 67 21 Hans
518 589 120 28 Kejserliga
656 589 102 21 Mujestät
773 590 8 20 i
797 589 68 21 nåder

316 625 76 20 täcktes
408 625 28 26 af
448 625 115 20 allmänna
580 625 66 20 medel
661 624 75 27 bevilja
752 625 30 20 ett
797 623 67 26 lämp-

315 659 38 23 ligt
375 659 78 28 anslag
475 659 23 20 åt
520 659 83 21 enskild
623 665 85 20 person,
730 658 50 21 eller
799 657 66 27 bolag.

315 701 43 14 som
381 693 113 27 förbinder
515 694 32 27 sig
570 695 33 20 att
624 693 72 22 under
715 693 150 20 vintermåna-

315 728 67 21 derna
399 729 47 20 med
462 728 183 27 iimdamålsenligt
652 728 74 27 fartyg
735 726 128 22 underhålla

316 763 70 20 sävilt
407 763 84 27 möjligt
513 762 141 28 regelbunden
678 761 185 22 kommunikation

315 797 79 22 mellan
419 794 74 24 Åland
515 799 58 19 samt
587 793 51 25 Äbo.
656 796 107 21 cventuelt
778 796 86 27 Hangö,

317 831 34 22 och
376 831 125 26 Stockholm,
521 831 34 27 för
574 831 202 27 frambefordrande
792 830 27 27 af
831 830 32 21 så-

318 866 34 21 vil
366 873 141 20 passagerare
523 866 36 21 och
573 867 49 26 post
636 873 42 14 som
695 872 65 15 varor
771 873 5 12 :
793 867 56 18 samt

384 902 33 20 att
432 900 24 21 de
472 900 106 22 åländska
587 901 141 26 postrotarna
739 900 63 21 måtte
811 898 52 28 från

317 935 64 21 deras
396 935 132 27 åligganden
556 935 134 26 beträffande
716 933 148 28 vinterpostfö-

316 969 52 27 ring
390 970 60 26 öfver
470 969 73 27 hafvet
563 968 86 28 befrias.
672 969 23 20 sä
711 969 60 28 långt
785 969 81 20 sådant

313 1004 90 27 pröfvas
422 1004 87 27 möjligt,
529 1004 67 21 sedan
612 1003 88 22 berörda
717 1003 147 28 ångbåtskom-

318 1039 139 21 munikation
475 1039 86 20 kommit
577 1038 32 21 till
624 1039 70 20 stånd.

179 1159 11 21 I
207 1159 173 28 behandlingen
397 1160 26 19 af
438 1159 62 21 detta
518 1159 84 21 ärende
619 1159 69 20 latva
705 1158 97 27 deltagit
815 1156 50 22 ord-

110 1193 114 21 föranden
240 1192 100 25 Donner,
356 1193 156 20 ledamöterne
528 1193 108 20 Friherre
651 1199 46 14 von
713 1193 70 21 Born,
799 1192 24 21 OC.
836 1191 27 21 G.

110 1227 195 28 Standertskjöld,
327 1227 26 20 L.
373 1226 124 28 Mechelin,
514 1227 119 21 Kihlman,
648 1227 22 20 J.
686 1227 28 20 R.
731 1226 132 26 Danielson,

110 1261 144 25 Nordström,
273 1261 90 23 Heikel,
384 1261 111 28 Neovius,
512 1257 97 30 Öhman,
625 1261 119 28 Hallberg,
760 1260 103 28 Kiipula,

110 1296 125 26 Meurman,
257 1296 27 21 A.
307 1295 26 21 F.
352 1295 128 22 Danielson
497 1295 44 22 och
555 1295 152 22 Tuomikoski
722 1298 59 18 samt
797 1302 68 21 supp-

110 1330 92 21 leanten
218 1330 65 22 Alex.
300 1331 109 20 Aminoff.

179 1376 155 28 Helsingfors,
350 1376 43 21 den
409 1377 27 21 23
452 1376 45 28 maj
517 1377 60 20 1894.

158 1492 118 19 Heisimgiurs,
289 1491 16 16 J.
318 1491 67 17 Sanelli
398 1496 105 17 arivingats
516 1491 116 22 ouktrvokeri
644 1491 110 21 aktiebviag,
769 1490 48 17 1854.
