1070 1795
243 170 275 25 Petitionsbetänkande
534 173 41 21 N:o
590 172 36 21 41.

329 555 226 27 Lagutskottets
571 555 113 27 förslag
700 554 39 22 till
753 560 59 16 sam-

263 589 179 28 manjemkning
468 589 27 22 af
518 589 27 22 de
570 589 74 22 delvis
670 589 143 28 skiljaktiga

261 623 87 28 beslut,
375 623 72 23 hvari
469 623 99 22 stånden
591 624 99 21 stannat
711 623 41 22 vid
774 623 38 22 be-

261 658 148 27 handlingen
439 658 28 22 af
493 658 141 22 Utskottets
663 657 150 23 betänkande

262 693 42 22 N:o
325 693 35 28 12,
376 693 9 21 i
401 693 128 27 anledning
553 693 26 22 af
597 693 87 22 tvänne
702 692 39 22 till
756 692 56 22 Rid-

263 727 127 28 derskapet
409 727 44 23 och
469 727 75 22 Adeln
559 728 63 21 samt
637 726 174 29 Borgarestån-

262 763 40 21 det
317 762 133 23 inlemnade
465 762 211 28 petitionsförslag
691 761 121 28 angående

262 797 122 22 ordnande
403 797 27 22 af
443 796 116 29 judarnes
578 797 8 22 i
601 797 82 22 landet
698 796 115 27 rättsliga

263 832 123 27 ställning.

123 941 35 22 Af
172 941 28 22 de
215 941 217 29 protokollsutdrag,
449 948 49 15 som
513 941 8 21 i
538 941 63 21 detta
616 941 84 22 ärende
715 941 97 22 kommit

55 976 163 28 Lagutskottet
232 975 119 29 tillhanda,
368 975 42 22 har
424 975 114 22 utskottet
553 975 122 22 inhemtat:

123 1018 34 19 att
178 1015 168 30 Ridderskapet
368 1016 44 21 och
430 1016 77 21 Adeln
523 1016 107 21 omfattat
646 1024 28 13 en
689 1016 99 29 petition
802 1015 9 22 i

55 1051 39 21 det
115 1051 62 28 syfte
200 1051 28 21 de
250 1051 38 21 till
302 1050 156 23 betänkandet
481 1051 84 28 fogade
587 1051 197 21 reservationerna
799 1050 12 21 I

55 1085 43 22 och
113 1085 24 22 II
152 1085 127 28 innehålla;

123 1128 34 20 att
171 1126 172 22 Presteståndet
358 1126 103 29 godkänt
476 1126 124 21 utskottets
615 1125 156 28 betänkande;

123 1169 34 19 att
179 1167 197 28 Borgareståndet
401 1167 92 22 förenat
517 1167 36 28 sig
577 1173 37 15 om
639 1166 172 23 reservationen

53 1201 46 28 HI;
115 1203 59 20 samt

123 1244 33 19 att
171 1242 179 28 Bondeständet,
368 1242 52 21 med
436 1241 148 22 förkastande
600 1241 24 22 af
638 1241 124 22 utskottets
771 1241 39 22 be-

53 1276 122 29 tänkande,
198 1277 104 28 godkänt
324 1277 44 21 den
389 1277 36 21 till
440 1276 156 22 betänkandet
611 1276 85 29 fogade
710 1283 100 15 reserva-

53 1311 81 22 tionen
149 1311 39 22 IV.

123 1352 36 21 Då
173 1351 69 21 häraf
255 1351 107 29 framgår,
378 1353 35 20 att
428 1353 33 19 ett
477 1352 69 21 stånd
561 1351 113 22 förkastat
684 1350 126 22 betänkan-

54 1386 45 28 det,
122 1393 53 15 men
190 1386 28 22 de
232 1388 35 19 tre
283 1386 74 29 öfriga
372 1386 98 22 stånden
487 1386 81 21 önskat
582 1386 140 29 vidtagande
738 1385 26 22 af
777 1386 32 21 åt-

53 1420 57 29 gärd
125 1421 8 21 i
148 1421 76 28 saken,
248 1421 41 21 har
311 1421 165 28 Lagutskottet
495 1423 75 20 ansett
586 1421 224 28 sammanjemkning

54 1455 54 22 böra
130 1455 40 21 ske
188 1455 30 29 på
235 1455 76 28 grund
326 1456 26 21 af
365 1455 190 29 Presteståndets,
579 1455 53 22 med
654 1455 156 22 betänkandet
