<?xml version="1.0" encoding="UTF-8"?>
<alto xmlns="http://www.loc.gov/standards/alto/ns-v3#" xmlns:xlink="http://www.w3.org/1999/xlink" xmlns:xsi="http://www.w3.org/2001/XMLSchema-instance" xsi:schemaLocation="http://www.loc.gov/standards/alto/ns-v3# http://www.loc.gov/alto/v3/alto-3-0.xsd">
	<Description>
		<MeasurementUnit>pixel</MeasurementUnit>
		<sourceImageInformation>
			<fileName>/tmp/tess_wj87cis1_input.PNG</fileName>
		</sourceImageInformation>
		<OCRProcessing ID="OCR_0">
			<ocrProcessingStep>
				<processingSoftware>
					<softwareName>tesseract 5.3.4</softwareName>
				</processingSoftware>
			</ocrProcessingStep>
		</OCRProcessing>
	</Description>
	<Layout>
		<Page WIDTH="1070" HEIGHT="1795" PHYSICAL_IMG_NR="0" ID="page_0">
			<PrintSpace HPOS="0" VPOS="0" WIDTH="1070" HEIGHT="1795">
				<ComposedBlock ID="cblock_0" HPOS="254" VPOS="138" WIDTH="552" HEIGHT="23">
					<TextBlock ID="block_0" HPOS="254" VPOS="138" WIDTH="552" HEIGHT="23">
						<TextLine ID="line_0" HPOS="254" VPOS="138" WIDTH="552" HEIGHT="23">
							<String ID="string_0" HPOS="254" VPOS="138" WIDTH="272" HEIGHT="22" WC="0.92" CONTENT="Petitionsbetänkande"/><SP WIDTH="15" VPOS="138" HPOS="526"/>
							<String ID="string_1" HPOS="541" VPOS="138" WIDTH="40" HEIGHT="23" WC="0.96" CONTENT="N:o"/><SP WIDTH="16" VPOS="138" HPOS="581"/>
							<String ID="string_2" HPOS="597" VPOS="138" WIDTH="36" HEIGHT="22" WC="0.96" CONTENT="34."/><SP WIDTH="148" VPOS="138" HPOS="633"/>
							<String ID="string_3" HPOS="781" VPOS="139" WIDTH="25" HEIGHT="20" WC="0.96" CONTENT="11"/>
						</TextLine>
					</TextBlock>
				</ComposedBlock>
				<ComposedBlock ID="cblock_1" HPOS="78" VPOS="203" WIDTH="760" HEIGHT="510">
					<TextBlock ID="block_1" HPOS="78" VPOS="203" WIDTH="760" HEIGHT="442">
						<TextLine ID="line_1" HPOS="79" VPOS="203" WIDTH="758" HEIGHT="29">
							<String ID="string_4" HPOS="79" VPOS="206" WIDTH="35" HEIGHT="19" WC="0.95" CONTENT="att"/><SP WIDTH="22" VPOS="206" HPOS="114"/>
							<String ID="string_5" HPOS="136" VPOS="203" WIDTH="104" HEIGHT="22" WC="0.96" CONTENT="medföra"/><SP WIDTH="24" VPOS="203" HPOS="240"/>
							<String ID="string_6" HPOS="264" VPOS="211" WIDTH="29" HEIGHT="13" WC="0.96" CONTENT="en"/><SP WIDTH="23" VPOS="211" HPOS="293"/>
							<String ID="string_7" HPOS="316" VPOS="203" WIDTH="107" HEIGHT="29" WC="0.95" CONTENT="betydlig"/><SP WIDTH="22" VPOS="203" HPOS="423"/>
							<String ID="string_8" HPOS="445" VPOS="203" WIDTH="128" HEIGHT="29" WC="0.96" CONTENT="tillökning"/><SP WIDTH="22" VPOS="203" HPOS="573"/>
							<String ID="string_9" HPOS="595" VPOS="204" WIDTH="8" HEIGHT="21" WC="0.95" CONTENT="i"/><SP WIDTH="23" VPOS="204" HPOS="603"/>
							<String ID="string_10" HPOS="626" VPOS="205" WIDTH="88" HEIGHT="20" WC="0.96" CONTENT="statens"/><SP WIDTH="17" VPOS="205" HPOS="714"/>
							<String ID="string_11" HPOS="731" VPOS="203" WIDTH="106" HEIGHT="28" WC="0.96" CONTENT="utgifter."/>
						</TextLine>
						<TextLine ID="line_2" HPOS="78" VPOS="237" WIDTH="759" HEIGHT="29">
							<String ID="string_12" HPOS="78" VPOS="237" WIDTH="55" HEIGHT="22" WC="0.96" CONTENT="Men"/><SP WIDTH="15" VPOS="237" HPOS="133"/>
							<String ID="string_13" HPOS="148" VPOS="237" WIDTH="96" HEIGHT="22" WC="0.96" CONTENT="emedan"/><SP WIDTH="15" VPOS="237" HPOS="244"/>
							<String ID="string_14" HPOS="259" VPOS="237" WIDTH="28" HEIGHT="22" WC="0.96" CONTENT="de"/><SP WIDTH="13" VPOS="237" HPOS="287"/>
							<String ID="string_15" HPOS="300" VPOS="237" WIDTH="74" HEIGHT="29" WC="0.96" CONTENT="årliga"/><SP WIDTH="15" VPOS="237" HPOS="374"/>
							<String ID="string_16" HPOS="389" VPOS="237" WIDTH="147" HEIGHT="29" WC="0.95" CONTENT="statsbidrag,"/><SP WIDTH="12" VPOS="237" HPOS="536"/>
							<String ID="string_17" HPOS="548" VPOS="245" WIDTH="50" HEIGHT="14" WC="0.93" CONTENT="som"/><SP WIDTH="11" VPOS="245" HPOS="598"/>
							<String ID="string_18" HPOS="609" VPOS="238" WIDTH="102" HEIGHT="28" WC="0.90" CONTENT="åtnjutas"/><SP WIDTH="10" VPOS="238" HPOS="711"/>
							<String ID="string_19" HPOS="721" VPOS="237" WIDTH="27" HEIGHT="22" WC="0.91" CONTENT="af"/><SP WIDTH="4" VPOS="237" HPOS="748"/>
							<String ID="string_20" HPOS="752" VPOS="237" WIDTH="85" HEIGHT="29" WC="0.91" CONTENT="ifråga-"/>
						</TextLine>
						<TextLine ID="line_3" HPOS="80" VPOS="271" WIDTH="756" HEIGHT="28">
							<String ID="string_21" HPOS="80" VPOS="271" WIDTH="100" HEIGHT="22" WC="0.93" CONTENT="varande"/><SP WIDTH="16" VPOS="271" HPOS="180"/>
							<String ID="string_22" HPOS="196" VPOS="272" WIDTH="244" HEIGHT="27" WC="0.91" CONTENT="fruntimmersskolor,"/><SP WIDTH="16" VPOS="272" HPOS="440"/>
							<String ID="string_23" HPOS="456" VPOS="276" WIDTH="49" HEIGHT="18" WC="0.96" CONTENT="äro:"/><SP WIDTH="16" VPOS="276" HPOS="505"/>
							<String ID="string_24" HPOS="521" VPOS="272" WIDTH="37" HEIGHT="22" WC="0.96" CONTENT="för"/><SP WIDTH="15" VPOS="272" HPOS="558"/>
							<String ID="string_25" HPOS="573" VPOS="272" WIDTH="107" HEIGHT="22" WC="0.96" CONTENT="Joensuu"/><SP WIDTH="16" VPOS="272" HPOS="680"/>
							<String ID="string_26" HPOS="696" VPOS="272" WIDTH="66" HEIGHT="21" WC="0.93" CONTENT="skola"/><SP WIDTH="12" VPOS="272" HPOS="762"/>
							<String ID="string_27" HPOS="774" VPOS="273" WIDTH="62" HEIGHT="24" WC="0.92" CONTENT="5,000"/>
						</TextLine>
						<TextLine ID="line_4" HPOS="83" VPOS="306" WIDTH="754" HEIGHT="29">
							<String ID="string_28" HPOS="83" VPOS="307" WIDTH="46" HEIGHT="26" WC="0.95" CONTENT="mk,"/><SP WIDTH="16" VPOS="307" HPOS="129"/>
							<String ID="string_29" HPOS="145" VPOS="306" WIDTH="37" HEIGHT="22" WC="0.95" CONTENT="för"/><SP WIDTH="14" VPOS="306" HPOS="182"/>
							<String ID="string_30" HPOS="196" VPOS="306" WIDTH="154" HEIGHT="22" WC="0.96" CONTENT="Tammerfors"/><SP WIDTH="16" VPOS="306" HPOS="350"/>
							<String ID="string_31" HPOS="366" VPOS="307" WIDTH="66" HEIGHT="21" WC="0.93" CONTENT="skola"/><SP WIDTH="16" VPOS="307" HPOS="432"/>
							<String ID="string_32" HPOS="448" VPOS="309" WIDTH="61" HEIGHT="26" WC="0.93" CONTENT="8,000"/><SP WIDTH="17" VPOS="309" HPOS="509"/>
							<String ID="string_33" HPOS="526" VPOS="307" WIDTH="39" HEIGHT="21" WC="0.96" CONTENT="mk"/><SP WIDTH="17" VPOS="307" HPOS="565"/>
							<String ID="string_34" HPOS="582" VPOS="307" WIDTH="43" HEIGHT="21" WC="0.95" CONTENT="och"/><SP WIDTH="15" VPOS="307" HPOS="625"/>
							<String ID="string_35" HPOS="640" VPOS="306" WIDTH="38" HEIGHT="22" WC="0.96" CONTENT="för"/><SP WIDTH="16" VPOS="306" HPOS="678"/>
							<String ID="string_36" HPOS="694" VPOS="307" WIDTH="35" HEIGHT="21" WC="0.95" CONTENT="S:t"/><SP WIDTH="10" VPOS="307" HPOS="729"/>
							<String ID="string_37" HPOS="739" VPOS="306" WIDTH="98" HEIGHT="22" WC="0.96" CONTENT="Michels"/>
						</TextLine>
						<TextLine ID="line_5" HPOS="81" VPOS="341" WIDTH="756" HEIGHT="28">
							<String ID="string_38" HPOS="81" VPOS="341" WIDTH="66" HEIGHT="22" WC="0.93" CONTENT="skola"/><SP WIDTH="16" VPOS="341" HPOS="147"/>
							<String ID="string_39" HPOS="163" VPOS="344" WIDTH="63" HEIGHT="24" WC="0.91" CONTENT="7,000"/><SP WIDTH="16" VPOS="344" HPOS="226"/>
							<String ID="string_40" HPOS="242" VPOS="341" WIDTH="46" HEIGHT="28" WC="0.96" CONTENT="mk,"/><SP WIDTH="17" VPOS="341" HPOS="288"/>
							<String ID="string_41" HPOS="305" VPOS="341" WIDTH="43" HEIGHT="22" WC="0.96" CONTENT="och"/><SP WIDTH="16" VPOS="341" HPOS="348"/>
							<String ID="string_42" HPOS="364" VPOS="341" WIDTH="28" HEIGHT="21" WC="0.96" CONTENT="då"/><SP WIDTH="16" VPOS="341" HPOS="392"/>
							<String ID="string_43" HPOS="408" VPOS="341" WIDTH="39" HEIGHT="21" WC="0.96" CONTENT="det"/><SP WIDTH="15" VPOS="341" HPOS="447"/>
							<String ID="string_44" HPOS="462" VPOS="341" WIDTH="7" HEIGHT="21" WC="0.96" CONTENT="i"/><SP WIDTH="16" VPOS="341" HPOS="469"/>
							<String ID="string_45" HPOS="485" VPOS="341" WIDTH="57" HEIGHT="22" WC="0.95" CONTENT="Nåd."/><SP WIDTH="17" VPOS="341" HPOS="542"/>
							<String ID="string_46" HPOS="559" VPOS="341" WIDTH="179" HEIGHT="28" WC="0.96" CONTENT="Förordningen"/><SP WIDTH="16" VPOS="341" HPOS="738"/>
							<String ID="string_47" HPOS="754" VPOS="341" WIDTH="25" HEIGHT="22" WC="0.96" CONTENT="af"/><SP WIDTH="13" VPOS="341" HPOS="779"/>
							<String ID="string_48" HPOS="792" VPOS="341" WIDTH="45" HEIGHT="21" WC="0.96" CONTENT="den"/>
						</TextLine>
						<TextLine ID="line_6" HPOS="82" VPOS="375" WIDTH="755" HEIGHT="29">
							<String ID="string_49" HPOS="82" VPOS="378" WIDTH="22" HEIGHT="19" WC="0.95" CONTENT="11"/><SP WIDTH="25" VPOS="378" HPOS="104"/>
							<String ID="string_50" HPOS="129" VPOS="375" WIDTH="120" HEIGHT="22" WC="0.95" CONTENT="december"/><SP WIDTH="21" VPOS="375" HPOS="249"/>
							<String ID="string_51" HPOS="270" VPOS="379" WIDTH="53" HEIGHT="19" WC="0.96" CONTENT="1884"/><SP WIDTH="19" VPOS="379" HPOS="323"/>
							<String ID="string_52" HPOS="342" VPOS="376" WIDTH="119" HEIGHT="28" WC="0.96" CONTENT="angående"/><SP WIDTH="22" VPOS="376" HPOS="461"/>
							<String ID="string_53" HPOS="483" VPOS="376" WIDTH="117" HEIGHT="22" WC="0.96" CONTENT="villkoren"/><SP WIDTH="16" VPOS="376" HPOS="600"/>
							<String ID="string_54" HPOS="616" VPOS="375" WIDTH="37" HEIGHT="22" WC="0.96" CONTENT="för"/><SP WIDTH="15" VPOS="375" HPOS="653"/>
							<String ID="string_55" HPOS="668" VPOS="376" WIDTH="63" HEIGHT="21" WC="0.96" CONTENT="vissa"/><SP WIDTH="15" VPOS="376" HPOS="731"/>
							<String ID="string_56" HPOS="746" VPOS="376" WIDTH="91" HEIGHT="28" WC="0.96" CONTENT="privata"/>
						</TextLine>
						<TextLine ID="line_7" HPOS="81" VPOS="410" WIDTH="756" HEIGHT="29">
							<String ID="string_57" HPOS="81" VPOS="410" WIDTH="174" HEIGHT="22" WC="0.90" CONTENT="läroanstalters"/><SP WIDTH="25" VPOS="410" HPOS="255"/>
							<String ID="string_58" HPOS="280" VPOS="410" WIDTH="196" HEIGHT="29" WC="0.96" CONTENT="understödjande"/><SP WIDTH="23" VPOS="410" HPOS="476"/>
							<String ID="string_59" HPOS="499" VPOS="410" WIDTH="52" HEIGHT="22" WC="0.93" CONTENT="med"/><SP WIDTH="23" VPOS="410" HPOS="551"/>
							<String ID="string_60" HPOS="574" VPOS="410" WIDTH="136" HEIGHT="22" WC="0.89" CONTENT="statsmedel"/><SP WIDTH="26" VPOS="410" HPOS="710"/>
							<String ID="string_61" HPOS="736" VPOS="410" WIDTH="101" HEIGHT="28" WC="0.96" CONTENT="stadgas,"/>
						</TextLine>
						<TextLine ID="line_8" HPOS="79" VPOS="444" WIDTH="759" HEIGHT="29">
							<String ID="string_62" HPOS="79" VPOS="447" WIDTH="35" HEIGHT="18" WC="0.96" CONTENT="att"/><SP WIDTH="15" VPOS="447" HPOS="114"/>
							<String ID="string_63" HPOS="129" VPOS="445" WIDTH="24" HEIGHT="20" WC="0.96" CONTENT="åt"/><SP WIDTH="14" VPOS="445" HPOS="153"/>
							<String ID="string_64" HPOS="167" VPOS="445" WIDTH="107" HEIGHT="21" WC="0.96" CONTENT="läroverk"/><SP WIDTH="15" VPOS="445" HPOS="274"/>
							<String ID="string_65" HPOS="289" VPOS="444" WIDTH="37" HEIGHT="22" WC="0.96" CONTENT="för"/><SP WIDTH="14" VPOS="444" HPOS="326"/>
							<String ID="string_66" HPOS="340" VPOS="445" WIDTH="82" HEIGHT="21" WC="0.96" CONTENT="flickor"/><SP WIDTH="16" VPOS="445" HPOS="422"/>
							<String ID="string_67" HPOS="438" VPOS="445" WIDTH="45" HEIGHT="21" WC="0.96" CONTENT="kan"/><SP WIDTH="16" VPOS="445" HPOS="483"/>
							<String ID="string_68" HPOS="499" VPOS="445" WIDTH="98" HEIGHT="28" WC="0.96" CONTENT="beviljas"/><SP WIDTH="15" VPOS="445" HPOS="597"/>
							<String ID="string_69" HPOS="612" VPOS="444" WIDTH="38" HEIGHT="22" WC="0.96" CONTENT="för"/><SP WIDTH="16" VPOS="444" HPOS="650"/>
							<String ID="string_70" HPOS="666" VPOS="445" WIDTH="72" HEIGHT="28" WC="0.95" CONTENT="högre"/><SP WIDTH="11" VPOS="445" HPOS="738"/>
							<String ID="string_71" HPOS="749" VPOS="445" WIDTH="89" HEIGHT="21" WC="0.96" CONTENT="klasser"/>
						</TextLine>
						<TextLine ID="line_9" HPOS="83" VPOS="478" WIDTH="754" HEIGHT="29">
							<String ID="string_72" HPOS="83" VPOS="478" WIDTH="60" HEIGHT="22" WC="0.95" CONTENT="ända"/><SP WIDTH="21" VPOS="478" HPOS="143"/>
							<String ID="string_73" HPOS="164" VPOS="479" WIDTH="38" HEIGHT="21" WC="0.93" CONTENT="till"/><SP WIDTH="23" VPOS="479" HPOS="202"/>
							<String ID="string_74" HPOS="225" VPOS="481" WIDTH="64" HEIGHT="24" WC="0.92" CONTENT="2,000"/><SP WIDTH="20" VPOS="481" HPOS="289"/>
							<String ID="string_75" HPOS="309" VPOS="479" WIDTH="38" HEIGHT="21" WC="0.96" CONTENT="mk"/><SP WIDTH="17" VPOS="479" HPOS="347"/>
							<String ID="string_76" HPOS="364" VPOS="479" WIDTH="42" HEIGHT="22" WC="0.96" CONTENT="och"/><SP WIDTH="16" VPOS="479" HPOS="406"/>
							<String ID="string_77" HPOS="422" VPOS="479" WIDTH="37" HEIGHT="22" WC="0.96" CONTENT="för"/><SP WIDTH="14" VPOS="479" HPOS="459"/>
							<String ID="string_78" HPOS="473" VPOS="479" WIDTH="80" HEIGHT="28" WC="0.96" CONTENT="hvarje"/><SP WIDTH="16" VPOS="479" HPOS="553"/>
							<String ID="string_79" HPOS="569" VPOS="479" WIDTH="63" HEIGHT="28" WC="0.96" CONTENT="lägre"/><SP WIDTH="16" VPOS="479" HPOS="632"/>
							<String ID="string_80" HPOS="648" VPOS="479" WIDTH="62" HEIGHT="21" WC="0.96" CONTENT="klass"/><SP WIDTH="16" VPOS="479" HPOS="710"/>
							<String ID="string_81" HPOS="726" VPOS="479" WIDTH="60" HEIGHT="22" WC="0.96" CONTENT="ända"/><SP WIDTH="15" VPOS="479" HPOS="786"/>
							<String ID="string_82" HPOS="801" VPOS="479" WIDTH="36" HEIGHT="22" WC="0.96" CONTENT="till"/>
						</TextLine>
						<TextLine ID="line_10" HPOS="83" VPOS="513" WIDTH="753" HEIGHT="29">
							<String ID="string_83" HPOS="83" VPOS="516" WIDTH="60" HEIGHT="24" WC="0.90" CONTENT="1,000"/><SP WIDTH="23" VPOS="516" HPOS="143"/>
							<String ID="string_84" HPOS="166" VPOS="513" WIDTH="39" HEIGHT="22" WC="0.95" CONTENT="mk"/><SP WIDTH="19" VPOS="513" HPOS="205"/>
							<String ID="string_85" HPOS="224" VPOS="513" WIDTH="8" HEIGHT="21" WC="0.95" CONTENT="i"/><SP WIDTH="16" VPOS="513" HPOS="232"/>
							<String ID="string_86" HPOS="248" VPOS="513" WIDTH="146" HEIGHT="28" WC="0.95" CONTENT="statsbidrag,"/><SP WIDTH="18" VPOS="513" HPOS="394"/>
							<String ID="string_87" HPOS="412" VPOS="514" WIDTH="24" HEIGHT="21" WC="0.96" CONTENT="så"/><SP WIDTH="16" VPOS="514" HPOS="436"/>
							<String ID="string_88" HPOS="452" VPOS="513" WIDTH="77" HEIGHT="22" WC="0.96" CONTENT="kunde"/><SP WIDTH="16" VPOS="513" HPOS="529"/>
							<String ID="string_89" HPOS="545" VPOS="513" WIDTH="28" HEIGHT="22" WC="0.96" CONTENT="de"/><SP WIDTH="18" VPOS="513" HPOS="573"/>
							<String ID="string_90" HPOS="591" VPOS="513" WIDTH="176" HEIGHT="29" WC="0.93" CONTENT="ifrågavarande"/><SP WIDTH="17" VPOS="513" HPOS="767"/>
							<String ID="string_91" HPOS="784" VPOS="513" WIDTH="52" HEIGHT="22" WC="0.92" CONTENT="sko-"/>
						</TextLine>
						<TextLine ID="line_11" HPOS="81" VPOS="547" WIDTH="756" HEIGHT="29">
							<String ID="string_92" HPOS="81" VPOS="547" WIDTH="72" HEIGHT="28" WC="0.90" CONTENT="lorna,"/><SP WIDTH="23" VPOS="547" HPOS="153"/>
							<String ID="string_93" HPOS="176" VPOS="547" WIDTH="51" HEIGHT="22" WC="0.95" CONTENT="ifall"/><SP WIDTH="23" VPOS="547" HPOS="227"/>
							<String ID="string_94" HPOS="250" VPOS="547" WIDTH="51" HEIGHT="22" WC="0.95" CONTENT="skäl"/><SP WIDTH="17" VPOS="547" HPOS="301"/>
							<String ID="string_95" HPOS="318" VPOS="547" WIDTH="78" HEIGHT="22" WC="0.93" CONTENT="därtill"/><SP WIDTH="16" VPOS="547" HPOS="396"/>
							<String ID="string_96" HPOS="412" VPOS="547" WIDTH="133" HEIGHT="29" WC="0.91" CONTENT="förefinnes,"/><SP WIDTH="16" VPOS="547" HPOS="545"/>
							<String ID="string_97" HPOS="561" VPOS="547" WIDTH="88" HEIGHT="22" WC="0.96" CONTENT="erhålla"/><SP WIDTH="16" VPOS="547" HPOS="649"/>
							<String ID="string_98" HPOS="665" VPOS="550" WIDTH="74" HEIGHT="19" WC="0.93" CONTENT="större"/><SP WIDTH="15" VPOS="550" HPOS="739"/>
							<String ID="string_99" HPOS="754" VPOS="547" WIDTH="83" HEIGHT="22" WC="0.92" CONTENT="under-"/>
						</TextLine>
						<TextLine ID="line_12" HPOS="81" VPOS="581" WIDTH="756" HEIGHT="30">
							<String ID="string_100" HPOS="81" VPOS="582" WIDTH="53" HEIGHT="22" WC="0.96" CONTENT="stöd"/><SP WIDTH="22" VPOS="582" HPOS="134"/>
							<String ID="string_101" HPOS="156" VPOS="585" WIDTH="29" HEIGHT="18" WC="0.96" CONTENT="än"/><SP WIDTH="24" VPOS="585" HPOS="185"/>
							<String ID="string_102" HPOS="209" VPOS="581" WIDTH="27" HEIGHT="22" WC="0.96" CONTENT="de"/><SP WIDTH="23" VPOS="581" HPOS="236"/>
							<String ID="string_103" HPOS="259" VPOS="581" WIDTH="37" HEIGHT="22" WC="0.95" CONTENT="för"/><SP WIDTH="14" VPOS="581" HPOS="296"/>
							<String ID="string_104" HPOS="310" VPOS="582" WIDTH="143" HEIGHT="22" WC="0.96" CONTENT="närvarande"/><SP WIDTH="15" VPOS="582" HPOS="453"/>
							<String ID="string_105" HPOS="468" VPOS="583" WIDTH="97" HEIGHT="28" WC="0.96" CONTENT="åtnjuta,"/><SP WIDTH="17" VPOS="583" HPOS="565"/>
							<String ID="string_106" HPOS="582" VPOS="584" WIDTH="60" HEIGHT="20" WC="0.96" CONTENT="samt"/><SP WIDTH="15" VPOS="584" HPOS="642"/>
							<String ID="string_107" HPOS="657" VPOS="582" WIDTH="65" HEIGHT="21" WC="0.96" CONTENT="deras"/><SP WIDTH="17" VPOS="582" HPOS="722"/>
							<String ID="string_108" HPOS="739" VPOS="582" WIDTH="98" HEIGHT="21" WC="0.96" CONTENT="bestånd"/>
						</TextLine>
						<TextLine ID="line_13" HPOS="82" VPOS="616" WIDTH="303" HEIGHT="29">
							<String ID="string_109" HPOS="82" VPOS="616" WIDTH="134" HEIGHT="29" WC="0.95" CONTENT="därigenom"/><SP WIDTH="16" VPOS="616" HPOS="216"/>
							<String ID="string_110" HPOS="232" VPOS="616" WIDTH="153" HEIGHT="22" WC="0.95" CONTENT="säkerställas."/>
						</TextLine>
					</TextBlock>
					<TextBlock ID="block_2" HPOS="83" VPOS="650" WIDTH="754" HEIGHT="63">
						<TextLine ID="line_14" HPOS="149" VPOS="650" WIDTH="688" HEIGHT="23">
							<String ID="string_111" HPOS="149" VPOS="650" WIDTH="80" HEIGHT="23" WC="0.96" CONTENT="Under"/><SP WIDTH="23" VPOS="650" HPOS="229"/>
							<String ID="string_112" HPOS="252" VPOS="651" WIDTH="82" HEIGHT="22" WC="0.96" CONTENT="sådant"/><SP WIDTH="22" VPOS="651" HPOS="334"/>
							<String ID="string_113" HPOS="356" VPOS="651" WIDTH="145" HEIGHT="22" WC="0.96" CONTENT="förhållande"/><SP WIDTH="22" VPOS="651" HPOS="501"/>
							<String ID="string_114" HPOS="523" VPOS="651" WIDTH="36" HEIGHT="22" WC="0.97" CONTENT="får"/><SP WIDTH="16" VPOS="651" HPOS="559"/>
							<String ID="string_115" HPOS="575" VPOS="651" WIDTH="123" HEIGHT="22" WC="0.93" CONTENT="Utskottet"/><SP WIDTH="20" VPOS="651" HPOS="698"/>
							<String ID="string_116" HPOS="718" VPOS="651" WIDTH="119" HEIGHT="22" WC="0.91" CONTENT="vördsamt"/>
						</TextLine>
						<TextLine ID="line_15" HPOS="83" VPOS="684" WIDTH="92" HEIGHT="29">
							<String ID="string_117" HPOS="83" VPOS="684" WIDTH="92" HEIGHT="29" WC="0.96" CONTENT="föreslå,"/>
						</TextLine>
					</TextBlock>
				</ComposedBlock>
				<ComposedBlock ID="cblock_2" HPOS="287" VPOS="743" WIDTH="555" HEIGHT="229">
					<TextBlock ID="block_3" HPOS="287" VPOS="743" WIDTH="555" HEIGHT="229">
						<TextLine ID="line_16" HPOS="356" VPOS="743" WIDTH="482" HEIGHT="28">
							<String ID="string_118" HPOS="356" VPOS="746" WIDTH="31" HEIGHT="19" WC="0.96" CONTENT="att"/><SP WIDTH="22" VPOS="746" HPOS="387"/>
							<String ID="string_119" HPOS="409" VPOS="744" WIDTH="82" HEIGHT="21" WC="0.93" CONTENT="landets"/><SP WIDTH="22" VPOS="744" HPOS="491"/>
							<String ID="string_120" HPOS="513" VPOS="744" WIDTH="112" HEIGHT="27" WC="0.91" CONTENT="höglofliga"/><SP WIDTH="25" VPOS="744" HPOS="625"/>
							<String ID="string_121" HPOS="650" VPOS="743" WIDTH="98" HEIGHT="27" WC="0.92" CONTENT="Ständer,"/><SP WIDTH="23" VPOS="743" HPOS="748"/>
							<String ID="string_122" HPOS="771" VPOS="743" WIDTH="67" HEIGHT="22" WC="0.96" CONTENT="under"/>
						</TextLine>
						<TextLine ID="line_17" HPOS="287" VPOS="777" WIDTH="550" HEIGHT="29">
							<String ID="string_123" HPOS="287" VPOS="779" WIDTH="161" HEIGHT="26" WC="0.96" CONTENT="förutsättning,"/><SP WIDTH="17" VPOS="779" HPOS="448"/>
							<String ID="string_124" HPOS="465" VPOS="781" WIDTH="30" HEIGHT="19" WC="0.95" CONTENT="att"/><SP WIDTH="17" VPOS="781" HPOS="495"/>
							<String ID="string_125" HPOS="512" VPOS="778" WIDTH="107" HEIGHT="28" WC="0.95" CONTENT="Styrelsen"/><SP WIDTH="16" VPOS="778" HPOS="619"/>
							<String ID="string_126" HPOS="635" VPOS="779" WIDTH="64" HEIGHT="20" WC="0.96" CONTENT="måtte"/><SP WIDTH="15" VPOS="779" HPOS="699"/>
							<String ID="string_127" HPOS="714" VPOS="778" WIDTH="73" HEIGHT="27" WC="0.93" CONTENT="bevilja"/><SP WIDTH="11" VPOS="778" HPOS="787"/>
							<String ID="string_128" HPOS="798" VPOS="777" WIDTH="39" HEIGHT="22" WC="0.90" CONTENT="till-"/>
						</TextLine>
						<TextLine ID="line_18" HPOS="287" VPOS="813" WIDTH="551" HEIGHT="27">
							<String ID="string_129" HPOS="287" VPOS="813" WIDTH="77" HEIGHT="27" WC="0.91" CONTENT="räcklig"/><SP WIDTH="16" VPOS="813" HPOS="364"/>
							<String ID="string_130" HPOS="380" VPOS="813" WIDTH="123" HEIGHT="22" WC="0.96" CONTENT="subvention"/><SP WIDTH="16" VPOS="813" HPOS="503"/>
							<String ID="string_131" HPOS="519" VPOS="814" WIDTH="23" HEIGHT="20" WC="0.96" CONTENT="åt"/><SP WIDTH="9" VPOS="814" HPOS="542"/>
							<String ID="string_132" HPOS="551" VPOS="813" WIDTH="85" HEIGHT="21" WC="0.93" CONTENT="sådana"/><SP WIDTH="10" VPOS="813" HPOS="636"/>
							<String ID="string_133" HPOS="646" VPOS="813" WIDTH="192" HEIGHT="26" WC="0.92" CONTENT="fruntimmerssko-"/>
						</TextLine>
						<TextLine ID="line_19" HPOS="288" VPOS="847" WIDTH="554" HEIGHT="28">
							<String ID="string_134" HPOS="288" VPOS="847" WIDTH="35" HEIGHT="27" WC="0.95" CONTENT="lor,"/><SP WIDTH="24" VPOS="847" HPOS="323"/>
							<String ID="string_135" HPOS="347" VPOS="847" WIDTH="68" HEIGHT="22" WC="0.95" CONTENT="hvilka"/><SP WIDTH="22" VPOS="847" HPOS="415"/>
							<String ID="string_136" HPOS="437" VPOS="848" WIDTH="56" HEIGHT="21" WC="0.96" CONTENT="visat"/><SP WIDTH="22" VPOS="848" HPOS="493"/>
							<String ID="string_137" HPOS="515" VPOS="848" WIDTH="32" HEIGHT="27" WC="0.96" CONTENT="sig"/><SP WIDTH="18" VPOS="848" HPOS="547"/>
							<String ID="string_138" HPOS="565" VPOS="854" WIDTH="51" HEIGHT="15" WC="0.96" CONTENT="vara"/><SP WIDTH="19" VPOS="854" HPOS="616"/>
							<String ID="string_139" HPOS="635" VPOS="849" WIDTH="28" HEIGHT="20" WC="0.96" CONTENT="ett"/><SP WIDTH="15" VPOS="849" HPOS="663"/>
							<String ID="string_140" HPOS="678" VPOS="847" WIDTH="85" HEIGHT="27" WC="0.93" CONTENT="verkligt"/><SP WIDTH="16" VPOS="847" HPOS="763"/>
							<String ID="string_141" HPOS="779" VPOS="847" WIDTH="63" HEIGHT="26" WC="0.93" CONTENT="behof"/>
						</TextLine>
						<TextLine ID="line_20" HPOS="287" VPOS="881" WIDTH="552" HEIGHT="28">
							<String ID="string_142" HPOS="287" VPOS="883" WIDTH="34" HEIGHT="26" WC="0.96" CONTENT="för"/><SP WIDTH="15" VPOS="883" HPOS="321"/>
							<String ID="string_143" HPOS="336" VPOS="882" WIDTH="24" HEIGHT="20" WC="0.96" CONTENT="de"/><SP WIDTH="16" VPOS="882" HPOS="360"/>
							<String ID="string_144" HPOS="376" VPOS="884" WIDTH="61" HEIGHT="25" WC="0.93" CONTENT="orter,"/><SP WIDTH="17" VPOS="884" HPOS="437"/>
							<String ID="string_145" HPOS="454" VPOS="883" WIDTH="14" HEIGHT="20" WC="0.92" CONTENT="å"/><SP WIDTH="15" VPOS="883" HPOS="468"/>
							<String ID="string_146" HPOS="483" VPOS="882" WIDTH="68" HEIGHT="21" WC="0.96" CONTENT="hvilka"/><SP WIDTH="15" VPOS="882" HPOS="551"/>
							<String ID="string_147" HPOS="566" VPOS="882" WIDTH="25" HEIGHT="20" WC="0.96" CONTENT="de"/><SP WIDTH="11" VPOS="882" HPOS="591"/>
							<String ID="string_148" HPOS="602" VPOS="883" WIDTH="37" HEIGHT="19" WC="0.96" CONTENT="äro"/><SP WIDTH="8" VPOS="883" HPOS="639"/>
							<String ID="string_149" HPOS="647" VPOS="881" WIDTH="117" HEIGHT="28" WC="0.95" CONTENT="placerade,"/><SP WIDTH="9" VPOS="881" HPOS="764"/>
							<String ID="string_150" HPOS="773" VPOS="882" WIDTH="66" HEIGHT="20" WC="0.96" CONTENT="måtte"/>
						</TextLine>
						<TextLine ID="line_21" HPOS="288" VPOS="916" WIDTH="549" HEIGHT="27">
							<String ID="string_151" HPOS="288" VPOS="916" WIDTH="65" HEIGHT="21" WC="0.96" CONTENT="lemna"/><SP WIDTH="17" VPOS="916" HPOS="353"/>
							<String ID="string_152" HPOS="370" VPOS="917" WIDTH="163" HEIGHT="26" WC="0.93" CONTENT="ifrågavarande"/><SP WIDTH="12" VPOS="917" HPOS="533"/>
							<String ID="string_153" HPOS="545" VPOS="916" WIDTH="183" HEIGHT="27" WC="0.91" CONTENT="petitionsförslag"/><SP WIDTH="14" VPOS="916" HPOS="728"/>
							<String ID="string_154" HPOS="742" VPOS="918" WIDTH="52" HEIGHT="19" WC="0.93" CONTENT="utan"/><SP WIDTH="12" VPOS="918" HPOS="794"/>
							<String ID="string_155" HPOS="806" VPOS="916" WIDTH="31" HEIGHT="26" WC="0.93" CONTENT="af-"/>
						</TextLine>
						<TextLine ID="line_22" HPOS="290" VPOS="951" WIDTH="78" HEIGHT="21">
							<String ID="string_156" HPOS="290" VPOS="951" WIDTH="78" HEIGHT="21" WC="0.96" CONTENT="seende."/>
						</TextLine>
					</TextBlock>
				</ComposedBlock>
				<ComposedBlock ID="cblock_3" HPOS="83" VPOS="1017" WIDTH="757" HEIGHT="236">
					<TextBlock ID="block_4" HPOS="84" VPOS="1017" WIDTH="753" HEIGHT="64">
						<TextLine ID="line_23" HPOS="152" VPOS="1017" WIDTH="685" HEIGHT="30">
							<String ID="string_157" HPOS="152" VPOS="1018" WIDTH="156" HEIGHT="29" WC="0.96" CONTENT="Helsingfors,"/><SP WIDTH="19" VPOS="1018" HPOS="308"/>
							<String ID="string_158" HPOS="327" VPOS="1018" WIDTH="26" HEIGHT="21" WC="0.96" CONTENT="af"/><SP WIDTH="15" VPOS="1018" HPOS="353"/>
							<String ID="string_159" HPOS="368" VPOS="1018" WIDTH="126" HEIGHT="22" WC="0.93" CONTENT="Allmänna"/><SP WIDTH="18" VPOS="1018" HPOS="494"/>
							<String ID="string_160" HPOS="512" VPOS="1018" WIDTH="223" HEIGHT="28" WC="0.91" CONTENT="Besvärsutskottet,"/><SP WIDTH="17" VPOS="1018" HPOS="735"/>
							<String ID="string_161" HPOS="752" VPOS="1017" WIDTH="45" HEIGHT="22" WC="0.95" CONTENT="den"/><SP WIDTH="18" VPOS="1017" HPOS="797"/>
							<String ID="string_162" HPOS="815" VPOS="1021" WIDTH="22" HEIGHT="18" WC="0.96" CONTENT="11"/>
						</TextLine>
						<TextLine ID="line_24" HPOS="84" VPOS="1053" WIDTH="124" HEIGHT="28">
							<String ID="string_163" HPOS="84" VPOS="1053" WIDTH="44" HEIGHT="28" WC="0.96" CONTENT="maj"/><SP WIDTH="19" VPOS="1053" HPOS="128"/>
							<String ID="string_164" HPOS="147" VPOS="1056" WIDTH="61" HEIGHT="19" WC="0.96" CONTENT="1894."/>
						</TextLine>
					</TextBlock>
					<TextBlock ID="block_5" HPOS="83" VPOS="1086" WIDTH="757" HEIGHT="167">
						<TextLine ID="line_25" HPOS="152" VPOS="1086" WIDTH="688" HEIGHT="29">
							<String ID="string_165" HPOS="152" VPOS="1088" WIDTH="12" HEIGHT="21" WC="0.96" CONTENT="I"/><SP WIDTH="16" VPOS="1088" HPOS="164"/>
							<String ID="string_166" HPOS="180" VPOS="1087" WIDTH="107" HEIGHT="22" WC="0.96" CONTENT="ärendets"/><SP WIDTH="15" VPOS="1087" HPOS="287"/>
							<String ID="string_167" HPOS="302" VPOS="1087" WIDTH="144" HEIGHT="28" WC="0.96" CONTENT="behandling"/><SP WIDTH="14" VPOS="1087" HPOS="446"/>
							<String ID="string_168" HPOS="460" VPOS="1087" WIDTH="70" HEIGHT="22" WC="0.96" CONTENT="hafva"/><SP WIDTH="15" VPOS="1087" HPOS="530"/>
							<String ID="string_169" HPOS="545" VPOS="1087" WIDTH="99" HEIGHT="28" WC="0.96" CONTENT="deltagit"/><SP WIDTH="15" VPOS="1087" HPOS="644"/>
							<String ID="string_170" HPOS="659" VPOS="1087" WIDTH="103" HEIGHT="28" WC="0.93" CONTENT="följande"/><SP WIDTH="16" VPOS="1087" HPOS="762"/>
							<String ID="string_171" HPOS="778" VPOS="1086" WIDTH="62" HEIGHT="22" WC="0.92" CONTENT="leda-"/>
						</TextLine>
						<TextLine ID="line_26" HPOS="83" VPOS="1120" WIDTH="756" HEIGHT="30">
							<String ID="string_172" HPOS="83" VPOS="1125" WIDTH="83" HEIGHT="19" WC="0.96" CONTENT="möter:"/><SP WIDTH="16" VPOS="1125" HPOS="166"/>
							<String ID="string_173" HPOS="182" VPOS="1122" WIDTH="108" HEIGHT="28" WC="0.96" CONTENT="Ramsay,"/><SP WIDTH="13" VPOS="1122" HPOS="290"/>
							<String ID="string_174" HPOS="303" VPOS="1122" WIDTH="75" HEIGHT="21" WC="0.96" CONTENT="såsom"/><SP WIDTH="8" VPOS="1122" HPOS="378"/>
							<String ID="string_175" HPOS="386" VPOS="1121" WIDTH="146" HEIGHT="28" WC="0.96" CONTENT="ordförande,"/><SP WIDTH="8" VPOS="1121" HPOS="532"/>
							<String ID="string_176" HPOS="540" VPOS="1128" WIDTH="47" HEIGHT="15" WC="0.93" CONTENT="von"/><SP WIDTH="8" VPOS="1128" HPOS="587"/>
							<String ID="string_177" HPOS="595" VPOS="1121" WIDTH="105" HEIGHT="28" WC="0.91" CONTENT="Fieandt,"/><SP WIDTH="10" VPOS="1121" HPOS="700"/>
							<String ID="string_178" HPOS="710" VPOS="1120" WIDTH="129" HEIGHT="27" WC="0.96" CONTENT="Nordlund,"/>
						</TextLine>
						<TextLine ID="line_27" HPOS="83" VPOS="1154" WIDTH="756" HEIGHT="31">
							<String ID="string_179" HPOS="83" VPOS="1157" WIDTH="125" HEIGHT="27" WC="0.95" CONTENT="Melander,"/><SP WIDTH="24" VPOS="1157" HPOS="208"/>
							<String ID="string_180" HPOS="232" VPOS="1155" WIDTH="122" HEIGHT="30" WC="0.96" CONTENT="Bergroth,"/><SP WIDTH="16" VPOS="1155" HPOS="354"/>
							<String ID="string_181" HPOS="370" VPOS="1156" WIDTH="97" HEIGHT="27" WC="0.96" CONTENT="Heman,"/><SP WIDTH="17" VPOS="1156" HPOS="467"/>
							<String ID="string_182" HPOS="484" VPOS="1155" WIDTH="140" HEIGHT="29" WC="0.95" CONTENT="Appelberg,"/><SP WIDTH="17" VPOS="1155" HPOS="624"/>
							<String ID="string_183" HPOS="641" VPOS="1155" WIDTH="98" HEIGHT="28" WC="0.96" CONTENT="Lindén,"/><SP WIDTH="15" VPOS="1155" HPOS="739"/>
							<String ID="string_184" HPOS="754" VPOS="1154" WIDTH="85" HEIGHT="28" WC="0.96" CONTENT="Lindh,"/>
						</TextLine>
						<TextLine ID="line_28" HPOS="84" VPOS="1182" WIDTH="755" HEIGHT="41">
							<String ID="string_185" HPOS="84" VPOS="1182" WIDTH="99" HEIGHT="41" WC="0.96" CONTENT="Öhberg,"/><SP WIDTH="16" VPOS="1182" HPOS="183"/>
							<String ID="string_186" HPOS="199" VPOS="1191" WIDTH="103" HEIGHT="25" WC="0.96" CONTENT="Bremer,"/><SP WIDTH="16" VPOS="1191" HPOS="302"/>
							<String ID="string_187" HPOS="318" VPOS="1190" WIDTH="134" HEIGHT="27" WC="0.93" CONTENT="Hellström,"/><SP WIDTH="9" VPOS="1190" HPOS="452"/>
							<String ID="string_188" HPOS="461" VPOS="1190" WIDTH="117" HEIGHT="25" WC="0.92" CONTENT="Konkola,"/><SP WIDTH="12" VPOS="1190" HPOS="578"/>
							<String ID="string_189" HPOS="590" VPOS="1192" WIDTH="60" HEIGHT="19" WC="0.93" CONTENT="samt"/><SP WIDTH="11" VPOS="1192" HPOS="650"/>
							<String ID="string_190" HPOS="661" VPOS="1189" WIDTH="178" HEIGHT="30" WC="0.92" CONTENT="suppleanterne"/>
						</TextLine>
						<TextLine ID="line_29" HPOS="83" VPOS="1224" WIDTH="570" HEIGHT="29">
							<String ID="string_191" HPOS="83" VPOS="1225" WIDTH="127" HEIGHT="28" WC="0.91" CONTENT="Törngren,"/><SP WIDTH="16" VPOS="1225" HPOS="210"/>
							<String ID="string_192" HPOS="226" VPOS="1225" WIDTH="54" HEIGHT="22" WC="0.95" CONTENT="frih."/><SP WIDTH="16" VPOS="1225" HPOS="280"/>
							<String ID="string_193" HPOS="296" VPOS="1232" WIDTH="46" HEIGHT="14" WC="0.96" CONTENT="von"/><SP WIDTH="14" VPOS="1232" HPOS="342"/>
							<String ID="string_194" HPOS="356" VPOS="1225" WIDTH="129" HEIGHT="21" WC="0.95" CONTENT="Bonsdorff"/><SP WIDTH="12" VPOS="1225" HPOS="485"/>
							<String ID="string_195" HPOS="497" VPOS="1224" WIDTH="43" HEIGHT="22" WC="0.93" CONTENT="och"/><SP WIDTH="15" VPOS="1224" HPOS="540"/>
							<String ID="string_196" HPOS="555" VPOS="1224" WIDTH="98" HEIGHT="29" WC="0.92" CONTENT="Torppa."/>
						</TextLine>
					</TextBlock>
				</ComposedBlock>
				<ComposedBlock ID="cblock_4" HPOS="152" VPOS="1492" WIDTH="514" HEIGHT="18">
					<TextBlock ID="block_6" HPOS="152" VPOS="1492" WIDTH="514" HEIGHT="18">
						<TextLine ID="line_30" HPOS="152" VPOS="1492" WIDTH="514" HEIGHT="18">
							<String ID="string_197" HPOS="152" VPOS="1492" WIDTH="107" HEIGHT="18" WC="0.90" CONTENT="Allmänna"/><SP WIDTH="13" VPOS="1492" HPOS="259"/>
							<String ID="string_198" HPOS="272" VPOS="1492" WIDTH="176" HEIGHT="18" WC="0.90" CONTENT="Besvärsutskottets"/><SP WIDTH="13" VPOS="1492" HPOS="448"/>
							<String ID="string_199" HPOS="461" VPOS="1492" WIDTH="118" HEIGHT="18" WC="0.96" CONTENT="betänkande"/><SP WIDTH="12" VPOS="1492" HPOS="579"/>
							<String ID="string_200" HPOS="591" VPOS="1492" WIDTH="36" HEIGHT="17" WC="0.95" CONTENT="N:o"/><SP WIDTH="12" VPOS="1492" HPOS="627"/>
							<String ID="string_201" HPOS="639" VPOS="1493" WIDTH="27" HEIGHT="16" WC="0.96" CONTENT="23."/>
						</TextLine>
					</TextBlock>
				</ComposedBlock>
			</PrintSpace>
		</Page>
	</Layout>
</alto>
