1070 1795
262 129 12 20 8
415 127 277 23 Petitionsbetänkande
707 127 46 22 N:o
768 127 41 22 40.

234 198 75 23 träder,
324 198 68 19 kunna
406 199 71 22 utgöra
493 198 54 19 detta
562 197 71 20 besvär
648 198 6 18 i
670 198 38 18 den
723 200 100 17 närmaste
841 197 112 22 framtiden,
969 196 24 19 då

235 225 86 21 flertalet
337 226 21 19 af
372 227 24 18 de
412 227 44 18 med
472 228 75 17 statens
563 226 64 19 medel
642 226 6 19 i
664 226 78 19 landets
758 226 92 23 nordliga
865 226 56 19 delar
931 225 63 19 under

236 255 118 24 anläggning
370 255 86 19 varande
472 257 86 21 vägarno
574 255 60 19 blifva
650 255 76 24 färdiga
742 255 37 19 och
795 255 58 18 skola
869 253 124 20 underhållas

236 283 22 19 af
278 284 24 19 de
323 284 236 24 vägbyggnadsskyldige.
590 283 69 19 Denna
683 283 122 23 berättigade
828 283 80 18 fruktan
924 282 31 19 för
969 287 24 14 en

236 311 129 21 öfverhöfvan
382 316 41 15 stor
438 315 59 21 tunga
513 312 100 19 förklarar
628 312 60 19 också
704 318 23 13 en
739 312 152 23 omständighet,
904 317 40 13 som
956 311 37 19 kan

237 346 60 18 synas
319 341 37 19 den
376 341 90 24 oinvigde
482 340 132 25 besynnerlig,
630 341 98 23 nämligen
743 342 30 17 att
787 346 40 18 nya
844 343 68 20 vägars
928 340 66 23 anläg-

237 369 64 24 gande
317 370 25 23 på
357 370 70 23 många
442 370 71 19 ställen
528 371 49 18 mött
591 369 106 23 motstånd,
714 369 61 19 ehuru
791 372 65 16 staten
867 369 86 24 erbjudit
963 374 31 13 er-

237 397 109 25 forderliga
361 398 243 24 anläggningskostnader.
636 398 40 20 Och
692 398 68 20 säkert
775 400 23 17 är
813 400 36 21 att,
865 398 22 19 så
902 397 55 24 länge
970 397 23 19 de

237 428 114 18 nuvarande
366 427 151 19 förhållandena
532 427 62 23 bestå,
610 433 43 13 man
670 428 5 17 i
691 426 105 20 framtiden
812 429 53 17 ännu
875 426 119 19 allmännare

238 455 88 19 kommer
348 457 30 17 att
398 458 60 21 vägra
474 457 30 18 att
519 457 86 22 mottaga
621 458 74 16 statens
710 455 93 24 möjligen
820 455 96 24 erbjudna
931 454 63 25 gåfva,

238 494 27 3 —
281 490 37 18 nya
341 484 124 23 landsvägar,
483 495 24 3 —
524 484 67 19 hvilka
611 484 51 19 dock
685 487 35 16 äro
743 484 34 19 det
799 484 50 19 enda
865 483 84 19 vilkoret
963 483 32 18 för

238 517 61 14 norra
313 512 95 20 Finlands
423 513 51 19 både
491 513 78 23 andliga
585 512 36 19 och
637 512 111 19 materiella
763 512 120 23 utveckling.

308 541 28 20 På
351 542 63 23 grund
430 542 21 19 af
465 541 57 20 ofvan
539 541 83 20 anförda
637 541 44 20 skäl
702 547 57 18 synes
776 541 33 18 det
824 541 65 22 billigt
905 540 35 19 och
960 545 35 14 un-

238 569 37 19 der
290 571 113 18 nuvarande
419 570 137 19 förhållanden
573 570 115 23 lämpligast,
704 571 30 18 att
750 572 65 16 staten
831 569 63 19 skulle
906 569 40 18 helt
959 569 36 18 och

239 598 61 19 bållet
320 601 46 20 taga
389 599 174 23 vägaunderbållet
579 604 31 13 om
624 599 76 18 händer
716 599 36 18 och
769 601 30 16 att
814 597 67 20 härför
897 597 98 19 erforder-

238 627 40 23 liga
293 627 63 19 medel
372 627 64 19 skulle
452 627 98 24 uppbäras
566 627 21 19 af
602 627 89 23 samtliga
706 627 146 24 skattskyldige
867 626 128 23 medborgare

239 655 51 19 både
312 656 6 18 i
342 656 94 19 städerna
457 657 36 18 och
516 656 26 24 på
557 656 72 19 landet,
660 655 46 19 Men
726 655 26 20 då
768 655 71 19 sakens
856 655 40 24 vigt
911 655 84 24 fordrar,

240 686 30 17 att
292 690 137 18 noggrannare
452 685 104 23 utredning
579 685 68 18 vinnes
663 690 30 13 om
709 684 152 23 ifrågavarande
876 683 119 19 missförbål-

239 713 73 19 landen
336 713 38 19 och
394 713 24 19 de
440 713 71 25 medel,
535 713 124 23 hvarigenom
680 713 38 18 den
738 712 22 19 af
780 713 39 23 mig
833 712 37 19 här
885 711 112 24 föreslagna

240 741 142 25 förändringen
403 743 69 18 lättast
495 742 64 19 kunde
580 744 61 17 sättas
663 742 6 18 i
692 742 75 23 verket,
784 741 60 24 vågar
858 741 34 24 jag
908 741 34 18 hos
957 740 39 19 He-

241 770 98 19 dervärda
354 771 149 18 Bondeståndet
519 770 79 23 föreslå,
614 773 29 16 att
659 770 83 19 Ståndet
756 771 7 18 i
779 769 90 24 förening
881 769 44 19 med
935 769 62 19 andra

241 798 63 20 Stånd
319 799 45 19 ville
380 799 36 19 hos
432 799 54 20 Hans
502 799 112 24 Kejserliga
629 799 94 24 Majestät
734 799 6 18 i
752 798 157 24 underdånighet
919 798 78 19 anhålla

517 857 31 18 att
561 855 63 20 Hans
641 854 125 28 Kejserliga
782 854 105 27 Majestät
899 854 98 21 täcktes
987 850 15 36 i

446 883 70 20 nåder
537 883 100 21 nedsätta
652 890 26 14 en
694 883 78 20 komité
786 883 49 20 med
849 883 102 27 uppdrag
966 885 32 18 att

448 911 122 22 undersöka
591 912 57 21 huru
669 911 164 28 vägbyggnads-
855 911 39 20 och
916 911 80 21 under-

448 939 141 29 hällstungan
611 940 69 21 skulle
699 941 72 27 jemnt
795 940 100 26 fördelas
918 940 80 21 mellan

448 969 102 28 samtliga
565 969 161 28 skattskyldige,
743 969 26 20 sä
779 971 32 18 att
822 969 41 20 den
873 968 46 21 icke
929 969 69 20 skulle

449 997 82 21 drabba
546 998 9 20 i
571 999 82 20 mantal
673 1000 43 19 satt
735 997 56 28 jord
805 1000 95 22 ensamt;
914 997 37 21 och
967 999 32 19 att

449 1026 75 28 Nädig
537 1027 137 26 proposition
689 1027 9 20 i
712 1027 67 20 saken
795 1026 70 21 skulle
870 1025 128 28 föreläggas

449 1055 84 20 landets
555 1055 35 21 till
612 1055 198 21 nästinstundande
832 1055 107 27 landtdag
949 1054 50 29 för-

450 1084 96 20 samlade
563 1083 99 22 Ständer.

311 1141 125 25 Helsingfors
452 1143 37 18 den
506 1141 13 20 6
534 1142 96 19 Februari
647 1141 61 21 1894.

559 1198 28 22 P.
603 1198 83 22 Aulin.

455 1232 129 23 Representant
595 1232 27 17 för
634 1232 52 18 Kemi
698 1232 89 23 domsaga.

312 1283 65 23 Juho
392 1283 130 23 Pitkänen.
765 1283 30 23 K.
813 1283 117 23 Oittinen.

314 1392 44 21 Det
372 1392 68 22 första
456 1393 22 20 af
493 1393 26 21 de
534 1393 146 28 föreliggande
692 1393 241 29 petitionsmemorialen
944 1393 57 21 afser

244 1425 68 22 sädan
326 1426 127 26 förändring
468 1427 23 21 af
504 1427 99 26 gällande
618 1427 134 28 stadganden
767 1427 112 28 angäende
894 1429 51 26 väg-
960 1427 41 22 och

316 1467 48 22 Lag-
377 1467 32 17 och
422 1467 181 17 Ekonomiutskottets
614 1467 111 18 betänkande
738 1467 38 18 N:o
789 1467 28 17 14.
