1070 1795
279 170 261 23 Motionsbetänkande
556 170 43 22 N:o
614 170 24 22 2.
828 171 13 20 3

454 276 15 29 8
491 277 39 21 14.

182 345 12 22 I
222 345 136 22 allmänhet
385 345 40 22 må
448 345 153 28 försäljning
620 345 25 22 af
664 345 24 22 öl
707 345 59 22 eller
784 346 85 27 porter

113 380 37 22 till
169 379 157 29 afhemtning
350 381 64 20 samt
432 379 175 29 utskänkning
626 379 26 22 af
670 379 74 22 dessa
763 379 106 28 drycker

114 414 114 30 försiggå
247 414 89 22 endast
356 414 57 22 från
431 414 108 22 klockan
559 420 44 16 sex
622 421 40 15 om
681 420 139 23 morgonen
833 414 36 22 till

114 449 108 22 klockan
250 448 42 22 nio
319 455 40 16 om
388 448 110 27 aftonen,
518 455 57 15 men
594 449 54 21 icke
668 448 56 22 från
744 448 125 29 sistsagda

114 483 131 28 klockslag
264 483 83 29 dagen
367 483 53 22 före
440 483 55 22 sön-
514 483 60 22 eller
592 483 112 29 helgdag
716 483 36 22 till
762 483 107 22 klockan

114 524 44 16 sex
186 517 176 29 förmiddagen
389 517 79 22 första
487 517 79 28 derpå
585 517 113 29 följande
717 517 150 29 söcknedag.

115 552 47 23 Om
190 551 44 26 tid,
264 552 32 21 då
322 552 174 29 utskänkning
523 552 40 21 må
595 558 47 23 ega
669 558 55 15 rum
741 547 17 39 ä
793 552 75 26 hotel,

114 586 156 23 konditorier
289 587 45 21 och
354 587 80 21 andra
452 586 197 29 näringsställen
668 586 8 22 i
695 587 56 21 stad
772 587 45 22 och
836 587 33 28 på

115 621 93 26 landet,
229 621 45 21 der
292 621 222 22 värdshusrörelse
527 621 82 26 idkas,
622 621 67 29 gälle
702 621 68 22 hvad
783 621 86 22 derom

116 656 28 21 är
162 655 60 22 eller
241 655 133 22 framdeles
399 655 50 22 kan
469 655 81 22 varda
568 655 157 23 förordnadt.
763 649 21 28 Å
803 656 66 28 gäst-

115 689 99 30 gifveri,
241 689 45 22 der
304 690 173 29 utskänkning
488 689 32 23 af
526 690 174 29 maltdrycker
718 689 27 22 åt
762 690 107 22 resande

115 725 31 21 är
168 723 108 27 tillåten,
305 724 43 22 må
375 723 85 24 sådan
487 724 175 29 utskänkning
681 731 47 22 ega
747 731 54 15 rum
821 724 48 22 alla

116 759 64 22 tider
199 759 26 22 af
243 759 102 28 dygnet.

184 920 12 21 I
226 920 178 28 uppgörandet
434 920 26 22 af
481 920 69 23 detta
577 921 97 29 förslag
701 921 77 22 hafva
802 921 67 22 inom

115 954 121 22 utskottet
249 954 117 29 deltagit:
381 955 171 22 ordföranden
563 955 123 27 Lindelöf,
699 955 171 22 ledamöterna

115 989 106 22 friherre
260 995 51 16 von
339 989 135 29 Knorring,
504 990 29 21 A.
562 989 188 29 Björkenheim,
778 990 22 22 J.
829 990 41 22 Jo-

115 1023 120 26 hansson,
268 1023 124 29 Tallgren,
430 1023 136 30 Wegelius,
603 1024 105 27 Fontell,
745 1024 124 27 Renlund,

117 1057 146 29 Holmberg,
292 1057 94 27 Möller,
408 1058 93 27 Savön,
530 1058 125 27 Hollmön,
676 1059 129 28 Häyrinen
824 1059 45 22 och

117 1091 171 23 Laurikainen
306 1094 64 20 samt
395 1093 196 28 suppleanterna
619 1093 29 22 A.
669 1093 31 22 M.
728 1093 141 22 Schauman

115 1126 47 23 och
182 1126 83 22 Aulin.

185 1517 183 19 Ekonomiutskottets
380 1519 110 17 betänkande
502 1519 37 18 N:o
553 1519 19 18 11
