1070 1795
294 147 262 22 Motionsbetänkande
572 147 42 22 N:o
630 148 24 21 4.
811 150 12 19 3

163 218 132 22 Remissen
316 218 46 22 har
384 219 123 28 derjemte
527 219 95 28 åtföljts
642 219 25 22 af
686 219 165 23 diskussions-

94 252 133 28 protokoll,
256 253 177 22 innehållande
461 253 132 22 uttalande
622 253 25 22 af
670 260 30 15 en
719 255 131 22 medlem
834 248 20 38 i

94 286 106 23 ståndet.

163 321 50 22 För
240 321 188 29 behandlingen
448 321 25 22 af
492 321 184 22 ofvanstående
694 323 157 22 motionsför-

94 355 55 30 slag
175 356 47 22 har
250 355 42 22 det
318 357 71 26 synts
416 362 64 15 vara
505 356 26 21 af
548 356 106 22 intresse
674 358 36 20 att
727 357 73 22 kasta
819 364 31 15 en

93 390 65 23 blick
168 391 33 29 på
212 390 49 22 den
274 390 145 29 utveckling
428 390 194 29 lagstiftningen
632 391 109 22 rörande
754 391 97 29 svedje-

93 425 65 23 bruk
176 426 47 22 hos
242 431 42 15 oss
302 425 144 28 undergått.

162 460 11 22 I
202 459 69 22 äldre
299 459 63 22 tider
388 465 48 16 var
462 459 100 28 private
581 459 147 29 jordegares
747 461 50 21 rätt
815 461 36 21 att

92 493 100 30 förfoga
211 493 72 22 öfver
302 493 54 22 sina
368 493 162 29 lägenheters
544 494 115 21 enskilda
672 494 177 29 skogsmarker

93 528 27 22 så
148 529 7 21 i
181 529 69 22 detta
269 534 52 15 som
340 528 7 21 i
367 528 81 21 andra
467 528 139 22 afseenden
624 528 151 29 fullkomligt
793 529 56 22 obe-

93 563 119 28 gränsad.
250 562 56 22 Men
332 562 80 22 redan
431 562 33 28 på
485 562 140 22 1600-talet
643 563 106 28 började
767 565 81 20 staten

93 597 26 22 af
136 597 104 22 fruktan
258 597 39 21 för
316 597 142 28 skogsbrist
478 597 36 21 att
526 597 101 28 ingripa
640 597 8 22 i
662 597 48 22 den
724 597 125 23 enskildes

93 631 220 28 dispositionsrätt,
339 631 7 22 i
372 631 42 22 det
442 632 36 21 att
497 637 91 22 genom
608 638 30 15 en
657 631 148 30 förordning
825 632 24 22 af

92 665 49 22 den
162 666 31 22 19
212 666 68 21 Mars
300 665 66 22 1638
386 665 117 29 förbjöds
517 665 330 30 svedjande
667 661 15 38 i
693 665 154 30 bergslagen,

91 700 97 22 hvilket
214 700 93 22 förbud
334 700 36 21 uti
390 700 109 29 stadgan
520 700 25 21 af
564 700 49 22 den
633 701 33 21 22
685 701 67 21 Mars
773 701 74 26 1647,

93 735 131 28 angående
252 735 135 28 skogarna,
418 735 153 21 utsträcktes
599 735 104 26 derhän,
724 736 36 21 att
777 735 72 22 sved-

91 769 76 28 jande
195 769 76 22 tilläts
299 769 105 22 allenast
430 769 8 22 i
457 769 123 22 händelse
599 769 102 22 dermed
720 769 128 28 åsyftades

91 803 120 29 rödjning
230 803 35 22 till
286 803 66 26 åker,
374 804 50 28 äng
444 803 60 22 eller
523 803 146 29 beteshage.
706 804 11 21 I
737 804 41 21 det
793 805 55 20 när-

91 840 79 19 maste
193 837 133 22 enahanda
345 838 142 28 stadgande
507 837 84 29 ingick
610 838 7 21 i
639 838 31 21 14
689 838 58 28 kap.
767 838 29 22 B.
817 838 29 22 B.

92 872 26 21 af
147 872 121 22 17834-ärs
286 872 49 28 lag,
355 872 104 22 hvilken
479 872 103 28 medgaf
601 872 139 28 svedjande
760 873 88 22 endast

91 906 32 22 då
134 907 103 21 dermed
252 907 84 28 afsågs
348 907 180 28 upprödjande
543 906 25 22 af
581 907 71 21 mark
662 907 39 21 för
711 907 136 22 bestående

91 941 86 28 odling
196 941 60 22 eller
273 941 145 28 frigörande
433 941 26 22 af
471 941 81 22 redan
565 941 138 28 förefintlig
716 941 67 26 åker,
798 942 50 28 äng

90 975 46 22 och
164 975 138 29 beteshage
328 975 57 22 från
404 975 127 29 ungskog,
551 981 57 16 men
627 975 111 22 innehöll
756 975 91 22 förbud

90 1011 66 20 emot
176 1010 55 21 »det
249 1009 133 27 missbruk,
404 1011 36 20 att
459 1009 64 29 skog
542 1010 46 21 och
605 1010 71 21 mark
689 1010 36 21 till
739 1011 49 28 äng
801 1010 46 22 och

90 1043 153 30 åkergärdet
262 1045 110 28 stänges,
392 1044 46 22 och
458 1044 99 29 skogen
576 1044 81 22 under
670 1044 62 22 sken
746 1044 24 22 af
781 1045 66 28 rödj-

89 1078 68 29 ning,
172 1078 180 29 bortsvedjes.»
392 1078 82 22 Ettså
487 1078 155 29 vidtgående
656 1078 92 23 förbud
760 1079 86 28 tyckes

89 1112 63 22 dock
171 1113 33 28 på
224 1113 48 22 den
288 1113 68 22 tiden
370 1113 69 21 ännu
452 1113 55 22 icke
520 1113 78 22 hafva
610 1113 98 22 kunnat
720 1114 127 27 noggrant

88 1146 135 29 iakttagas,
244 1147 82 22 såsom
346 1153 75 22 synes
442 1147 25 22 af
487 1147 127 29 Kongliga
632 1147 172 29 förklaringen
822 1147 25 22 af

88 1181 49 22 den
156 1182 15 21 5
192 1181 72 28 April
284 1181 75 26 1739,
374 1181 54 22 deri
443 1181 56 22 »det
513 1181 116 29 skadliga
642 1181 46 22 och
700 1181 147 29 förderfliga

88 1215 81 26 sättet,
190 1222 54 16 som
262 1215 95 22 brukas
377 1217 36 20 att
432 1215 127 22 afbränna
578 1216 57 21 hela
654 1216 85 26 fälten,
759 1216 86 21 hvilka

87 1250 44 21 äro
156 1250 56 22 med
237 1250 72 29 ljung
327 1250 46 22 och
392 1250 35 22 ris
446 1250 145 26 bevuxna»,
611 1250 168 29 uttryckligen
798 1250 47 22 för-

86 1283 74 30 bjöds
182 1285 46 28 »på
247 1285 31 22 de
297 1285 97 26 ställen,
414 1285 46 21 der
478 1285 107 22 liknelse
604 1285 36 21 till
658 1285 88 28 duglig
760 1285 85 28 skogs-

86 1319 61 21 växt
166 1319 78 28 gafs».
284 1319 260 28 Skogsordningarna
561 1319 26 22 af
599 1319 49 22 den
663 1319 32 22 10
708 1319 137 22 December

87 1352 67 22 1793
174 1353 47 21 och
240 1353 49 22 den
310 1354 11 20 1
343 1353 110 29 Augusti
474 1353 67 22 1805
562 1353 128 22 innehöllo
708 1353 36 22 uti
754 1352 91 29 ifräga-

85 1387 113 22 varande
227 1387 117 22 afseende
372 1387 54 22 icke
454 1387 83 29 några
566 1394 50 22 nya
647 1387 196 29 bestämningar,

84 1427 58 16 men
160 1422 114 22 deremot
294 1422 136 29 stadgades
450 1422 8 21 i
478 1422 33 22 45
532 1422 14 29 $
569 1422 24 22 af
611 1422 181 29 förordningen
805 1428 40 15 om

84 1455 128 30 skogarne
242 1456 25 22 af
288 1456 48 22 den
358 1456 16 22 9
398 1455 151 30 September
570 1456 79 23 1851:
682 1456 48 22 »På
750 1456 37 22 sin
806 1462 40 16 en-

152 1493 48 23 Lag-
214 1493 33 18 och
259 1493 183 18 Ekonomiutskottets
456 1493 112 18 betänkande
581 1495 37 16 N:o
630 1494 18 17 5.
