1070 1795
270 105 16 20 4
377 104 82 23 Ständ.
474 104 55 22 Pet.
544 117 29 2 —
588 104 170 23 Petitionsbet.
774 103 42 23 N:o
831 103 36 22 37.

240 169 84 29 bidrag
346 169 26 22 af
392 170 94 25 30,0000
501 170 66 21 mark
587 170 37 21 för
638 169 48 22 fem
701 170 122 21 månaders
839 167 162 30 seglationstid

241 211 57 15 vore
312 204 37 22 för
364 204 132 22 ändamälet
511 204 37 22 till
563 204 88 29 fyllest,
667 204 100 22 hvarvid
787 203 66 29 dock,
869 204 30 28 pä
914 203 39 21 det
967 204 34 21 att

242 239 47 21 den
304 239 57 21 eller
376 238 34 29 de,
428 246 49 14 som
494 239 68 28 åtaga
577 239 37 28 sig
628 238 161 22 förbindelsen
798 240 35 20 att
843 237 158 30 upprätthålla

240 273 180 28 ifrågavarande
435 273 76 28 trafik,
531 273 52 22 icke
599 274 72 21 måtte
686 273 64 22 finna
765 273 38 21 sin
818 272 128 29 uträkning
961 272 40 22 vid

241 309 36 20 att
292 308 104 29 uppbära
419 308 172 21 subventionen
614 310 57 19 utan
694 310 35 19 att
744 311 57 26 göra
816 307 28 21 de
860 307 140 28 stipulerade

241 349 102 21 resorna,
360 343 40 21 der
416 342 28 22 de
459 346 40 18 äro
515 343 103 28 möjliga,
638 342 39 21 det
692 343 77 21 vilkor
784 341 71 22 borde
878 341 72 22 fästas
966 343 33 20 att

241 377 38 21 för
302 377 80 28 hvarje
400 377 145 21 försummad
563 384 52 14 resa
633 379 35 19 ett
682 377 89 28 skäligt
785 376 82 29 afdrag
882 376 52 21 från
949 376 52 21 sub-

241 411 218 22 ventionssumman
479 411 77 22 skulle
571 415 75 25 göras.

311 446 33 21 På
366 446 77 28 grund
465 446 27 21 af
513 446 39 21 det
575 446 71 21 ofvan
668 446 97 21 anförda
787 446 72 21 hafva
873 445 128 21 Ständerna

242 482 78 19 ansett
336 481 36 28 sig
388 480 56 22 böra
458 480 9 21 i
481 480 188 28 underdånighet
685 480 101 22 anhålla:

520 546 31 19 att
569 543 69 22 Eders
657 543 119 28 Kejserliga
792 543 105 27 Majestät
911 543 7 21 i
933 543 66 21 nåder

451 579 78 21 täcktes
552 578 27 27 af
597 578 107 21 allmänna
727 578 65 21 medel
814 577 73 28 bevilja
907 578 93 27 lämpligt

451 613 75 27 anslag
549 613 24 21 åt
595 613 81 21 enskild
695 620 79 19 person
797 613 49 20 eller
868 612 65 27 bolag,
956 619 44 15 som

449 647 108 27 förbinder
571 647 33 28 sig
620 649 31 20 att
665 647 67 22 under
747 647 198 22 vintermånaderna
955 647 47 20 med

450 682 178 27 ändamålsenligt
643 682 71 27 fartyg
730 682 125 21 underhålla
870 681 70 22 såvidt
952 681 49 27 möj-

450 717 38 26 ligt
502 717 138 26 regelbunden
655 716 180 22 kommunikation
845 717 75 20 mellan
930 709 72 28 Åland

450 753 55 19 samt
527 744 54 32 Åbo,
604 751 100 21 eventuelt
719 751 84 27 Hangö,
825 751 36 21 och
877 750 123 27 Stockholm,

450 785 33 27 för
493 785 197 27 frambefordrande
700 786 27 26 af
738 785 63 22 såväl
812 792 140 20 passagerare
965 786 36 21 och

448 822 50 25 post
513 827 46 14 som
574 827 74 20 varor;
663 822 60 19 samt

521 857 30 18 att
567 855 26 21 de
608 855 105 21 åländska
726 857 139 24 postrotarna
875 855 65 21 måtte
949 855 50 26 från

450 888 63 22 deras
529 888 126 28 åligganden
670 889 131 27 beträffande
816 889 183 27 vinterpostföring

450 923 57 27 öfver
521 923 70 27 hafvet
607 924 83 26 befrias,
707 925 27 20 så
750 924 60 27 långt
824 925 79 20 sådant
913 925 86 26 pröfvas

450 958 86 27 möjligt,
552 959 66 21 sedan
634 959 87 22 berörda
730 958 270 28 ångbåtskommunikation

450 993 86 21 kommit
552 993 31 21 till
597 993 72 22 stånd.

312 1061 113 22 Finlands
441 1061 94 22 ständer
550 1061 133 22 framhärda
698 1063 43 20 etc.

312 1124 156 29 Helsingfors,
485 1124 46 21 den
546 1125 27 22 28
588 1125 46 28 Maj
654 1125 61 22 1894.

372 1417 102 18 Helsingfors,
485 1418 57 14 Finska
551 1419 187 18 Litteratur-Sällskapets
749 1419 72 17 tryckeri,
832 1419 39 14 1894.
