1070 1795
252 130 279 23 Petitionsbetänkande
547 130 45 23 N:o
608 130 36 22 18.
786 132 12 21 5

68 199 125 21 hållanden
205 199 46 20 kan
263 197 114 22 bedrifvas
388 197 53 22 med
452 197 44 23 den
507 197 131 29 framgång,
650 200 34 20 att
696 198 44 21 den
751 198 77 22 blefve

68 233 120 28 verkligen
215 232 105 21 lönande.
350 232 37 21 En
412 232 73 21 sådan
509 232 127 29 utredning
661 232 41 21 har
728 232 38 21 det
791 235 37 25 ty-

68 271 54 17 värr
137 267 59 21 varit
212 266 106 29 omöjligt
332 266 36 21 för
377 266 116 21 utskottet
505 269 34 18 att
550 266 166 22 åstadkomma.
740 267 87 21 Visser-

68 301 63 28 ligen
146 301 48 27 har,
210 301 30 28 på
251 304 46 17 sätt
307 301 71 20 redan
389 304 138 22 omnämnts,
541 301 109 21 intresset
660 301 36 21 för
706 301 121 21 hönssköt-

69 335 49 21 seln
137 335 62 21 inom
217 335 80 21 landet
312 335 88 21 vaknat
415 335 74 21 under
504 335 28 20 de
549 342 80 14 senare
645 336 61 25 åren,
724 335 42 22 och
781 337 47 20 rätt

68 370 90 28 många,
182 369 73 21 delvis
279 369 35 21 till
336 369 42 21 och
401 369 52 21 med
476 369 127 28 betydliga,
619 369 143 28 hönsgårdar
777 369 50 22 der-

69 404 74 21 under
163 403 80 22 blifvit
261 403 106 29 anlagda.
398 404 54 21 Men
467 405 74 27 några
556 404 84 21 exakta
655 404 120 28 uppgifter
790 411 37 15 om

71 438 66 21 dessa
158 438 167 27 inrättningars
348 438 146 21 räntabilitet
515 438 42 21 har
576 438 115 21 utskottet
707 438 19 29 ej
743 439 84 20 varit
816 434 15 37 i

70 472 92 21 tillfälle
185 474 35 19 att
242 471 143 22 införskaffa.
417 472 80 21 Såsom
518 472 55 28 föga
588 473 186 27 uppmuntrande
791 473 36 21 till

69 507 79 20 försök
170 507 30 28 på
222 506 64 21 detta
309 506 91 21 område
423 507 73 20 måste
517 507 12 20 å
545 507 73 20 andra
638 506 66 21 sidan
720 507 44 21 den
780 514 47 15 om-

70 541 163 28 ständigheten
254 541 130 26 betecknas,
406 544 35 17 att
461 541 119 28 åtskilliga
596 544 72 18 större
684 541 143 28 hönsgårdar

69 575 106 28 nedlagts
191 575 73 21 under
280 575 27 20 de
323 582 79 14 senare
418 575 62 26 åren,
492 575 70 21 sedan
576 575 28 21 de
615 575 99 21 medfört
725 575 102 22 känbara

69 609 108 22 förluster
200 609 36 21 för
258 609 49 21 sina
330 617 72 20 egare.
437 609 123 22 Huruvida
583 610 97 21 orsaken
704 610 36 21 till
763 610 64 21 detta

69 651 151 21 ogynsamma
242 643 97 21 resultat
359 644 47 21 står
426 646 35 19 att
477 644 67 21 sökas
560 644 8 21 i
584 651 28 14 en
629 644 86 28 oriktig
731 643 96 29 ledning

69 678 26 21 af
108 678 116 28 företaget
239 678 55 21 eller
310 677 54 27 deri,
382 680 34 19 att
431 679 53 20 vårt
493 678 67 21 lands
571 678 108 28 nordliga
689 678 53 28 läge
753 678 73 21 öfver-

69 712 89 21 hufvud
180 712 116 21 försvårar
315 712 56 21 eller
390 712 139 29 omöjliggör
544 720 29 13 en
589 712 154 29 inbringande
759 713 66 21 höns-

69 747 86 20 skötsel
170 747 73 20 måste
258 747 86 20 lemnas
360 747 94 21 derhän.
479 747 64 20 Enär
558 747 172 28 hönsfäglarna,
744 747 35 21 för
792 749 35 19 att

69 781 103 22 skötseln
194 781 26 22 af
240 781 52 21 dem
315 781 58 21 skall
393 781 74 22 blifva
483 781 106 28 lönande,
606 782 73 21 måste
694 781 70 22 hafva
779 781 47 22 till-

68 815 56 22 fälle
146 816 36 21 till
205 816 99 28 mycken
322 816 84 21 rörelse
422 817 7 20 i
446 816 39 21 det
501 816 44 21 fria
568 816 42 21 och
627 816 63 21 detta
707 816 66 21 faller
789 816 36 28 sig

68 851 64 20 svårt
151 851 8 20 i
176 851 52 20 vårt
246 850 61 27 land,
328 850 40 21 der
384 851 88 20 hönsen
488 850 74 21 under
577 858 29 13 en
622 854 48 17 stor
685 850 37 21 del
738 851 26 20 af
777 851 49 20 året

68 885 73 20 måste
162 885 73 20 hållas
255 885 129 28 instängda,
404 885 25 21 så
451 888 25 17 är
488 885 27 28 ju
531 885 92 28 möjligt
638 887 35 19 att
688 885 75 21 denna
780 892 45 14 om-

68 919 134 28 ständighet
215 919 69 21 bland
302 919 70 21 andra
383 919 78 21 kunde
471 919 72 21 verka
551 919 94 26 derhän,
657 921 35 19 att
703 919 122 22 hönssköt-

67 953 50 21 seln
142 953 8 21 i
174 953 80 21 landet
274 953 19 28 ej
313 953 7 21 i
338 954 73 27 något
429 953 42 21 fall
494 953 52 27 kan,
563 954 30 28 på
607 956 47 19 sätt
668 954 156 28 petitionären

67 995 69 20 synes
152 987 129 26 förutsätta,
298 987 99 28 gestalta
413 988 33 26 sig
462 987 37 22 till
515 995 28 14 en
560 988 90 28 näring,
665 995 48 14 som
724 988 8 21 i
745 991 79 18 nämn-

66 1021 58 21 värd
139 1021 57 28 grad
212 1022 74 21 skulle
302 1021 96 29 bidraga
415 1022 36 21 till
463 1022 145 21 välståndets
624 1021 97 22 ökande.

135 1055 80 22 Under
230 1056 86 21 sådana
331 1056 163 21 förhållanden
510 1056 43 21 och
569 1056 30 21 då
615 1056 160 21 erfarenheten
787 1063 37 14 om

66 1089 77 22 denna
164 1090 165 29 näringsgrens
352 1090 139 29 lämplighet
511 1090 36 21 för
569 1091 53 20 vårt
644 1090 56 21 land
720 1094 61 17 ännu
799 1093 26 18 är

67 1123 79 22 alltför
161 1124 67 28 ringa
244 1124 35 21 för
295 1127 33 18 att
344 1127 72 18 större
432 1125 161 28 uppoffringar
609 1125 36 20 för
660 1125 51 20 dess
727 1124 98 21 befräm-

63 1158 72 28 jande
151 1158 77 21 kunde
247 1158 109 27 förordas,
372 1159 42 21 har
429 1159 122 26 utskottet,
567 1159 74 21 under
656 1159 169 28 förutsättning

66 1195 35 18 att
124 1193 56 20 våra
202 1192 238 29 landtbrukssällskap
463 1193 43 21 och
526 1193 218 28 fackmyndigheter
760 1193 65 21 skola

67 1229 54 26 taga
145 1227 70 20 saken
240 1234 36 14 om
299 1227 62 21 hand
384 1227 43 21 och
452 1227 133 28 derigenom
603 1227 52 21 med
670 1227 64 21 tiden
750 1227 75 21 åstad-

68 1260 92 21 komma
176 1264 33 18 ett
225 1261 92 21 säkrare
339 1261 106 21 material
469 1261 36 21 för
521 1261 154 22 bedömandet
698 1261 26 21 af
734 1261 89 28 frågan,

68 1297 77 18 ansett
160 1295 36 28 sig
211 1295 55 21 böra
282 1295 118 21 vördsamt
415 1295 95 22 föreslå:

340 1366 32 18 att
390 1364 153 26 förevarande
566 1364 214 26 petitionsmemorial
803 1364 22 26 ej

272 1399 64 20 måtte
357 1399 35 20 till
414 1399 72 27 någon
511 1398 80 28 åtgärd
612 1398 59 27 från
688 1397 135 22 Ständernas

271 1433 48 20 sida
331 1433 130 26 föranleda.

138 1471 180 18 Ekonomtutskottets
331 1471 111 18 betänkande
455 1471 38 18 N:o
507 1472 16 17 6.
