1070 1795
255 124 13 20 2
414 124 278 23 Petitionsbetänkande
709 125 44 23 N:o
768 125 35 22 17.

226 191 83 26 bilitet,
332 195 29 18 än
383 192 61 22 hvad
460 193 157 22 betänkandet
632 193 135 27 innehäller,
784 193 49 22 dels
849 193 36 21 för
901 193 82 29 aflägs-

226 226 78 22 nande
326 226 57 22 eller
404 227 137 29 förändring
562 227 27 22 af
601 227 39 22 det
656 228 13 21 &
684 228 41 21 sid.
745 229 26 21 16
787 227 26 22 af
826 227 158 22 betänkandet

226 261 190 22 förekommande
425 264 11 19 2
448 269 75 20 mom.,
534 269 49 15 som
595 262 66 22 berör
671 263 154 28 petitionerna
833 262 44 22 N:o
889 263 12 20 5
912 262 44 23 och
963 264 19 20 6.

296 295 36 22 Då
347 295 97 22 sålunda
460 299 85 19 tvenne
556 297 69 21 stånd
637 297 105 28 godkänt
756 297 157 21 betänkandet
924 297 58 22 oför-

227 329 99 22 ändradt
342 333 60 18 samt
416 333 85 26 preste-
517 331 43 22 och
576 331 175 22 bondestånden
766 331 70 28 yrkat
851 331 30 28 på
894 333 34 19 ett
938 331 45 22 till-

225 363 57 29 lägg
297 364 8 21 i
320 364 40 21 det
375 364 67 29 syfte,
458 367 35 19 att
507 365 197 29 undervisningen
728 365 7 21 i
748 365 234 29 jordbruksskolorna

226 397 71 23 borde
310 398 83 22 ordnas
410 399 51 22 med
477 399 110 23 särskildt
602 399 108 23 afseende
726 399 77 29 derpå,
816 401 34 20 att
862 399 121 22 landthus-

225 432 137 29 hållningen
370 437 67 24 göres
447 434 161 29 inbringande,
617 435 120 21 hvaremot
745 434 147 21 sistnämnda
903 434 79 21 stånds

226 466 76 29 öfriga
323 467 8 21 i
353 467 51 22 dess
432 468 116 29 protokoll
569 468 98 29 intagna
690 468 177 29 önskningsmål
887 468 20 29 ej
925 475 56 14 vun-

226 502 36 21 nit
276 502 126 22 understöd
418 503 26 21 af
456 503 71 28 något
543 505 72 19 annat
630 503 74 26 stånd,
716 503 26 21 så
752 502 36 22 får
799 503 120 26 utskottet,
932 503 8 20 i
951 502 32 22 af-

226 536 85 21 seende
333 537 13 21 å
368 537 225 29 sammanjemkning
615 537 26 22 af
661 537 29 22 de
712 537 136 28 skiljaktiga
870 537 111 26 besluten,

227 570 96 22 härmed
340 571 118 22 vördsamt
471 571 97 22 föreslå:

503 637 31 18 att
558 635 124 20 Ständerna
700 635 48 21 ville
763 635 37 20 hos
815 635 65 20 Hans
896 635 86 27 Kejser-

435 669 44 27 liga
495 669 105 28 Majestät
617 670 7 19 i
639 669 174 28 underdånighet
831 669 97 25 anhålla,
952 672 30 17 att

434 704 59 26 lägre
511 703 199 28 jordbruksskolor,
730 703 119 28 fördelade
867 704 30 26 på
913 703 69 27 lämp-

434 738 45 27 liga
501 740 58 18 orter
575 738 7 20 i
597 738 74 27 hvarje
694 739 38 20 län
752 740 56 18 samt
831 737 151 28 organiserade

434 773 56 25 efter
505 772 25 20 de
545 771 73 22 lokala
635 771 101 28 behofven
754 772 38 20 och
809 771 47 21 med
877 771 105 21 särskildt

436 806 118 21 beaktande
569 807 32 27 af
612 806 243 27 landthushållningens
868 805 114 21 räntabili-

436 843 34 24 tet,
486 841 71 24 måtte,
572 841 25 20 så
615 843 61 18 snart
691 841 33 26 sig
746 842 55 25 göra
823 841 62 24 låter,
907 840 9 21 i
938 841 45 20 till-

435 875 94 27 räckligt
545 875 62 20 antal
622 875 100 20 inrättas.

364 1441 111 12 Holsinsfors,
495 1442 110 11 Halsinofors
619 1436 74 27 Contral
700 1436 84 27 Trvckori
799 1441 43 14 1894

365 1455 116 10 Helsingfors,
494 1455 111 10 Helsingfors
620 1456 165 9 Central-Tryckeri,
800 1457 47 3 184.
