1070 1795
249 112 13 19 4
428 111 244 22 Petitionsbetänkande
689 113 35 20 N:o
739 109 36 23 44.

221 173 110 18 skaffenhet
350 173 36 18 och
404 173 168 18 lefnadsvilkoren
590 176 33 15 äro
642 174 128 18 närmelsevis
787 173 106 22 enahanda,
907 173 74 18 betalas

220 202 7 17 i
237 202 54 17 skatt
300 202 40 17 lika
348 203 80 22 mycket
437 201 31 17 för
475 202 112 17 sexhundra
595 207 42 13 som
643 202 31 18 för
681 204 78 16 ettusen
766 202 105 23 sjuhundra
882 201 99 18 tunnland.

291 230 68 18 Redan
371 229 55 19 förut
437 230 60 18 hafva
509 230 32 18 till
553 230 110 19 Ständerna
674 231 108 18 inlemnats
793 231 107 23 petitioner
911 236 7 12 i
926 230 55 23 tråga

221 264 31 12 om
272 259 98 18 lättnader
382 259 6 17 i
401 259 145 18 skattebördan.
571 259 25 17 Så
608 259 152 23 petitionerades
772 259 34 18 vid
818 259 45 17 1888
875 259 30 17 års
918 259 63 17 landt-

222 287 36 23 dag
270 293 32 12 om
315 287 183 24 skatteförmedling
510 287 31 18 för
548 282 65 23 Åland
623 288 36 17 och
668 288 103 23 Egentliga
778 287 93 18 Finlands
880 287 101 18 kustsock-

220 321 41 12 nar.
287 315 67 18 Såvidt
367 322 45 11 man
422 316 63 17 skulle
498 316 67 18 skrida
577 316 31 17 till
620 317 51 17 slika
683 317 96 22 åtgärder,
792 316 63 18 skulle
864 315 116 24 visserligen

221 344 198 18 missförhällandena
431 345 7 17 i
450 345 90 18 enskilda
552 347 52 16 orter
616 345 102 23 afhjelpas,
731 351 45 12 men
785 345 66 17 landet
860 345 7 17 i
875 345 31 17 sin
914 345 65 17 helhet

221 373 69 18 kunna
302 373 56 18 dessa
370 373 17 23 ej
401 379 68 17 gagna.

290 402 46 18 Man
352 402 65 18 skulle
433 403 68 17 kunna
518 402 81 18 utbreda
611 403 30 23 sig
656 402 100 24 vidlyftigt
769 402 100 23 angående
883 401 96 24 ojemnhe-

220 432 57 16 terna
289 432 7 16 i
308 431 150 23 beskattningen
471 432 36 16 och
519 432 67 17 derom
598 431 110 22 framdraga
720 432 71 21 många
800 431 93 22 exempel,
902 436 45 12 men
956 430 23 18 då

220 459 33 18 det
265 461 23 16 är
299 459 35 18 vår
346 459 137 23 öfvertygelse,
496 461 29 16 att
537 459 157 18 Bondeståndets
706 459 128 18 medlemmar
842 459 59 18 hafva
909 459 31 23 sig
947 459 31 18 väl

220 487 72 18 bekant
305 488 42 17 icke
359 487 85 18 allenast
456 488 55 17 dessa
524 491 48 14 utan
584 488 58 17 äfven
655 490 29 15 att
692 487 138 18 skattebördan
840 487 138 18 öfverhufvud-

220 518 55 21 taget
292 518 51 16 mest
360 517 79 22 trycker
457 517 23 17 de
498 516 76 18 mindre
589 517 135 23 jordegarena,
741 517 22 18 så
775 522 47 12 anse
834 517 21 17 vi
867 516 33 18 det
912 515 65 18 ofvan-

220 545 61 22 sagda
293 545 31 17 till
336 545 65 23 fylles.
426 545 36 18 För
474 545 126 23 aflägsnande
612 545 22 18 af
648 546 60 23 sagda
719 545 187 18 missförhållanden
920 545 57 18 borde

219 573 77 18 skridas
308 573 31 18 till
351 573 73 18 sådana
442 574 94 23 åtgärder,
549 575 29 16 att
589 574 54 18 inom
656 575 44 17 hela
712 574 85 18 Finland
809 573 64 18 skulle
885 574 92 17 insamlas

220 601 100 24 uppgifter
338 602 72 22 derom,
429 603 6 16 i
448 603 80 17 hvilken
541 609 46 11 mon
597 603 147 23 jordskatterna
756 603 47 18 eller
815 603 44 17 med
872 603 60 17 andra
944 602 33 17 ord

220 630 169 18 ordinarieräntan
402 631 35 17 och
450 631 142 18 kronotionden
602 631 85 24 betunga
694 632 75 23 jorden,
778 631 51 18 huru
837 631 79 23 mycket
924 630 55 18 deraf

219 659 80 23 belöper
311 660 30 22 sig
353 659 25 24 på
390 659 67 24 hvarje
469 660 97 17 tunnland
576 660 44 23 jord
633 661 33 17 vid
678 661 52 17 olika
736 660 139 23 jordnatureri
883 660 23 17 de
915 659 62 18 skilda

220 688 82 17 delarna
313 687 21 18 af
345 688 71 23 landet,
429 689 66 17 hvilka
505 689 126 23 jordnaturer
643 691 33 16 äro
688 689 45 18 från
746 690 78 17 skatten
837 689 7 17 i
857 689 43 17 dess
913 689 64 17 helhet

218 717 49 17 eller
284 717 62 18 delvis
366 716 90 24 befriade,
475 719 51 16 samt
542 723 31 12 om
586 718 32 17 det
631 718 24 23 på
667 718 64 23 grund
743 717 22 18 af
776 717 82 18 sålunda
870 717 106 18 insamlade

218 745 102 23 uppgifter
332 751 46 12 vore
394 745 43 18 skäl
450 747 29 16 att
490 745 79 24 vidtaga
581 746 68 23 åtgärd
662 747 77 20 derbän,
753 748 29 15 att
792 746 123 23 jordskatten
927 745 49 18 små-

219 774 83 23 ningom
320 774 65 18 skulle
403 773 92 18 afskaffas
514 775 35 16 och
567 775 8 16 i
593 775 66 17 stället
675 775 6 17 i
694 781 46 11 mon
753 775 22 17 af
782 774 59 18 behof
852 774 74 17 införas
938 780 39 17 nya

219 802 230 23 beskattningsmetoder,
467 808 70 17 genom
556 803 66 18 hvilka
638 803 38 18 alla
693 803 131 23 skatteobjekt
837 802 63 18 blefve
913 803 23 22 på
949 805 28 15 ett

218 831 82 18 rättvist
312 833 40 15 sätt
364 831 117 18 beskattade.

288 859 28 18 På
334 859 64 24 grund
410 859 22 18 af
443 859 179 18 ofvanframhällna
634 860 43 17 skäl
690 860 49 23 våga
750 860 21 17 vi
784 860 35 17 hos
831 859 145 18 Bondeståndet

220 887 110 24 5dmjukast
342 887 77 23 föreslå,
433 890 28 15 att
475 888 80 17 Ständet
567 889 6 16 i
586 889 92 22 förening
690 889 44 17 med
747 889 128 17 medständen
887 888 46 17 ville
945 888 30 17 till

217 916 57 18 Hans
286 917 111 22 Kejserlige
409 917 92 22 Majestät
516 917 6 17 i
535 917 155 23 underdånighet
702 917 58 18 aflåta
772 917 87 22 följande
871 916 92 23 petition:

494 963 29 17 att
534 963 55 17 Hans
600 963 100 22 Kejserliga
713 963 89 22 Majestät
813 962 8 17 i
833 961 56 19 nåder
900 962 41 17 ville
948 968 26 17 ge-

425 991 41 12 nom
482 991 21 12 en
522 985 66 18 tillsatt
601 985 65 18 komite
678 985 38 18 låta
727 985 102 18 undersöka
837 985 137 22 jordskatteför-

424 1013 108 18 hållandena
545 1014 7 17 i
565 1014 59 17 landet
632 1014 31 17 och
671 1015 21 16 de
700 1015 79 22 utvägar
787 1013 114 24 hvarigenom
907 1013 66 24 grund-

425 1042 92 18 skatterna
535 1043 57 17 kunde
610 1043 88 22 afskaffas
716 1044 49 17 samt
782 1043 31 17 vid
829 1043 53 22 behof
897 1043 8 17 i
922 1043 52 18 deras

424 1071 51 17 ställe
491 1071 72 22 införas
575 1077 37 17 nya
624 1071 206 24 beskattningsmetoder,
841 1077 62 17 genom
915 1071 59 18 hvilka

425 1099 36 18 alla
473 1099 113 23 skatteobjekt
597 1100 55 22 blefve
663 1100 25 23 på
700 1101 26 17 ett
737 1099 77 18 rättvist
825 1101 38 16 sätt
869 1100 103 19 beskattade.

287 1145 125 23 Helsingfors
424 1145 37 18 den
474 1146 9 16 5
497 1145 90 18 Februari
601 1147 50 16 1894.

247 1191 23 22 F.
287 1192 35 21 W.
338 1191 135 29 Lagerstedt.
532 1192 63 21 Kalle
609 1192 104 22 Piilonen.
740 1187 17 37 —
769 1192 56 22 Juho
841 1192 103 22 Koivisto.

245 1226 70 22 Frans
330 1226 34 21 Fr.
381 1226 94 28 Ekgvist.
496 1222 14 37 —
529 1227 18 20 (.
563 1227 20 21 J.
599 1227 73 21 Slotte.
771 1227 72 22 Jakob
859 1226 46 22 Näs.

244 1261 58 22 Juho
318 1261 91 28 Torppa.
527 1261 22 22 J.
563 1261 124 21 Riihimäki.
769 1261 21 21 P.
806 1261 71 22 Aulin,

334 1295 91 21 Severus
441 1295 104 22 Konkola.
649 1295 21 22 J.
687 1295 25 21 R.
729 1295 129 28 Wuolijoki.

288 1459 145 18 Statsutskottets
444 1459 113 19 betänkande
569 1460 36 18 N:o
619 1461 26 17 13.
