1070 1795
288 177 263 24 Motionsbetänkande
563 177 44 22 N:o
622 175 23 24 3.
808 177 27 20 33

175 249 34 20 Uti
227 249 150 24 ifrägavarande
398 248 116 19 kommuner
532 247 37 20 har
583 253 45 14 man
645 246 42 20 ofta
701 246 47 20 hört
760 247 33 19 det
808 252 57 18 argu-

106 280 53 17 ment
174 278 81 19 anföras
270 279 41 18 mot
325 277 123 20 inrättandet
458 276 22 19 af
489 275 119 24 folkskolor,
619 277 30 18 att
659 275 124 20 folkskolans
793 281 72 18 gagne-

106 307 62 24 lighet
182 306 32 20 för
229 306 181 25 barnauppfostran
426 305 64 24 aldrig
506 304 21 20 af
541 310 47 14 vare
605 305 29 23 sig
645 304 111 19 Ständerna
765 304 50 19 eller
827 304 38 19 Re-

107 336 93 23 geringen
223 335 88 22 erkänts,
326 337 48 17 enär
390 335 58 18 dessa
463 333 46 20 icke
525 333 92 24 päbjudit
632 333 60 24 nägot
706 333 59 24 tväng
780 333 6 19 i
802 333 65 19 denna

107 364 95 24 riktning.
233 363 35 20 Om
284 363 83 20 sälunda
382 362 166 21 folkskolesaken
564 362 37 19 allt
615 361 96 24 framgent
726 361 99 20 bedrifves
841 361 26 25 pä

107 392 155 25 frivillighetens
273 392 63 24 grund
347 395 47 21 gent
404 394 53 17 emot
467 391 82 19 skolans
560 390 142 24 motständare,
713 390 77 19 komma
797 390 71 24 mänga

107 424 75 17 vänner
198 421 21 20 af
233 421 210 23 skolundervisningen
459 422 31 17 att
505 420 58 19 häraf
577 419 63 20 blifva
654 420 6 18 i
676 420 38 23 hög
722 420 48 23 grad
780 419 86 19 lidande.

108 450 129 19 Därförutom
258 450 76 19 medför
356 450 56 19 detta
434 449 96 19 sakernas
553 448 91 19 tillstånd
660 448 52 19 inom
727 448 140 19 kommunerna

109 479 107 19 ledsamma
231 478 146 24 förvecklingar
392 477 22 20 af
427 477 49 20 flere
492 477 50 24 slag,
558 477 68 19 hvilka
636 477 6 18 i
653 476 101 24 betänklig
764 476 43 19 män
818 479 49 16 mot-

109 507 62 20 värka
186 507 189 19 framätskridandet
390 506 25 25 pä
430 506 38 19 den
480 505 125 20 kommunala
617 505 153 24 själfstyrelsens
781 505 87 19 omräde.

178 536 39 19 Vid
236 535 70 20 sädant
320 535 124 20 förhällande
460 535 61 23 vägar
535 535 34 24 jag
585 534 144 20 vördsammast
743 533 80 26 föreslä,
839 536 29 17 att

110 564 123 20 hedervärda
253 564 151 19 Bondeständet
424 563 47 20 ville
492 563 44 19 med
556 563 64 24 öfriga
635 563 58 19 ständ
708 562 69 20 förena
793 563 29 23 sig
837 567 31 14 om

111 599 24 14 en
149 593 123 24 anderdänig
287 593 89 24 petition,
392 593 6 18 i
414 591 51 25 syfte

387 645 32 19 att
444 643 63 20 Hans
531 642 104 27 Majestät
658 642 80 21 täcktes
760 642 35 21 till
810 643 61 19 näst-

318 671 128 22 kommande
462 671 121 28 Landtdag
592 671 132 28 framställa
743 671 66 27 Nädig
821 677 48 20 pro-

316 701 97 26 position
431 700 95 21 rörande
537 700 138 27 folkskolors
689 699 133 25 inrättande,
837 699 34 21 in-

319 729 131 21 nehällande
465 731 29 18 ett
505 729 122 27 stadgande
644 729 83 24 därom,
748 730 31 19 att
796 727 75 28 hvarje

319 757 101 21 kommun
443 757 48 21 med
513 758 68 20 minst
603 760 29 18 ett
652 759 61 19 tusen
728 757 143 28 innebyggare

315 787 125 27 förpligtas
468 788 33 19 att
523 787 84 20 inrätta
626 786 37 21 och
679 785 151 28 upprätthålla
846 792 25 14 en

317 815 65 28 högre
392 815 121 27 folkskola.

185 868 124 24 Helsingfors
324 869 37 18 den
378 867 12 20 5
407 868 97 19 Februari
521 867 62 20 1894.

401 918 66 23 Juho
483 918 106 29 Torppa.

115 953 65 22 Juho
197 953 120 22 Koivisto.
625 952 71 23 Kalle
711 952 122 23 Piilonen.

116 987 76 22 Frans
207 987 41 22 Fr.
263 987 109 28 Ekgvist.
626 987 27 22 F.
669 987 36 22 W.
720 987 153 28 Lagerstedt.

116 1021 24 22 C.
156 1021 23 22 J.
196 1021 88 22 Slotte.
390 1021 80 22 Jakob
486 1021 57 22 Näs.
623 1021 23 22 J.
662 1021 143 22 Riihimäki.

185 1113 109 28 Därjämte
317 1113 38 21 har
376 1113 115 21 Utskottet
515 1112 84 21 erhällit
622 1113 34 21 del
679 1113 22 20 af
724 1113 26 20 de
771 1113 104 26 debatter,

117 1147 73 22 hvilka
205 1147 37 21 vid
258 1148 74 20 remiss
343 1147 23 21 af
376 1147 142 21 förenämnda
529 1148 103 20 motions-
642 1147 40 21 och
693 1147 182 28 petitionsförslag

117 1183 55 20 inom
188 1181 42 22 alla
245 1181 61 21 ständ
321 1181 144 21 förekommit.

187 1284 31 21 Af
233 1284 60 21 älder
307 1284 38 21 har
360 1291 113 21 omsorgen
490 1292 34 13 om
549 1284 42 21 den
606 1285 106 20 allmänna
726 1284 151 29 läskunnighe-

118 1322 36 17 ten
169 1319 7 20 i
192 1318 48 22 värt
255 1318 56 26 land,
326 1319 70 20 säsom
413 1319 119 27 utgörande
548 1326 27 13 en
590 1318 124 29 nödvändig
724 1319 153 28 förutsättning

119 1353 35 21 för
167 1352 292 28 religionsundervisningen,
476 1354 57 20 varit
548 1352 146 22 öfverlemnad
710 1352 22 22 ät
747 1352 130 29 presterska-

120 1390 41 26 pet.
191 1387 85 22 Genom
292 1387 48 21 dess
364 1387 79 21 nitiska
467 1387 41 22 och
531 1387 143 22 oförtröttade
689 1386 136 23 verksamhet
839 1387 39 22 har

121 1421 69 21 denna
217 1421 34 21 del
275 1421 23 21 af
324 1421 176 28 folkbildningen
523 1421 72 28 bragts
624 1422 32 21 till
686 1429 26 14 en
742 1422 135 28 synnerligen

120 1455 198 22 tillfredsställande
342 1455 140 29 ståndpunkt.
512 1456 36 21 Då
563 1457 6 20 i
593 1455 79 22 medlet
687 1456 23 21 af
732 1455 47 22 vårt
801 1455 77 22 ärhun-

121 1490 65 21 drade
203 1491 41 20 den
260 1490 87 21 fordran
364 1490 38 21 allt
418 1497 44 14 mer
477 1490 90 21 allmänt
582 1490 87 29 började
684 1492 52 26 göra
752 1491 32 27 sig
799 1491 80 28 gällan-

189 1530 105 18 Allmänna
305 1530 172 17 Besvärsutskottets
489 1530 112 18 betänkande
618 1533 32 14 N:o
663 1531 30 16 20.
846 1531 10 17 3
