1070 1795
255 133 276 23 Petitionsbetänkande
547 133 43 22 N:o
605 133 40 23 43.
775 135 26 20 15

74 203 68 20 fordra
164 204 60 23 något
246 209 54 14 mera
322 206 25 17 än
368 203 26 20 10
410 203 109 24 skattören,
535 204 125 23 hvarigenom
676 204 22 19 åt
713 204 37 19 den
766 206 65 18 större

73 232 161 24 förmögenheten
250 232 108 20 bevarades
374 233 45 18 dess
436 232 107 24 inflytande
559 232 26 19 då
600 232 64 19 valets
680 233 79 23 utgång.

142 261 128 23 Nödvändigt
292 266 46 14 vore
362 261 131 24 naturligtvis,
516 263 29 17 att
565 261 37 19 den
619 261 117 24 otydlighet,
752 261 79 20 hvilken

75 292 52 17 ännu
142 290 59 19 råder
215 290 45 20 med
274 289 94 20 afseende
384 289 12 20 å
411 289 24 20 de
451 289 42 20 från
510 289 73 20 valrätt
593 289 101 20 uteslutna
704 289 37 20 och
752 289 79 20 hvilken

73 318 35 24 gaf
129 318 105 24 anledving
256 318 30 19 till
309 318 117 19 ständernas
450 318 57 19 ofvan
528 319 83 18 nämnde
627 318 83 24 petition
727 319 32 18 vid
776 317 55 21 1882

73 347 33 19 års
127 347 101 23 landtdag,
252 346 56 20 äfven
330 346 64 19 skulle
416 346 61 20 blifva
493 346 21 19 af
527 346 124 24 lagstiftaren
668 347 93 20 beaktad.
791 346 40 20 Det

73 375 81 24 förslag,
177 375 76 19 hvilket
268 376 5 18 i
290 375 54 19 detta
366 375 93 19 afseende
474 375 67 24 ingick
556 376 5 18 i
579 374 55 21 1885
650 375 32 19 års
697 375 72 24 nådiga
785 381 46 18 pro-

74 405 86 23 position
182 405 36 19 och
242 404 75 19 hvilket
339 403 26 21 då
388 403 81 20 allmänt
483 404 145 19 understöddes
644 404 6 19 i
666 404 90 24 stånden,
773 409 57 19 synes

74 432 56 20 äfven
147 439 25 12 nu
188 434 5 17 i
210 432 110 20 hufvudsak
337 438 47 13 vara
399 432 25 24 pä
440 434 29 17 sin
485 433 58 24 plats.
575 433 64 23 Sagda
655 433 74 23 förslag
744 433 87 19 innehöll

73 464 29 16 att
125 461 44 20 icke
191 462 63 19 andra
274 461 170 20 samhällsklasser
459 461 64 19 såsom
539 461 81 24 åsdana,
636 461 44 19 med
697 462 98 23 undantag
811 461 21 19 af

73 490 101 19 städslade
190 490 99 23 legohjon,
304 489 67 20 hvilka
387 491 34 18 äro
438 490 5 18 i
459 490 126 19 husbondens
601 489 53 24 kost,
669 489 36 20 och
716 489 113 24 gemenska-

73 519 37 19 den
127 519 32 18 vid
174 519 106 22 militären,
296 518 63 19 skulle
375 524 47 13 vara
438 519 99 19 uteslutna
553 518 43 19 från
612 519 60 19 sådan
689 519 78 18 valrätt.

141 547 68 19 Såsom
225 547 157 20 beaktansvärda
398 547 167 24 omständigheter
584 547 32 19 vid
631 547 164 24 genomförandet
809 547 22 20 af

71 575 135 24 ifrägakomne
222 576 148 23 lagförändring
385 576 57 19 torde
457 576 66 19 kunna
539 578 112 17 omnämnas
662 576 57 19 äfven
732 577 23 18 de
766 578 64 17 större

72 605 102 19 städernas
197 604 101 24 indelving
318 605 6 18 i
347 604 47 19 flere
418 605 115 22 valkretsar,
557 603 21 20 af
595 604 67 19 hvilka
678 605 73 18 enhvar
766 604 63 20 skulle

72 633 52 24 välja
147 639 23 13 en
194 633 49 19 eller
265 633 47 19 flere
335 633 157 24 landtdagsmän.
523 632 73 20 Genom
620 635 29 17 ett
671 633 71 19 sådant
757 635 73 22 system

71 661 65 20 kunde
152 662 6 18 i
174 661 64 24 någon
253 661 44 20 mån
312 661 152 24 åstadkommas,
481 665 28 16 att
525 662 33 19 det
572 661 64 20 blefve
652 667 24 14 en
688 662 101 23 möjlighet
799 661 31 20 för

71 690 34 19 det
123 696 81 18 svagare
220 691 73 24 partiet
308 692 29 17 att
352 691 42 18 med
412 696 49 18 egna
476 693 44 16 män
537 691 76 18 besätta
628 690 61 24 några
704 691 48 18 eller
765 691 63 23 någon

71 719 22 19 af
106 719 79 19 stadens
201 719 112 24 disponibla
328 719 257 24 landtdagsmannaplatser.

139 747 27 20 Vi
181 747 81 24 öfvergå
277 748 29 19 till
322 748 33 19 det
370 747 22 20 af
404 748 151 23 bondeståndet,
572 748 32 18 vid
618 747 210 24 landtdagsmannaval

71 777 90 18 använda
181 776 99 20 valsättet.
310 776 43 19 Den
374 777 177 23 omständigheten,
575 779 29 16 att
622 776 59 19 dessa
696 777 30 18 val
743 776 86 24 försiggå

71 805 87 19 indirekt
172 811 70 18 genom
258 805 106 23 elektorer,
380 805 72 19 verkar
467 805 146 24 otvifvelaktigt
622 804 122 20 förlamande
754 805 25 24 på
790 805 38 19 den

71 833 50 20 ifver
137 834 36 19 och
190 835 33 18 det
238 834 91 23 intresse,
344 833 94 20 hvarmed
454 835 56 18 valen
526 833 92 20 omfattas
635 833 21 19 af
668 834 23 18 de
702 834 125 19 röstberätti-

71 863 49 22 gade
143 863 4 18 i
170 863 62 19 första
248 863 82 19 instans.
360 861 52 20 Från
428 862 47 19 flere
491 864 54 17 orter
560 862 36 19 har
611 861 57 20 äfven
685 862 98 24 försports
799 865 29 16 att

71 891 127 24 deltagandet
221 892 5 17 i
249 892 51 18 valet
320 890 22 19 af
358 890 101 20 elektorer
474 891 36 19 har
526 891 50 19 varit
591 890 79 24 mycket
685 891 53 20 lamt.
767 890 61 20 Lika-

69 920 56 19 ledes
148 922 22 17 är
193 920 33 19 det
242 920 94 23 onekligt,
352 922 30 16 att
398 919 145 20 slutresultatet
558 919 21 20 af
593 919 75 20 sådana
683 919 98 24 ingirekta
797 920 30 19 val

70 949 6 18 i
92 951 73 21 ytterst
185 949 56 23 ringa
260 949 48 23 grad
323 947 146 20 tillfredsställa
484 948 121 25 valmännen,
620 948 57 19 äfven
694 954 29 13 om
740 949 52 18 valet
807 948 22 19 af

71 977 100 19 elektorer
194 977 71 19 utfellit
281 977 61 24 enligt
356 977 59 18 deras
431 977 82 19 önskan.
544 977 45 19 Men
607 977 23 18 de
646 977 101 19 indirekta
762 977 65 19 landt-

71 1006 177 23 dagsmannavalen
264 1006 30 19 till
309 1005 143 20 bondeståndet
468 1007 70 22 utgöra
551 1011 23 14 en
586 1005 150 24 omständighet,
748 1005 79 19 hvilken

70 1035 6 18 i
99 1037 29 16 ett
147 1035 49 22 glest
212 1034 101 20 befolkadt
328 1034 48 19 land
391 1034 101 24 knappast
507 1034 41 19 står
563 1037 30 16 att
608 1033 104 24 afhjelpas.
742 1033 85 20 Derföre

70 1063 61 19 borde
153 1063 61 24 enligt
236 1063 36 20 vår
286 1063 52 24 åsigt
352 1062 134 24 lagstiftarens
501 1063 71 23 åtgärd
587 1063 118 18 bärutinnan
720 1063 107 19 inskränka

70 1091 31 19 sid
116 1091 29 19 till
162 1091 141 20 förmildrande
318 1091 22 20 af
353 1097 70 18 genom
438 1092 58 19 dessa
511 1091 99 20 indirekta
620 1091 32 20 val
663 1091 112 24 uppkomna
785 1091 41 19 olä-

69 1120 101 24 genheter,
194 1119 39 20 Det
248 1120 65 19 kunde
329 1120 25 24 på
369 1122 29 17 ett
413 1120 99 19 verksamt
527 1122 40 17 sätt
583 1120 34 19 ske
633 1119 89 24 sålunda,
733 1123 29 16 att
773 1119 53 20 elek-

70 1152 90 16 torernas
176 1149 54 19 antal
245 1149 6 18 i
267 1149 110 23 väsendtlig
392 1149 43 18 mån
452 1149 81 23 ökades,
549 1151 14 16 t.
580 1154 30 13 ex.
626 1148 31 19 till
673 1153 23 14 en
709 1150 41 17 mot
759 1149 67 23 hvarje

70 1177 30 19 till
115 1177 116 20 kommunen
247 1178 88 19 hörande
351 1176 42 20 5L0
408 1177 113 24 inbyggare.
552 1177 35 19 Ett
608 1177 70 19 sådant
694 1179 64 17 större
773 1177 53 19 antal

70 1206 62 19 skulle
153 1207 153 23 ögonskenligen
328 1206 65 19 bättre
412 1208 24 17 än
453 1208 29 17 ett
496 1206 75 19 mindre
587 1206 64 19 lemna
666 1206 100 23 garantier
781 1205 44 19 der-

69 1233 37 24 för,
128 1238 29 16 att
178 1235 66 19 valens
265 1235 123 19 slutresultat
408 1234 64 19 skulle
493 1240 46 13 vara
555 1234 211 19 öfverensstämmande
782 1234 44 19 med

69 1263 126 20 valmännens
211 1263 57 24 syfte,
284 1263 31 20 för
330 1266 29 16 att
374 1269 25 12 nu
415 1263 44 19 icke
475 1263 40 19 tala
530 1263 67 19 derom
612 1266 30 16 att
657 1265 29 16 ett
701 1263 74 18 mindre
791 1268 34 13 an-

69 1292 28 19 tal
111 1291 72 20 lättare
200 1293 38 18 kan
251 1292 97 24 påverkas
364 1291 21 20 af
398 1291 107 24 inflytande
522 1291 79 24 utifrån,

138 1320 38 20 Det
192 1327 58 18 synes
266 1327 47 13 vara
327 1321 59 22 klart,
402 1322 30 17 att
446 1320 108 23 ändringen
570 1320 85 19 rörende
666 1320 159 23 landtdagsman-

69 1348 57 19 naval
142 1349 29 19 till
188 1349 144 19 bondeståndet
346 1349 62 19 måste
424 1348 25 24 gå
464 1349 6 18 i
487 1351 70 17 tvenne
573 1348 117 24 riktningar.
714 1348 59 19 Först
789 1348 36 19 och

69 1376 70 21 främst
156 1378 62 19 borde
237 1378 37 19 den
295 1377 111 24 måttstock,
428 1377 126 24 hvarigenom
569 1377 70 24 sjelfva
654 1378 126 18 valmännens
795 1376 30 19 in-

68 1405 87 25 flytande
173 1407 27 24 på
220 1407 57 19 valen
296 1407 123 22 bestämmes,
438 1406 88 24 undergå
544 1406 84 23 ändring
644 1406 36 19 och
696 1405 31 20 för
742 1406 33 18 det
791 1411 33 14 an-

68 1434 37 20 dra
127 1435 62 19 borde
209 1437 108 18 rösträtten
337 1435 113 19 utsträckas
467 1435 30 19 till
513 1435 73 19 sådana
601 1434 105 24 folklager,
721 1431 66 22 hvilka
799 1439 26 14 nu

138 1479 130 22 Lagutskottets
281 1479 109 18 betänkande
403 1479 37 18 N:o
453 1479 28 17 14.
