1070 1795
255 128 13 21 6
404 127 277 24 Petitionsbetänkande
702 128 46 23 N:o
763 127 39 24 36.

228 197 128 20 förstörande
381 198 145 24 otvifvelaktigt
548 198 94 19 inverkar
664 199 81 22 menligt
762 199 25 23 pä
803 200 129 23 temperatur-
948 198 36 20 och

226 225 279 21 nederbördsförhällandena
524 229 51 17 samt
589 227 101 20 försvårar
704 227 118 20 kommande
837 227 148 24 generationers

227 255 95 21 existens,

297 284 69 24 Enligt
385 284 35 20 vår
442 284 60 20 tanke
517 289 47 14 vore
580 284 34 19 det
629 284 77 19 således
722 284 127 24 synnerligen
864 285 76 24 nödigt,
955 286 30 17 att

225 317 71 19 genom
321 313 67 19 direkt
402 313 124 24 lagstiftning
541 313 6 18 i
563 313 107 24 synnerhet
684 313 117 24 afverkning
817 313 21 19 af
851 313 134 24 undermåliga

226 341 102 24 barrträd,
347 341 81 20 hvartill
443 341 118 20 åtminstone
576 341 40 20 alla
632 341 74 20 sådana
721 344 94 17 stammar
830 342 61 19 borde
905 342 79 23 räknas,

226 374 42 15 som
285 370 32 19 vid
333 371 11 18 5
361 372 71 17 meters
448 369 47 27 höjd
511 373 34 16 äro
554 371 63 18 under
627 370 27 19 20
665 369 117 21 centimeter
794 371 6 18 i
813 370 171 24 genomskärning,

226 401 52 17 samt
294 399 130 19 användande
439 399 21 19 af
474 399 89 19 växande
579 399 49 23 skog
639 399 30 19 till
680 399 150 24 tjärubränning
840 399 144 20 förhindrades.

226 426 48 20 Men
290 428 26 19 då
331 427 31 21 för
376 428 174 19 åstadkommande
566 428 22 19 af
601 433 24 14 en
641 427 32 20 för
688 428 47 20 våra
750 428 138 20 förhållanden
907 428 77 24 lämpad

226 455 126 25 lagstiftning
374 456 173 24 undersökningar
569 456 22 19 af
611 456 152 19 förhållandena
785 457 6 18 i
811 456 54 19 olika
888 457 54 18 delar
964 455 22 20 af

227 483 70 20 landet
312 490 46 14 vore
374 485 80 24 nödiga,
469 485 50 23 våga
531 485 19 19 vi
561 485 85 23 anhålla,
657 488 29 16 att
697 485 130 19 Hedervärda
837 485 148 20 Bondeståndet

226 513 46 19 ville
288 513 70 20 förena
374 514 29 23 sig
418 519 30 14 om
463 519 24 14 en
503 514 123 23 underdånig
641 514 83 23 petition
740 514 74 23 derom,

503 571 32 19 att
555 570 32 26 på
609 569 75 28 grund
706 569 31 28 af
755 569 134 21 verkställda
906 569 77 21 under-

434 597 120 29 sökningar
576 600 29 19 ett
626 598 125 27 lagförslag
777 599 66 20 måtte
874 597 110 22 utarbetas

433 627 9 20 i
468 627 58 28 syfte
551 629 32 18 att
604 627 126 27 förhindra
750 626 157 28 skogssköfling
922 626 62 21 och
972 622 15 37 i

434 655 114 28 synnerhet
558 657 34 19 att
597 655 142 28 förekomma
752 656 93 27 sågning
858 655 39 21 och
910 657 74 25 export

434 684 31 27 af
480 684 154 28 undermåliga
654 683 111 26 barrträd,
785 687 58 18 samt
863 686 32 19 att
916 684 67 27 nådig

430 713 137 27 proposition
590 713 9 20 i
620 715 72 18 ämnet
715 712 68 27 blefve
806 712 124 21 Ständerna
948 712 37 21 vid

434 741 178 22 nästkommande
627 741 107 28 landtdag
746 741 115 28 förelagd.

298 805 123 24 Helsingfors
437 805 38 19 den
491 805 12 19 8
519 805 96 20 Februari
632 805 61 20 1894.

297 873 64 22 Axel
376 873 195 22 Tammelander.
714 873 96 27 August
825 872 88 23 Perho.

500 935 67 23 Juho
582 935 130 25 Pitkänen.

298 1075 150 27 (Öfversättning).

389 1149 50 20 Till
456 1149 165 20 Hedervärda
636 1149 194 20 Bondeståndet.

298 1207 123 23 Jordegaren
442 1207 36 19 har
497 1207 70 18 bittills
583 1206 42 19 haft
640 1206 94 24 rättighet
749 1209 29 16 att
793 1205 82 20 afverka
891 1205 29 19 sin
936 1205 49 24 skog

227 1235 40 20 och
283 1235 50 24 sälja
348 1236 113 18 densamma
477 1235 52 19 ända
544 1235 31 19 till
591 1235 37 19 och
644 1235 43 18 med
703 1235 24 19 de
743 1234 70 19 finaste
829 1235 70 23 vidjor.
925 1234 60 19 Detta

227 1264 36 19 har
288 1264 41 19 ledt
352 1264 30 19 till
405 1264 37 19 den
466 1266 50 17 mest
538 1263 141 24 oberäkneliga
697 1263 152 24 skogssköfling,
865 1263 36 19 och
916 1262 68 25 hvarje

224 1293 85 19 medlem
332 1293 23 18 af
374 1293 34 18 det
430 1293 124 19 hedervärda
576 1293 80 18 ståndet
678 1295 38 20 vet,
738 1291 68 20 hvilka
828 1291 73 24 följder
916 1291 68 24 skogs-

226 1321 110 24 sköflingen
360 1321 72 24 drager
451 1321 43 19 med
511 1321 34 23 sig.
576 1321 68 19 Uuder
659 1321 76 19 sådana
750 1320 137 19 förhållanden
903 1325 47 14 anse
965 1319 20 20 vi

226 1349 34 19 det
284 1350 122 23 nödvändigt
436 1352 29 16 att
487 1349 53 19 rikta
559 1349 198 24 uppmärksamheten
779 1349 36 19 allt
837 1354 54 13 mera
906 1348 26 24 på
946 1348 39 19 den

226 1378 80 24 privata
321 1378 156 24 skogsskötseln.
507 1378 31 19 Då
553 1378 50 19 brist
621 1378 26 24 på
667 1377 91 24 tjockare
773 1380 93 17 stammar
881 1376 63 20 håller
959 1376 26 25 pä

226 1408 31 18 att
273 1407 79 24 uppstå,
368 1407 58 20 hafva
441 1407 54 20 såväl
511 1406 92 20 enskilda
617 1412 95 19 personer
728 1412 42 13 som
785 1406 59 24 bolag
855 1406 73 24 begynt
935 1411 50 18 upp-

224 1435 54 25 köna
302 1435 49 24 skog
367 1436 5 15 i
388 1435 72 18 skiften
482 1435 49 18 eller
553 1436 60 17 lotter
635 1435 36 19 och
691 1435 60 19 hafva
766 1435 83 19 sålunda
865 1435 120 22 småningom

296 1473 182 18 Ekonomiutskottets
491 1473 110 18 betänkande
612 1472 38 19 N:o
662 1473 27 17 14.
