1070 1795
227 158 13 21 2
399 156 262 23 Motionsbetänkande
676 157 46 22 N:o
737 157 23 22 3.

200 227 78 24 sedliga
300 227 76 20 krafter
398 227 57 19 alltid
473 227 38 20 och
527 227 63 19 under
605 227 40 19 alla
660 226 138 21 förhållanden
814 227 35 20 har
864 227 46 20 hört
924 226 32 20 till

199 256 50 19 våra
272 255 94 20 Ständers
389 255 108 20 förnämsta
519 255 101 25 uppgifter
642 256 37 19 och
698 255 79 25 pligter,
792 256 77 24 hoppas
885 255 26 24 vi,
926 257 30 18 att

200 285 56 19 detta
272 285 44 18 värt
330 284 76 24 förslag
421 284 49 19 skall
485 286 50 17 röna
547 285 34 18 det
591 284 135 24 erkännande,
737 285 71 19 sakens
819 285 40 23 vigt
870 284 84 19 fordrar.

269 313 31 19 Dä
321 313 33 19 det
377 313 51 19 efter
445 312 155 20 reformationen
615 313 66 24 gällde
696 315 31 17 att
742 313 45 24 höja
802 313 95 19 Finlands
913 312 44 20 folk

198 341 45 20 frän
268 342 37 19 den
328 342 105 19 medeltida
448 341 149 24 vidskepelsens
613 341 123 24 ständpunkt
751 341 30 20 till
797 341 122 24 delaktighet
935 341 23 20 af

198 370 37 19 den
258 370 64 19 tidens
345 370 96 24 bildning,
457 370 105 24 stadgades
579 370 33 19 det
627 370 63 19 första
705 370 51 19 läro-
773 370 49 19 eller
836 369 119 24 lästvänget.

197 397 42 21 Och
262 399 45 23 den,
330 404 41 14 som
386 399 44 19 icke
446 399 147 19 underkastade
609 399 29 23 sig
654 399 55 19 detta
725 399 116 24 stadgande,
856 398 38 20 fick
909 397 46 21 icke

196 427 65 19 heller
276 428 55 23 njuta
349 428 33 19 det
397 428 112 23 borgerliga
524 428 114 19 samhällets
654 428 39 19 alla
708 427 108 24 förmäner;
833 428 38 19 han
891 426 63 20 erhöll

198 455 85 20 sälunda
297 456 45 19 icke
357 458 40 17 rätt
412 457 30 18 att
456 456 45 24 ingä
517 456 118 24 äktenskap,
651 456 37 19 han
704 456 84 19 uteslöts
808 462 23 13 ur
845 457 38 18 den
893 455 62 20 krist-

196 485 42 23 liga
260 484 147 25 församlingen,
431 487 47 17 enär
500 485 39 18 han
562 485 17 23 ej
601 485 37 18 fätt
653 485 56 24 njuta
724 485 91 24 samtliga
830 484 123 20 nädemedel.

197 512 42 21 Och
256 513 58 20 dessa
330 516 80 21 stränga
424 513 73 24 lagbud
512 514 81 24 gjordes
608 513 91 24 gällande
715 513 26 24 pä
757 519 23 14 en
796 514 36 23 tid,
849 513 25 20 dä
884 513 70 19 måttet

191 539 28 22 "af
233 541 45 20 vårt
293 541 51 20 folks
364 542 92 19 lidanden
471 547 36 14 var
521 542 78 24 rägadt.
628 542 57 19 Huru
701 542 58 19 dessa
774 542 93 24 åtgärder
882 544 24 17 än
921 541 34 20 mä

197 569 59 21 hafva
279 570 85 23 behagat
386 571 38 19 den
447 571 63 18 tidens
533 571 121 23 menniskor,
671 571 68 19 säkert
754 573 22 16 är
791 571 117 22 emellertid,
923 571 32 18 att

196 595 177 41 läskunnighetens
394 599 57 20 fader
465 599 7 19 i
487 599 45 20 värt
554 599 54 24 land,
623 599 72 24 biskop
710 598 98 25 Gezelius,
824 605 33 18 nu,
873 598 41 20 200
930 599 24 19 är

195 627 81 24 efterät,
291 627 61 20 lefver
368 628 6 19 i
389 629 110 23 välsignadt
513 629 72 18 minne.

267 657 92 19 Likasom
383 657 33 19 det
430 657 7 18 i
454 656 58 20 17:de
533 657 135 19 århundradet
686 656 78 19 införda
779 655 78 20 krafvet
872 656 26 24 pä
913 655 39 20 läs-

190 670 116 44 kunnighet
324 686 110 23 naturligen
453 685 26 24 på
493 685 31 20 sin
540 685 29 20 tid
585 685 91 24 utgjorde
692 687 29 17 ett
736 685 88 24 oändligt
839 684 112 25 betydelse-

196 713 46 20 fullt
263 717 43 21 steg
328 713 72 20 framåt
422 714 35 19 och
480 714 21 19 åt
523 714 43 19 vårt
583 713 43 20 folk
642 713 120 20 förskaffade
777 713 128 20 erkännande
920 712 33 20 för

196 742 46 20 dess
267 742 87 24 ovanligt
376 743 97 19 allmänna
496 742 140 26 folkbildning,
658 742 66 19 likaså
739 742 68 20 säkert
828 744 23 17 är
866 742 39 24 det,
920 743 31 18 att

196 771 66 20 denna
284 771 87 23 fordran,
394 771 77 20 uttalad
492 771 38 20 och
548 771 92 24 gällande
655 771 44 19 med
715 771 45 24 laga
775 770 54 20 kraft
844 773 52 17 ännu
912 770 38 19 den

195 800 39 24 dag
257 805 41 14 som
321 803 23 16 är
358 800 7 19 i
380 800 137 24 Kyrkolagens
539 800 23 25 $$
579 799 39 20 101
636 800 36 19 och
689 799 48 24 102,
753 799 31 20 för
798 799 35 20 vär
849 800 28 18 tid
893 800 59 22 utgör

195 834 25 14 en
236 829 37 19 allt
287 828 31 20 för
333 829 31 24 läg
380 829 42 24 bas,
437 834 23 14 en
477 829 35 19 allt
527 829 32 19 för
575 829 118 19 outvecklad
709 834 55 13 norm
779 827 32 20 för
823 828 35 19 vär
869 828 81 19 allmänt

194 857 160 24 medborgerliga
374 857 93 24 bildning.
504 857 45 20 Den
570 857 66 19 kunde
659 863 47 13 vara
729 863 44 18 nog,
790 862 31 13 om
843 856 44 20 vårt
907 855 43 20 folk

196 888 53 17 ännu
272 886 52 19 lefde
348 889 75 16 ensamt
445 886 31 19 för
491 886 36 24 sig,
543 888 30 17 ett
587 886 43 19 inät
645 886 60 19 vändt
720 885 37 20 och
773 885 42 20 frän
832 885 38 19 den
885 884 66 24 öfriga

194 915 82 19 bildade
292 915 91 19 världens
399 915 126 19 sträfvanden
541 915 36 20 och
593 915 51 19 öden
660 915 82 19 afskildt
758 914 27 19 lif.

266 943 166 24 Oemotständligt
453 949 57 18 synes
533 943 26 25 pä
581 943 65 20 lifvets
672 944 40 19 alla
734 943 93 20 områden
846 943 37 18 den
899 947 51 19 upp-

193 971 114 25 fattningen
329 974 49 22 göra
400 973 29 23 sig
444 972 97 25 gällande,
558 974 30 17 att
603 973 33 18 det
651 973 72 18 minsta
738 972 70 19 mättet
823 971 21 20 af
858 970 91 20 medbor-

194 1001 64 24 gerlig
282 1001 88 22 bildning
392 1003 22 17 är
437 1001 37 20 den
496 1001 70 19 nutida
584 1001 60 24 högre
660 1001 123 19 folkskolans
800 1001 53 18 kurs.
884 999 66 20 Sedan

194 1029 44 20 värt
262 1028 43 21 folk
328 1030 63 19 under
408 1030 33 19 tvä
458 1030 139 19 ärhundraden
613 1029 61 20 lefvat
689 1030 63 19 under
766 1029 109 23 lärotväng,
892 1027 57 20 torde

193 1058 33 19 väl
249 1058 39 19 den
312 1057 125 25 lagstiftande
457 1059 80 18 makten
559 1058 45 20 icke
625 1058 85 20 behöfva
730 1058 22 19 af
765 1057 125 25 principiella
905 1056 44 19 skäl

194 1086 53 20 afstä
264 1087 44 19 frän
324 1089 29 17 att
368 1087 99 24 uppställa
481 1087 75 19 sädana
571 1087 113 24 fordringar
698 1087 7 19 i
722 1087 93 19 afseende
830 1086 12 19 &
857 1086 24 19 de
895 1085 57 24 lägre

194 1114 123 25 folklagrens
332 1116 155 25 bildningsgrad,
503 1121 40 14 som
560 1116 24 19 de
594 1115 119 20 förändrade
724 1115 152 20 förhällandena
887 1113 65 20 ound-

192 1144 106 24 gängligen
313 1145 87 24 päkalla.

264 1173 26 19 Så
311 1173 140 24 motbjudande
467 1176 28 17 ett
510 1173 109 24 stadgande
635 1179 31 13 om
681 1173 104 23 lärotväng
800 1175 25 16 än
840 1170 111 24 förefaller,

195 1201 65 20 såsom
285 1201 111 20 berörande
416 1201 97 25 familjens
535 1202 93 24 fridlysta
651 1202 80 19 område
747 1202 36 19 och
799 1201 84 20 barnens
899 1205 49 18 upp-

192 1229 86 24 fostran,
295 1231 22 19 så
332 1231 121 23 berättigadt
467 1233 22 17 är
504 1231 34 19 det
554 1231 52 19 dock
621 1230 43 20 från
680 1231 125 24 synpunkten
821 1229 21 20 af
856 1229 45 18 hela
912 1227 39 20 fol-

192 1258 46 20 kets
264 1259 71 24 fördel,
352 1265 30 14 om
399 1259 33 19 det
447 1259 135 20 konstitueras
597 1259 7 19 i
620 1259 204 20 öfverensstämmelse
839 1257 45 20 med
899 1258 49 18 rätt-

192 1287 68 20 visans
283 1287 47 20 kraf
351 1288 37 20 och
410 1287 72 20 folkets
497 1288 53 19 anda
565 1288 37 20 och
617 1287 66 20 behof.
714 1287 107 20 Samhället
836 1286 114 23 öfvertager

189 1316 23 24 ju
236 1316 145 20 föräldralösas
404 1317 48 19 vård
474 1317 37 19 och
534 1317 88 24 skyddar
636 1317 24 19 de
676 1317 95 23 hemlösa,
786 1315 83 20 hvarför
883 1313 65 20 skulle

192 1344 34 19 det
249 1345 46 19 icke
317 1351 47 14 anse
385 1345 64 19 såsom
471 1346 29 18 sin
523 1345 50 24 pligt
591 1347 30 17 att
636 1345 80 23 efterse,
732 1345 33 19 det
780 1345 76 19 barnen
872 1341 78 21 erhålla

192 1373 34 19 det
241 1373 51 20 mått
307 1374 21 20 af
340 1374 92 23 vetande,
441 1379 41 14 som
497 1374 34 19 det
546 1374 126 19 förestående
688 1373 104 25 praktiska
802 1372 57 20 lifvet
869 1370 80 20 fordrar

191 1401 66 20 såsom
280 1403 167 24 minimiqvantum
461 1414 28 3 —
505 1403 36 19 och
564 1403 67 19 utföra
652 1403 56 19 detta
730 1402 35 20 sitt
779 1401 45 20 värf
838 1403 47 17 utan
900 1399 49 20 hän-

192 1436 35 18 syn
250 1431 76 23 därtill,
348 1437 30 14 om
401 1431 58 20 dessa
481 1431 115 25 kunskaper
616 1431 110 20 förvärfvas
748 1431 26 24 på
796 1428 152 25 frivillighetens

190 1458 52 21 eler
260 1459 92 24 tvängets
370 1462 43 22 väg.
443 1460 60 20 Detta
521 1462 24 17 är
559 1460 85 19 barnens
660 1459 65 20 fördel
740 1459 37 20 och
792 1461 47 21 rätt,
855 1457 56 20 detta
925 1458 27 18 är

261 1498 105 18 Allmänna
378 1498 169 23 Besvärsutskottets
556 1498 111 19 betänkande
679 1498 37 18 N:o
729 1498 33 18 20.
