1070 1795
264 129 12 20 w

409 128 279 23 Petitionsbetänkande
703 129 46 22 N:o
765 129 36 22 14.

235 198 101 23 anstalter,
353 198 65 19 hvilka
434 201 89 20 trognast
538 198 45 19 sökt
600 198 89 20 fasthälla
704 199 54 19 äldre
774 199 123 22 traditioner,
914 201 38 16 sett
964 199 30 22 sig

235 226 109 20 föranlätna
368 227 18 23 ej
409 227 50 18 blott
481 229 29 16 att
527 227 89 19 meddela
638 227 138 24 undervisning
797 228 7 18 i
820 227 173 24 naturvetenskap,

234 257 48 17 utan
305 255 56 19 äfven
383 255 6 19 i
412 255 34 19 sitt
467 261 91 18 program
574 259 85 21 upptaga
674 256 184 23 fackundervisning
873 256 6 19 i
895 256 98 19 särskilda

234 284 116 23 riktningar.
380 284 117 23 Härigenom
515 284 56 19 hafva
586 285 56 18 äfven
658 285 103 19 efterhand
771 284 104 24 aflägsnats
887 285 24 19 de
920 285 70 23 skugg-

236 313 55 19 sidor
306 312 20 19 af
340 313 141 23 politiserande
497 313 47 19 eller
559 313 95 19 retoriskt
669 313 122 25 frasmakeri,
807 319 41 13 som
863 313 7 19 i
886 313 68 24 början
965 313 26 24 på

235 342 51 19 vissa
309 341 39 19 håll
370 342 90 18 vidlådde
477 342 62 18 denna
554 345 31 16 art
601 341 20 20 af
635 342 242 23 folkbildningsanstalter.
905 342 85 19 Numera

235 371 113 18 undervisas
364 370 31 19 vid
412 371 38 18 alla
465 370 21 19 af
500 372 63 17 staten
579 371 133 19 understödda
724 371 164 23 folkhögskolor
881 366 11 34 i
901 371 87 25 räkning,

234 399 93 23 teckning
350 399 35 19 och
408 399 171 25 naturvetenskap,
596 399 31 19 vid
643 400 23 19 de
682 399 56 20 flesta
754 400 6 18 i
773 400 140 24 jordmätning,
930 400 60 19 nivel-

235 428 63 22 lering
320 427 36 19 och
378 428 95 19 särskilda
488 434 69 17 grenar
573 428 21 19 af
608 428 111 25 landtbruk,
736 429 30 18 vid
782 429 59 22 några
857 428 6 18 i
879 428 110 23 trädgårds-

235 456 82 25 skötsel,
338 459 50 16 samt
402 457 31 18 vid
450 459 28 16 ett
493 459 50 16 stort
558 457 52 18 antal
628 457 3 18 i
648 457 108 19 Danmarks
772 456 166 24 statsförfattning
953 457 36 19 och

234 485 124 22 förvaltning.
382 485 45 18 Men
443 485 56 19 äfven
515 485 20 19 åt
550 486 36 18 den
603 485 89 20 tekniska
707 486 163 23 undervisningen
882 485 29 19 för
920 485 69 20 handt-

235 513 82 20 verkare
340 513 35 19 har
397 514 31 18 vid
451 513 48 20 flera
518 514 67 19 skolor
601 517 66 20 egnats
682 514 44 19 icke
742 515 55 22 ringa
812 514 177 25 uppmärksamhet,

235 542 64 20 såsom
321 541 31 20 för
367 542 126 23 timmermän,
510 543 95 22 snickare,
622 543 171 26 maskinarbetare,
809 543 82 23 smeder,
908 549 82 17 murare,

235 571 82 22 målare,
340 571 112 19 tillochmed
473 571 30 19 för
519 572 73 23 sjömän
609 571 35 20 och
661 571 77 20 fiskare.
769 572 40 18 För
824 571 86 23 kvinliga
925 572 64 18 elever

235 602 59 21 utgör
309 599 71 20 väfnad
395 600 37 19 och
447 600 103 23 handslöjd
566 602 49 17 samt
626 600 69 19 kurser
705 601 7 18 i
722 600 144 24 mejeriskötsel
877 603 28 16 ett
916 600 75 23 ganska

235 629 74 23 vanligt
323 629 104 18 läroämne.

306 657 54 24 Slöjd
376 657 37 19 och
428 657 196 24 yrkesundervisoing
640 657 35 19 har
690 658 25 23 pä
731 657 54 19 detta
801 657 35 25 vis,
853 657 80 19 likasom
944 657 45 18 tidi-

235 691 48 18 gare
305 687 7 18 i
334 686 85 22 Sverige,
436 685 63 20 blifvit
514 691 22 14 en
554 686 93 23 väsentlig
662 687 32 18 del
710 686 21 19 af
746 686 33 19 det
793 691 91 19 program
900 685 89 24 folkhög-

235 715 69 19 skolan
326 715 7 18 i
355 714 99 19 Danmark
477 720 79 13 numera
572 714 63 25 följer.
666 715 140 24 Gymnastiken
822 715 63 18 såsom
900 714 89 24 praktisk

236 743 141 20 sundhetsvärd
393 743 90 19 omfattas
499 743 42 19 med
557 743 56 23 lifligt
628 744 83 19 intresse
726 743 37 20 och
779 743 51 19 efter
841 743 95 24 exemplet
946 743 43 18 frän

236 773 80 22 Sverige
339 773 97 22 begynner
459 771 163 24 framställningen
646 772 21 19 af
688 773 35 18 allt
745 772 50 19 hvad
818 777 40 14 som
883 774 33 17 rör
940 777 49 14 sam-

236 801 71 20 hällets
330 801 87 24 byggnad
440 801 88 18 tillvinna
549 801 29 23 sig
599 801 184 23 anmärkningsvärd
799 801 52 23 plats
866 801 57 18 bland
939 800 51 19 folk-

235 830 119 24 högskolans
369 829 222 24 undervisningskurser,

305 859 43 18 Den
372 857 111 20 erfarenhet
506 864 42 13 man
570 858 81 19 sålunda
673 858 62 19 under
753 857 136 24 utvecklingen
905 857 20 19 af
939 857 50 19 folk-

236 887 140 24 högskoleiden
386 887 6 18 i
404 887 23 18 de
438 887 151 18 skandinaviska
604 886 94 19 länderna
713 887 68 18 vunnit
795 886 88 19 kommer
893 886 42 19 värt
944 886 45 19 land

236 917 121 19 omedelbart
381 915 30 19 till
434 916 57 23 godo.
521 915 91 19 Hvarken
633 921 23 13 en
679 915 84 23 ensidigt
787 914 127 20 bumanistisk
941 915 49 18 eller

236 945 84 23 ensidigt
341 943 90 25 praktisk
446 944 86 23 riktning
547 944 32 18 vid
595 943 101 20 fackskola
712 944 36 19 har
763 944 50 18 visat
828 944 29 23 sig
873 943 117 24 fördelaktig

235 974 32 19 för
287 973 132 23 utbildningen
442 973 21 18 af
483 973 142 23 landsbygdens
640 972 100 19 fullvuxna
755 973 83 22 ungdom
853 972 29 19 till
898 972 91 23 kunniga,

234 1003 122 19 verksamma
371 1001 126 23 medborgare
512 1001 37 20 och
564 1001 178 24 medborgarinnor.
766 1001 137 23 Omvexlingen
913 1001 6 18 i
930 1001 59 24 prak-

234 1031 52 20 tiskt
303 1031 67 19 arbete
386 1030 41 19 med
443 1030 121 19 intellektuel
581 1030 147 23 sysselsättning
744 1032 21 17 är
781 1030 43 19 bäst
840 1029 61 24 egnad
916 1032 30 16 att
961 1029 28 19 bi-

235 1060 77 19 behålla
337 1059 48 19 sund
408 1059 81 24 jemvikt
512 1059 34 19 hos
565 1059 34 18 det
613 1065 51 17 unga
680 1059 70 22 sinnet,
767 1061 28 16 att
811 1058 44 19 icke
871 1058 61 24 rycka
946 1058 43 19 det-

234 1094 73 14 samma
326 1088 46 19 bort
386 1087 43 19 frän
445 1088 34 18 det
494 1087 86 24 verkliga
595 1087 64 20 lifvets
674 1087 52 24 kraf,
741 1090 46 16 utan
800 1087 40 19 läta
855 1087 24 19 de
895 1087 94 23 hvardag-

234 1118 40 23 liga
290 1117 98 24 sysslorna
404 1115 79 20 framstå
498 1116 6 19 i
520 1117 59 22 högre
595 1117 37 23 ljus
648 1116 63 19 såsom
726 1116 123 23 nödvändiga
859 1115 69 20 länkar
938 1115 50 19 iden

234 1145 146 20 fosterländska
405 1145 100 23 odlingens
530 1145 66 24 tjenst.
626 1145 9 18 I
658 1145 201 19 öfverensstämmelse
882 1145 42 18 med
946 1144 43 19 vårt

234 1175 54 19 folks
303 1173 103 26 praktiska
420 1173 87 24 riktning
522 1174 36 19 och
574 1174 34 18 vär
623 1173 108 19 folkskolas
748 1173 133 24 egendomliga
891 1173 99 24 organisa-

233 1204 49 23 tion,
305 1208 56 18 synas
382 1202 56 19 äfven
459 1202 174 24 folkhögskolorna
647 1202 7 19 i
669 1202 44 19 värt
727 1202 46 19 land
787 1202 45 19 icke
848 1202 71 19 förbise
934 1202 55 18 detta

233 1238 55 14 mera
310 1231 89 24 allsidiga
420 1231 43 18 mäl.
494 1231 45 19 Men
556 1231 33 19 det
605 1236 55 18 synes
676 1231 30 19 till
722 1237 23 12 en
762 1231 68 23 början
847 1236 46 13 vara
907 1230 20 19 af
942 1230 46 25 vigt,

233 1263 31 17 att
289 1261 56 18 dessa
371 1259 137 20 läroanstalter
529 1259 60 19 borde
611 1259 111 20 framkallas
746 1259 36 19 och
803 1259 98 24 uppbäras
916 1259 21 18 af
951 1259 37 18 den

234 1289 90 20 enskilda
346 1288 130 19 entusiasmen
499 1288 36 19 och
555 1289 33 18 det
610 1288 64 19 lokala
695 1288 100 25 intresset,
811 1287 31 20 för
857 1291 29 16 att
901 1287 42 20 fritt
958 1289 31 17 ut-

234 1319 69 19 veckla
318 1317 29 23 sig
362 1317 51 19 efter
428 1316 91 20 behofvet
533 1317 26 24 pä
574 1317 66 23 hvarje
656 1319 37 17 ort.
716 1317 77 18 Endast
808 1322 23 13 ur
847 1317 58 18 sädan
916 1315 73 24 kraftig

232 1346 90 25 jordmän
339 1346 39 18 kan
394 1345 64 23 frodig
474 1347 45 17 växt
534 1345 35 19 och
586 1345 82 19 blomma
683 1347 75 17 väntas.
783 1345 86 19 Numera
884 1345 56 18 torde
955 1344 34 19 det

232 1376 85 19 stadium
338 1373 58 20 hafva
411 1374 80 25 inträdt,
506 1374 25 19 dä
546 1374 33 19 det
594 1374 100 23 allmänna,
711 1374 63 19 säsom
789 1374 116 19 befordrare
920 1372 21 20 af
954 1378 34 14 na-

232 1405 77 19 tionens
324 1403 78 24 andliga
417 1403 111 23 utveckling
543 1403 136 24 öfverhufvud,
695 1403 36 19 bör
746 1403 75 19 skänka
837 1403 64 18 denna
915 1402 73 19 rörelse

232 1434 36 17 sitt
290 1432 114 19 understöd.
434 1431 60 20 Detta
509 1431 96 20 erkändes
620 1432 56 19 äfven
693 1431 20 20 af
728 1433 77 18 senaste
822 1431 85 23 ständer,
923 1430 66 20 hvilka

302 1471 103 18 Allmänna
417 1470 168 18 Besvärsutskottets
598 1470 110 18 betänkande
719 1469 39 18 N:o
771 1469 16 18 9.
