1070 1795
269 146 276 22 Petitionsbetänkande
561 146 44 22 N:o
621 146 38 22 42.
804 147 12 20 3

157 214 31 21 På
202 215 68 26 grund
286 216 21 18 af
320 215 62 20 ofvan
393 214 108 27 påpekade
514 214 206 25 missförhåltanden,
734 215 65 27 vågar
806 216 39 26 jag

89 243 85 21 anhålla
190 246 30 17 att
235 244 129 19 hedervärda
379 243 84 20 ståndet
478 244 49 19 ville
543 244 125 26 petitionera

364 308 32 18 att
419 305 64 22 Hans
507 305 123 28 Kejserliga
648 306 103 27 Majestät
766 306 80 21 täcktes

295 334 8 20 i
318 335 68 19 nåder
398 335 115 26 förändra
530 335 68 26 tredje
613 335 39 20 och
667 335 76 27 öfriga
759 335 87 20 dermed

296 363 215 26 sammanhängande
523 364 137 27 paragrafer
675 364 8 19 i
698 363 83 28 nådiga
797 364 49 21 för-

296 391 119 28 ordningen
437 392 40 20 den
493 393 29 20 20
538 392 108 20 december
661 393 58 20 1888
735 392 112 28 angående

296 420 199 28 skjutshållningen
511 420 37 21 och
563 421 185 27 gästgifverierna
763 422 8 19 i
781 421 64 27 syfte,

296 451 31 18 att
350 450 141 26 gästgifveri-
516 450 37 19 och
578 450 267 26 hållskjutsningstungan

292 477 73 27 jämnt
376 477 132 27 fördelades
523 478 79 20 mellan
615 478 46 21 alla
672 479 35 20 till
717 478 128 27 skjutslaget

296 506 95 21 hörande
406 506 131 21 kommuner.

158 569 132 27 Helsingfors
306 570 40 19 den
361 569 12 20 9
390 570 99 20 Februari
506 570 60 20 1894.

583 626 27 22 P.
626 626 82 23 Aulin.

465 666 128 22 Representant
605 666 27 17 för
644 666 52 17 Kemi
709 666 88 23 domsaga.

158 768 53 21 Med
227 768 115 28 anledning
357 768 23 21 af
395 771 37 24 ett,
452 769 2 21 i
469 776 80 14 samma
565 769 56 28 syfte
636 777 46 13 som
697 768 149 29 föreliggande

89 803 218 28 petitionsmemorial,
328 803 6 20 i
350 803 165 21 Bondeståndet
529 803 122 21 framstäldt
666 803 181 28 motionsförslag,

90 837 62 22 öfver
174 837 82 22 hvilket
277 837 113 22 Utskottet
414 837 87 28 afgifvit
523 837 101 22 särskildt
646 837 143 26 betänkande,
810 837 38 21 har

90 871 114 22 Utskottet
226 871 92 29 afstyrkt
341 871 61 22 bifall
424 872 33 21 till
478 873 119 25 motionen;
619 872 41 21 och
680 871 34 22 får
734 871 113 22 Utskottet

90 905 73 22 derför
186 905 81 27 endast,
289 905 48 22 med
359 905 160 22 återhemtande
541 907 8 20 i
570 906 122 21 hufvudsak
714 906 22 21 af
752 905 27 22 de
795 905 52 26 skäl,

90 947 45 14 som
151 941 7 20 i
173 939 92 22 nämnda
280 939 135 22 betänkande
427 940 134 27 framhällits,
576 940 110 21 vördsamt
700 940 111 21 hemställa

365 1005 34 19 att
418 1010 34 13 nu
472 1003 172 27 ifrågavarande
656 1003 191 28 petitionsförslag

297 1037 67 21 måtte
380 1037 84 21 lemnas
477 1039 56 19 utan
549 1037 107 28 afseende.

159 1135 12 21 I
186 1135 158 28 behandlingen
359 1135 23 20 af
397 1135 59 21 detta
472 1134 77 22 ärende
560 1134 66 21 hafva
636 1134 89 28 deltagit
736 1134 113 21 ordföran-

91 1169 41 21 den
149 1169 115 28 Stjernvall
279 1171 54 18 samt
348 1169 145 21 ledamöterne
509 1169 165 26 Nordenskiöld,
684 1169 26 21 E.
718 1168 131 28 Furuhjelm,

92 1203 76 26 Walle,
192 1202 125 29 Karlsberg,
340 1203 104 26 Ilmanen,
467 1211 44 14 von
533 1203 79 26 Pfaler,
633 1203 63 28 Berg,
717 1203 132 25 Herckman,

92 1237 90 27 Strähle,
194 1237 113 21 Tikkanen
322 1237 41 21 och
374 1237 96 22 Hirvelä.

159 1350 145 29 Helsingfors,
328 1350 23 22 af
375 1350 57 28 Lag-
455 1350 41 22 och
521 1350 212 22 Ekonomiutskottet
756 1350 40 21 den
822 1350 26 21 16

91 1384 45 29 Maj
153 1386 61 20 1894.

161 1492 48 23 Lag-
222 1493 32 17 och
266 1493 181 18 Ekonomiu!skottets
459 1493 111 17 betänkande
582 1492 37 18 N:o
631 1493 29 16 16.
