1070 1795
296 119 233 41 Petitionsbetänkande
546 129 35 22 N:o
599 129 31 21 12.
767 128 40 22 -29

79 193 54 16 nom
149 193 27 16 en
191 188 102 27 flötning,
309 193 49 16 som
374 187 52 22 frän
442 188 27 21 de
485 187 127 28 aflägsnare
627 187 91 22 delarne
728 187 27 21 af
762 187 77 22 Saima

79 224 174 25 vattensystem
275 223 43 21 ned
341 223 34 21 tili
396 222 130 27 Kymmene
546 222 33 21 elf
595 222 91 21 komme
706 223 36 20 att
760 223 53 26 taga.
832 222 7 21 i

79 256 101 27 anspräk
198 257 13 20 3
229 257 14 21 &
261 257 15 20 4
294 262 95 16 somrar.
423 256 123 22 Utskottet
565 257 42 20 har
624 256 71 21 likväl
714 256 20 27 ej
750 256 89 21 kunnat

79 290 129 22 fränkänna
223 291 73 21 denna
312 290 64 27 fräga
392 291 81 26 hvarje
489 291 141 21 allmännare
644 290 125 27 betydelse,
781 296 57 15 eme-

79 325 44 22 dan
139 325 38 22 det
192 325 34 22 för
237 325 174 27 ifrägavarande
422 327 62 20 orter
495 325 20 26 ej
527 325 45 21 kan
584 331 56 15 vara
651 326 57 20 utan
720 325 43 21 allt
771 330 66 21 gagn,

79 361 37 20 att
138 359 58 22 efter
218 359 228 22 förhandenvarande
469 359 166 27 konjunkturer
654 359 77 22 kunna
750 359 88 21 afsätta

81 394 42 22 sitt
138 394 64 22 virke
218 394 34 22 till
268 394 98 27 sägarna
384 394 66 22 säväl
467 394 37 21 vid
519 394 92 22 Saimen
627 399 50 17 som
692 393 37 22 vid
745 393 92 27 Päijäne

79 428 168 27 vattendraget.
278 428 80 22 Likväl
376 429 42 21 har
434 429 39 21 det
489 430 68 25 synts
575 428 124 22 Utskottet
717 428 120 22 tvifvelak-

79 463 51 26 tigt,
145 463 113 21 huruvida
276 463 39 22 det
332 469 55 15 vore
407 463 35 20 för
461 463 87 21 kronan
568 463 90 26 tjenligt
677 463 36 21 att
731 462 35 22 för
781 467 56 22 egen

78 497 97 27 räkning
189 497 86 22 inrätta
291 497 41 22 och
346 497 135 22 underhälla
496 497 75 22 flötled
587 497 54 22 eller
655 497 110 26 rullbana,
781 498 56 20 utan

80 532 73 26 borde,
165 531 76 22 säsom
254 531 220 28 öfverhufvudtaget
484 532 113 21 härintills
609 531 61 22 varit
680 531 71 26 fallet,
760 531 77 26 dylika

79 567 125 21 anstalters
213 562 119 31 byggande
340 567 42 21 och
391 567 89 21 skötsel
489 566 154 22 öfverlemnas
651 565 25 22 ät
684 566 42 21 den
734 565 103 22 enskilda

80 601 211 27 företagsamheten
305 601 41 22 och
362 602 63 21 emot
440 601 119 22 fastställd
575 601 67 27 afgift
658 602 66 25 göras
735 600 101 27 tilleäng-

79 635 45 28 liga
143 635 35 22 för
196 641 59 22 resp.
275 635 152 27 virkesägare.
459 631 243 31 Öfverstyrelsen
655 627 54 40 .för
724 636 52 25 väg-
795 635 41 21 och

79 670 243 27 vattenbyggnaderna
338 670 41 21 har
393 670 7 21 i
413 671 36 20 ett
461 670 26 21 af
496 670 99 22 Senaten
607 670 111 21 infordrat
728 669 108 28 yttrande

79 704 119 27 föreslagit
216 706 37 20 att
271 705 42 21 den
332 704 141 27 ifrägasatta
491 705 106 21 flötleden
612 704 74 22 mätte
702 704 28 27 pä
746 705 90 20 statens

80 739 126 21 bekostnad
216 739 141 22 undersökas
368 739 42 21 och
421 739 199 27 kostnadsförslag
631 740 119 25 uppgöras.
767 734 69 25 Ären-

79 773 39 22 det
133 773 64 22 torde
214 775 61 20 ännu
290 773 49 22 icke
354 773 72 21 hafva
441 773 26 21 af
480 772 100 23 Senaten
596 773 189 22 slutbehandlats.

148 807 33 22 Dä
200 808 38 21 det
256 808 8 21 i
283 807 222 28 petitionsförslaget
524 807 94 22 afsedda
635 807 94 22 ärendet
748 807 87 22 säledes

49 863 3 2 .
78 842 70 21 redan
163 843 67 26 utgör
246 842 95 22 föremål
357 842 35 21 för
407 842 134 27 Styrelsens
556 842 148 27 ompröfning,

285 905 59 21 torde
362 905 77 28 någon
458 905 80 28 åtgärd
556 905 55 28 från
632 905 137 22 Ständernas
787 894 48 32 sida

215 940 10 20 i
240 940 72 21 denna
326 940 68 27 fråga
408 940 47 21 icke
471 940 92 27 behöfva
578 940 170 27 ifrägakomma.

146 1089 10 21 I
168 1089 64 22 detta
243 1090 94 31 ärendes
348 1089 138 28 behandling
497 1090 71 21 hafva
579 1090 96 27 deltagit
686 1089 148 22 ordföranden

78 1123 39 23 Th.
135 1123 118 28 Tallqvist,
272 1124 157 22 ledamöterna
452 1124 94 22 friherre
566 1125 25 21 R.
611 1124 26 22 G.
658 1124 23 21 O.
701 1124 90 27 Wrede,
810 1123 23 22 T.

77 1163 22 16 v.
115 1157 124 28 Frenckell,
255 1159 27 21 K.
298 1158 27 22 A.
342 1159 113 26 Granfelt,
471 1159 28 21 A.
516 1159 23 21 O.
551 1159 110 26 Törnudd,
672 1159 18 21 J.
702 1159 18 21 J.
733 1158 101 22 Wester-

77 1192 60 27 lund,
153 1192 19 21 J.
193 1192 5 21 I
214 1193 144 26 Gummerus,
374 1193 29 21 A.
422 1193 29 21 M.
471 1193 112 27 Cronvall,
600 1193 22 22 C.
638 1193 26 22 B.
680 1193 114 26 Federley,
810 1193 23 21 E.

76 1226 124 27 Juntunen,
216 1227 29 22 H.
261 1227 19 21 J.
297 1227 131 27 Malmgren,
446 1227 120 22 äfvensom
581 1228 177 27 suppleanterna
771 1227 27 22 A.
809 1227 23 21 F.

76 1261 134 27 Tigerstedt,
226 1261 23 22 F.
266 1261 28 22 H.
310 1261 75 27 Malin,
401 1261 35 22 Fr.
454 1262 97 27 Ekgvist
569 1262 40 21 och
623 1262 27 21 H.
663 1262 27 21 A.
703 1262 129 21 Kansanen.

145 1323 143 28 Helsingfors
303 1325 19 21 d.
338 1325 29 21 20
381 1325 67 27 April
464 1325 61 21 1894.

230 1484 122 23 Helsingfors,
365 1485 16 18 J.
394 1485 18 17 C.
426 1485 99 18 Frenckell
539 1485 15 17 &
567 1485 42 21 Son,
622 1485 49 18 1894.
