1070 1795
294 132 230 22 Petitionsbetänkande
541 133 35 21 N:o
595 133 31 21 12.
787 133 14 21 3

142 237 159 25 (Öfversättning)

435 275 23 17 2.

248 332 46 17 Till
306 332 126 23 Vällofliga
444 333 204 22 Borgareständet.

140 389 114 18 Tavastehus
272 389 31 18 län
318 389 34 18 har
371 389 19 18 af
403 390 125 23 jernvägarne
541 391 6 16 i
560 391 42 16 värt
615 390 44 18 land
672 390 34 17 fätt
719 391 23 22 pä
755 391 28 16 sin
797 390 30 18 del

71 422 29 19 enj
112 420 59 16 större
190 420 66 20 anpart
276 420 23 16 än
318 418 55 23 något
391 421 58 15 annat
467 419 37 21 län,
523 419 86 17 hvarföre
628 420 111 22 landskapet
757 420 6 16 i
771 420 56 17 detta

71 447 106 18 hänseende
194 448 74 21 intager
287 452 22 12 en
328 448 84 17 särdeles
431 448 99 22 förmånlig
543 448 97 22 ställning;
654 453 41 12 men
708 448 32 17 det
751 448 76 17 oaktadt

71 475 58 23 gifvas
147 477 50 16 ännu
215 475 95 23 ätskilliga
328 476 76 21 trakter,
424 476 65 17 hvilka
502 476 29 17 för
543 477 29 16 sin
585 476 109 23 utveckling
706 478 32 16 äro
752 477 6 17 i
771 476 58 19 behof

71 504 18 17 af
104 503 113 18 förbättrade
236 504 238 19 kommunikationsmedel.
498 505 36 22 Jag
552 505 51 18 afser
621 505 97 23 bygderna
737 511 43 12 norr
792 505 35 18 och

70 533 77 18 nordost
158 539 29 12 om
200 533 121 21 Tavastehus,
333 533 65 18 hvilka
410 534 112 17 åtminstone
535 534 7 17 i
552 535 93 16 närmaste
655 533 76 18 framtid
738 534 16 22 ej
763 534 64 17 kunna

70 562 71 23 hoppas
158 562 24 23 på
200 562 60 22 någon
277 562 78 22 jernväg
373 562 30 17 till
422 562 133 18 samfärdselns
574 562 132 23 befrämjande.
730 563 36 17 Det
783 568 43 12 vore

71 590 62 18 derför
145 590 20 18 af
175 590 68 22 nöden,
256 592 26 16 att
294 591 273 18 vattenkommunikationerna
580 591 6 17 i
599 591 55 18 dessa
663 591 71 18 trakter
740 591 86 18 försattes

70 619 6 18 i
89 619 60 18 bättre
162 619 58 18 skick.

139 648 92 17 Farleden
250 647 41 18 från
309 648 114 17 Tavastehus
442 651 66 15 norrut
527 649 49 18 ända
587 649 30 17 till
630 649 110 17 Sääksmäki
753 649 26 22 sjö
792 649 35 17 har

69 676 39 18 ofta
126 676 61 18 blifvit
204 676 103 18 förbättrad
326 677 70 17 medels
416 678 91 21 rensning
525 677 20 18 af
562 677 80 18 Mierola
660 678 34 17 och
710 678 51 22 Lepa
773 677 52 18 sund.

69 705 72 18 Genom
159 705 116 23 anläggande
294 705 20 18 af
329 705 125 18 Valkiakoski
472 706 56 17 kanal
547 707 36 16 och
595 706 89 22 rensning
697 706 20 17 af
727 706 48 23 Apia
787 705 39 18 fors

69 734 34 17 har
121 734 159 23 ångbåtstrafiken
294 735 102 17 utsträckts
409 735 30 17 till
452 735 115 18 Mallasvesi.
580 735 60 18 Roine
653 735 7 17 i
672 735 106 22 Kangasala
790 735 34 17 och

68 763 160 22 Längelmänvesi,
247 763 125 17 hvarförutom
392 769 43 12 man
454 769 66 17 genom
539 763 36 18 den
588 763 112 18 1889—1891
714 763 112 18 verkställda

70 791 153 23 kanaliseringen
243 791 20 18 af
274 791 53 23 Kyllö
341 791 37 18 fors
391 792 116 23 möjliggjort
519 797 91 18 passagen
622 792 40 18 från
675 792 150 22 Pinteleenjärvi,

68 825 38 12 som
121 820 37 17 står
170 821 7 16 i
189 820 115 18 förbindelse
317 820 42 18 med
371 821 114 21 Mallasvesi,
498 821 29 17 till
540 821 140 18 Ilmoilanselkä
693 821 6 17 i
713 821 72 17 Hauho.

137 849 59 18 Dessa
214 849 83 18 farleder
309 849 79 22 erbjuda
400 849 58 18 likväl
471 850 16 22 ej
502 849 23 18 de
539 849 155 22 trafikförmåner,
706 849 63 18 hvilka
783 854 42 12 man

68 877 42 18 med
128 877 94 18 desamma
240 877 61 18 afsett.
330 878 81 17 Mierola
430 879 35 16 och
487 879 51 21 Lepa
557 878 48 18 sund
623 877 54 18 hafva
696 877 129 23 uppgrundats

68 906 33 17 och
115 906 121 23 omöjliggöra
249 906 60 17 under
320 907 74 22 vanliga
408 907 26 21 är,
441 907 110 22 isynnerhet
557 907 24 22 på
591 911 143 16 sensommaren,
743 906 24 17 all
774 906 50 17 kom-

67 935 121 17 munikation.
207 935 41 18 Den
261 937 61 16 värsta
334 941 93 16 passagen
440 937 56 21 utgör
508 935 48 18 dock
569 935 48 23 Apia
629 935 43 20 fors,
685 940 39 12 som
737 935 53 17 alltid
804 937 21 15 är

67 965 66 21 ytterst
151 963 93 23 besvärlig
263 964 33 17 och
315 966 37 15 mot
368 964 67 18 hösten
448 966 43 15 rent
503 964 20 17 af
534 964 76 23 omöjlig
622 965 26 16 att
661 963 70 18 befara.
755 963 36 18 Det
803 965 22 15 är

67 992 63 17 derför
143 993 55 22 högst
210 992 119 23 nödvändigt,
343 995 27 15 att
383 993 139 18 ofvannämnda
529 993 48 18 sund
588 993 33 17 och
629 993 48 22 Apia
684 992 44 21 fors,
735 992 89 22 antingen

67 1026 67 17 genom
147 1027 22 12 en
182 1021 110 23 ytterligare
305 1021 123 23 fördjupning
441 1021 46 18 eller
499 1027 67 17 genom
579 1021 95 18 anlitande
687 1021 21 17 af
718 1021 60 22 någon
791 1026 33 11 an-

67 1055 37 12 nan
123 1052 61 20 utväg,
203 1050 89 18 försättas
310 1051 6 16 i
335 1050 65 18 sådant
414 1050 59 22 skick,
487 1052 26 15 att
526 1050 84 18 farleden
622 1051 7 17 i
642 1050 94 17 desamma
748 1050 76 22 bringas

67 1079 29 16 till
110 1079 56 17 minst
178 1079 10 17 5
201 1079 35 17 fots
249 1079 49 22 djup.

134 1107 29 18 Då
181 1113 42 12 man
242 1113 65 16 genom
326 1107 97 22 Kyllöfors
436 1107 62 22 kanal,
516 1107 55 18 hvars
587 1107 130 18 omkostnader
730 1107 52 22 stigit
793 1106 30 17 till

66 1135 78 23 ungefär
156 1137 64 20 90,000
232 1136 58 21 mark,
303 1136 15 21 ej
332 1135 76 18 förmått
420 1135 87 23 förlänga
520 1136 158 23 ångbåtstrafiken
692 1135 42 18 med
743 1140 50 13 mera
799 1137 24 15 än

65 1164 12 18 8
95 1165 103 20 kilometer,
217 1165 21 17 så
256 1165 33 16 har
307 1164 107 17 ändamålet
434 1164 78 18 dermed
531 1165 106 22 säkerligen
655 1164 53 21 varit,
728 1166 26 15 att
769 1163 54 18 äfven

66 1193 75 18 Vuolle-
159 1193 35 18 och
214 1193 122 18 Lehdesmäki
352 1193 64 21 elfvar,
431 1193 72 17 hvilkas
516 1193 89 22 rensning
617 1193 123 17 tillsammans
752 1193 72 22 knappt

65 1222 60 17 skulle
139 1222 48 22 stiga
200 1222 28 17 till
241 1222 63 21 30,000
317 1221 57 22 mark,
387 1221 62 18 blefve
463 1221 78 18 försatta
552 1222 7 17 i
572 1221 70 18 farbart
655 1221 58 18 skick.
731 1218 92 25 Ångbåts-

65 1251 185 17 kommunikationen
264 1251 60 17 skulle
338 1251 80 17 sålunda
430 1251 75 17 komma
517 1253 28 15 att
556 1251 106 17 utsträckas
671 1250 48 17 ända
726 1251 29 17 till
762 1250 61 17 Roine

65 1279 28 22 sjö
109 1280 3 17 i
125 1279 73 22 Hauho,
209 1279 31 18 vid
253 1279 55 18 hvars
321 1279 87 18 stränder
421 1279 62 18 finnas
496 1279 46 17 flera
551 1281 51 15 stora
609 1279 43 22 byar
662 1279 34 17 och
703 1279 119 22 temmeligen

65 1308 115 17 vidsträckta
192 1313 41 17 asp-
250 1307 34 18 och
296 1307 131 22 björkskogar,
440 1307 103 23 hvarjemte
557 1307 83 18 farleden
653 1307 60 17 skulle
726 1307 96 22 förlängas

65 1336 43 18 med
121 1337 22 16 20
154 1337 37 16 km.
205 1337 19 16 ät
238 1336 77 17 Tuulois
328 1336 30 16 till
372 1336 35 17 och
421 1336 81 22 ungefär
514 1336 22 17 17
549 1336 7 16 i
569 1336 83 21 riktning
666 1336 18 16 åt
696 1336 86 21 Luopios.

134 1364 60 18 Sedan
214 1364 54 18 dessa
286 1365 32 17 åar
336 1364 36 17 och
394 1364 50 18 sund
463 1364 62 18 blifvit
545 1364 78 17 försatta
640 1364 6 17 i
665 1364 86 22 behörigt
769 1363 54 18 skick

65 1394 57 17 borde
135 1393 85 18 farleden
232 1395 56 19 ännu,
301 1393 69 18 medels
383 1393 130 22 kanalisering
523 1393 20 18 af
550 1393 182 21 Vihavuodenkoski,
742 1394 79 16 utsträc-

64 1423 33 16 kas
116 1423 28 16 till
156 1422 129 17 Kukkiaselkä
298 1422 6 17 i
318 1422 94 22 Luopiois,
426 1422 76 17 hvilken
516 1423 39 17 står
566 1422 7 17 i
586 1421 112 18 förbindelse
711 1421 42 18 med
766 1421 36 17 den
815 1421 6 16 i

64 1451 74 22 Lampis
156 1451 69 17 socken
243 1450 120 23 inskjutande
381 1451 129 24 Liesonselkä,
535 1450 92 18 Farleden
640 1450 58 17 skulle
712 1451 109 21 härigenom

135 1490 201 18 Petitionsbetänkande
348 1490 38 18 N:o
401 1491 26 17 12.
