1070 1795
305 144 231 22 Petitionsbetänkande
553 144 35 21 N:o
604 143 20 22 2
787 144 27 20 37

156 201 36 17 För
211 201 36 17 den
261 201 122 22 smalspåriga
396 201 60 17 banan
470 201 35 17 har
518 206 70 12 samma
601 203 51 15 trace
666 201 86 21 antagits,
765 205 38 12 som
817 200 29 17 för

86 229 35 18 den
136 229 152 23 normalspåriga,
302 235 42 12 men
358 229 84 18 deremot
450 230 58 21 något
516 231 60 16 större
585 229 59 22 rörlig
656 224 87 32 materiel,
754 224 52 32 jemte
814 228 32 17 det

86 263 23 12 en
122 258 160 18 remontverkstad
296 258 33 18 och
343 260 27 16 ett
382 260 107 16 vattentorn
503 258 29 17 till
541 260 71 15 ansetts
620 257 74 23 nödiga.
713 257 132 18 Kostnadsför-

85 286 60 23 slaget
157 286 29 18 för
199 286 31 18 det
243 287 123 22 smalspåriga
379 287 121 17 alternativet
513 287 34 17 har
560 287 61 17 under
634 286 70 18 sådana
717 286 128 17 förhållanden

85 314 20 18 af
127 315 87 22 ingeniör
238 315 90 18 Norrmén
353 315 103 18 beräknats
476 315 30 18 till
525 315 76 22 650,000
619 315 31 17 mk
670 315 46 17 eller
734 315 62 21 45,000
814 314 31 17 mk

85 349 34 17 per
131 343 36 18 km.

154 372 98 18 Alltsedan
265 372 60 18 beslut
339 373 81 17 fattades
434 377 29 13 om
477 372 128 23 grannstaden
615 372 71 17 Kotkas
694 372 101 17 förenande
803 371 42 18 med

83 400 145 24 jernvägsnätet,
244 401 34 18 har
295 401 157 18 Fredrikshamns
465 401 41 18 stad
520 402 6 17 i
539 401 117 18 erhållandet
669 401 21 17 af
700 406 22 12 en
736 401 68 17 bibana
816 400 29 18 till

84 429 95 18 Tavastila
198 432 36 15 sett
252 432 26 16 ett
297 430 92 18 lifsvilkor
407 430 30 17 för
456 430 28 18 sin
504 430 114 22 utveckling,
632 432 19 20 ty
664 429 67 18 endast
742 434 67 17 genom
821 434 23 12 en

84 458 87 22 förening
189 458 42 18 med
247 459 102 22 jernvägen
366 458 63 18 kunde
443 459 66 17 stader
523 459 71 22 hoppas
608 464 22 12 en
643 458 102 21 förkofran,
758 457 67 18 medan
838 457 6 17 i

85 489 74 16 motsatt
178 487 32 17 fall
229 487 43 18 hela
287 487 35 18 den
336 487 76 21 handel,
426 493 39 12 som
479 487 58 18 sedan
550 488 45 21 lång
607 487 26 18 tid
648 487 81 17 tillbaka
741 487 40 22 gått
793 486 52 17 öfver

84 516 70 18 staden,
168 516 73 18 komme
254 518 27 15 att
293 516 60 18 vända
365 517 29 22 sig
406 516 31 18 till
450 517 68 17 Kotka.
543 516 157 17 Fredrikshamns
713 515 88 18 anhållan
814 520 30 12 om

85 545 35 18 den
139 544 66 18 endast
223 545 21 17 14
262 545 36 17 km.
318 545 56 22 långa
386 545 62 17 banan
461 545 35 17 har
509 545 48 17 dock
570 545 31 17 vid
613 547 68 15 tvenne
694 544 111 22 landtdagar
817 543 27 17 af-

84 573 65 22 slagits
162 573 34 18 och
209 573 94 23 följderna
316 573 54 18 deraf
380 573 56 18 hafva
448 574 43 17 icke
505 574 42 17 låtit
559 575 56 16 vänta
627 574 24 22 på
664 573 32 22 sig.
722 573 68 17 Medan
799 572 44 17 tull-

84 602 109 23 uppbörden
212 601 28 18 för
258 602 130 18 inkommande
408 607 55 13 varor
475 602 31 17 vid
519 602 145 17 tullkammaren
676 602 7 17 i
696 601 147 18 Fredrikshamn

84 632 49 17 ännu
152 631 20 17 år
190 631 45 18 1885
254 631 84 23 utgjorde
357 631 75 21 212,204
445 631 42 22 mk.,
505 633 38 15 mot
555 631 67 18 endast
634 631 61 21 76,581
709 631 6 16 i
730 630 67 21 Kotka,
809 629 35 18 har

84 659 62 18 denna
158 660 86 22 uppbörd
255 660 6 17 i
275 660 145 18 Fredrikshamn
434 660 48 17 varit
494 660 7 17 i
514 659 115 23 nedgående,
643 660 24 17 då
680 659 95 22 samtidigt
788 658 36 18 den
836 659 7 16 i

83 689 62 17 Kotka
162 689 58 22 stigit,
239 689 34 18 och
293 689 20 17 år
331 689 45 18 1888
395 689 70 22 begynt
483 688 108 19 öfverträffa
610 689 36 17 den
665 689 6 17 i
690 688 153 17 Fredrikshamn.

83 717 53 18 Dock
154 719 21 15 är
193 717 31 18 det
242 717 48 18 först
308 717 56 18 sedan
375 717 104 23 jernvägen
493 718 6 17 i
513 717 58 18 slutet
585 717 20 18 af
616 718 20 17 år
649 717 45 18 1890
707 719 84 20 öppnats,
804 721 39 13 som

83 745 37 18 den
139 745 86 22 stigande
243 746 92 22 importen
354 746 28 17 till
402 746 63 17 Kotka
480 746 49 23 tagit
543 751 23 12 en
579 745 96 23 synnerlig
688 745 108 22 utveckling
808 745 35 17 och

83 774 70 18 lemnat
170 774 58 18 redan
248 775 44 17 1891
311 779 22 13 en
353 775 119 17 tullinkomst
484 774 29 18 för
526 774 132 18 inkommande
672 779 53 12 varor
738 773 20 18 af
768 773 74 22 387,837

83 803 31 17 mk
132 805 38 15 mot
188 803 74 21 113,260
280 803 31 18 mk
330 803 30 18 vid
378 803 146 18 tullkammaren
537 804 7 17 i
557 803 152 18 Fredrikshamn.
735 803 61 17 Också
808 803 35 16 har

81 831 169 23 jernvägstrafiken
268 831 31 18 vid
311 832 92 17 stationen
416 832 7 17 i
436 832 63 17 Kotka
511 832 62 17 under
586 832 23 17 de
622 832 58 17 första
693 832 45 17 åren
751 831 92 22 betydligt

83 860 109 17 utvecklats.
216 857 27 20 År
261 860 43 18 1891
323 860 85 23 utgjorde
428 861 31 17 vid
479 861 61 17 denna
558 861 70 17 station
642 861 69 17 antalet
723 862 31 15 ton
767 859 76 18 afsändt

83 888 46 23 gods
147 888 51 22 5,028
214 888 34 17 och
261 888 75 18 anländt
349 889 45 22 gods
408 889 72 22 13,737;
493 889 21 17 år
528 889 45 18 1892
586 889 84 18 deremot
682 894 48 17 resp.
743 888 51 22 8,982
807 888 35 17 och

82 917 63 21 25,793
157 919 41 19 ton;
210 917 44 18 hela
266 917 106 18 inkomsten
385 917 29 18 för
427 917 94 23 afgången
533 918 58 17 trafik
604 918 82 23 uppgick
699 917 32 18 det
740 917 51 18 förra
801 917 41 18 året

83 946 28 17 till
129 946 63 21 86,763
211 946 36 21 mk,
267 946 32 17 det
317 951 65 13 senare
402 947 30 16 till
448 947 60 21 98,051
524 947 36 17 mk.
585 947 89 17 Deremot
686 947 35 16 har
734 946 69 17 antalet
815 945 26 18 af-

83 974 73 23 gängna
169 974 34 17 och
216 974 81 17 anlända
312 979 121 18 passagerare
448 975 93 18 hvardera
553 977 45 16 ären
611 975 47 18 varit
671 975 39 17 lika
723 975 34 17 och
771 975 71 22 utgjort

83 1003 56 22 nägot
151 1002 51 18 öfver
213 1003 67 21 27,000.

153 1031 44 18 Men
216 1037 29 11 om
258 1031 35 18 ock
306 1032 126 22 grannstaden
445 1032 62 18 Kotka
520 1033 61 17 under
594 1033 102 22 inflytande
709 1032 20 17 af
737 1033 104 22 jernvägen

82 1059 40 18 haft
134 1062 27 15 att
173 1060 63 22 glädja
248 1061 29 21 sig
290 1061 17 16 ät
320 1065 22 12 en
355 1060 84 23 betydlig
452 1061 113 22 utveckling,
579 1061 34 18 har
626 1061 47 18 dock
685 1061 156 20 Fredrikshamn,

82 1089 74 17 lemnad
174 1089 24 22 pä
214 1089 40 17 sida
267 1089 20 17 af
296 1089 146 22 jernvägsnätet,
456 1089 39 18 haft
508 1089 83 18 lifskraft
604 1095 40 17 nog,
658 1091 32 20 att,
704 1090 59 17 ehuru
775 1089 65 18 staden

83 1117 75 23 nyligen
176 1117 29 18 till
222 1123 22 12 en
258 1119 38 16 stor
308 1118 29 17 del
351 1117 85 23 ödelagts
450 1118 20 17 af
481 1124 24 12 en
517 1119 92 22 härjande
622 1118 94 21 eldsväda,
729 1118 47 18 dock
789 1119 6 16 i
808 1118 32 17 nä-

82 1151 35 18 gon
130 1146 43 17 män
185 1147 67 17 motstä
268 1147 68 17 verkan
350 1147 20 17 af
380 1146 82 18 nämnda
475 1147 63 18 oblida
550 1147 136 18 förhällanden.
711 1147 63 18 Säsom
787 1147 53 18 bevis

81 1175 59 22 härpä
153 1174 63 18 kunna
229 1174 81 23 följande
324 1175 43 18 data
379 1175 57 22 tjena.

151 1203 68 18 Medan
237 1203 43 18 hela
299 1203 148 23 tulluppbörden
467 1205 21 16 är
507 1204 44 18 1890
568 1205 86 22 utgjorde
670 1204 73 21 207,831
758 1204 35 21 mk,
806 1204 34 17 har

82 1232 36 17 den
132 1231 82 18 derefter
226 1233 48 16 varit

288 1261 21 17 är
322 1261 42 18 1891
394 1275 2 3 .
423 1275 3 4 .
452 1276 3 3 .
481 1276 4 3 .
509 1262 73 21 138,961
597 1262 35 17 mk.

293 1303 10 8 »
322 1290 44 18 1892
422 1304 62 4 0.0.
510 1291 74 21 10099
611 1305 10 7 ,,

293 1332 9 7 »
321 1319 44 17 18988
422 1333 33 3 0.
481 1333 3 4 .
509 1319 74 22 181762
610 1333 10 8 ,,

150 1346 99 18 Derunder
261 1347 35 17 har
308 1347 70 17 antalet
390 1348 20 16 in
424 1348 35 17 och
473 1348 121 18 utklarerade
607 1348 61 23 fartyg
677 1348 35 18 och
722 1348 53 18 deras
785 1348 54 22 dräg-

80 1374 60 23 tighet
158 1374 48 18 varit
223 1376 6 17 i
248 1375 91 23 längsamt
355 1376 92 22 stigande,
461 1376 61 18 säsom
535 1378 85 17 närmare
634 1376 81 23 framgär
728 1382 22 13 ur
761 1376 76 19 medföl-

77 1403 58 23 jande
154 1403 67 23 bilaga,
239 1405 96 17 utvisande
354 1405 29 17 för
402 1405 20 17 år
438 1405 43 18 1891
499 1405 6 18 i
519 1405 87 18 medeltal
620 1411 22 12 en
656 1405 106 23 drägtighet
774 1405 21 18 af
805 1406 34 17 232

79 1437 38 17 reg.
130 1434 42 15 tons
190 1437 34 18 per
242 1432 65 23 fartyg,
327 1433 66 18 medan
413 1433 98 23 samtidigt
530 1434 108 18 medeltalet
656 1434 29 18 för
701 1434 60 23 fartyg
777 1435 6 16 i
796 1434 43 17 hela

79 1460 65 18 landet
156 1461 82 22 uppgick
251 1461 28 18 till
292 1461 65 18 endast
370 1461 31 18 171
416 1467 39 17 reg.
468 1464 47 16 tons.

147 1500 203 19 Petitionsbetänkande
362 1502 36 17 N:o
410 1502 18 17 2.
