1070 1795
266 131 14 20 8
419 131 279 22 Petitionsbetänkande
714 130 44 23 N:o
775 131 40 22 30.

234 199 91 29 gående
357 199 36 21 till
428 199 98 29 ungefär
558 200 92 26 861,500
682 199 66 21 mark
779 199 82 26 skulle,
883 199 51 21 ifall
967 197 30 22 de

236 233 52 21 icke
310 233 62 29 finge
396 233 152 29 användning
570 233 76 22 såsom
671 233 151 22 kommunala
841 233 45 27 lån,
912 239 84 23 genom

236 271 173 25 guvernörerna
430 267 91 22 utlånas
544 268 23 21 åt
583 267 106 22 enskilda
705 267 89 22 mindre
809 267 187 29 lägenhetsinne-

236 301 96 22 hafvare
359 302 37 21 till
423 302 84 29 belopp
535 302 26 21 af
584 302 70 29 högst
681 303 71 27 2,000,
775 302 71 21 minst
869 303 41 21 400
930 302 65 21 mark

236 336 71 22 äfven
337 339 62 20 emot
428 337 118 28 personlig
575 337 88 28 borgen
693 339 61 19 samt
780 336 119 22 räntefritt
923 336 73 22 under

236 371 29 21 de
295 371 47 22 fem
371 371 73 22 första
473 371 62 27 åren,
561 371 53 21 med
639 370 136 29 skyldighet
799 371 36 21 för
860 371 136 28 låntagaren

236 407 36 20 att
294 405 101 22 derefter
416 405 73 22 under
504 405 46 21 fem
567 405 25 21 år
608 405 126 22 återbetala
750 405 65 22 lånet
830 405 52 22 med
897 413 28 13 en
941 405 55 22 fem-

236 440 63 21 tedel
319 448 36 13 om
377 441 49 20 året
444 440 73 28 jämte
540 441 12 20 5
575 442 107 26 procents
706 443 67 18 ränta
794 440 13 21 å
829 440 44 21 den
894 440 101 28 oguldna

235 475 167 21 länesumman.
432 475 71 20 Detta
526 474 88 29 förslag
630 474 44 22 har
688 474 74 21 likväl
777 474 52 21 icke
844 474 90 21 kunnat
949 481 46 15 om-

235 509 72 22 fattas
330 509 27 21 af
376 509 125 21 utskottets
517 508 85 28 flertal;
631 512 26 25 ty
673 516 36 14 om
726 509 43 21 ock
785 508 110 23 behofvet
911 508 25 21 af
949 508 46 22 för-

235 544 110 28 monliga,
362 543 44 22 lätt
421 543 150 29 tillgängliga
586 543 38 22 lån
638 543 36 22 för
684 543 90 22 mindre
781 543 153 29 jordbrukare
944 543 49 22 der-

235 579 93 28 igenom
342 578 7 21 i
361 578 78 28 någon
453 578 54 21 mån
523 577 130 30 afhjelptes,
670 585 54 14 vore
739 577 124 29 förslagets
878 577 117 29 genomfö-

234 613 73 21 rande
316 613 59 21 dock
386 612 107 22 förenadt
500 612 52 21 med
561 612 77 21 alltför
647 614 63 19 stora
717 612 151 28 svårigheter.
880 612 115 22 Särskildt

236 647 77 22 blefve
330 647 40 22 det
385 647 69 27 svårt,
469 654 36 14 om
521 647 52 21 icke
589 647 107 28 omöjligt
711 649 35 19 att
761 646 144 22 fortfarande
920 647 73 21 öfver-

234 682 63 21 vaka
319 681 218 29 vederhäftigheten
560 681 41 22 hos
625 681 47 22 alla
694 681 28 22 de
748 681 145 28 borgesmän,
916 681 79 22 hvilka

235 716 77 21 iklädt
332 717 36 28 sig
391 715 150 30 ansvarighet
563 716 36 21 för
622 716 72 27 dessa!
711 715 66 22 öfver
800 715 53 22 hela
867 715 79 22 landet
961 718 34 19 ut-

235 750 68 29 gifna
318 751 45 26 lån,
380 751 36 21 till
431 750 58 29 följd
507 750 85 21 hvaraf
606 750 131 29 betydande
755 750 109 21 förluster
880 750 36 21 för
928 752 67 19 stats-

235 785 83 21 verket
332 785 52 21 icke
399 785 74 21 skulle
489 785 80 20 kunna
583 784 121 22 undvikas.
735 784 122 22 Utskottet
872 784 73 22 håller
960 785 34 20 så-

236 819 65 22 ledes
323 819 55 28 före,
402 821 36 20 att
459 818 90 22 mindre
571 819 133 28 odlingslån
724 819 136 29 lämpligast
881 818 70 22 borde
966 819 30 28 på

236 853 124 22 enahanda
380 853 77 22 vilkor
479 860 50 15 som
551 853 84 22 hittills
650 853 127 22 förmedlas
792 860 84 22 genom
891 853 104 22 kommu-

235 896 81 18 nerna,
339 888 61 22 helst
423 887 168 28 erfarenheten,
615 888 74 28 enligt
708 887 63 22 hvad
793 888 63 21 inom
883 888 113 21 utskottet

235 923 116 28 upplysts,
367 930 68 21 synes
452 922 151 29 ådagalägga,
614 924 36 19 att
660 922 66 21 dessa
739 922 150 22 kommunala
899 922 45 27 lån,
956 922 39 22 der

235 957 29 21 de
281 958 94 21 ansökts
392 957 42 22 och
450 957 111 26 erhållits,
577 957 8 20 i
600 957 79 28 regeln
690 956 56 22 fullt
756 959 128 19 motsvarat
894 957 38 21 det
944 957 51 21 med

235 991 53 22 dem
298 991 96 22 afsedda
402 991 137 22 ändamålet.
560 991 80 22 Såsom
648 991 146 28 upplysande
803 991 104 29 exempel
915 991 7 22 i
931 991 63 22 detta

235 1026 109 21 afseende
374 1026 113 29 förtjenar
515 1029 140 24 omnämnas,
682 1028 34 19 att
739 1026 64 21 inom
828 1026 81 29 Lappo
931 1026 63 22 kom-

234 1068 57 14 mun
313 1061 8 21 i
344 1061 71 21 Wasa
437 1061 38 20 län
491 1060 61 21 ifrån
569 1067 28 14 en
613 1060 119 21 därstädes
748 1060 129 29 förefintlig
892 1060 103 29 odlings-

234 1094 65 28 fond,
322 1102 49 14 som
395 1095 83 21 bildats
498 1095 23 21 af
534 1094 52 22 från
602 1095 151 21 statsverkets
769 1095 177 28 utlåningsfond
961 1103 33 13 er-

233 1129 81 22 hållna
330 1131 77 25 27,000
423 1129 64 22 mark
503 1131 60 20 samt
579 1129 71 22 andra
665 1129 141 22 kommunen
822 1129 37 21 till
874 1129 58 22 buds
950 1130 45 21 stå-

234 1165 62 21 ende
317 1165 82 26 medel,
414 1164 73 21 under
503 1164 42 21 sist
560 1164 110 21 förflutna
686 1164 46 21 fem
750 1165 25 20 år
789 1164 104 21 utlånats
909 1167 33 19 ett
957 1165 37 21 be-

233 1199 57 29 lopp
319 1199 26 21 af
374 1200 75 25 78,465
478 1199 71 27 mark,
581 1199 51 21 med
665 1199 80 21 hvilka
774 1199 75 21 medel
875 1199 118 21 bekostats

233 1233 171 29 uppgräftning
426 1233 26 21 af
473 1234 61 25 1,126
557 1233 114 21 tunnland
693 1233 54 28 jord
763 1235 59 19 samt
844 1233 110 28 gräfning
971 1233 26 22 af

235 1269 91 24 183,675
350 1267 90 22 famnar
462 1267 76 22 diken.
569 1262 77 27 Äfven
669 1267 51 21 från
740 1267 73 22 andra
831 1267 63 22 delar
909 1268 23 21 af
946 1268 47 21 lan-

233 1301 41 22 det
297 1302 77 21 kunde
399 1301 127 28 enahanda,
553 1309 36 14 om
616 1301 52 22 icke
690 1301 56 22 fullt
768 1302 48 21 lika
839 1301 155 30 fördelaktiga

232 1337 100 20 resultat
354 1336 123 21 meddelas.
509 1336 42 21 Om
575 1336 43 21 ock
639 1336 138 21 kommuner
799 1336 36 21 för
850 1337 143 21 närvarande

232 1370 83 28 finnas,
337 1370 81 21 hvilka
439 1370 51 21 icke
513 1373 38 18 äro
568 1370 106 29 benägna
696 1372 34 19 att
746 1370 87 22 ansöka
849 1370 144 22 merberörda

232 1405 48 28 lån,
305 1405 37 21 för
367 1407 35 19 att
428 1405 123 28 tillgodose
576 1405 41 21 hos
645 1405 51 21 dem
719 1405 143 28 förefintliga
888 1405 105 29 verkliga

232 1439 79 28 bebor,
343 1439 65 22 tordo
437 1447 52 14 man
520 1439 66 26 dock,
616 1439 29 22 då
672 1439 26 21 så
723 1447 139 21 gynsamma
889 1440 103 29 exempel

305 1479 183 18 Ekonomiutskottets
501 1479 109 18 betänkande
624 1481 34 16 N:o
671 1479 29 17 12.
