<?xml version="1.0" encoding="UTF-8"?>
<alto xmlns="http://www.loc.gov/standards/alto/ns-v3#" xmlns:xlink="http://www.w3.org/1999/xlink" xmlns:xsi="http://www.w3.org/2001/XMLSchema-instance" xsi:schemaLocation="http://www.loc.gov/standards/alto/ns-v3# http://www.loc.gov/alto/v3/alto-3-0.xsd">
	<Description>
		<MeasurementUnit>pixel</MeasurementUnit>
		<sourceImageInformation>
			<fileName>/tmp/tess_x21t672i_input.PNG</fileName>
		</sourceImageInformation>
		<OCRProcessing ID="OCR_0">
			<ocrProcessingStep>
				<processingSoftware>
					<softwareName>tesseract 5.3.4</softwareName>
				</processingSoftware>
			</ocrProcessingStep>
		</OCRProcessing>
	</Description>
	<Layout>
		<Page WIDTH="1070" HEIGHT="1795" PHYSICAL_IMG_NR="0" ID="page_0">
			<PrintSpace HPOS="0" VPOS="0" WIDTH="1070" HEIGHT="1795">
				<ComposedBlock ID="cblock_0" HPOS="259" VPOS="122" WIDTH="545" HEIGHT="24">
					<TextBlock ID="block_0" HPOS="259" VPOS="122" WIDTH="545" HEIGHT="24">
						<TextLine ID="line_0" HPOS="259" VPOS="122" WIDTH="545" HEIGHT="24">
							<String ID="string_0" HPOS="259" VPOS="123" WIDTH="13" HEIGHT="20" WC="0.96" CONTENT="8"/><SP WIDTH="140" VPOS="123" HPOS="272"/>
							<String ID="string_1" HPOS="412" VPOS="122" WIDTH="278" HEIGHT="24" WC="0.90" CONTENT="Petitionsbetänkande"/><SP WIDTH="15" VPOS="122" HPOS="690"/>
							<String ID="string_2" HPOS="705" VPOS="123" WIDTH="45" HEIGHT="23" WC="0.96" CONTENT="N:o"/><SP WIDTH="16" VPOS="123" HPOS="750"/>
							<String ID="string_3" HPOS="766" VPOS="123" WIDTH="38" HEIGHT="22" WC="0.95" CONTENT="24."/>
						</TextLine>
					</TextBlock>
				</ComposedBlock>
				<ComposedBlock ID="cblock_1" HPOS="220" VPOS="191" WIDTH="768" HEIGHT="1206">
					<TextBlock ID="block_1" HPOS="229" VPOS="191" WIDTH="759" HEIGHT="64">
						<TextLine ID="line_1" HPOS="229" VPOS="191" WIDTH="759" HEIGHT="29">
							<String ID="string_4" HPOS="229" VPOS="193" WIDTH="78" HEIGHT="25" WC="0.96" CONTENT="vägen,"/><SP WIDTH="17" VPOS="193" HPOS="307"/>
							<String ID="string_5" HPOS="324" VPOS="194" WIDTH="51" HEIGHT="18" WC="0.95" CONTENT="utan"/><SP WIDTH="23" VPOS="194" HPOS="375"/>
							<String ID="string_6" HPOS="398" VPOS="194" WIDTH="32" HEIGHT="18" WC="0.95" CONTENT="att"/><SP WIDTH="22" VPOS="194" HPOS="430"/>
							<String ID="string_7" HPOS="452" VPOS="191" WIDTH="37" HEIGHT="22" WC="0.96" CONTENT="det"/><SP WIDTH="22" VPOS="191" HPOS="489"/>
							<String ID="string_8" HPOS="511" VPOS="192" WIDTH="76" HEIGHT="21" WC="0.96" CONTENT="endast"/><SP WIDTH="21" VPOS="192" HPOS="587"/>
							<String ID="string_9" HPOS="608" VPOS="199" WIDTH="77" HEIGHT="21" WC="0.95" CONTENT="genom"/><SP WIDTH="20" VPOS="199" HPOS="685"/>
							<String ID="string_10" HPOS="705" VPOS="193" WIDTH="130" HEIGHT="20" WC="0.88" CONTENT="inrättandet"/><SP WIDTH="14" VPOS="193" HPOS="835"/>
							<String ID="string_11" HPOS="849" VPOS="193" WIDTH="23" HEIGHT="20" WC="0.96" CONTENT="at"/><SP WIDTH="16" VPOS="193" HPOS="872"/>
							<String ID="string_12" HPOS="888" VPOS="199" WIDTH="25" HEIGHT="14" WC="0.96" CONTENT="en"/><SP WIDTH="17" VPOS="199" HPOS="913"/>
							<String ID="string_13" HPOS="930" VPOS="191" WIDTH="58" HEIGHT="29" WC="0.96" CONTENT="dylik"/>
						</TextLine>
						<TextLine ID="line_2" HPOS="230" VPOS="225" WIDTH="559" HEIGHT="30">
							<String ID="string_14" HPOS="230" VPOS="225" WIDTH="79" HEIGHT="21" WC="0.88" CONTENT="station"/><SP WIDTH="17" VPOS="225" HPOS="309"/>
							<String ID="string_15" HPOS="326" VPOS="225" WIDTH="41" HEIGHT="22" WC="0.96" CONTENT="kan"/><SP WIDTH="15" VPOS="225" HPOS="367"/>
							<String ID="string_16" HPOS="382" VPOS="225" WIDTH="70" HEIGHT="22" WC="0.96" CONTENT="blifva"/><SP WIDTH="14" VPOS="225" HPOS="452"/>
							<String ID="string_17" HPOS="466" VPOS="227" WIDTH="83" HEIGHT="28" WC="0.96" CONTENT="möjligt"/><SP WIDTH="14" VPOS="227" HPOS="549"/>
							<String ID="string_18" HPOS="563" VPOS="229" WIDTH="32" HEIGHT="18" WC="0.96" CONTENT="att"/><SP WIDTH="14" VPOS="229" HPOS="595"/>
							<String ID="string_19" HPOS="609" VPOS="229" WIDTH="79" HEIGHT="18" WC="0.96" CONTENT="uträtta"/><SP WIDTH="15" VPOS="229" HPOS="688"/>
							<String ID="string_20" HPOS="703" VPOS="226" WIDTH="86" HEIGHT="29" WC="0.90" CONTENT="något»."/>
						</TextLine>
					</TextBlock>
					<TextBlock ID="block_2" HPOS="224" VPOS="259" WIDTH="763" HEIGHT="681">
						<TextLine ID="line_3" HPOS="296" VPOS="259" WIDTH="691" HEIGHT="30">
							<String ID="string_21" HPOS="296" VPOS="259" WIDTH="85" HEIGHT="28" WC="0.96" CONTENT="Frågan"/><SP WIDTH="23" VPOS="259" HPOS="381"/>
							<String ID="string_22" HPOS="404" VPOS="268" WIDTH="34" HEIGHT="13" WC="0.96" CONTENT="om"/><SP WIDTH="24" VPOS="268" HPOS="438"/>
							<String ID="string_23" HPOS="462" VPOS="261" WIDTH="133" HEIGHT="20" WC="0.96" CONTENT="inrättandet"/><SP WIDTH="21" VPOS="261" HPOS="595"/>
							<String ID="string_24" HPOS="616" VPOS="261" WIDTH="22" HEIGHT="21" WC="0.96" CONTENT="af"/><SP WIDTH="24" VPOS="261" HPOS="638"/>
							<String ID="string_25" HPOS="662" VPOS="269" WIDTH="26" HEIGHT="13" WC="0.90" CONTENT="en"/><SP WIDTH="26" VPOS="269" HPOS="688"/>
							<String ID="string_26" HPOS="714" VPOS="261" WIDTH="157" HEIGHT="28" WC="0.90" CONTENT="entomologisk"/><SP WIDTH="22" VPOS="261" HPOS="871"/>
							<String ID="string_27" HPOS="893" VPOS="261" WIDTH="94" HEIGHT="21" WC="0.92" CONTENT="försöks-"/>
						</TextLine>
						<TextLine ID="line_4" HPOS="229" VPOS="294" WIDTH="758" HEIGHT="29">
							<String ID="string_28" HPOS="229" VPOS="295" WIDTH="79" HEIGHT="20" WC="0.96" CONTENT="station"/><SP WIDTH="17" VPOS="295" HPOS="308"/>
							<String ID="string_29" HPOS="325" VPOS="295" WIDTH="5" HEIGHT="20" WC="0.96" CONTENT="i"/><SP WIDTH="18" VPOS="295" HPOS="330"/>
							<String ID="string_30" HPOS="348" VPOS="294" WIDTH="88" HEIGHT="28" WC="0.96" CONTENT="Sverige"/><SP WIDTH="22" VPOS="294" HPOS="436"/>
							<String ID="string_31" HPOS="458" VPOS="303" WIDTH="38" HEIGHT="13" WC="0.96" CONTENT="var"/><SP WIDTH="18" VPOS="303" HPOS="496"/>
							<String ID="string_32" HPOS="514" VPOS="295" WIDTH="23" HEIGHT="21" WC="0.96" CONTENT="af"/><SP WIDTH="20" VPOS="295" HPOS="537"/>
							<String ID="string_33" HPOS="557" VPOS="295" WIDTH="101" HEIGHT="28" WC="0.93" CONTENT="kungliga"/><SP WIDTH="22" VPOS="295" HPOS="658"/>
							<String ID="string_34" HPOS="680" VPOS="295" WIDTH="244" HEIGHT="28" WC="0.88" CONTENT="Landtbruksstyrelsen"/><SP WIDTH="16" VPOS="295" HPOS="924"/>
							<String ID="string_35" HPOS="940" VPOS="295" WIDTH="47" HEIGHT="21" WC="0.92" CONTENT="der-"/>
						</TextLine>
						<TextLine ID="line_5" HPOS="229" VPOS="328" WIDTH="757" HEIGHT="29">
							<String ID="string_36" HPOS="229" VPOS="328" WIDTH="73" HEIGHT="21" WC="0.91" CONTENT="städes"/><SP WIDTH="15" VPOS="328" HPOS="302"/>
							<String ID="string_37" HPOS="317" VPOS="329" WIDTH="128" HEIGHT="28" WC="0.92" CONTENT="hänskjuten"/><SP WIDTH="14" VPOS="329" HPOS="445"/>
							<String ID="string_38" HPOS="459" VPOS="329" WIDTH="33" HEIGHT="20" WC="0.96" CONTENT="till"/><SP WIDTH="15" VPOS="329" HPOS="492"/>
							<String ID="string_39" HPOS="507" VPOS="329" WIDTH="111" HEIGHT="21" WC="0.96" CONTENT="utlåtande"/><SP WIDTH="16" VPOS="329" HPOS="618"/>
							<String ID="string_40" HPOS="634" VPOS="329" WIDTH="22" HEIGHT="21" WC="0.96" CONTENT="af"/><SP WIDTH="12" VPOS="329" HPOS="656"/>
							<String ID="string_41" HPOS="668" VPOS="329" WIDTH="36" HEIGHT="22" WC="0.96" CONTENT="det"/><SP WIDTH="11" VPOS="329" HPOS="704"/>
							<String ID="string_42" HPOS="715" VPOS="332" WIDTH="62" HEIGHT="24" WC="0.96" CONTENT="möte,"/><SP WIDTH="13" VPOS="332" HPOS="777"/>
							<String ID="string_43" HPOS="790" VPOS="337" WIDTH="45" HEIGHT="14" WC="0.96" CONTENT="som"/><SP WIDTH="12" VPOS="337" HPOS="835"/>
							<String ID="string_44" HPOS="847" VPOS="330" WIDTH="7" HEIGHT="20" WC="0.96" CONTENT="i"/><SP WIDTH="8" VPOS="330" HPOS="854"/>
							<String ID="string_45" HPOS="862" VPOS="329" WIDTH="124" HEIGHT="22" WC="0.96" CONTENT="Stockholm"/>
						</TextLine>
						<TextLine ID="line_6" HPOS="228" VPOS="363" WIDTH="759" HEIGHT="28">
							<String ID="string_46" HPOS="228" VPOS="363" WIDTH="56" HEIGHT="20" WC="0.96" CONTENT="hölls"/><SP WIDTH="16" VPOS="363" HPOS="284"/>
							<String ID="string_47" HPOS="300" VPOS="366" WIDTH="84" HEIGHT="18" WC="0.96" CONTENT="senaste"/><SP WIDTH="16" VPOS="366" HPOS="384"/>
							<String ID="string_48" HPOS="400" VPOS="363" WIDTH="49" HEIGHT="21" WC="0.96" CONTENT="höst"/><SP WIDTH="14" VPOS="363" HPOS="449"/>
							<String ID="string_49" HPOS="463" VPOS="363" WIDTH="24" HEIGHT="21" WC="0.96" CONTENT="af"/><SP WIDTH="14" VPOS="363" HPOS="487"/>
							<String ID="string_50" HPOS="501" VPOS="363" WIDTH="107" HEIGHT="22" WC="0.96" CONTENT="ombuden"/><SP WIDTH="19" VPOS="363" HPOS="608"/>
							<String ID="string_51" HPOS="627" VPOS="364" WIDTH="34" HEIGHT="21" WC="0.96" CONTENT="för"/><SP WIDTH="19" VPOS="364" HPOS="661"/>
							<String ID="string_52" HPOS="680" VPOS="364" WIDTH="26" HEIGHT="21" WC="0.97" CONTENT="de"/><SP WIDTH="16" VPOS="364" HPOS="706"/>
							<String ID="string_53" HPOS="722" VPOS="364" WIDTH="94" HEIGHT="22" WC="0.93" CONTENT="svenska"/><SP WIDTH="14" VPOS="364" HPOS="816"/>
							<String ID="string_54" HPOS="830" VPOS="363" WIDTH="157" HEIGHT="28" WC="0.92" CONTENT="hushållnings-"/>
						</TextLine>
						<TextLine ID="line_7" HPOS="228" VPOS="397" WIDTH="759" HEIGHT="30">
							<String ID="string_55" HPOS="228" VPOS="397" WIDTH="147" HEIGHT="29" WC="0.91" CONTENT="sällskaperna"/><SP WIDTH="22" VPOS="397" HPOS="375"/>
							<String ID="string_56" HPOS="397" VPOS="397" WIDTH="39" HEIGHT="22" WC="0.96" CONTENT="och"/><SP WIDTH="16" VPOS="397" HPOS="436"/>
							<String ID="string_57" HPOS="452" VPOS="397" WIDTH="91" HEIGHT="22" WC="0.96" CONTENT="hvarvid"/><SP WIDTH="16" VPOS="397" HPOS="543"/>
							<String ID="string_58" HPOS="559" VPOS="399" WIDTH="26" HEIGHT="21" WC="0.96" CONTENT="20"/><SP WIDTH="16" VPOS="399" HPOS="585"/>
							<String ID="string_59" HPOS="601" VPOS="398" WIDTH="23" HEIGHT="22" WC="0.96" CONTENT="af"/><SP WIDTH="20" VPOS="398" HPOS="624"/>
							<String ID="string_60" HPOS="644" VPOS="398" WIDTH="100" HEIGHT="29" WC="0.96" CONTENT="Sveriges"/><SP WIDTH="16" VPOS="398" HPOS="744"/>
							<String ID="string_61" HPOS="760" VPOS="399" WIDTH="34" HEIGHT="21" WC="0.96" CONTENT="län"/><SP WIDTH="16" VPOS="399" HPOS="794"/>
							<String ID="string_62" HPOS="810" VPOS="406" WIDTH="52" HEIGHT="14" WC="0.91" CONTENT="voro"/><SP WIDTH="15" VPOS="406" HPOS="862"/>
							<String ID="string_63" HPOS="877" VPOS="406" WIDTH="110" HEIGHT="21" WC="0.91" CONTENT="represen-"/>
						</TextLine>
						<TextLine ID="line_8" HPOS="227" VPOS="432" WIDTH="758" HEIGHT="29">
							<String ID="string_64" HPOS="227" VPOS="432" WIDTH="80" HEIGHT="21" WC="0.95" CONTENT="terade."/><SP WIDTH="29" VPOS="432" HPOS="307"/>
							<String ID="string_65" HPOS="336" VPOS="432" WIDTH="12" HEIGHT="20" WC="0.95" CONTENT="I"/><SP WIDTH="23" VPOS="432" HPOS="348"/>
							<String ID="string_66" HPOS="371" VPOS="434" WIDTH="77" HEIGHT="19" WC="0.92" CONTENT="mötets"/><SP WIDTH="27" VPOS="434" HPOS="448"/>
							<String ID="string_67" HPOS="475" VPOS="432" WIDTH="149" HEIGHT="28" WC="0.90" CONTENT="tillstyrkande"/><SP WIDTH="24" VPOS="432" HPOS="624"/>
							<String ID="string_68" HPOS="648" VPOS="433" WIDTH="135" HEIGHT="21" WC="0.96" CONTENT="betänkande"/><SP WIDTH="25" VPOS="433" HPOS="783"/>
							<String ID="string_69" HPOS="808" VPOS="433" WIDTH="60" HEIGHT="28" WC="0.95" CONTENT="ingår"/><SP WIDTH="23" VPOS="433" HPOS="868"/>
							<String ID="string_70" HPOS="891" VPOS="433" WIDTH="94" HEIGHT="28" WC="0.96" CONTENT="följande"/>
						</TextLine>
						<TextLine ID="line_9" HPOS="229" VPOS="465" WIDTH="756" HEIGHT="30">
							<String ID="string_71" HPOS="229" VPOS="465" WIDTH="171" HEIGHT="22" WC="0.96" CONTENT="beaktansvärda"/><SP WIDTH="19" VPOS="465" HPOS="400"/>
							<String ID="string_72" HPOS="419" VPOS="467" WIDTH="118" HEIGHT="20" WC="0.93" CONTENT="uttalande:"/><SP WIDTH="30" VPOS="467" HPOS="537"/>
							<String ID="string_73" HPOS="567" VPOS="467" WIDTH="47" HEIGHT="20" WC="0.90" CONTENT="»Då"/><SP WIDTH="20" VPOS="467" HPOS="614"/>
							<String ID="string_74" HPOS="634" VPOS="467" WIDTH="77" HEIGHT="28" WC="0.95" CONTENT="många"/><SP WIDTH="22" VPOS="467" HPOS="711"/>
							<String ID="string_75" HPOS="733" VPOS="467" WIDTH="96" HEIGHT="21" WC="0.96" CONTENT="insekter"/><SP WIDTH="14" VPOS="467" HPOS="829"/>
							<String ID="string_76" HPOS="843" VPOS="469" WIDTH="40" HEIGHT="26" WC="0.96" CONTENT="äga"/><SP WIDTH="15" VPOS="469" HPOS="883"/>
							<String ID="string_77" HPOS="898" VPOS="475" WIDTH="25" HEIGHT="13" WC="0.93" CONTENT="en"/><SP WIDTH="15" VPOS="475" HPOS="923"/>
							<String ID="string_78" HPOS="938" VPOS="467" WIDTH="47" HEIGHT="21" WC="0.91" CONTENT="fler-"/>
						</TextLine>
						<TextLine ID="line_10" HPOS="228" VPOS="500" WIDTH="757" HEIGHT="29">
							<String ID="string_79" HPOS="228" VPOS="500" WIDTH="48" HEIGHT="27" WC="0.93" CONTENT="årig"/><SP WIDTH="16" VPOS="500" HPOS="276"/>
							<String ID="string_80" HPOS="292" VPOS="501" WIDTH="166" HEIGHT="28" WC="0.92" CONTENT="utvecklingstid"/><SP WIDTH="16" VPOS="501" HPOS="458"/>
							<String ID="string_81" HPOS="474" VPOS="501" WIDTH="47" HEIGHT="20" WC="0.93" CONTENT="med"/><SP WIDTH="18" VPOS="501" HPOS="521"/>
							<String ID="string_82" HPOS="539" VPOS="502" WIDTH="55" HEIGHT="20" WC="0.92" CONTENT="1—3"/><SP WIDTH="16" VPOS="502" HPOS="594"/>
							<String ID="string_83" HPOS="610" VPOS="502" WIDTH="136" HEIGHT="21" WC="0.96" CONTENT="sinsemellan"/><SP WIDTH="16" VPOS="502" HPOS="746"/>
							<String ID="string_84" HPOS="762" VPOS="501" WIDTH="56" HEIGHT="22" WC="0.96" CONTENT="olika"/><SP WIDTH="15" VPOS="501" HPOS="818"/>
							<String ID="string_85" HPOS="833" VPOS="502" WIDTH="152" HEIGHT="27" WC="0.96" CONTENT="generationer,"/>
						</TextLine>
						<TextLine ID="line_11" HPOS="228" VPOS="535" WIDTH="757" HEIGHT="29">
							<String ID="string_86" HPOS="228" VPOS="535" WIDTH="24" HEIGHT="20" WC="0.96" CONTENT="så"/><SP WIDTH="16" VPOS="535" HPOS="252"/>
							<String ID="string_87" HPOS="268" VPOS="537" WIDTH="24" HEIGHT="18" WC="0.96" CONTENT="är"/><SP WIDTH="14" VPOS="537" HPOS="292"/>
							<String ID="string_88" HPOS="306" VPOS="535" WIDTH="61" HEIGHT="21" WC="0.96" CONTENT="deraf"/><SP WIDTH="22" VPOS="535" HPOS="367"/>
							<String ID="string_89" HPOS="389" VPOS="538" WIDTH="50" HEIGHT="18" WC="0.96" CONTENT="utan"/><SP WIDTH="22" VPOS="538" HPOS="439"/>
							<String ID="string_90" HPOS="461" VPOS="535" WIDTH="73" HEIGHT="21" WC="0.96" CONTENT="vidare"/><SP WIDTH="16" VPOS="535" HPOS="534"/>
							<String ID="string_91" HPOS="550" VPOS="535" WIDTH="61" HEIGHT="27" WC="0.96" CONTENT="klart,"/><SP WIDTH="15" VPOS="535" HPOS="611"/>
							<String ID="string_92" HPOS="626" VPOS="539" WIDTH="32" HEIGHT="18" WC="0.96" CONTENT="att"/><SP WIDTH="20" VPOS="539" HPOS="658"/>
							<String ID="string_93" HPOS="678" VPOS="536" WIDTH="149" HEIGHT="28" WC="0.96" CONTENT="entomologen"/><SP WIDTH="16" VPOS="536" HPOS="827"/>
							<String ID="string_94" HPOS="843" VPOS="536" WIDTH="32" HEIGHT="21" WC="0.96" CONTENT="till"/><SP WIDTH="16" VPOS="536" HPOS="875"/>
							<String ID="string_95" HPOS="891" VPOS="536" WIDTH="37" HEIGHT="21" WC="0.93" CONTENT="sitt"/><SP WIDTH="14" VPOS="536" HPOS="928"/>
							<String ID="string_96" HPOS="942" VPOS="535" WIDTH="43" HEIGHT="21" WC="0.92" CONTENT="för-"/>
						</TextLine>
						<TextLine ID="line_12" HPOS="227" VPOS="569" WIDTH="758" HEIGHT="30">
							<String ID="string_97" HPOS="227" VPOS="569" WIDTH="95" HEIGHT="28" WC="0.91" CONTENT="fogande"/><SP WIDTH="16" VPOS="569" HPOS="322"/>
							<String ID="string_98" HPOS="338" VPOS="569" WIDTH="41" HEIGHT="21" WC="0.96" CONTENT="och"/><SP WIDTH="16" VPOS="569" HPOS="379"/>
							<String ID="string_99" HPOS="395" VPOS="569" WIDTH="34" HEIGHT="21" WC="0.96" CONTENT="för"/><SP WIDTH="15" VPOS="569" HPOS="429"/>
							<String ID="string_100" HPOS="444" VPOS="572" WIDTH="31" HEIGHT="18" WC="0.93" CONTENT="att"/><SP WIDTH="15" VPOS="572" HPOS="475"/>
							<String ID="string_101" HPOS="490" VPOS="569" WIDTH="120" HEIGHT="29" WC="0.91" CONTENT="oaflåtligen"/><SP WIDTH="17" VPOS="569" HPOS="610"/>
							<String ID="string_102" HPOS="627" VPOS="570" WIDTH="40" HEIGHT="21" WC="0.96" CONTENT="och"/><SP WIDTH="15" VPOS="570" HPOS="667"/>
							<String ID="string_103" HPOS="682" VPOS="574" WIDTH="52" HEIGHT="17" WC="0.93" CONTENT="utan"/><SP WIDTH="16" VPOS="574" HPOS="734"/>
							<String ID="string_104" HPOS="750" VPOS="570" WIDTH="81" HEIGHT="21" WC="0.92" CONTENT="afbrott"/><SP WIDTH="15" VPOS="570" HPOS="831"/>
							<String ID="string_105" HPOS="846" VPOS="570" WIDTH="71" HEIGHT="21" WC="0.96" CONTENT="kunna"/><SP WIDTH="16" VPOS="570" HPOS="917"/>
							<String ID="string_106" HPOS="933" VPOS="570" WIDTH="52" HEIGHT="29" WC="0.96" CONTENT="följa"/>
						</TextLine>
						<TextLine ID="line_13" HPOS="228" VPOS="604" WIDTH="756" HEIGHT="29">
							<String ID="string_107" HPOS="228" VPOS="604" WIDTH="165" HEIGHT="27" WC="0.95" CONTENT="utvecklingens"/><SP WIDTH="16" VPOS="604" HPOS="393"/>
							<String ID="string_108" HPOS="409" VPOS="604" WIDTH="145" HEIGHT="21" WC="0.96" CONTENT="enskildheter"/><SP WIDTH="15" VPOS="604" HPOS="554"/>
							<String ID="string_109" HPOS="569" VPOS="605" WIDTH="40" HEIGHT="20" WC="0.95" CONTENT="och"/><SP WIDTH="15" VPOS="605" HPOS="609"/>
							<String ID="string_110" HPOS="624" VPOS="604" WIDTH="92" HEIGHT="29" WC="0.96" CONTENT="förlopp,"/><SP WIDTH="16" VPOS="604" HPOS="716"/>
							<String ID="string_111" HPOS="732" VPOS="604" WIDTH="67" HEIGHT="21" WC="0.96" CONTENT="måste"/><SP WIDTH="16" VPOS="604" HPOS="799"/>
							<String ID="string_112" HPOS="815" VPOS="605" WIDTH="66" HEIGHT="21" WC="0.96" CONTENT="hafva"/><SP WIDTH="16" VPOS="605" HPOS="881"/>
							<String ID="string_113" HPOS="897" VPOS="612" WIDTH="25" HEIGHT="13" WC="0.96" CONTENT="en"/><SP WIDTH="14" VPOS="612" HPOS="922"/>
							<String ID="string_114" HPOS="936" VPOS="605" WIDTH="48" HEIGHT="20" WC="0.97" CONTENT="med"/>
						</TextLine>
						<TextLine ID="line_14" HPOS="227" VPOS="637" WIDTH="758" HEIGHT="30">
							<String ID="string_115" HPOS="227" VPOS="637" WIDTH="81" HEIGHT="28" WC="0.93" CONTENT="nödiga"/><SP WIDTH="16" VPOS="637" HPOS="308"/>
							<String ID="string_116" HPOS="324" VPOS="639" WIDTH="167" HEIGHT="27" WC="0.92" CONTENT="experimentala"/><SP WIDTH="20" VPOS="639" HPOS="491"/>
							<String ID="string_117" HPOS="511" VPOS="639" WIDTH="41" HEIGHT="20" WC="0.96" CONTENT="och"/><SP WIDTH="16" VPOS="639" HPOS="552"/>
							<String ID="string_118" HPOS="568" VPOS="638" WIDTH="66" HEIGHT="21" WC="0.93" CONTENT="andra"/><SP WIDTH="15" VPOS="638" HPOS="634"/>
							<String ID="string_119" HPOS="649" VPOS="639" WIDTH="128" HEIGHT="28" WC="0.92" CONTENT="hjelpmedel"/><SP WIDTH="16" VPOS="639" HPOS="777"/>
							<String ID="string_120" HPOS="793" VPOS="639" WIDTH="97" HEIGHT="21" WC="0.96" CONTENT="utrustad"/><SP WIDTH="15" VPOS="639" HPOS="890"/>
							<String ID="string_121" HPOS="905" VPOS="639" WIDTH="80" HEIGHT="20" WC="0.96" CONTENT="anstalt"/>
						</TextLine>
						<TextLine ID="line_15" HPOS="227" VPOS="672" WIDTH="757" HEIGHT="29">
							<String ID="string_122" HPOS="227" VPOS="672" WIDTH="42" HEIGHT="21" WC="0.96" CONTENT="och"/><SP WIDTH="17" VPOS="672" HPOS="269"/>
							<String ID="string_123" HPOS="286" VPOS="680" WIDTH="53" HEIGHT="20" WC="0.96" CONTENT="egna"/><SP WIDTH="15" VPOS="680" HPOS="339"/>
							<String ID="string_124" HPOS="354" VPOS="673" WIDTH="48" HEIGHT="20" WC="0.96" CONTENT="hela"/><SP WIDTH="15" VPOS="673" HPOS="402"/>
							<String ID="string_125" HPOS="417" VPOS="673" WIDTH="31" HEIGHT="20" WC="0.96" CONTENT="sin"/><SP WIDTH="16" VPOS="673" HPOS="448"/>
							<String ID="string_126" HPOS="464" VPOS="672" WIDTH="32" HEIGHT="21" WC="0.96" CONTENT="tid"/><SP WIDTH="16" VPOS="672" HPOS="496"/>
							<String ID="string_127" HPOS="512" VPOS="672" WIDTH="75" HEIGHT="21" WC="0.96" CONTENT="odelad"/><SP WIDTH="17" VPOS="672" HPOS="587"/>
							<String ID="string_128" HPOS="604" VPOS="672" WIDTH="22" HEIGHT="21" WC="0.96" CONTENT="åt"/><SP WIDTH="15" VPOS="672" HPOS="626"/>
							<String ID="string_129" HPOS="641" VPOS="673" WIDTH="87" HEIGHT="21" WC="0.96" CONTENT="arbeten"/><SP WIDTH="15" VPOS="673" HPOS="728"/>
							<String ID="string_130" HPOS="743" VPOS="674" WIDTH="7" HEIGHT="19" WC="0.93" CONTENT="i"/><SP WIDTH="15" VPOS="674" HPOS="750"/>
							<String ID="string_131" HPOS="765" VPOS="674" WIDTH="98" HEIGHT="27" WC="0.91" CONTENT="tjensten."/><SP WIDTH="26" VPOS="674" HPOS="863"/>
							<String ID="string_132" HPOS="889" VPOS="673" WIDTH="52" HEIGHT="20" WC="0.96" CONTENT="Men"/><SP WIDTH="16" VPOS="673" HPOS="941"/>
							<String ID="string_133" HPOS="957" VPOS="673" WIDTH="27" HEIGHT="20" WC="0.97" CONTENT="då"/>
						</TextLine>
						<TextLine ID="line_16" HPOS="226" VPOS="707" WIDTH="759" HEIGHT="28">
							<String ID="string_134" HPOS="226" VPOS="707" WIDTH="44" HEIGHT="20" WC="0.96" CONTENT="han"/><SP WIDTH="16" VPOS="707" HPOS="270"/>
							<String ID="string_135" HPOS="286" VPOS="707" WIDTH="35" HEIGHT="20" WC="0.93" CONTENT="vid"/><SP WIDTH="16" VPOS="707" HPOS="321"/>
							<String ID="string_136" HPOS="337" VPOS="707" WIDTH="141" HEIGHT="20" WC="0.91" CONTENT="förefallande"/><SP WIDTH="15" VPOS="707" HPOS="478"/>
							<String ID="string_137" HPOS="493" VPOS="707" WIDTH="67" HEIGHT="21" WC="0.93" CONTENT="behof"/><SP WIDTH="16" VPOS="707" HPOS="560"/>
							<String ID="string_138" HPOS="576" VPOS="707" WIDTH="134" HEIGHT="28" WC="0.96" CONTENT="personligen"/><SP WIDTH="21" VPOS="707" HPOS="710"/>
							<String ID="string_139" HPOS="731" VPOS="707" WIDTH="38" HEIGHT="21" WC="0.96" CONTENT="bör"/><SP WIDTH="16" VPOS="707" HPOS="769"/>
							<String ID="string_140" HPOS="785" VPOS="707" WIDTH="80" HEIGHT="21" WC="0.96" CONTENT="besöka"/><SP WIDTH="12" VPOS="707" HPOS="865"/>
							<String ID="string_141" HPOS="877" VPOS="715" WIDTH="44" HEIGHT="13" WC="0.96" CONTENT="mer"/><SP WIDTH="13" VPOS="715" HPOS="921"/>
							<String ID="string_142" HPOS="934" VPOS="707" WIDTH="51" HEIGHT="21" WC="0.96" CONTENT="eller"/>
						</TextLine>
						<TextLine ID="line_17" HPOS="227" VPOS="741" WIDTH="758" HEIGHT="28">
							<String ID="string_143" HPOS="227" VPOS="741" WIDTH="82" HEIGHT="21" WC="0.92" CONTENT="mindre"/><SP WIDTH="16" VPOS="741" HPOS="309"/>
							<String ID="string_144" HPOS="325" VPOS="741" WIDTH="93" HEIGHT="28" WC="0.90" CONTENT="aflägsna"/><SP WIDTH="16" VPOS="741" HPOS="418"/>
							<String ID="string_145" HPOS="434" VPOS="741" WIDTH="22" HEIGHT="21" WC="0.93" CONTENT="af"/><SP WIDTH="16" VPOS="741" HPOS="456"/>
							<String ID="string_146" HPOS="472" VPOS="741" WIDTH="193" HEIGHT="28" WC="0.91" CONTENT="insekthärjningar"/><SP WIDTH="15" VPOS="741" HPOS="665"/>
							<String ID="string_147" HPOS="680" VPOS="741" WIDTH="111" HEIGHT="21" WC="0.93" CONTENT="hemsökta"/><SP WIDTH="15" VPOS="741" HPOS="791"/>
							<String ID="string_148" HPOS="806" VPOS="741" WIDTH="81" HEIGHT="21" WC="0.96" CONTENT="trakter"/><SP WIDTH="15" VPOS="741" HPOS="887"/>
							<String ID="string_149" HPOS="902" VPOS="742" WIDTH="22" HEIGHT="20" WC="0.96" CONTENT="af"/><SP WIDTH="14" VPOS="742" HPOS="924"/>
							<String ID="string_150" HPOS="938" VPOS="741" WIDTH="47" HEIGHT="22" WC="0.96" CONTENT="vårt"/>
						</TextLine>
						<TextLine ID="line_18" HPOS="227" VPOS="775" WIDTH="756" HEIGHT="28">
							<String ID="string_151" HPOS="227" VPOS="775" WIDTH="133" HEIGHT="22" WC="0.96" CONTENT="vidsträckta"/><SP WIDTH="22" VPOS="775" HPOS="360"/>
							<String ID="string_152" HPOS="382" VPOS="775" WIDTH="56" HEIGHT="27" WC="0.96" CONTENT="land,"/><SP WIDTH="15" VPOS="775" HPOS="438"/>
							<String ID="string_153" HPOS="453" VPOS="777" WIDTH="23" HEIGHT="19" WC="0.96" CONTENT="är"/><SP WIDTH="21" VPOS="777" HPOS="476"/>
							<String ID="string_154" HPOS="497" VPOS="775" WIDTH="36" HEIGHT="21" WC="0.96" CONTENT="det"/><SP WIDTH="22" VPOS="775" HPOS="533"/>
							<String ID="string_155" HPOS="555" VPOS="775" WIDTH="68" HEIGHT="21" WC="0.95" CONTENT="tillika"/><SP WIDTH="23" VPOS="775" HPOS="623"/>
							<String ID="string_156" HPOS="646" VPOS="775" WIDTH="88" HEIGHT="22" WC="0.96" CONTENT="alldeles"/><SP WIDTH="16" VPOS="775" HPOS="734"/>
							<String ID="string_157" HPOS="750" VPOS="775" WIDTH="133" HEIGHT="28" WC="0.96" CONTENT="nödvändigt"/><SP WIDTH="14" VPOS="775" HPOS="883"/>
							<String ID="string_158" HPOS="897" VPOS="779" WIDTH="31" HEIGHT="18" WC="0.96" CONTENT="att"/><SP WIDTH="15" VPOS="779" HPOS="928"/>
							<String ID="string_159" HPOS="943" VPOS="776" WIDTH="40" HEIGHT="21" WC="0.96" CONTENT="han"/>
						</TextLine>
						<TextLine ID="line_19" HPOS="226" VPOS="809" WIDTH="756" HEIGHT="29">
							<String ID="string_160" HPOS="226" VPOS="810" WIDTH="32" HEIGHT="20" WC="0.96" CONTENT="till"/><SP WIDTH="17" VPOS="810" HPOS="258"/>
							<String ID="string_161" HPOS="275" VPOS="811" WIDTH="37" HEIGHT="20" WC="0.96" CONTENT="sitt"/><SP WIDTH="15" VPOS="811" HPOS="312"/>
							<String ID="string_162" HPOS="327" VPOS="810" WIDTH="82" HEIGHT="21" WC="0.96" CONTENT="biträde"/><SP WIDTH="15" VPOS="810" HPOS="409"/>
							<String ID="string_163" HPOS="424" VPOS="809" WIDTH="34" HEIGHT="21" WC="0.96" CONTENT="får"/><SP WIDTH="15" VPOS="809" HPOS="458"/>
							<String ID="string_164" HPOS="473" VPOS="817" WIDTH="26" HEIGHT="13" WC="0.96" CONTENT="en"/><SP WIDTH="16" VPOS="817" HPOS="499"/>
							<String ID="string_165" HPOS="515" VPOS="811" WIDTH="105" HEIGHT="25" WC="0.96" CONTENT="assistent,"/><SP WIDTH="12" VPOS="811" HPOS="620"/>
							<String ID="string_166" HPOS="632" VPOS="817" WIDTH="45" HEIGHT="13" WC="0.95" CONTENT="som"/><SP WIDTH="16" VPOS="817" HPOS="677"/>
							<String ID="string_167" HPOS="693" VPOS="809" WIDTH="37" HEIGHT="22" WC="0.95" CONTENT="vid"/><SP WIDTH="16" VPOS="809" HPOS="730"/>
							<String ID="string_168" HPOS="746" VPOS="809" WIDTH="72" HEIGHT="29" WC="0.96" CONTENT="dylika"/><SP WIDTH="15" VPOS="809" HPOS="818"/>
							<String ID="string_169" HPOS="833" VPOS="810" WIDTH="97" HEIGHT="21" WC="0.95" CONTENT="tillfällen"/><SP WIDTH="12" VPOS="810" HPOS="930"/>
							<String ID="string_170" HPOS="942" VPOS="810" WIDTH="40" HEIGHT="21" WC="0.96" CONTENT="kan"/>
						</TextLine>
						<TextLine ID="line_20" HPOS="226" VPOS="844" WIDTH="756" HEIGHT="28">
							<String ID="string_171" HPOS="226" VPOS="844" WIDTH="113" HEIGHT="28" WC="0.92" CONTENT="öfvertaga"/><SP WIDTH="27" VPOS="844" HPOS="339"/>
							<String ID="string_172" HPOS="366" VPOS="844" WIDTH="39" HEIGHT="21" WC="0.96" CONTENT="och"/><SP WIDTH="28" VPOS="844" HPOS="405"/>
							<String ID="string_173" HPOS="433" VPOS="851" WIDTH="90" HEIGHT="14" WC="0.96" CONTENT="ansvara"/><SP WIDTH="23" VPOS="851" HPOS="523"/>
							<String ID="string_174" HPOS="546" VPOS="844" WIDTH="34" HEIGHT="21" WC="0.96" CONTENT="för"/><SP WIDTH="22" VPOS="844" HPOS="580"/>
							<String ID="string_175" HPOS="602" VPOS="844" WIDTH="26" HEIGHT="21" WC="0.96" CONTENT="de"/><SP WIDTH="23" VPOS="844" HPOS="628"/>
							<String ID="string_176" HPOS="651" VPOS="844" WIDTH="92" HEIGHT="28" WC="0.93" CONTENT="löpande"/><SP WIDTH="19" VPOS="844" HPOS="743"/>
							<String ID="string_177" HPOS="762" VPOS="844" WIDTH="220" HEIGHT="28" WC="0.91" CONTENT="undersökningarnas"/>
						</TextLine>
						<TextLine ID="line_21" HPOS="224" VPOS="878" WIDTH="758" HEIGHT="28">
							<String ID="string_178" HPOS="224" VPOS="879" WIDTH="73" HEIGHT="27" WC="0.91" CONTENT="jemna"/><SP WIDTH="15" VPOS="879" HPOS="297"/>
							<String ID="string_179" HPOS="312" VPOS="879" WIDTH="39" HEIGHT="20" WC="0.97" CONTENT="och"/><SP WIDTH="17" VPOS="879" HPOS="351"/>
							<String ID="string_180" HPOS="368" VPOS="878" WIDTH="86" HEIGHT="21" WC="0.96" CONTENT="ostörda"/><SP WIDTH="15" VPOS="878" HPOS="454"/>
							<String ID="string_181" HPOS="469" VPOS="878" WIDTH="56" HEIGHT="27" WC="0.96" CONTENT="gång"/><SP WIDTH="16" VPOS="878" HPOS="525"/>
							<String ID="string_182" HPOS="541" VPOS="879" WIDTH="50" HEIGHT="20" WC="0.96" CONTENT="eller"/><SP WIDTH="16" VPOS="879" HPOS="591"/>
							<String ID="string_183" HPOS="607" VPOS="878" WIDTH="40" HEIGHT="21" WC="0.96" CONTENT="ock"/><SP WIDTH="16" VPOS="878" HPOS="647"/>
							<String ID="string_184" HPOS="663" VPOS="879" WIDTH="6" HEIGHT="19" WC="0.93" CONTENT="i"/><SP WIDTH="12" VPOS="879" HPOS="669"/>
							<String ID="string_185" HPOS="681" VPOS="878" WIDTH="160" HEIGHT="28" WC="0.91" CONTENT="entomologens"/><SP WIDTH="12" VPOS="878" HPOS="841"/>
							<String ID="string_186" HPOS="853" VPOS="879" WIDTH="61" HEIGHT="20" WC="0.93" CONTENT="ställe"/><SP WIDTH="12" VPOS="879" HPOS="914"/>
							<String ID="string_187" HPOS="926" VPOS="879" WIDTH="56" HEIGHT="20" WC="0.92" CONTENT="före-"/>
						</TextLine>
						<TextLine ID="line_22" HPOS="225" VPOS="913" WIDTH="459" HEIGHT="27">
							<String ID="string_188" HPOS="225" VPOS="916" WIDTH="50" HEIGHT="24" WC="0.95" CONTENT="taga"/><SP WIDTH="16" VPOS="916" HPOS="275"/>
							<String ID="string_189" HPOS="291" VPOS="913" WIDTH="61" HEIGHT="21" WC="0.95" CONTENT="dessa"/><SP WIDTH="16" VPOS="913" HPOS="352"/>
							<String ID="string_190" HPOS="368" VPOS="920" WIDTH="78" HEIGHT="13" WC="0.88" CONTENT="resor»."/><SP WIDTH="236" VPOS="920" HPOS="446"/>
							<String ID="string_191" HPOS="682" VPOS="913" WIDTH="2" HEIGHT="3" WC="0.49" CONTENT="|"/>
						</TextLine>
					</TextBlock>
					<TextBlock ID="block_3" HPOS="223" VPOS="947" WIDTH="758" HEIGHT="210">
						<TextLine ID="line_23" HPOS="295" VPOS="947" WIDTH="686" HEIGHT="28">
							<String ID="string_192" HPOS="295" VPOS="947" WIDTH="71" HEIGHT="21" WC="0.96" CONTENT="Mötet"/><SP WIDTH="32" VPOS="947" HPOS="366"/>
							<String ID="string_193" HPOS="398" VPOS="947" WIDTH="114" HEIGHT="21" WC="0.91" CONTENT="förordade"/><SP WIDTH="32" VPOS="947" HPOS="512"/>
							<String ID="string_194" HPOS="544" VPOS="947" WIDTH="204" HEIGHT="20" WC="0.71" CONTENT="försöksanstaltens"/><SP WIDTH="32" VPOS="947" HPOS="748"/>
							<String ID="string_195" HPOS="780" VPOS="947" WIDTH="140" HEIGHT="28" WC="0.72" CONTENT="förläggande"/><SP WIDTH="28" VPOS="947" HPOS="920"/>
							<String ID="string_196" HPOS="948" VPOS="948" WIDTH="33" HEIGHT="20" WC="0.96" CONTENT="till"/>
						</TextLine>
						<TextLine ID="line_24" HPOS="226" VPOS="981" WIDTH="755" HEIGHT="28">
							<String ID="string_197" HPOS="226" VPOS="981" WIDTH="282" HEIGHT="22" WC="0.73" CONTENT="Tandtbruks-Akademins"/><SP WIDTH="17" VPOS="981" HPOS="508"/>
							<String ID="string_198" HPOS="525" VPOS="981" WIDTH="194" HEIGHT="28" WC="0.92" CONTENT="experimentalfält"/><SP WIDTH="15" VPOS="981" HPOS="719"/>
							<String ID="string_199" HPOS="734" VPOS="981" WIDTH="60" HEIGHT="21" WC="0.95" CONTENT="invid"/><SP WIDTH="12" VPOS="981" HPOS="794"/>
							<String ID="string_200" HPOS="806" VPOS="981" WIDTH="124" HEIGHT="21" WC="0.96" CONTENT="Stockholm"/><SP WIDTH="11" VPOS="981" HPOS="930"/>
							<String ID="string_201" HPOS="941" VPOS="982" WIDTH="40" HEIGHT="21" WC="0.96" CONTENT="och"/>
						</TextLine>
						<TextLine ID="line_25" HPOS="224" VPOS="1015" WIDTH="756" HEIGHT="29">
							<String ID="string_202" HPOS="224" VPOS="1016" WIDTH="69" HEIGHT="28" WC="0.95" CONTENT="ansåg"/><SP WIDTH="21" VPOS="1016" HPOS="293"/>
							<String ID="string_203" HPOS="314" VPOS="1016" WIDTH="31" HEIGHT="21" WC="0.95" CONTENT="till"/><SP WIDTH="23" VPOS="1016" HPOS="345"/>
							<String ID="string_204" HPOS="368" VPOS="1016" WIDTH="117" HEIGHT="27" WC="0.96" CONTENT="företagets"/><SP WIDTH="26" VPOS="1016" HPOS="485"/>
							<String ID="string_205" HPOS="511" VPOS="1015" WIDTH="173" HEIGHT="28" WC="0.96" CONTENT="förverkligande"/><SP WIDTH="26" VPOS="1015" HPOS="684"/>
							<String ID="string_206" HPOS="710" VPOS="1015" WIDTH="95" HEIGHT="28" WC="0.94" CONTENT="följande"/><SP WIDTH="25" VPOS="1015" HPOS="805"/>
							<String ID="string_207" HPOS="830" VPOS="1016" WIDTH="74" HEIGHT="27" WC="0.93" CONTENT="anslag"/><SP WIDTH="24" VPOS="1016" HPOS="904"/>
							<String ID="string_208" HPOS="928" VPOS="1016" WIDTH="52" HEIGHT="21" WC="0.90" CONTENT="nöd-"/>
						</TextLine>
						<TextLine ID="line_26" HPOS="225" VPOS="1051" WIDTH="104" HEIGHT="27">
							<String ID="string_209" HPOS="225" VPOS="1051" WIDTH="104" HEIGHT="27" WC="0.87" CONTENT="vändiga:"/>
						</TextLine>
						<TextLine ID="line_27" HPOS="223" VPOS="1096" WIDTH="757" HEIGHT="28">
							<String ID="string_210" HPOS="223" VPOS="1097" WIDTH="33" HEIGHT="20" WC="0.93" CONTENT="till"/><SP WIDTH="16" VPOS="1097" HPOS="256"/>
							<String ID="string_211" HPOS="272" VPOS="1105" WIDTH="26" HEIGHT="12" WC="0.93" CONTENT="en"/><SP WIDTH="17" VPOS="1105" HPOS="298"/>
							<String ID="string_212" HPOS="315" VPOS="1096" WIDTH="98" HEIGHT="28" WC="0.96" CONTENT="byggnad"/><SP WIDTH="16" VPOS="1096" HPOS="413"/>
							<String ID="string_213" HPOS="429" VPOS="1096" WIDTH="34" HEIGHT="21" WC="0.93" CONTENT="för"/><SP WIDTH="15" VPOS="1096" HPOS="463"/>
							<String ID="string_214" HPOS="478" VPOS="1096" WIDTH="105" HEIGHT="21" WC="0.92" CONTENT="anstalten"/><SP WIDTH="23" VPOS="1096" HPOS="583"/>
							<String ID="string_215" HPOS="606" VPOS="1112" WIDTH="2" HEIGHT="4" WC="0.87" CONTENT="."/><SP WIDTH="30" VPOS="1112" HPOS="608"/>
							<String ID="string_216" HPOS="638" VPOS="1112" WIDTH="4" HEIGHT="4" WC="0.77" CONTENT="."/><SP WIDTH="30" VPOS="1112" HPOS="642"/>
							<String ID="string_217" HPOS="672" VPOS="1112" WIDTH="5" HEIGHT="4" WC="0.72" CONTENT="."/><SP WIDTH="30" VPOS="1112" HPOS="677"/>
							<String ID="string_218" HPOS="707" VPOS="1112" WIDTH="4" HEIGHT="4" WC="0.76" CONTENT="."/><SP WIDTH="31" VPOS="1112" HPOS="711"/>
							<String ID="string_219" HPOS="742" VPOS="1112" WIDTH="4" HEIGHT="4" WC="0.89" CONTENT="."/><SP WIDTH="30" VPOS="1112" HPOS="746"/>
							<String ID="string_220" HPOS="776" VPOS="1112" WIDTH="5" HEIGHT="5" WC="0.90" CONTENT="."/><SP WIDTH="31" VPOS="1112" HPOS="781"/>
							<String ID="string_221" HPOS="812" VPOS="1097" WIDTH="75" HEIGHT="25" WC="0.90" CONTENT="10,000"/><SP WIDTH="16" VPOS="1097" HPOS="887"/>
							<String ID="string_222" HPOS="903" VPOS="1096" WIDTH="77" HEIGHT="21" WC="0.96" CONTENT="kronor"/>
						</TextLine>
						<TextLine ID="line_28" HPOS="223" VPOS="1130" WIDTH="721" HEIGHT="27">
							<String ID="string_223" HPOS="223" VPOS="1131" WIDTH="33" HEIGHT="20" WC="0.92" CONTENT="till"/><SP WIDTH="18" VPOS="1131" HPOS="256"/>
							<String ID="string_224" HPOS="274" VPOS="1131" WIDTH="116" HEIGHT="20" WC="0.64" CONTENT="anstaltens"/><SP WIDTH="17" VPOS="1131" HPOS="390"/>
							<String ID="string_225" HPOS="407" VPOS="1130" WIDTH="66" HEIGHT="21" WC="0.93" CONTENT="första"/><SP WIDTH="17" VPOS="1130" HPOS="473"/>
							<String ID="string_226" HPOS="490" VPOS="1131" WIDTH="120" HEIGHT="26" WC="0.87" CONTENT="utrustning"/><SP WIDTH="31" VPOS="1131" HPOS="610"/>
							<String ID="string_227" HPOS="641" VPOS="1146" WIDTH="5" HEIGHT="5" WC="0.51" CONTENT="."/><SP WIDTH="30" VPOS="1146" HPOS="646"/>
							<String ID="string_228" HPOS="676" VPOS="1147" WIDTH="4" HEIGHT="3" WC="0.44" CONTENT="."/><SP WIDTH="30" VPOS="1147" HPOS="680"/>
							<String ID="string_229" HPOS="710" VPOS="1146" WIDTH="4" HEIGHT="4" WC="0.39" CONTENT="."/><SP WIDTH="31" VPOS="1146" HPOS="714"/>
							<String ID="string_230" HPOS="745" VPOS="1146" WIDTH="5" HEIGHT="4" WC="0.77" CONTENT="."/><SP WIDTH="30" VPOS="1146" HPOS="750"/>
							<String ID="string_231" HPOS="780" VPOS="1146" WIDTH="4" HEIGHT="5" WC="0.79" CONTENT="."/><SP WIDTH="45" VPOS="1146" HPOS="784"/>
							<String ID="string_232" HPOS="829" VPOS="1131" WIDTH="60" HEIGHT="25" WC="0.65" CONTENT="3,000"/><SP WIDTH="44" VPOS="1131" HPOS="889"/>
							<String ID="string_233" HPOS="933" VPOS="1147" WIDTH="11" HEIGHT="10" WC="0.62" CONTENT=",,"/>
						</TextLine>
					</TextBlock>
					<TextBlock ID="block_4" HPOS="220" VPOS="1169" WIDTH="757" HEIGHT="228">
						<TextLine ID="line_29" HPOS="712" VPOS="1169" WIDTH="223" HEIGHT="28">
							<String ID="string_234" HPOS="712" VPOS="1169" WIDTH="87" HEIGHT="22" WC="0.93" CONTENT="Summa"/><SP WIDTH="17" VPOS="1169" HPOS="799"/>
							<String ID="string_235" HPOS="816" VPOS="1171" WIDTH="73" HEIGHT="26" WC="0.92" CONTENT="13,000"/><SP WIDTH="18" VPOS="1171" HPOS="889"/>
							<String ID="string_236" HPOS="907" VPOS="1171" WIDTH="28" HEIGHT="21" WC="0.96" CONTENT="kr."/>
						</TextLine>
						<TextLine ID="line_30" HPOS="224" VPOS="1221" WIDTH="616" HEIGHT="29">
							<String ID="string_237" HPOS="224" VPOS="1226" WIDTH="57" HEIGHT="17" WC="0.93" CONTENT="samt"/><SP WIDTH="15" VPOS="1226" HPOS="281"/>
							<String ID="string_238" HPOS="296" VPOS="1223" WIDTH="80" HEIGHT="27" WC="0.95" CONTENT="årligen"/><SP WIDTH="17" VPOS="1223" HPOS="376"/>
							<String ID="string_239" HPOS="393" VPOS="1223" WIDTH="29" HEIGHT="20" WC="0.93" CONTENT="till"/><SP WIDTH="17" VPOS="1223" HPOS="422"/>
							<String ID="string_240" HPOS="439" VPOS="1221" WIDTH="173" HEIGHT="22" WC="0.92" CONTENT="föreständarens"/><SP WIDTH="16" VPOS="1221" HPOS="612"/>
							<String ID="string_241" HPOS="628" VPOS="1221" WIDTH="99" HEIGHT="28" WC="0.89" CONTENT="aflöning,"/><SP WIDTH="16" VPOS="1221" HPOS="727"/>
							<String ID="string_242" HPOS="743" VPOS="1221" WIDTH="48" HEIGHT="21" WC="0.93" CONTENT="med"/><SP WIDTH="12" VPOS="1221" HPOS="791"/>
							<String ID="string_243" HPOS="803" VPOS="1221" WIDTH="37" HEIGHT="22" WC="0.96" CONTENT="två"/>
						</TextLine>
						<TextLine ID="line_31" HPOS="291" VPOS="1255" WIDTH="686" HEIGHT="29">
							<String ID="string_244" HPOS="291" VPOS="1257" WIDTH="145" HEIGHT="27" WC="0.91" CONTENT="ålderstillägg"/><SP WIDTH="15" VPOS="1257" HPOS="436"/>
							<String ID="string_245" HPOS="451" VPOS="1257" WIDTH="22" HEIGHT="20" WC="0.96" CONTENT="af"/><SP WIDTH="16" VPOS="1257" HPOS="473"/>
							<String ID="string_246" HPOS="489" VPOS="1257" WIDTH="40" HEIGHT="20" WC="0.96" CONTENT="500"/><SP WIDTH="9" VPOS="1257" HPOS="529"/>
							<String ID="string_247" HPOS="538" VPOS="1255" WIDTH="30" HEIGHT="21" WC="0.96" CONTENT="kr."/><SP WIDTH="9" VPOS="1255" HPOS="568"/>
							<String ID="string_248" HPOS="577" VPOS="1255" WIDTH="55" HEIGHT="21" WC="0.93" CONTENT="efter"/><SP WIDTH="8" VPOS="1255" HPOS="632"/>
							<String ID="string_249" HPOS="640" VPOS="1263" WIDTH="54" HEIGHT="20" WC="0.92" CONTENT="resp."/><SP WIDTH="15" VPOS="1263" HPOS="694"/>
							<String ID="string_250" HPOS="709" VPOS="1257" WIDTH="6" HEIGHT="19" WC="0.96" CONTENT="5"/><SP WIDTH="12" VPOS="1257" HPOS="715"/>
							<String ID="string_251" HPOS="727" VPOS="1256" WIDTH="40" HEIGHT="20" WC="0.96" CONTENT="och"/><SP WIDTH="11" VPOS="1256" HPOS="767"/>
							<String ID="string_252" HPOS="778" VPOS="1257" WIDTH="25" HEIGHT="20" WC="0.76" CONTENT="10"/><SP WIDTH="9" VPOS="1257" HPOS="803"/>
							<String ID="string_253" HPOS="812" VPOS="1256" WIDTH="29" HEIGHT="26" WC="0.91" CONTENT="år,"/><SP WIDTH="30" VPOS="1256" HPOS="841"/>
							<String ID="string_254" HPOS="871" VPOS="1257" WIDTH="61" HEIGHT="25" WC="0.93" CONTENT="4,000"/><SP WIDTH="16" VPOS="1257" HPOS="932"/>
							<String ID="string_255" HPOS="948" VPOS="1258" WIDTH="29" HEIGHT="20" WC="0.97" CONTENT="kr."/>
						</TextLine>
						<TextLine ID="line_32" HPOS="220" VPOS="1297" WIDTH="757" HEIGHT="27">
							<String ID="string_256" HPOS="220" VPOS="1297" WIDTH="33" HEIGHT="20" WC="0.91" CONTENT="till"/><SP WIDTH="18" VPOS="1297" HPOS="253"/>
							<String ID="string_257" HPOS="271" VPOS="1298" WIDTH="139" HEIGHT="20" WC="0.92" CONTENT="assistentens"/><SP WIDTH="16" VPOS="1298" HPOS="410"/>
							<String ID="string_258" HPOS="426" VPOS="1297" WIDTH="93" HEIGHT="27" WC="0.49" CONTENT="aflöning"/><SP WIDTH="41" VPOS="1297" HPOS="519"/>
							<String ID="string_259" HPOS="560" VPOS="1312" WIDTH="4" HEIGHT="4" WC="0.42" CONTENT="=."/><SP WIDTH="31" VPOS="1312" HPOS="564"/>
							<String ID="string_260" HPOS="595" VPOS="1312" WIDTH="4" HEIGHT="4" WC="0.83" CONTENT="."/><SP WIDTH="29" VPOS="1312" HPOS="599"/>
							<String ID="string_261" HPOS="628" VPOS="1312" WIDTH="5" HEIGHT="4" WC="0.48" CONTENT="«&lt;"/><SP WIDTH="30" VPOS="1312" HPOS="633"/>
							<String ID="string_262" HPOS="663" VPOS="1312" WIDTH="4" HEIGHT="4" WC="0.62" CONTENT="&lt;"/><SP WIDTH="31" VPOS="1312" HPOS="667"/>
							<String ID="string_263" HPOS="698" VPOS="1312" WIDTH="4" HEIGHT="4" WC="0.69" CONTENT="&lt;"/><SP WIDTH="30" VPOS="1312" HPOS="702"/>
							<String ID="string_264" HPOS="732" VPOS="1312" WIDTH="4" HEIGHT="4" WC="0.69" CONTENT="&lt;"/><SP WIDTH="31" VPOS="1312" HPOS="736"/>
							<String ID="string_265" HPOS="767" VPOS="1312" WIDTH="4" HEIGHT="4" WC="0.47" CONTENT="&lt;"/><SP WIDTH="30" VPOS="1312" HPOS="771"/>
							<String ID="string_266" HPOS="801" VPOS="1312" WIDTH="4" HEIGHT="4" WC="0.11" CONTENT="+»"/><SP WIDTH="31" VPOS="1312" HPOS="805"/>
							<String ID="string_267" HPOS="836" VPOS="1312" WIDTH="4" HEIGHT="4" WC="0.65" CONTENT="+»"/><SP WIDTH="31" VPOS="1312" HPOS="840"/>
							<String ID="string_268" HPOS="871" VPOS="1297" WIDTH="60" HEIGHT="25" WC="0.69" CONTENT="1,000"/><SP WIDTH="16" VPOS="1297" HPOS="931"/>
							<String ID="string_269" HPOS="947" VPOS="1297" WIDTH="30" HEIGHT="21" WC="0.95" CONTENT="kr."/>
						</TextLine>
						<TextLine ID="line_33" HPOS="220" VPOS="1330" WIDTH="757" HEIGHT="26">
							<String ID="string_270" HPOS="220" VPOS="1332" WIDTH="34" HEIGHT="20" WC="0.95" CONTENT="till"/><SP WIDTH="16" VPOS="1332" HPOS="254"/>
							<String ID="string_271" HPOS="270" VPOS="1331" WIDTH="52" HEIGHT="21" WC="0.96" CONTENT="drift"/><SP WIDTH="16" VPOS="1331" HPOS="322"/>
							<String ID="string_272" HPOS="338" VPOS="1331" WIDTH="38" HEIGHT="20" WC="0.93" CONTENT="och"/><SP WIDTH="18" VPOS="1331" HPOS="376"/>
							<String ID="string_273" HPOS="394" VPOS="1330" WIDTH="111" HEIGHT="21" WC="0.91" CONTENT="underhåll"/><SP WIDTH="21" VPOS="1330" HPOS="505"/>
							<String ID="string_274" HPOS="526" VPOS="1347" WIDTH="4" HEIGHT="3" WC="0.28" CONTENT="."/><SP WIDTH="31" VPOS="1347" HPOS="530"/>
							<String ID="string_275" HPOS="561" VPOS="1346" WIDTH="4" HEIGHT="4" WC="0.53" CONTENT="."/><SP WIDTH="30" VPOS="1346" HPOS="565"/>
							<String ID="string_276" HPOS="595" VPOS="1346" WIDTH="4" HEIGHT="4" WC="0.62" CONTENT="so"/><SP WIDTH="30" VPOS="1346" HPOS="599"/>
							<String ID="string_277" HPOS="629" VPOS="1346" WIDTH="4" HEIGHT="4" WC="0.45" CONTENT="so"/><SP WIDTH="100" VPOS="1346" HPOS="633"/>
							<String ID="string_278" HPOS="733" VPOS="1346" WIDTH="107" HEIGHT="4" WC="0.27" CONTENT="LR"/><SP WIDTH="31" VPOS="1346" HPOS="840"/>
							<String ID="string_279" HPOS="871" VPOS="1331" WIDTH="59" HEIGHT="25" WC="0.76" CONTENT="1,800"/><SP WIDTH="17" VPOS="1331" HPOS="930"/>
							<String ID="string_280" HPOS="947" VPOS="1331" WIDTH="30" HEIGHT="21" WC="0.95" CONTENT="kr."/>
						</TextLine>
						<TextLine ID="line_34" HPOS="754" VPOS="1369" WIDTH="222" HEIGHT="28">
							<String ID="string_281" HPOS="754" VPOS="1369" WIDTH="86" HEIGHT="21" WC="0.92" CONTENT="Summa"/><SP WIDTH="12" VPOS="1369" HPOS="840"/>
							<String ID="string_282" HPOS="852" VPOS="1365" WIDTH="9" HEIGHT="36" WC="0.72" CONTENT="—"/><SP WIDTH="9" VPOS="1365" HPOS="861"/>
							<String ID="string_283" HPOS="870" VPOS="1371" WIDTH="60" HEIGHT="26" WC="0.96" CONTENT="6,800"/><SP WIDTH="16" VPOS="1371" HPOS="930"/>
							<String ID="string_284" HPOS="946" VPOS="1371" WIDTH="30" HEIGHT="22" WC="0.96" CONTENT="kr,"/>
						</TextLine>
					</TextBlock>
				</ComposedBlock>
				<ComposedBlock ID="cblock_2" HPOS="290" VPOS="1473" WIDTH="380" HEIGHT="20">
					<TextBlock ID="block_5" HPOS="290" VPOS="1473" WIDTH="380" HEIGHT="20">
						<TextLine ID="line_35" HPOS="290" VPOS="1473" WIDTH="380" HEIGHT="20">
							<String ID="string_285" HPOS="290" VPOS="1475" WIDTH="179" HEIGHT="18" WC="0.79" CONTENT="Ekonomiutskottets"/><SP WIDTH="12" VPOS="1475" HPOS="469"/>
							<String ID="string_286" HPOS="481" VPOS="1473" WIDTH="110" HEIGHT="17" WC="0.96" CONTENT="betänkande"/><SP WIDTH="12" VPOS="1473" HPOS="591"/>
							<String ID="string_287" HPOS="603" VPOS="1473" WIDTH="37" HEIGHT="16" WC="0.96" CONTENT="N:o"/><SP WIDTH="13" VPOS="1473" HPOS="640"/>
							<String ID="string_288" HPOS="653" VPOS="1473" WIDTH="17" HEIGHT="17" WC="0.93" CONTENT="8."/>
						</TextLine>
					</TextBlock>
				</ComposedBlock>
			</PrintSpace>
		</Page>
	</Layout>
</alto>
