1070 1795
257 160 266 22 Petitionbetänkande
539 161 42 22 N:o
598 161 36 22 31.
792 161 13 20 5

77 227 106 22 befordra
199 227 154 29 uppkomsten
362 228 26 21 af
393 228 63 21 låne-
464 228 43 21 och
515 229 278 28 sparkasseinrättningar
804 229 30 28 på

77 261 85 28 landet,
171 261 80 22 hvilka
259 261 77 22 kunde
344 262 77 21 lemna
429 262 39 21 lån
477 263 36 21 till
520 263 94 28 nyttiga
620 263 150 21 ekonomiska
775 263 59 21 före-

77 299 51 25 tags
143 295 129 22 utförande.
304 296 51 21 Den
379 296 71 22 andra
466 297 130 28 petitionen
611 297 71 28 yrkar
702 297 30 28 på
752 297 83 22 under-

77 330 106 28 sökning,
192 330 59 21 huru
262 330 44 21 den
319 331 150 21 ekonomiska
480 331 142 28 ställningen
633 331 111 22 särskildt
753 331 42 22 hos
806 331 29 21 de

77 365 50 21 små
144 364 311 29 lägenhetsinnehafvarene,
471 365 86 21 sådana
572 365 100 22 flertalet
682 365 153 29 jordbrukare

78 402 39 18 äro
133 398 152 30 isynnnerhet
300 399 8 21 i
322 401 62 19 östra
399 399 109 27 Finland,
519 399 78 21 kunde
607 399 125 22 förbättras
744 399 42 23 och
797 407 36 14 om

78 433 51 22 icke
145 441 28 13 en
188 440 84 21 genom
288 436 88 19 statens
392 434 141 21 medverkan
547 434 81 21 bildad
643 434 190 28 låneinrättning,

78 475 48 14 som
149 467 73 22 skulle
237 467 93 28 utgifva
351 468 49 21 små
415 468 199 28 amorteringslån,
630 475 55 14 vore
700 468 79 21 härtill
795 468 39 21 det

78 502 147 28 lämpligaste
240 501 92 22 medlet.

148 536 42 21 Om
220 535 70 22 äfven
312 536 116 21 utskottet
450 536 73 21 håller
545 536 56 27 före,
626 539 34 18 att
685 536 88 22 arbetet
798 536 36 22 för

79 570 202 29 undanrödjandet
304 570 26 21 af
350 571 165 21 meranämnda
538 571 216 21 missförhållanden
770 571 41 21 bör
826 570 8 21 i

79 604 129 22 hufvudsak
224 605 30 28 gå
269 605 8 20 i
293 605 45 20 den
353 605 112 28 riktning,
482 612 48 14 som
546 605 182 28 petitionärerna
743 605 90 28 antydt,

78 639 47 22 kan
144 639 114 22 utskottet
281 639 58 22 dock
355 639 51 22 icke
422 639 80 22 förena
517 639 36 28 sig
569 647 36 14 om
621 639 28 22 de
665 640 108 28 speciella
787 639 47 22 för-

78 674 52 28 slag
145 673 28 22 de
188 674 8 21 i
211 673 83 22 sådant
309 673 61 28 syfte
386 673 131 22 framställt.

147 708 45 21 Till
208 707 51 22 stöd
274 707 36 22 för
326 708 44 21 den
393 707 160 22 förstnämnda
576 708 128 28 petitionen
718 708 41 21 har
770 708 63 21 inom

78 743 114 21 utskottet
219 742 139 22 framhållits
384 743 44 20 den
455 749 137 22 gynsamma
616 742 136 28 erfarenhet,
784 749 49 14 som

79 777 52 21 från
147 777 75 21 skilda
237 777 64 21 delar
316 777 26 20 af
354 777 53 21 vårt
422 776 55 22 land
492 776 72 21 redan
579 776 124 29 föreligger
718 784 37 14 om
771 784 62 21 spar-

78 811 130 21 bankernas
222 811 105 28 förmåga
343 813 34 19 att
392 811 73 21 väcka
480 811 47 28 håg
542 811 37 21 till
591 811 142 28 sparsamhet
743 811 41 21 hos
795 811 40 21 be-

79 845 136 28 folkningen
239 845 41 21 och
296 845 129 22 motarbeta
440 845 85 22 ockret.
555 845 121 22 Utskottet
691 845 92 22 förenar
798 845 36 28 sig

79 879 68 22 äfven
163 880 52 21 med
225 880 182 29 petitionärerna
417 880 86 27 derom,
515 882 34 19 att
563 880 154 28 uppkomsten
733 880 26 21 af
771 887 63 21 spar-

79 914 198 29 kasseföreningar
294 914 136 29 isynnerhet
444 915 8 20 i
468 917 61 18 östra
545 914 102 21 Finland
662 921 55 14 vore
740 921 95 22 synner-

79 949 63 28 ligen
165 949 122 27 önskvärd,
311 953 55 17 enär
388 949 67 21 dessa
469 949 30 28 på
515 951 32 19 ett
563 949 117 20 verksamt
696 951 46 18 sätt
757 948 77 21 kunde

79 983 96 29 bidraga
195 983 36 21 till
253 983 99 29 höjande
372 983 26 22 af
411 983 179 28 befolkningens
606 983 150 21 ekonomiska
771 982 63 21 ställ-

79 1018 64 28 ning.
158 1018 37 21 Då
206 1017 128 22 emellertid
345 1017 79 29 dylika
435 1017 140 28 föreningar,
587 1017 77 21 såvidt
671 1017 113 21 utskottet
792 1017 42 20 har

79 1052 36 29 sig
129 1052 93 27 bekant,
234 1055 62 18 ännu
305 1052 52 21 icke
367 1052 113 28 uppstått,
492 1058 69 21 synes
571 1051 40 21 det
620 1051 114 21 utskottet
744 1050 90 22 mindre

78 1086 108 29 lämpligt
194 1089 34 19 att
236 1087 41 21 hos
286 1086 114 29 styrelsen
411 1085 72 22 redan
494 1093 32 13 nu
537 1085 93 21 anhålla
640 1092 36 14 om
688 1085 38 21 lån
736 1089 49 17 mot
795 1085 39 28 låg

79 1124 66 18 ränta
166 1120 36 22 för
223 1121 62 21 låne-
301 1121 43 21 och
359 1119 260 29 sparkasseföreningar,
635 1119 136 28 isynnerhet
785 1126 50 15 som

79 1155 113 21 utskottet
208 1159 25 17 är
248 1155 77 21 derom
342 1154 155 29 öfvertygadt,
509 1156 35 19 att
554 1153 92 22 landets
656 1153 97 28 styrelse
763 1160 72 21 egnar

79 1189 72 29 nödig
162 1189 204 29 uppmärksamhet
377 1189 43 21 och
432 1196 91 21 omsorg
534 1189 24 20 åt
568 1187 176 22 förhållandena
754 1188 8 21 i
773 1190 62 19 östra

79 1223 101 22 Finland
189 1224 43 21 och
242 1223 97 22 sålunda
350 1223 153 22 tvifvelsutan
511 1223 59 21 skall
578 1222 97 29 vidtaga
683 1222 28 21 de
720 1221 114 29 åtgärder,

80 1265 49 14 som
144 1258 36 21 för
194 1258 112 29 höjandet
320 1257 26 22 af
360 1257 143 22 dervarande
519 1257 137 28 befolkning
668 1257 8 20 i
690 1256 145 21 ekonomiskt

79 1293 44 21 och
135 1292 91 29 andligt
240 1292 131 21 hänseende
386 1292 75 21 finnas
477 1299 56 14 vara
548 1291 26 21 af
587 1291 110 21 behofvet
706 1290 129 29 påkallade.

147 1326 149 22 Beträffande
318 1326 45 21 den
383 1333 80 14 senare
484 1325 129 29 petitionen
628 1325 106 21 betviflar
746 1325 91 21 utskot-

79 1363 35 19 tet
136 1363 34 19 att
192 1360 72 28 något
286 1360 75 21 skulle
376 1360 82 21 vinnas
474 1366 84 21 genom
573 1358 164 22 nedsättandet
752 1358 25 22 af
790 1358 45 22 den

79 1396 50 21 deri
143 1395 122 22 förordade
282 1393 298 29 undersökningskomitén.
612 1393 47 21 För
676 1393 72 28 öfrigt
765 1392 71 22 hafva

80 1430 130 21 Ständerna
232 1429 73 21 under
328 1429 76 21 denna
426 1428 114 28 landtdag
555 1427 70 22 redan
640 1427 92 22 förenat
747 1427 36 28 sig
798 1434 37 14 om

79 1464 157 27 underdåniga
258 1463 126 29 petitioner
399 1463 86 26 derom,
501 1465 35 18 att
551 1462 114 28 styrelsen
680 1462 72 21 måtte
767 1461 8 21 i
791 1461 45 22 den

147 1503 182 18 Ekonomiutskottets
341 1503 112 17 betänkande
462 1502 39 17 N:o
513 1502 28 17 13.
