1070 1795
261 136 269 23 Petitionsbetänkande
546 137 43 22 N:o
605 136 36 23 34.

344 508 158 23 Allmänna
516 509 311 22 Besvärsutskottets

276 543 189 22 betänkande
491 544 51 22 N:o
565 543 31 22 23
618 545 10 21 i
650 543 129 28 anledning
802 543 28 22 af

276 577 118 22 särskilda
402 578 40 21 till
450 578 103 28 Preste-,
561 579 118 27 Borgare-
686 578 44 23 och
736 577 90 23 Bonde-

276 611 96 23 ståndet
398 613 133 22 inlemnade
553 613 212 28 petitionsförslag
789 613 37 22 rö-

276 647 72 22 rande
356 647 96 27 privata
460 647 252 24 fruntimmersskolor
720 648 8 21 i
736 647 90 22 landet.

138 743 90 22 Genom
252 743 114 22 särskilda
390 744 216 29 protokollsutdrag
634 744 70 23 hafva
728 745 99 24 Preste-,

70 777 110 30 Borgare-
196 777 42 22 och
254 778 179 22 Bondestånden
448 779 37 21 till
498 779 126 22 Allmänna
634 779 192 22 Besvärsutskot-

70 814 46 20 tets
132 812 142 29 behandling
289 813 128 22 remitterat
432 813 103 29 följande
551 814 48 21 åtta
614 813 211 30 petitionsförslag:

290 973 54 22 Till
359 973 245 30 Borgareståndet.

137 1031 27 18 De
182 1031 59 18 första
258 1031 203 18 fruntimmerskolorna
474 1032 5 17 i
492 1031 63 18 landet
574 1031 108 22 inrättades,
700 1032 24 22 på
735 1032 60 22 grund
807 1032 20 17 af

69 1060 68 23 nådiga
148 1060 130 23 förordningen
292 1060 33 18 den
337 1061 11 18 6
360 1061 96 17 november
469 1061 50 21 1843,
532 1065 22 13 en
567 1060 6 17 i
585 1060 116 23 Helsingfors
714 1060 34 18 och
760 1065 21 13 en
795 1065 31 13 an-

69 1094 36 13 nan
118 1089 6 18 i
136 1083 45 28 Åbo,
200 1089 75 18 hvilken
287 1095 63 12 senare
363 1089 94 23 öppnades
470 1089 34 18 den
518 1091 8 16 1
539 1089 74 22 augusti
626 1090 46 17 1844
684 1089 40 18 med
736 1090 29 17 tre
777 1089 49 18 klas-

69 1123 34 13 ser.
128 1119 9 16 I
149 1118 64 18 skolan
229 1118 78 22 tillkom,
324 1118 74 23 jemlikt
410 1118 143 23 skolordningen
566 1118 35 17 den
612 1119 12 17 8
636 1118 73 23 augusti
722 1119 50 20 1872,
784 1117 42 18 från

69 1147 67 18 hösten
154 1148 44 17 1875
217 1153 22 12 en
256 1147 60 22 fjerde
333 1147 57 21 klass,
408 1147 94 18 hvarefter
515 1147 64 18 skolan
591 1147 59 18 under
662 1147 65 17 hösten
741 1147 44 18 1882
798 1147 28 17 ut-

68 1175 87 23 vidgades
173 1175 29 18 till
220 1176 112 22 femklassig.
355 1176 124 22 Elevantalet,
497 1181 39 12 som
553 1175 57 18 under
628 1175 32 18 det
678 1175 58 18 första
754 1175 41 18 året
807 1175 20 18 af

69 1204 75 18 skolans
162 1204 74 18 tillvaro
248 1205 79 22 uppgick
339 1205 30 17 till
382 1206 27 21 79,
422 1206 55 21 utgör
489 1204 29 18 för
530 1204 122 18 innevarande
664 1204 60 18 läseär
738 1205 40 21 145;
792 1203 33 18 och

69 1233 34 18 har
121 1233 58 18 under
190 1233 35 18 den
237 1233 28 18 tid
278 1233 63 18 skolan
354 1235 31 21 egt
397 1233 78 18 beständ
488 1233 131 22 undervisning
632 1233 6 17 i
650 1233 103 18 densamma
765 1233 60 22 ätnju-

68 1262 34 17 tits
115 1261 21 19 af
147 1262 64 18 inalles
224 1263 51 21 1,264
287 1263 64 17 elever.

137 1290 64 18 Ehuru
222 1291 139 22 ifrågavarande
382 1291 185 21 fruntimmersskola,
590 1291 60 18 såsom
670 1290 56 18 redan
747 1291 78 21 nämnts,

68 1319 97 18 efterhand
178 1319 75 18 erhållit
264 1321 66 16 tvänne
342 1325 36 18 nya
390 1320 77 21 klasser,
480 1319 35 18 har
527 1319 56 18 likväl
596 1319 108 22 sedermera,
718 1319 5 18 i
736 1319 35 18 den
784 1319 41 18 män

68 1348 135 22 befogenheten
221 1348 21 18 af
258 1348 89 18 kvinnans
365 1348 81 22 anspråk
458 1348 25 22 på
494 1349 78 21 utvägar
584 1349 28 17 att
624 1347 71 18 erhålla
706 1347 58 23 högre
777 1347 48 18 skol-

68 1376 84 23 bildning
169 1376 65 19 vunnit
252 1377 34 18 allt
304 1378 58 17 större
381 1376 123 23 erkännande,
517 1382 22 13 en
551 1376 106 23 berättigad
670 1376 74 22 önskan,
758 1377 28 17 att
798 1376 27 18 äf-

67 1411 34 12 ven
120 1406 77 18 svenska
214 1406 190 18 fruntimmersskolan
420 1406 6 17 i
441 1401 40 23 Åbo
499 1406 57 17 måtte
576 1406 62 17 kunna
658 1405 98 23 tillgodose
774 1405 51 18 detta

67 1435 87 22 anspråk,
168 1435 50 22 gjort
230 1435 28 22 sig
270 1435 91 22 gällande.
385 1435 9 17 I
406 1435 68 18 sådant
486 1435 48 22 syfte
546 1434 64 23 gjorde
622 1429 40 23 Åbo
676 1434 50 18 stads
738 1433 86 18 fullmäk-

67 1463 44 23 tige,
129 1464 25 22 på
173 1463 86 18 anhållan
278 1463 20 18 af
315 1465 27 16 ett
354 1463 51 18 antal
418 1463 93 18 föräldrar
524 1463 33 18 och
570 1463 94 22 målsmän,
678 1463 5 17 i
695 1462 66 23 början
773 1462 20 18 af
804 1462 21 18 år

136 1498 104 17 Allmänna
253 1497 177 18 Besvärsutskottets
442 1497 119 18 betänkande
574 1498 38 17 N:o
623 1497 29 18 23.
