1070 1795
249 107 14 20 4
417 107 272 22 Petitionsbetänkande
705 107 43 22 N:o
765 107 20 22 1.

437 290 9 9 ,
449 271 54 22 Till
523 271 244 29 Borgareståndet.

290 346 80 23 Under
392 347 28 22 de
442 348 92 21 senaste
557 347 55 21 åren
634 346 72 22 hafva
724 347 63 21 inom
803 346 178 29 Kejsaredömet

220 381 134 29 upprepade
370 382 88 28 gänger
473 381 92 29 häftiga
585 388 105 22 angrepp
705 381 85 22 riktats
806 383 50 20 mot
871 381 109 29 giltighe-

220 418 41 20 ten
277 416 26 22 af
315 416 113 22 Finlands
444 416 148 29 grundlagar,
609 416 43 22 och
667 416 9 21 i
691 416 113 22 samband
819 416 53 22 med
887 416 39 21 det
941 416 39 22 ko-

220 450 216 22 difikationsarbete
458 450 145 22 beträffande
626 450 72 29 sagda
720 450 148 29 grundlagar,
887 457 49 15 som
951 451 30 28 pä

220 485 67 21 Hans
310 485 133 29 Kejserliga
464 485 123 29 Majestäts
609 485 86 28 nädiga
710 485 131 28 befallning
857 485 70 22 sedan
942 486 39 21 nä-

220 526 48 22 gon
291 519 35 22 tid
343 519 97 29 fortgär,
455 519 72 22 hafva
548 519 90 29 förslag
652 519 135 28 framstälts,
804 519 87 29 hvilka,
905 519 76 22 förne-

222 553 78 22 kande
315 554 138 29 betydelsen
468 553 26 22 af
507 554 29 21 de
551 553 162 30 försäkringar
728 554 85 29 Kejsar
827 553 133 23 Alexander
969 553 12 22 I

221 588 44 22 och
282 589 44 21 alla
340 589 60 21 Dess
415 589 68 28 Höga
497 588 160 23 Efterträdare
672 588 72 29 gifvit
760 588 39 22 det
814 589 77 22 finska
900 588 80 29 folket,

221 623 114 22 innebure
351 625 35 20 ett
400 623 165 29 upphäfvande
581 623 26 22 af
620 623 46 22 den
680 623 114 29 politiska
809 623 115 29 ställning
939 623 42 22 och

222 657 46 22 den
290 657 158 22 konstitution
471 657 103 22 Finland
596 657 9 22 i
627 657 65 22 kraft
714 657 26 22 af
754 657 67 22 dessa
836 657 85 30 nådiga
935 657 46 22 för-

222 692 123 29 säkringar
367 692 43 22 och
434 692 75 29 enligt
524 693 52 21 sina
591 692 141 29 grundlagar
748 692 73 22 sedan
836 693 25 21 är
877 693 54 22 1809
946 693 35 21 in-

222 726 89 22 nehaft.

292 761 118 22 Tillvaron
426 761 26 22 af
465 761 67 22 dessa
547 768 105 22 angrepp
667 763 50 20 mot
731 761 114 22 Finlands
856 761 126 29 vigtigaste

221 795 140 30 rättigheter
376 796 41 21 har
432 797 75 21 säsom
523 796 74 21 kändt
612 795 110 22 öfverallt
737 796 8 21 i
760 796 80 21 landet
850 796 133 22 framkallat

222 830 57 29 djup
294 830 162 29 förstämning,
473 838 49 15 som
537 830 46 22 fått
598 830 42 22 sitt
655 830 96 29 uttryck
763 830 90 29 jemväl
868 831 8 21 i
887 830 28 22 de
924 838 57 22 upp-

222 865 123 29 maningar
360 865 37 22 till
412 867 35 20 ett
461 865 66 29 enigt
543 865 43 22 och
600 865 86 22 trofast
701 865 118 22 värnande
835 865 26 22 af
875 865 107 28 grundla-

222 907 53 21 gen,
299 899 81 22 hvilka
402 900 110 22 öfverallt
533 900 9 21 i
564 899 80 22 landet
666 899 85 22 riktats
767 900 38 21 till
821 899 28 22 de
864 899 118 22 folkvalde

223 934 117 22 ombuden
362 935 64 21 inom
448 934 222 29 representationen.
701 934 81 22 Under
798 933 87 22 sådana
898 933 85 23 förhäl-

222 969 87 22 landen
324 977 69 21 synes
409 977 29 14 en
453 969 111 28 oafvislig
586 969 62 28 pligt
663 968 71 29 bjuda
750 968 131 22 Ständerna
897 970 33 20 att
945 969 37 22 till

222 1003 66 22 Hans
311 1004 134 29 Kejserliga
466 1003 110 29 Majestät
598 1003 116 22 frambära
736 1003 88 22 folkets
847 1003 136 29 bekymmer

223 1040 62 19 samt
307 1038 53 22 dess
380 1039 30 28 pä
424 1039 65 21 Hans
505 1038 121 29 Majestäts
642 1038 52 22 ädla
709 1038 144 21 rättskänsla
869 1038 37 29 sig
920 1038 62 21 stöd-

222 1073 72 28 jande
309 1073 61 22 fasta
384 1073 128 22 förtröstan
527 1075 41 26 att,
585 1076 54 19 enär
655 1073 101 28 ändring
765 1073 26 21 af
799 1073 118 29 grundlag
928 1073 55 22 eller

224 1107 87 22 allmän
332 1108 39 29 lag
386 1108 135 29 rättsenligt
535 1107 47 22 kan
597 1108 94 21 komma
705 1108 37 21 till
758 1107 70 22 ständ
844 1107 82 22 endast
941 1115 42 14 un-

224 1142 41 21 der
287 1143 154 28 landtdagens
463 1142 148 28 medverkan,
638 1143 73 28 nägot
733 1142 105 21 häremot
866 1141 117 22 stridande

222 1177 91 29 förslag
327 1177 53 22 icke
395 1178 59 21 skall
469 1178 67 21 bestå
551 1177 62 22 inför
631 1177 66 22 Hans
713 1177 135 28 Kejserliga
863 1176 119 29 Majestäts

223 1211 69 29 Egen
307 1212 61 28 höga
383 1212 117 29 pröfning.

294 1246 68 22 Efter
377 1247 90 22 samråd
481 1247 54 21 med
550 1248 34 20 ett
594 1247 61 21 stort
666 1247 63 21 antal]
740 1245 151 22 medlemmar
901 1245 7 22 i
920 1245 63 22 detta

223 1280 70 21 ständ
317 1281 61 28 väga
401 1280 189 22 undertecknade
616 1279 78 22 derför
719 1280 43 22 hos
787 1279 197 29 Borgareständet

224 1314 121 22 vördsamt
359 1315 86 22 föreslä

501 1386 30 20 att
546 1384 183 28 Borgareständet
744 1384 47 22 ville
807 1384 80 22 besluta
903 1386 30 20 att
944 1384 39 21 till-

432 1426 109 15 sammans
563 1419 48 22 med
633 1419 69 28 öfriga
725 1419 68 22 ständ
808 1419 32 22 till
855 1419 63 22 Hans
934 1418 50 28 Kej-

300 1459 102 18 Särskilda
415 1459 179 18 Besvärsutskottets
606 1459 119 18 betänkande
737 1459 36 18 N:o
786 1459 13 17 1.
