1070 1795
304 144 228 21 Petitionsbetänkande
549 144 34 21 N:o
599 144 20 21 2.
767 144 38 21 101

79 208 43 16 nen
139 202 33 21 till
188 203 26 20 de
232 204 92 25 smärre,
341 202 103 21 enskilda
460 202 174 21 aktionärernas
646 203 48 20 rätt
702 203 134 24 garanterar

80 237 34 20 för
136 238 36 20 att
195 237 116 26 möjligast
334 236 76 27 billiga
431 236 140 27 förvaltning
588 236 58 21 skall
662 236 173 27 åvägabringas,

79 271 97 21 likasom
192 271 42 21 ock
250 271 168 21 allmänhetens
434 271 100 26 anspråk
550 271 29 26 på
591 271 115 26 företaget
718 271 22 21 af
746 276 90 15 samma

80 305 49 22 skäl
147 305 128 27 säkerligen
291 305 65 21 skola
372 305 72 21 blifva
460 305 114 27 betydligt
589 305 94 26 mindre,
700 307 29 18 än
745 311 36 15 om
797 305 38 20 det

79 340 72 27 gällde
168 346 27 15 en
212 340 127 21 statsbana.
371 339 68 21 Hvad
455 339 49 22 åter
521 340 143 21 vidkommer
674 341 91 20 statens
774 339 60 21 ställ-

78 375 61 26 ning,
154 375 35 21 för
204 375 43 20 den
262 374 107 21 händelse
385 376 37 19 att
438 374 127 27 företagets
582 374 151 26 fortbestånd,
746 373 89 26 tillfölje

80 409 25 21 af
118 411 35 20 ett
172 410 139 26 ogynnsamt
327 409 277 27 exploatationsresultat,
620 408 112 22 befunnes
748 408 87 26 hotadt,

80 444 26 21 så
121 444 75 21 måste
212 444 69 20 äfven
296 444 7 19 i
318 443 40 20 fall
373 444 35 20 ett
426 444 73 20 större
517 443 142 26 statsbidrag
670 443 100 21 lemnats
778 444 57 19 utan

79 478 45 21 alla
147 478 79 26 vilkor,
250 477 54 22 eller
328 477 76 22 såsom
424 483 39 16 ren
480 478 144 25 subvention,
641 479 77 19 staten
734 483 5 14 i
756 476 79 26 hvarje

80 512 39 21 fall
143 512 56 21 söka
222 518 24 15 se
262 512 41 26 till,
327 513 36 20 att
378 512 131 21 ändamålet
525 512 52 21 med
593 513 37 20 det
647 511 95 21 sålunda
759 511 76 21 starkt

79 547 154 21 understödda
255 547 114 26 företaget
392 547 50 21 icke
465 547 104 21 kommer
593 548 35 20 att
644 547 48 20 helt
707 546 42 21 och
764 545 71 21 hållet

79 581 101 26 förfelas,
204 587 81 20 genom
301 582 36 20 att
352 581 158 26 tilläfventyrs
527 581 97 21 trafiken
640 581 14 20 å
669 582 75 20 banan
761 579 73 22 blefve

79 615 99 22 inställd.
201 615 53 22 Just
270 615 35 21 för
320 621 27 16 en
364 615 70 22 sådan
450 615 153 22 eventualitet
619 621 54 16 vore
689 615 38 21 det
743 615 34 20 för
789 615 44 20 sta-

78 651 40 20 ten
141 655 13 15 af
186 651 75 25 nytta,
285 651 35 20 att
338 650 20 26 ej
373 649 71 22 hafva
460 650 99 21 afhändt
575 651 34 26 sig
624 649 188 28 delegareskapet
827 648 8 21 i

79 685 121 26 företaget,
216 686 57 19 utan
289 690 41 21 ega
346 685 117 26 möjlighet
479 686 25 19 att
531 684 97 22 inverka
644 684 28 27 på
680 685 26 20 de
722 683 111 27 åtgärder,

79 725 49 15 som
144 719 34 20 för
194 719 98 21 affärens
307 719 200 26 upprätthållande
519 719 78 22 kunna
605 725 68 15 anses
682 718 151 26 erforderliga.

148 764 75 27 Ifråga
245 771 37 15 om
305 765 178 27 statsbidragets
511 765 75 27 belopp
602 765 40 21 har
658 765 50 21 åter
723 764 61 21 inom
799 766 34 19 ut-

79 799 77 22 skottet
184 799 143 25 framhållits,
344 801 36 20 att
396 805 27 16 en
440 799 25 22 så
481 800 102 26 betydlig
599 801 83 25 anpart
698 797 135 23 statsmedel

79 839 49 16 som
151 833 25 22 %3
196 834 26 20 af
235 834 51 21 hela
302 834 37 21 det
354 834 146 27 erforderliga
515 834 120 27 kapitalet,
652 839 53 16 vore
721 832 112 22 öfverhöf-

79 873 44 16 van
140 869 54 20 stor.
219 868 122 21 Utskottet
356 870 26 19 är
398 869 35 20 för
449 869 34 21 sin
514 869 19 21 del
547 869 69 21 också
625 869 53 20 fullt
686 874 54 15 ense
749 868 83 24 derom,

79 904 36 19 att
137 908 27 15 en
181 902 70 21 sädan
267 903 130 26 proportion
412 903 97 21 emellan
526 905 91 19 statens
633 903 41 21 och
690 902 143 21 kommuner-

78 943 42 14 nas
143 937 55 21 eller
216 937 103 21 enskilda
335 943 120 21 personers
471 937 134 27 deltagande
620 937 35 21 uti
670 937 92 26 privata
776 936 56 26 jern-

79 971 148 27 vägsföretag
250 971 49 22 icke
322 971 58 28 finge
403 977 69 16 anses
495 971 78 22 säsom
595 978 27 15 en
645 971 94 27 lämplig
761 976 71 20 norm,

79 1006 92 21 hvilken
190 1006 123 21 framdeles
328 1006 6 20 i
350 1006 76 27 regeln
443 1006 67 21 borde
526 1007 69 20 vinna
611 1006 149 27 tillämpning.
791 1005 42 20 Om

79 1047 27 14 en
121 1041 83 20 bibana
219 1042 25 19 är
259 1040 34 21 till
309 1041 87 26 verklig
411 1042 69 25 nytta
495 1041 35 20 för
542 1041 43 21 den
594 1040 158 27 angränsande
760 1039 73 21 lands-

79 1076 64 20 orten
162 1086 20 1 —
202 1075 41 21 och
259 1075 7 20 i
282 1076 70 20 annat
368 1075 39 20 fall
424 1075 40 21 bör
479 1075 42 22 den
538 1075 43 21 alls
597 1075 49 21 icke
667 1075 166 26 ifrägakomma

80 1120 21 1 —
127 1109 26 21 sä
175 1109 75 21 mäste
270 1115 53 14 man
338 1109 69 21 äfven
423 1109 78 21 kunna
516 1110 77 20 fordra
608 1111 36 20 att
660 1108 172 22 ortsbefolknin-

77 1149 41 21 gen
142 1144 51 21 med
216 1149 27 15 en
266 1145 72 20 större
362 1145 89 25 anpart,
473 1145 29 19 än
517 1150 32 15 nu
564 1143 142 27 ifrägasatts,
729 1143 58 21 skall
803 1142 29 21 bi-

77 1178 70 27 draga
168 1178 35 21 till
225 1177 137 28 jernvägens
381 1178 129 21 utförande.
541 1178 52 21 Kan
609 1179 64 20 detta
688 1178 50 21 icke
754 1183 78 15 annor-

77 1212 68 21 lunda
168 1212 48 26 ske,
240 1211 26 22 sä
289 1212 39 21 bör
347 1217 54 16 man
426 1212 56 21 söka
505 1213 108 20 nedsätta
632 1212 156 27 fordringarna
804 1211 29 26 pä

78 1247 73 20 banan
175 1246 41 21 och
239 1246 91 21 dermed
345 1246 281 27 anläggningskostnaden
642 1247 26 21 sä
683 1247 55 26 lägt,
754 1248 37 19 att
806 1246 27 21 de

77 1281 146 26 erforderliga
238 1281 117 26 kapitalen
370 1281 79 21 kunna
465 1281 124 22 anskaffas.
620 1282 40 21 Ett
670 1283 73 20 större
754 1281 79 27 belopp

77 1315 148 21 kommunala
240 1315 42 21 och
298 1315 102 22 enskilda
416 1316 74 21 medel
505 1316 7 20 i
528 1316 43 21 ock
587 1316 34 20 för
636 1316 122 21 utförande
769 1315 26 21 af
804 1315 29 20 bi-

78 1350 69 20 banor
170 1351 25 19 är
218 1349 70 21 ocksä
311 1349 25 21 af
356 1351 70 25 nyttä
449 1350 34 20 för
502 1352 37 19 att
554 1350 42 20 hos
612 1350 87 21 banans
715 1350 118 20 närmaste

77 1383 87 22 kunder
186 1383 121 22 framkalla
333 1384 174 22 verksammare
537 1384 98 21 intresse
659 1384 35 21 för
717 1390 27 15 en
767 1384 66 20 ända-

77 1417 119 28 mälsenlig
211 1418 140 27 förvaltning
366 1419 26 20 af
406 1419 119 26 företaget.

145 1491 201 18 Petitionsbetänkande
359 1491 37 18 N:o
408 1492 18 17 2.
