1070 1795
261 151 275 23 Petitionsbetänkande
552 151 45 23 N:o
607 151 39 23 35.

353 527 255 29 Lagutskottets
629 528 205 23 betänkande

285 562 44 23 N:o
344 562 39 28 10,
399 563 9 22 i
430 563 135 28 anledning
585 563 28 22 af
631 563 122 22 särskilda
767 563 68 22 inom

285 596 181 29 Bidderskapet
487 597 46 23 och
553 597 89 28 Adeln,
662 597 172 28 Borgarestån-

286 630 41 23 det
349 632 63 21 samt
434 631 185 23 Bondeståndet
640 631 88 23 väckta
742 631 94 28 förslag

285 665 41 22 till
342 666 108 28 petition
465 672 40 17 om
515 666 320 28 pressangelägenheternas

286 699 128 23 ordnande
430 706 87 22 genom
532 701 92 22 allmän
639 700 48 28 lag.

150 780 89 21 Genom
264 779 214 30 protokollsutdrag
503 779 70 22 hafva
597 779 172 30 Ridderskapet
793 779 43 22 och

80 814 77 22 Adelu
180 818 60 17 samt
257 814 113 29 Borgare-
386 814 43 22 och
444 814 181 22 Bondeständen
641 815 37 21 till
694 814 142 29 behandling

81 849 26 21 af
120 849 173 28 Lagutskottet,
305 849 72 28 jemte
393 849 28 21 de
436 849 41 21 vid
492 849 191 21 remissdebatten
694 849 63 22 inom
769 849 67 22 Stän-

81 883 44 21 den
149 883 92 28 afgifna
262 882 132 29 yttranden,
417 883 154 22 öfverlemnat
593 883 103 29 följande
711 883 52 29 fyra
778 883 58 29 peti-

80 917 160 28 tionsförslag:

320 1037 12 11 n
334 1022 128 19 Vördsamt
478 1023 132 18 Memorial.

149 1085 63 20 Bland
238 1085 24 19 de
288 1085 121 24 stadganden
435 1085 86 19 rörande
546 1085 37 19 den
609 1085 115 24 periodiska
746 1090 91 19 pressen-

81 1114 67 19 hvilka
170 1115 26 23 pä
218 1113 99 20 särskilda
334 1114 52 19 tider
401 1113 106 26 utfärdats,
522 1113 59 20 hafva
596 1114 104 22 onekligen
716 1114 24 19 de
756 1114 79 22 restrik,

81 1144 41 17 tiva
142 1143 180 23 bestämmelserna,
345 1148 42 14 som
408 1148 69 18 genom
498 1142 140 24 förordningen
660 1142 21 19 af
695 1143 37 18 den
750 1141 25 20 18
790 1142 48 19 Juni

83 1171 54 20 1891
152 1171 96 24 infördes,
264 1171 6 19 i
285 1171 82 19 främsta
381 1174 84 16 rummet
480 1171 91 24 bidraget
586 1171 66 20 dertill
668 1173 29 17 att
716 1171 121 19 afsaknaden

82 1200 21 19 af
123 1205 24 14 en
168 1205 70 18 genom
260 1200 32 24 lag
316 1200 77 19 ordnad
411 1198 118 26 tryckfrihet
545 1200 36 19 allt
596 1205 40 14 mer
651 1202 36 21 gör
702 1199 30 24 sig
746 1200 91 23 gällande

83 1229 37 19 och
142 1228 36 19 allt
200 1228 84 24 lifligare
301 1228 75 19 kännes
391 1229 53 18 inom
460 1229 123 19 vidsträckta
597 1228 79 19 kretsar
691 1228 21 19 af
726 1228 44 19 vårt
784 1229 53 19 land.

83 1257 41 20 Och
146 1257 33 19 det
202 1257 57 19 torde
279 1257 44 20 icke
345 1257 68 19 kunna
434 1257 95 20 förnekas
551 1259 30 18 att
595 1257 147 24 tillämpningen
758 1256 21 21 af
793 1257 45 19 sist-

82 1286 84 19 nämnda
189 1285 121 24 förordning,
333 1285 87 24 hvilken,
443 1286 78 19 utöfver
543 1286 24 19 de
590 1285 55 20 äldre
665 1286 174 19 bestämmelserna

83 1320 31 13 om
136 1314 102 25 preventiv
261 1320 76 18 censur,
357 1315 118 23 indragning
491 1314 21 19 af
525 1315 175 23 tidningsnummer
716 1314 37 19 och
767 1313 72 20 förlust

82 1343 21 19 af
125 1343 182 23 tidningsrättighet
329 1343 51 19 efter
402 1343 121 23 föregängen
542 1343 89 23 varning,
647 1343 35 23 går
696 1343 52 19 ända
763 1342 75 20 derhän

83 1374 29 16 att
127 1372 118 19 inställande
261 1371 21 20 af
296 1372 85 23 tidnings
397 1371 114 25 utgifvande
527 1374 58 21 göres
600 1371 100 19 beroende
716 1371 21 19 af
751 1377 24 13 en
788 1371 51 19 enda

82 1406 83 18 persons
187 1400 146 24 godtfinnande,
352 1401 51 19 varit
418 1401 65 24 egnad
498 1403 29 17 att
543 1401 41 19 läta
599 1401 37 18 den
652 1400 114 25 periodiska
783 1405 56 19 pres-

83 1434 45 14 sens
144 1429 93 20 rättslösa
253 1429 88 20 tillständ
356 1429 59 20 träda
429 1429 8 19 i
452 1429 63 24 dagen
528 1429 26 24 pä
564 1431 29 17 ett
603 1431 47 21 sätt,
662 1429 75 19 hvilket
747 1429 7 18 i
766 1434 73 15 samma

83 1457 123 20 förhällande
230 1458 60 19 mäste
308 1457 104 20 framkalla
428 1458 67 24 ovilja,
511 1463 41 14 som
567 1457 173 25 promulgerandet
756 1457 21 20 af
790 1457 49 24 god-

152 1497 130 22 Lagutskottets
294 1497 109 18 betänkande
415 1498 37 17 N:o
465 1497 29 18 10.
