1070 1795
248 105 13 20 2
405 104 279 23 Petitionsbetänkande
700 105 46 22 N:o
762 105 33 21 11.

221 175 104 19 rättandet
348 174 21 19 af
383 175 114 19 folkskolor
519 175 51 18 skall
591 175 63 24 jemnt
675 174 77 24 fortgå;
768 185 27 4 —
811 173 38 20 och
866 174 21 19 sä
904 173 75 20 tillvida

220 205 22 17 är
257 203 37 19 allt
309 203 52 24 godt.

289 231 47 20 Men
354 237 23 14 en
394 237 65 14 annan
474 232 43 19 sida
532 231 63 20 måste
610 232 38 19 ock
665 231 120 23 framhållas,
802 231 37 20 och
855 231 34 19 det
904 233 22 18 är
942 231 37 19 den

220 262 53 17 ännu
296 261 75 23 ganska
390 260 81 25 knappa
485 260 94 23 aflöning,
595 266 41 13 som
652 259 125 21 folkskolans
793 260 64 19 lärare
873 260 36 19 och
925 260 54 19 lära-

220 289 70 20 rionor
305 289 25 24 pä
345 289 67 19 landet
427 289 82 24 åtnjuta.
540 289 36 19 Att
591 289 44 19 med
651 289 113 19 nuvarande
775 289 42 19 små
827 289 56 18 löner
893 289 86 19 existera

222 317 37 20 och
276 318 67 19 vidare
359 317 77 20 ntbilda
451 318 29 23 sig
496 320 22 17 är
533 317 31 20 för
574 318 44 19 dem
629 323 24 14 en
664 318 76 23 ganska
750 317 46 20 svår
805 317 84 24 uppgift.
900 317 79 19 hvarom

220 346 46 21 alla,
288 351 41 15 som
344 346 66 19 känna
425 346 140 20 förhällandet.
585 352 39 18 nog
644 347 58 19 torde
725 351 48 14 vara
793 346 65 23 eniga,
874 346 22 19 sä
911 349 29 16 att
956 351 23 14 en

220 375 69 19 vidare
310 375 114 24 utläggning
439 375 21 19 af
473 375 68 24 frägan
558 375 36 19 här
609 375 43 19 icke
668 375 58 19 torde
743 374 101 20 behöfvas.
874 374 35 20 Att
925 375 54 18 kom-

220 409 102 16 munerna,
346 409 42 15 som
410 409 26 14 nu
459 404 20 20 sä
503 403 102 25 frikostigt
626 404 94 20 bekostat
743 403 144 25 anläggningen
906 403 20 19 af
940 403 39 19 alla

222 432 60 19 dessa
296 438 40 18 nya
346 433 68 18 skolor
430 433 37 19 och
483 434 100 17 ensffmma
598 432 116 20 underhålla
730 433 50 22 dem,
795 432 44 19 icke
855 432 66 19 mäkta
934 432 45 23 höja

222 461 35 18 sitt
273 461 70 24 bidrag
358 461 31 19 till
404 461 101 20 lärarenes
521 461 37 20 och
575 461 149 19 lärarinnornas
741 461 63 22 löner,
820 461 57 18 torde
893 460 37 19 ock
946 466 33 13 en-

221 489 49 20 hvar
286 489 48 20 böra
348 489 68 20 kunna
431 490 48 19 inse.

291 518 40 19 Det
345 520 23 17 är
388 521 71 19 staten,
483 524 41 14 som
539 519 71 19 härvid
625 523 58 19 synes
699 519 39 23 mig
753 517 49 20 böra
818 519 57 18 träda
891 517 88 23 emellaa,

221 547 45 19 med
288 547 23 19 de
334 547 105 24 tillgängar
454 547 37 19 den
507 553 47 18 eger
569 547 6 19 i
591 547 196 22 brännvinsskatten,
803 547 79 19 hvilken
897 546 82 19 sälunda

222 575 46 20 bäst
283 575 38 20 kan
336 576 101 19 användas
452 575 38 20 och
505 578 58 22 göras
580 575 233 24 välsignelsebringande.

291 604 38 24 Jag
355 605 36 18 har
418 604 67 20 derför
510 607 48 16 trott
583 605 39 23 mig
643 605 49 18 böra
718 604 113 24 ödmjukast
855 604 80 23 föreslä,
951 606 28 16 att

221 633 149 24 Ridderskapet
392 633 38 20 och
453 633 64 19 Adeln
540 633 46 20 ville
608 633 31 19 för
660 634 30 18 sin
706 633 32 18 del
754 632 78 19 besluta
847 633 133 18 inlemnandet

222 661 21 19 af
258 667 23 13 en
298 662 123 23 underdänig
436 662 83 24 petition

498 725 33 14 om
540 718 92 27 lämplig
636 717 135 28 förhöjning
783 717 32 28 af
821 717 159 28 statsbidragen

430 747 35 20 till
487 746 225 28 folkskolelärarenes
737 745 38 22 och
801 746 179 20 -lärarinnornas

428 775 105 28 aflöning,

222 837 52 15 samt
290 833 80 24 inbjuda
386 834 24 18 de
426 833 63 24 öfriga
505 833 83 20 stånden
603 837 29 16 att
648 834 68 19 derom
732 834 30 23 sig
777 833 78 20 förena.

293 901 121 25 Helsingfors
431 902 38 20 den
485 903 12 18 5
513 902 96 20 Februari
625 902 63 20 1894.

674 969 101 23 Eduard
790 969 123 29 Hisinger.

292 1067 93 28 Nädiga
400 1067 179 28 Förordningen
595 1067 26 21 af
634 1067 44 21 den
696 1068 23 20 11
737 1067 46 28 maj
798 1067 53 21 1866
863 1067 119 28 angående

222 1101 192 28 organisationen
438 1101 26 21 af
481 1101 92 21 landets
594 1101 129 22 folkskolor
738 1101 101 28 stadgar,
857 1103 34 19 att
906 1101 77 21 lands-

222 1135 120 27 kommun,
357 1135 37 22 för
409 1135 25 22 sä
450 1135 51 22 vidt
515 1135 45 22 den
575 1135 85 22 önskar
675 1136 94 21 komma
784 1135 8 21 i
808 1135 136 29 ätnjutande
959 1135 26 22 af

222 1169 188 22 statsunderstöd
425 1169 36 22 för
477 1169 50 22 sina
542 1169 89 22 skolors
642 1169 130 28 underhäll,
781 1177 54 21 eger
842 1169 141 22 tillförsäkra

222 1203 179 22 folkskollärare
427 1203 58 22 eller
508 1204 118 21 lärarinna
655 1205 72 21 minst
755 1203 103 29 följande
884 1204 100 21 löneför-

222 1237 88 28 mäner,
326 1237 125 29 nämligen:
482 1239 41 20 tvä
537 1238 58 21 eller
609 1241 35 18 tre
659 1238 116 21 tunnland
791 1237 70 22 odlad
868 1238 59 29 jord,
938 1238 46 21 till-

220 1272 92 29 räcklig
338 1272 171 29 boningslokal,
534 1272 92 22 bränsle
647 1275 61 19 samt
729 1272 58 22 föda
809 1272 44 22 och
876 1272 50 21 bete
948 1272 36 22 för

222 1306 144 22 ätminstone
383 1313 28 14 en
427 1307 40 27 ko;
484 1307 43 21 och
535 1307 42 21 har
585 1307 73 21 under
667 1307 104 21 tidernas
779 1307 55 28 lopp
843 1306 80 22 blifvit
935 1307 50 21 sed-

221 1340 99 29 vanligt,
344 1343 36 19 att
402 1340 37 21 till
460 1341 67 21 dessa
541 1341 140 21 lönevillkor
698 1341 139 28 ytterligare
853 1341 65 28 fogas
933 1341 52 21 fritt

221 1374 59 29 lyse.
311 1374 119 29 Därjämte
452 1375 95 29 erlägga
563 1376 168 21 kommunerna
747 1375 24 22 ät
787 1375 50 22 sina
852 1374 74 23 lärare
941 1375 43 22 och

221 1409 133 22 lärarinnor
369 1417 29 14 en
414 1409 101 22 kontant
529 1409 109 30 aflöning,
654 1410 97 21 hvilken
767 1409 61 22 dock
843 1409 38 22 till
896 1409 41 22 sitt
946 1410 37 22 be-

293 1449 103 18 Aiiminne
408 1450 172 18 Besvärsuiskoiteis
592 1449 110 19 betankande:
714 1453 38 14 N:o
765 1453 18 14 8.
