1070 1795
309 162 259 23 Motionsbetänkande
584 163 43 22 N:o
641 163 20 22 7.
811 164 26 20 13

107 232 59 19 talad.
198 231 36 20 Om
257 232 113 25 legoaftalet
391 232 114 19 därutöfver
527 234 109 23 yttermera
651 233 101 18 bekräftar
766 233 100 24 legotaga-

108 267 47 13 rens
170 262 40 18 rätt
224 262 30 17 att
267 260 63 19 under
342 261 151 24 legostämman,
503 261 38 19 och
552 261 33 19 vid
596 261 98 24 återgång
705 261 20 19 af
737 261 130 25 legostämma

107 289 8 19 i
130 289 48 25 följd
193 289 20 19 af
228 289 194 25 tvångsförsäljning,
438 289 80 19 afverka
533 289 38 20 och
583 289 43 19 från
636 289 165 20 arrendemarken
812 290 53 19 bort-

108 318 42 19 föra
172 318 24 19 de
212 317 59 25 köpta
286 317 75 23 träden,
376 317 23 20 så
414 317 112 26 upphäfver
541 318 66 19 denna
622 318 119 19 bekräftelse
756 318 42 19 icke
813 318 53 25 lego-

108 346 80 20 aftalets
208 346 224 25 inteckningsgiltighet,
450 346 83 20 emedan
549 348 30 17 ett
595 346 70 20 sådant
680 346 138 25 medgifvande
833 347 33 19 be-

108 375 98 20 träffande
220 374 26 19 all
262 375 113 24 afkastning
389 375 20 18 af
422 375 44 24 jord
476 375 63 24 ligger
549 375 54 19 inom
614 375 156 19 aftalsfrihetens
781 375 85 20 område.

177 403 76 20 Genom
278 403 142 19 ofvanstående
443 403 146 25 framställning
611 409 60 14 anser
692 403 32 25 jag
747 403 40 25 mig
808 404 59 19 hafva

109 432 110 25 ådagalagt,
238 433 30 18 att
283 432 25 19 de
323 432 32 19 vid
371 432 38 25 köp
424 432 20 19 af
459 432 171 25 skogstillgångar
644 432 30 19 för
688 432 179 19 trävaruindstrins

108 461 59 19 behof
182 460 92 25 brukliga
284 460 315 25 skogsafverkningskontrakten,
612 461 76 19 medels
699 461 67 18 hvilka
777 461 90 19 växande

109 489 50 25 skog
180 489 30 19 till
227 489 54 18 vissa
296 489 134 19 dimensioner
445 489 43 19 från
504 495 26 13 en
544 489 138 25 jordlägenhet
697 489 89 25 försäljas
802 489 26 25 på
842 495 25 14 en

109 517 69 25 längre
197 517 48 20 eller
264 517 78 20 kortare
357 517 162 25 afverkningstid,
535 517 60 25 jemte
610 518 34 19 det
659 517 69 26 säljare
744 518 36 19 och
796 518 71 25 köpare

108 546 7 19 i
138 552 76 13 samma
235 546 91 19 kontrakt
341 552 72 19 genom
429 548 29 17 ett
473 548 61 17 annat
549 546 139 19 koordineradt
703 546 48 19 aftal
766 547 101 19 öfverens-

109 575 79 19 komma
211 581 32 13 om
266 574 130 25 upplåtandet
416 574 21 19 åt
452 575 86 24 köparen
553 575 20 18 af
587 581 25 12 en
628 575 42 19 viss
685 575 127 24 besittnings-
829 575 37 19 och

108 603 108 25 nyttjorätt
232 603 30 20 till
278 603 150 24 skogsområdet
443 603 6 19 i
464 603 57 25 fråga
536 603 29 20 för
577 603 189 25 afverkningstiden,
777 605 54 18 emot
841 609 24 14 en

109 632 42 19 viss
173 633 37 18 och
226 631 77 25 verklig
318 631 50 25 årlig
382 631 50 25 lega,
448 634 52 17 samt
516 632 116 25 derigenom
648 632 115 25 ytterligare
778 632 89 19 bekräfta

108 660 98 25 köparens
230 660 37 20 och
288 660 137 25 legotagarens
447 662 40 17 rätt
505 662 30 17 att
549 661 65 18 under
628 660 144 25 legostämman
787 661 80 18 afverka

109 689 37 19 och
168 689 86 20 bortföra
270 689 24 18 de
309 689 59 24 köpta
383 689 77 24 träden,
475 689 69 19 kunna
559 689 38 19 och
613 689 46 19 böra
674 689 45 19 med
734 689 44 24 laga
793 689 74 25 påföljd

109 717 26 26 på
151 717 67 20 därom
234 717 66 26 gjordt
314 717 89 24 yrkande
418 717 20 19 af
452 717 169 20 kontrahenterna
636 717 104 20 intecknas
753 717 7 20 i
771 717 96 26 säljarens

110 746 38 19 och
169 746 147 25 legogifvarens
332 746 100 24 fastighet,
448 745 66 20 såvidt
529 747 34 18 det
577 748 33 17 rör
625 746 119 25 legoaftalet.
773 746 94 19 Domsto-

109 775 45 19 lens
169 775 129 19 fastställelse
313 774 19 19 af
347 774 141 25 inteckningen
504 775 35 19 bör
553 775 51 19 dock
619 775 119 19 formuleras
754 774 21 19 så
789 776 30 18 att
833 781 35 13 en-

109 803 46 20 dast
176 803 115 25 legoaftalet
311 803 60 25 jemte
393 803 47 19 dess
460 803 65 19 vilkor
546 803 114 25 inbegripas
676 803 29 19 uti
720 803 148 25 inteckningen.

110 831 29 20 På
154 832 113 19 domstolen
282 831 114 20 ankommer
410 831 44 20 icke
469 833 30 18 att
509 832 115 25 preventivt
636 832 69 25 pröfva
716 833 65 23 annat,
793 833 26 18 än
828 831 39 20 frå-

109 866 45 19 gan,
176 860 101 19 huruvida
298 866 25 13 en
346 860 70 25 skälig,
438 860 192 19 ortsförhållandena
649 861 37 18 och
701 860 24 19 de
741 860 126 25 legotagaren

109 889 146 19 tillförsäkrade
270 888 241 25 nyttjorättsförmånerna
527 891 52 17 samt
593 889 25 19 de
633 889 20 18 af
664 889 116 24 jordegaren
791 889 76 18 undan-

110 919 60 23 tagna
191 917 126 20 förmånerna
339 917 62 25 något
424 917 22 20 så
469 919 36 18 när
523 917 142 19 motsvarande
680 917 50 25 årlig
746 917 42 25 lega
805 917 63 19 blifvit

110 946 62 19 utfäst
188 946 4 19 i
208 945 118 26 legoaftalet.
356 945 31 20 Då
402 946 128 25 legotagaren
545 946 42 19 icke
603 945 87 26 åtnjuter
705 946 45 19 hela
763 945 105 20 förmånen

110 974 21 19 af
146 975 155 24 skogsmarkens
316 974 190 25 alstringsförmåga,
522 976 48 17 utan
580 974 116 25 jordegaren
707 975 30 18 för
749 975 31 24 sig
790 974 77 19 undan-

111 1005 55 23 tager
181 1003 17 25 ej
215 1003 85 19 allenast
315 1002 23 20 de
350 1003 70 19 osålda
430 1003 81 19 trädens
522 1003 81 19 tillväxt
615 1006 49 16 utan
676 1003 59 19 äfven
746 1004 122 23 gräsväxten

110 1031 12 19 å
145 1031 81 19 marken
248 1032 86 19 förutom
352 1031 62 19 andra
429 1031 106 25 förmåner,
550 1031 39 19 kan
605 1031 39 20 den
658 1031 62 25 årliga
734 1031 91 25 afgälden
839 1031 30 20 för

110 1059 139 26 legotagarens
264 1060 135 25 begränsande
414 1060 108 25 nyttjorätt
537 1061 48 18 utan
596 1060 56 19 oskäl
662 1060 119 25 uppskattas
792 1059 77 25 ganska

112 1088 42 25 lågt
169 1089 6 18 i
191 1089 66 18 värde.

181 1117 65 20 Sedan
268 1117 141 25 inteckningen
432 1117 26 25 på
476 1117 60 20 dessa
550 1117 74 25 lagliga
639 1117 87 25 grunder
741 1117 65 19 blifvit
821 1117 48 19 fast-

111 1145 59 23 stäld,
192 1147 22 17 är
236 1145 196 25 nyttjorättsaftalets
454 1146 85 19 bestånd
557 1146 95 25 tryggadt
668 1147 53 18 emot
736 1151 27 19 ny
778 1151 58 19 egare
851 1145 19 19 af

111 1174 121 25 fastigheten
255 1174 37 19 och
314 1174 126 25 legotagaren
461 1174 89 25 åtnjuter
564 1175 6 18 i
585 1175 128 24 jordegarens
728 1174 87 19 konkurs
831 1174 39 19 den

111 1202 127 20 förmånsrätt
253 1202 33 25 lag
300 1209 32 12 om
347 1203 118 19 intecknade
481 1203 167 24 nyttjorättsaftal
660 1202 80 20 förmår.
764 1203 28 18 De
804 1202 66 20 vidare

113 1230 124 26 påföljderna
252 1231 20 19 af
287 1231 159 25 skogsköparens
462 1231 37 20 och
514 1231 139 26 legotagarens
668 1231 117 19 intecknade
801 1231 69 19 besitt-

112 1259 68 25 nings-
203 1260 36 19 och
262 1259 106 26 nyttjorätt
390 1259 26 26 på
432 1260 133 25 skogsköpets
581 1259 84 20 bestånd
680 1260 38 19 och
732 1259 137 25 afverknings-

116 1290 77 17 rättens
216 1288 117 24 realisation,
357 1290 22 17 är
402 1295 24 13 en
451 1295 47 12 cura
513 1289 103 24 posterior,
632 1289 81 18 hvarom
728 1288 93 19 domaren
837 1287 34 20 vid

114 1317 154 24 inteckningens
292 1317 111 25 beviljande
415 1317 17 25 ej
448 1319 21 17 är
485 1317 73 25 pligtig
573 1319 29 18 att
617 1317 94 24 bekymra
726 1317 36 24 sig.
791 1316 80 19 Tvister

112 1345 68 19 kunna
195 1345 151 25 otvifvelaktigt,
362 1345 26 19 dä
403 1346 143 24 egareombyte
561 1346 89 18 inträffar
663 1345 48 19 eller
720 1345 26 19 dä
755 1345 117 25 jordegaren

112 1375 36 22 gör
169 1374 96 24 konkurs,
289 1373 75 26 uppstå
379 1374 82 19 rörande
481 1374 139 25 mängahanda
635 1373 161 26 rättsspörjsmäl,
811 1372 61 21 bland

113 1402 68 19 hvilka
196 1402 32 19 mä
244 1405 116 17 omnämnas
376 1403 95 24 följande:
489 1403 40 25 1:0)
544 1403 100 19 huruvida
659 1403 39 18 den
712 1401 87 20 försälda
813 1401 58 20 delen

112 1431 21 18 af
147 1431 76 24 skogen
238 1437 71 18 genom
324 1431 98 25 köparens
437 1431 126 20 förvärfvade
578 1431 130 24 hesittnings-
718 1431 37 19 och
765 1430 108 25 nyttjorätt

113 1459 30 18 till
166 1459 142 25 skogsmarken
330 1460 66 19 blifvit
418 1460 46 19 med
487 1460 40 19 den
545 1460 53 19 kraft
612 1459 38 20 och
665 1459 74 20 verkan
753 1459 7 19 i
775 1459 98 25 köparens

183 1509 131 22 Lagutskottets
326 1509 112 18 betänkande
451 1510 37 17 N:o
500 1510 26 17 11.
