1070 1795
240 119 14 20 6
400 118 277 23 Petitionsbetänkande
692 119 46 22 N:o
754 118 37 23 21.

286 186 45 22 Vid
354 186 70 22 ofvan
446 187 97 21 anförda
567 187 84 28 belopp
674 187 129 22 bibehöllos
825 186 148 29 afgifterna
961 182 15 38 i

211 221 63 21 våra:
293 221 107 21 läroverk
421 221 61 21 ända
500 221 49 21 tills
574 223 54 20 1872
648 222 36 21 års
700 222 155 27 skolordning
870 221 103 24 trädde
963 216 15 37 i

210 255 112 28 gällande
338 255 69 22 kraft.
437 256 11 21 I
464 255 52 22 dess
533 257 26 20 24
576 255 42 22 och
634 257 27 20 25
677 257 23 26 8$
712 256 128 21 fastställes
850 255 37 22 för
897 256 76 28 lyceer

213 289 45 22 och
273 289 238 22 fruntimmersskolor
525 290 255 28 inskrifningsafgiften
797 290 36 21 till
849 292 12 20 6
873 290 45 25 mk,
929 292 44 19 ter-

213 324 163 28 minsafgiften
398 324 36 21 till
457 326 27 19 20
507 325 46 26 mk,
573 332 51 13 men
644 325 36 21 för
696 325 44 21 den
757 325 139 28 sjuklassiga
911 324 62 22 frun-

212 359 188 21 timmersskolan
416 359 7 20 i
439 359 146 28 Helsingfors
601 359 63 28 höjes
676 359 44 21 den
733 367 82 14 senare
826 359 98 28 afgiften
937 359 36 21 till

211 394 29 20 40
264 393 45 21 mk.
340 393 54 21 Med
416 393 91 29 hänsyn
528 393 36 21 till
580 393 86 22 sådana
682 393 49 25 fall,
748 393 29 22 då
793 394 40 21 två
849 394 56 21 eller
919 393 54 22 flere

211 427 89 28 syskon
316 427 106 28 liktidigt
437 428 84 21 besöka
537 436 89 13 samma
640 428 114 27 läroverk,
771 428 101 28 stadgas,
888 431 34 19 att
935 436 38 14 en-

212 461 54 22 dast
290 461 36 22 för
348 469 29 14 en
400 461 26 22 af
444 462 52 21 dem
517 462 90 21 betalas
622 462 45 27 hel,
683 470 53 13 men
751 462 38 21 för
804 463 87 20 enhvar
907 463 25 21 af
945 462 28 22 de

211 495 79 29 öfriga
305 495 51 22 half
366 496 172 29 terminsafgift.
562 497 120 28 Därjämte
696 497 155 21 öfverlemnas
866 497 37 21 till
914 497 59 21 skol-

212 530 80 21 rådets
314 531 110 28 pröfning
447 531 43 21 och
512 531 133 28 afgörande,
665 534 35 19 att
714 532 31 27 på
760 531 77 28 grund
853 531 26 22 af
891 531 82 22 utredd

213 565 122 28 synnerlig
350 565 124 29 fattigdom
490 565 86 29 bevilja
591 566 83 26 elever,
690 566 36 21 till
743 569 34 18 ett
793 566 64 21 antal
870 565 25 22 af
905 565 68 28 högst

212 601 14 20 8
243 600 31 27 på
288 599 80 29 hvarje
384 600 68 25 klass,
468 600 107 21 befrielse
591 600 51 21 från
658 600 109 29 samtliga
783 600 153 29 skolafgifter.

283 634 28 21 N.
333 634 204 29 Förordningarna
553 634 26 21 af
591 634 44 22 den
652 637 26 19 23
695 635 94 28 augusti
807 635 53 21 1883
876 634 97 21 rörande

213 668 276 22 elementarläroverkens
513 669 158 28 organisation
694 671 60 19 samt
777 669 27 21 af
824 669 44 21 den
890 670 25 20 27
932 675 41 15 no-

213 702 96 22 vember
325 704 54 20 1885
396 703 119 28 angående
527 703 136 21 läroverken
674 703 36 22 för
720 703 197 28 qvinnobildning
928 703 45 22 för-

213 737 75 21 ändra
311 737 8 21 i
340 738 78 27 någon
440 738 54 21 mån
516 738 70 21 ofvan
609 737 97 22 anförda
729 738 180 28 bestämningar.
939 738 34 21 På

213 772 78 28 grund
315 772 24 21 af
364 772 66 21 dessa
452 772 170 29 förordningar,
645 772 80 21 hvilka
748 772 75 21 delvis
849 776 62 17 ännu
934 775 39 18 äro

214 806 118 28 gällande,
348 807 105 28 erlägges
466 807 8 20 i
485 806 226 29 inskrifningsafgift
722 807 40 20 vid
773 807 84 27 lyceer,
869 807 106 21 fruntim-

216 841 140 21 mersskolor
372 841 42 21 och
430 840 275 29 fortbildningsläroverk
722 842 26 20 10
765 841 46 26 mk,
827 841 8 20 i
846 841 130 22 terminsaf-

214 875 48 28 gift
284 875 39 21 vid
347 875 77 28 lyceer
447 877 27 20 20
489 875 46 25 mk,
551 875 40 21 vid
607 875 240 22 fruntimmersskolor
861 877 28 20 40
905 875 70 27 mark,

214 909 42 22 vid
272 909 276 29 fortbildningsläroverk
564 911 27 20 80
607 910 45 21 mk.
679 909 150 22 Beträffande
840 910 88 21 antalet
938 910 39 21 fri-

215 944 79 21 elever
309 944 115 21 förblefvo
435 944 104 21 däremot
549 944 99 29 tidigare
660 944 146 29 stadganden
818 944 159 21 oförändrade.

286 978 46 22 Vid
357 980 53 20 1888
432 979 36 21 års
490 979 113 28 landtdag
618 979 143 21 inlemnades
778 979 36 21 till
830 979 89 21 Preste-
935 979 44 21 och

215 1013 199 28 Borgareståndet
437 1016 81 18 trenne
540 1013 200 28 petitionsförslag
763 1013 98 21 rörande
881 1013 48 21 dels
944 1015 35 20 så-

219 1047 46 21 dan
281 1048 137 28 förändring
433 1048 26 21 af
472 1048 156 21 ofvannämda
644 1047 153 29 stadganden,
815 1051 49 22 ,att
879 1055 36 14 om
926 1048 52 21 icke

216 1081 47 22 alla
278 1083 122 28 verkligen
417 1082 141 21 meddellösa
574 1083 76 20 elever
665 1083 80 20 kunna
757 1083 52 20 från
820 1082 158 29 skolafgifters

216 1116 143 29 erläggande
383 1117 91 26 befrias,
498 1117 75 21 såsom
597 1117 103 28 önskligt
716 1124 62 19 vore,
795 1116 109 29 gällande
920 1117 60 21 skol-

216 1150 114 29 ordnings
346 1152 27 21 25
390 1151 11 28 $
417 1151 76 21 blefve
508 1151 125 22 förändrad
648 1151 96 26 därhän,
756 1154 36 18 att
803 1151 26 21 af
839 1151 79 28 hvarje
928 1152 52 21 sko-

216 1187 37 21 las
278 1185 116 21 elevantal
417 1185 73 29 tredje
512 1185 67 22 delen
601 1185 55 22 eller
676 1185 141 22 åtminstone
834 1186 62 26 30",
911 1185 69 29 finge,

216 1219 43 22 där
285 1219 111 22 behofvet
421 1220 39 21 det
484 1219 112 29 päkallar,
620 1219 84 22 befrias
720 1219 54 22 från
795 1219 142 29 erläggande
957 1220 27 21 af

218 1253 103 22 nämnda
336 1254 114 28 afgifter*,
466 1254 49 21 dels
531 1254 7 21 i
551 1255 61 27 syfte
623 1257 46 24 ,att
679 1254 227 28 terminsafgifterna
916 1254 8 21 i
934 1256 48 19 sta-

216 1291 55 18 tens
296 1288 133 21 flickskolor
450 1288 117 21 nedsattes
590 1288 36 22 till
641 1296 89 13 samma
746 1288 85 29 belopp
847 1295 49 14 som
911 1288 9 21 i
935 1290 47 19 sta-

217 1326 53 17 tens
295 1323 98 27 lyceer*.
423 1323 125 21 Allmänna
566 1323 223 26 Besvärsutskottet,
806 1322 37 21 till
858 1322 69 21 hvars
944 1322 37 21 be-

219 1356 117 29 handling
352 1357 66 21 dessa
433 1357 87 28 förslag
536 1356 77 22 blefvo
628 1356 157 28 remitterade,
801 1356 109 22 framhöll
920 1356 9 21 i
940 1356 41 22 sitt

218 1391 72 22 däraf
303 1391 136 22 föranledda
454 1391 153 27 betänkande,
624 1395 34 18 att
674 1391 44 22 den
734 1392 8 21 i
759 1391 40 22 det
814 1390 59 23 först
883 1390 100 22 anförda

218 1426 258 31 petitionsmemorialet
490 1426 122 21 förordade
628 1426 116 21 reformen
760 1426 93 21 komme
869 1428 36 19 att
920 1425 64 22 med.

288 1466 102 18 Allmänna
403 1466 168 18 Besvärsutskottets
584 1466 111 17 betänkande
708 1467 38 16 N:o
760 1465 29 18 10.
