1070 1795
262 160 276 23 Petitionsbetänkande
554 160 45 23 N:o
614 161 37 21 41.
779 162 24 19 17

438 508 33 22 IL.

148 577 70 21 Ense
245 577 56 22 med
328 577 189 28 Lagutskottets
541 577 82 21 flertal
642 577 86 22 derom
748 578 35 20 att
802 577 31 21 de

78 611 47 22 här
151 611 7 22 i
183 611 85 22 landet
295 611 74 22 födde
394 611 58 22 eller
477 611 78 22 sedan
574 611 87 28 längre
681 611 35 22 tid
735 611 98 22 bosatte

78 645 126 22 mosaiska
223 645 244 22 trosbekännarenes
479 646 126 28 ställning,
620 645 26 22 så
657 646 50 21 fort
720 646 38 27 sig
771 646 62 28 göra

77 680 71 26 låter,
174 680 46 21 bör
247 687 90 22 genom
365 680 42 29 lag
434 680 94 22 ordnas
557 681 63 21 samt
644 681 35 21 att
697 681 46 21 hos
762 679 71 23 Hans

79 714 140 29 Kejserliga
238 715 115 28 Majestät
372 715 78 21 borde
470 715 7 21 i
496 715 203 28 underdånighet
719 714 113 22 anhållas

78 755 40 16 om
136 749 89 28 nådigt
242 749 107 22 initiativ
368 749 35 22 till
423 756 30 15 en
472 749 150 28 författning
640 749 7 21 i
662 749 90 22 sådant
767 749 65 28 syfte

79 784 35 21 att
140 790 40 15 om
200 783 20 28 ej
242 783 154 22 omedelbart
414 783 210 29 medborgarrätt,
640 783 26 22 så
682 783 150 22 åtminstone

78 818 49 21 rätt
146 817 35 22 till
200 817 152 29 bosättning,
377 818 268 29 näringsverksamhet
664 818 45 21 och
728 818 32 21 fri
779 818 54 21 reli-

78 852 162 29 gionsöfning
268 852 55 22 dem
349 852 174 26 tillförsäkras,
552 853 50 21 kan
630 853 44 28 jag
696 853 63 21 dock
778 853 53 21 icke

78 893 60 15 anse
158 887 36 21 att
216 886 155 23 Ständernas
392 887 186 28 framställning
597 887 79 22 borde
695 887 83 22 härtill
797 887 35 21 in-

77 921 132 27 skränkas.

146 955 55 22 Den
221 955 126 29 ställning,
371 962 53 15 som
443 955 39 22 för
501 955 160 22 närvarande
680 962 91 21 genom
791 956 40 21 ad-

77 989 167 22 ministrativa
263 990 118 29 åtgärder
399 990 102 21 beredts
520 990 83 21 denna
616 1003 33 1 —
662 990 34 21 låt
711 990 45 21 ock
769 997 63 14 vara

78 1037 33 2 —
130 1024 59 29 föga
208 1024 90 22 talrika
316 1024 155 29 befolkning,
484 1025 27 20 är
530 1024 114 22 hvarken
655 1024 107 29 förenlig
775 1025 55 21 med

77 1058 98 22 landets
194 1059 133 21 rättsskick
347 1059 59 21 eller
424 1059 57 21 med
501 1059 57 21 dess
580 1059 250 27 kulturståndpunkt.

146 1093 75 22 Hvad
249 1093 118 22 särskildt
385 1093 31 22 de
434 1093 116 28 rättsliga
569 1093 191 28 synpunkterna
779 1093 52 22 vid-

78 1127 112 22 kommer
209 1127 69 22 delar
304 1128 44 28 jag
374 1127 54 22 icke
458 1127 49 22 den
527 1127 25 22 af
570 1127 188 28 Lagutskottets
777 1127 56 22 fler-

79 1161 34 22 tal
140 1161 136 22 omfattade
303 1162 45 21 och
375 1162 39 21 för
442 1162 76 28 öfrigt
545 1162 98 28 ganska
668 1162 103 21 allmänt
794 1162 37 21 rå-

79 1196 83 21 dande
190 1196 97 29 åsigten
307 1198 35 20 att
362 1196 67 22 1779
450 1196 41 21 års
510 1196 208 29 riksdagsbeslut,
739 1196 90 29 Kongl.

78 1230 169 29 kungörelsen
266 1231 49 22 den
334 1231 33 21 24
386 1231 56 22 Jan.
466 1231 65 21 1781
553 1231 45 21 och
619 1231 66 21 1782
706 1231 40 21 års
762 1231 69 28 jude-

78 1265 151 28 reglemente
248 1265 85 22 kunna
353 1265 124 28 åberopas
497 1265 35 22 till
551 1265 56 22 stöd
625 1265 39 22 för
683 1265 48 22 den
750 1265 81 22 under

79 1300 99 21 senaste
208 1299 147 22 decennium
382 1299 123 28 vidtagna
536 1299 110 29 regimen
671 1299 160 22 beträffande

79 1333 31 21 de
120 1333 125 22 mosaiske
256 1334 240 21 trosbekännarene.
525 1334 86 21 Detär
629 1333 41 22 väl
689 1333 88 29 riktigt
796 1335 35 20 att

78 1367 74 22 dessa
178 1368 245 29 lagstiftningsakter
442 1368 146 22 förmenade
610 1368 56 21 dem
685 1368 146 29 bosättning

77 1402 8 21 i
113 1402 48 22 den
188 1402 41 22 del
256 1403 26 21 af
309 1402 118 29 Sveriges
455 1403 62 25 rike,
547 1409 52 15 som
618 1402 107 22 Finland
744 1403 32 21 då
795 1404 36 20 ut-

77 1437 97 28 gjorde.
196 1437 57 22 Men
264 1437 62 22 efter
336 1437 120 22 Finlands
467 1437 125 28 skiljande
603 1437 55 21 från
671 1436 104 29 Sverige
786 1437 45 21 och

77 1471 58 22 vårt
160 1471 74 22 lands
262 1471 130 22 ordnande
420 1471 36 22 till
485 1478 30 15 en
543 1472 49 21 stat
616 1471 39 22 för
674 1471 39 28 sig
731 1471 100 22 kommo

146 1513 129 23 Lagutskottets
288 1514 109 18 betänkande
410 1516 36 15 N:o
459 1515 28 16 12.
755 1514 10 17 2
