1070 1795
240 129 26 20 10
405 128 277 23 Petitionsbetänkande
701 129 46 22 N:o
763 129 36 22 16.

210 195 8 21 i
234 195 45 22 den
295 203 31 14 nu
341 197 109 28 gällande
465 197 29 21 K.
510 197 179 29 Förordningen
706 197 26 21 af
745 197 44 21 den
805 199 11 19 2
825 197 67 28 April
906 197 59 27 1883,

210 230 121 28 angående
346 231 138 22 lösdrifvare
500 231 43 22 och
553 231 67 22 deras
632 231 152 29 behandling,
795 231 96 22 hvilken
903 230 64 22 affat-

210 266 46 19 tats
278 265 8 20 i
309 265 104 28 enlighet
436 265 52 22 med
508 268 88 19 tvänne
611 265 115 22 särskilda
739 265 40 22 vid
796 266 112 21 1877—78
924 265 43 22 och

212 299 55 20 1882
290 299 36 21 års
348 299 113 30 landtdag
483 300 36 21 till
543 300 131 21 Ständerna
697 299 172 22 öfverlemnade
885 299 43 22 och
944 299 25 22 af

210 331 68 23 dem
263 327 16 40 i
287 333 132 22 hufvudsak
428 334 123 29 godkända
562 334 86 29 nådiga
659 335 177 28 propositioner,
847 337 25 18 är
882 333 85 28 ifråga-

210 367 103 22 varande
335 368 128 29 stadgande
487 376 36 14 om
547 369 125 28 zigenarne
694 369 118 25 uteslutet,
831 369 44 21 och
890 368 76 21 desses

209 401 108 29 rättsliga
334 403 246 29 undantagsställning
599 403 89 21 således
703 402 112 30 upphäfd.
844 403 41 22 Uti
901 403 66 21 moti-

210 442 73 14 verna
298 436 36 21 till
350 436 44 22 den
407 438 39 21 vid
459 439 111 20 1877—78
582 438 36 21 års
629 438 113 27 landtdag
756 437 119 28 förelagda
885 444 82 21 propo-

210 469 101 22 sitionen
326 470 134 23 framhålles
475 472 166 28 uttryckligen,
658 474 34 19 att
708 472 123 28 zigenarne
847 471 7 21 i
877 470 89 22 författ-

210 503 182 30 ningsförslaget
403 506 101 21 likstälts
515 506 52 21 med
576 507 75 27 öfriga
659 513 116 20 personer,
783 505 97 22 emedar
889 505 78 28 någon

210 537 72 30 giltig
304 539 127 30 anledning
453 543 36 19 att
511 541 79 21 vidare
606 541 117 21 bibehålla
739 541 89 21 olikhet
842 541 8 20 i
866 539 100 22 behand-

210 571 110 30 lingssätt
335 574 37 21 för
386 575 62 21 vissa
463 575 132 28 kategorier
610 575 26 21 af
649 582 109 21 personer
773 575 20 28 ej
810 577 88 19 ansetts
908 574 59 21 före-

208 605 84 29 finnas,
307 609 135 27 isynnerhet
457 617 48 14 som
521 610 273 28 straffbestämningarna
809 613 40 18 äro
864 609 103 21 latitudi-

212 644 58 18 nära
286 642 41 21 och
338 643 148 30 följaktligen
497 645 79 20 kunna
587 644 58 21 efter
656 644 229 28 omständigheterna
895 646 72 19 utmä-

209 677 46 26 tas;
279 676 95 23 hvilken
398 678 89 29 princip
510 681 127 26 yttermera
652 679 7 20 i
677 680 54 20 1882
748 679 36 20 års
799 678 145 29 proposition
959 677 8 22 i

210 709 95 23 korthet
319 719 121 22 upprepas.
471 713 141 28 Zigenarnes
627 713 109 28 rättsliga
750 712 137 22 likstäldhet
897 713 8 20 i
915 712 52 21 vårt

209 743 56 23 land
288 745 51 22 med
362 753 109 22 personer
493 747 26 21 af
539 755 77 14 annan
638 755 37 14 ras
694 747 129 21 utsträckes
839 746 128 22 emellertid

210 778 76 29 enligt
307 780 109 28 gällande
438 781 167 29 författningar
627 781 51 22 icke
701 781 37 22 till
760 781 8 22 i
790 781 107 21 utlandet
911 788 55 21 upp-

210 819 78 16 vuxne
311 815 115 28 zigenare,
448 816 35 28 ity
506 818 34 19 att
562 816 8 21 i
592 816 29 22 K.
644 815 179 29 Förordningen
841 815 26 22 af
880 815 44 22 den
939 816 26 21 27

210 847 59 22 Juni
294 850 61 25 1888,
378 850 120 28 angående
513 857 53 22 pass
583 850 19 29 ej
619 850 89 21 mindre
723 850 37 22 för
774 850 74 21 finske
864 849 103 22 medbor-

210 889 56 20 gare
288 886 34 19 att
337 884 95 29 begifva
447 885 36 28 sig
498 885 94 27 utrikes,
609 889 29 17 än
654 885 42 22 ock
712 885 36 22 för
763 885 150 28 utländingar
927 884 40 21 vid

209 923 65 14 resor
289 917 37 22 till
342 919 43 21 och
400 919 61 22 ifrån
476 920 102 21 Finland
593 922 60 19 samt
668 919 94 22 vistelse
774 919 127 26 härstädes,
912 919 55 22 fort-

210 949 97 24 farande
324 953 132 22 bibehållits
473 954 38 21 det
525 954 9 21 i
551 955 54 21 1862
622 954 35 21 års
668 953 193 29 passförordning
870 953 97 29 intagna

210 985 148 29 stadgandet,
384 991 34 18 att
434 989 127 28 ,zigenare,
577 995 49 15 som
642 988 97 21 anländt
754 988 52 21 från
821 988 88 21 utrikes
924 990 43 25 ort,

210 1019 31 26 fä,
257 1027 38 15 om
311 1021 27 22 de
354 1022 43 21 ock
413 1025 39 19 äro
468 1023 126 28 behörigen
609 1022 141 29 förpassade,
765 1022 52 21 icke
827 1022 141 21 kvarstanna

210 1054 8 21 i
242 1054 87 29 landet,
356 1059 57 19 utan
438 1057 72 28 skola,
535 1057 78 21 därest
635 1057 28 21 de
687 1057 19 28 ej
723 1057 31 28 pä
769 1057 126 28 tillsägelse
911 1057 57 21 äter-

210 1089 86 27 vända,
311 1090 84 22 sändas
411 1091 97 22 tillbaka
524 1091 66 22 öfver
605 1094 114 25 gränsen*
736 1092 19 27 ($
773 1093 42 25 11).

280 1124 90 22 Försök
383 1128 35 19 att
428 1125 86 22 medels
523 1126 174 21 extraordinära
707 1125 108 29 ätgärder
825 1125 74 22 förmä
907 1125 62 29 zige-

211 1164 80 20 narne,
307 1159 81 22 hvilka
403 1160 8 21 i
426 1161 53 20 vårt
495 1160 55 21 land
558 1160 97 21 likasom
668 1163 84 18 nästan
761 1159 109 22 öfverallt
877 1159 50 22 föra
935 1162 34 19 ett

210 1193 125 22 mestadels
360 1194 197 29 kringstrykande
582 1195 43 21 och
647 1195 121 28 sysslolöst
787 1194 34 27 lif,
837 1197 35 19 att
886 1194 83 29 frångå

211 1226 68 22 dessa
304 1228 50 21 sina
380 1229 171 28 lefnadsvanor,
579 1229 70 22 hafva
674 1232 82 18 trenne
778 1229 89 28 gånger
891 1228 78 22 blifvit

210 1261 84 29 gjorda
309 1262 63 22 inom
387 1263 220 29 representationen.
632 1263 46 22 Vid
691 1265 142 21 1863—1864
845 1264 36 21 års
893 1263 76 22 landt-

211 1295 47 29 dag
273 1296 144 23 inlemnades
433 1297 8 22 i
456 1297 83 22 sådant
554 1298 62 28 syfte
631 1298 37 21 till
683 1297 176 22 Presteståndet
870 1300 34 19 ett
913 1297 57 29 peti-

210 1330 185 22 tionsmemorial
411 1339 37 14 om
463 1332 154 28 bibringande
632 1332 27 21 af
672 1332 94 28 kristlig
777 1331 139 29 uppfostran
926 1331 43 21 och

210 1364 171 30 undervisning
396 1366 24 21 åt
435 1368 124 27 zigenarne
574 1366 8 22 i
597 1366 85 28 landet,
698 1366 92 22 hvilket
805 1365 59 22 efter
879 1373 29 14 en
917 1365 9 21 i
936 1367 34 20 ett

211 1399 92 22 sakrikt
328 1400 147 22 betänkande
489 1401 161 28 utmynnande
666 1400 145 29 behandling
827 1400 26 21 af
865 1399 104 23 ståndets

210 1433 116 20 Enskilda
340 1435 191 21 Resvärsntskott
546 1435 43 29 gaf
603 1435 126 29 anledning
745 1435 33 21 till
789 1442 28 14 an
831 1434 139 29 ståndsnati-

280 1474 105 18 Allmänna
396 1474 171 19 Besvärsutskottets
579 1475 110 18 betänkande
700 1475 38 17 N:o
750 1475 28 17 14.
