1070 1795
291 169 260 24 Motionsbetänkande
566 169 46 23 N:o
627 169 23 23 2.
795 171 24 20 11

95 232 63 26 1892,
180 234 103 24 angäende
305 233 95 25 rättighet
421 236 29 17 att
469 234 26 24 pä
514 234 69 19 landet
602 233 83 25 försälja
700 234 36 20 och
752 234 99 20 utskänka

93 262 142 24 maltdrycker,
251 263 56 19 skola
322 263 75 20 erhälla
412 262 87 24 följande
515 263 86 24 lydelse;

448 359 10 25 s
475 358 33 21 12.

160 416 18 25 Å
193 422 97 20 värdshus
305 422 25 23 pä
345 422 73 25 landet,
435 428 41 13 som
487 422 30 20 för
527 422 187 20 tillfredsställande
725 422 21 20 af
755 423 94 19 trafikens

93 450 66 26 behof,
174 450 64 20 finnas
253 451 105 25 inrättade,
373 453 23 17 är
408 451 135 24 utskänkning
553 451 22 19 af
584 451 134 24 maltdrycker
728 451 57 20 äfven
796 452 53 19 med-

93 479 72 23 gifven.
196 479 41 19 För
252 479 60 24 öfrigt
326 485 45 14 vare
387 479 134 24 utskänkning
535 479 22 20 af
571 480 19 19 öl
605 479 50 20 eller
670 483 68 21 porter
748 480 25 24 pä
783 481 67 19 landet

93 507 44 20 icke
153 507 83 20 tilläten.

441 582 11 23 8
470 581 32 20 14.

164 638 10 19 I
196 638 107 20 allmänhet
322 639 30 19 mä
372 639 117 24 försäljning
508 639 21 19 af
544 639 19 19 öl
579 639 48 19 eller
639 641 69 22 porter
722 639 30 19 till
767 638 82 20 afhemt-

95 667 47 24 ning
163 669 50 18 samt
233 667 133 24 utskänkning
387 667 21 20 af
427 668 58 19 dessa
505 667 86 24 drycker
610 667 88 24 försiggä
716 668 69 19 endast
806 667 43 20 frän

96 696 84 19 klockan
197 701 35 14 sex
247 701 31 14 om
294 701 104 18 morgonen
414 696 30 19 till
460 696 86 19 klockan
561 696 34 19 nio
610 701 31 14 om
653 696 87 23 aftonen,
750 702 43 13 men
805 697 44 19 icke

95 725 45 19 frän
156 725 98 23 sistsagda
269 724 102 25 klockslag
386 725 62 23 dagen
460 725 42 19 före
514 727 44 17 sön-
569 725 49 19 eller
630 725 85 24 helgdag
725 725 29 18 till
765 725 84 19 klockan

95 759 35 14 sex
151 753 137 24 förmiddagen
309 753 62 20 första
392 753 62 24 derpä
469 753 88 24 följande
573 753 120 24 söcknedag.
724 753 34 20 Om
773 754 35 22 tid,
825 753 25 20 dä

95 782 134 24 utskänkning
244 782 32 19 mä
291 787 35 18 ega
340 788 42 13 rum
398 782 12 19 ä
426 782 59 25 hotel,
500 782 125 19 konditorier
640 783 37 18 och
689 783 61 18 andra
761 783 88 23 närings-

97 811 69 19 ställen
190 811 7 18 i
217 812 45 18 stad
282 811 35 19 och
338 811 27 24 pä
386 811 74 22 landet,
479 811 35 19 der
530 811 172 19 värdshusrörelse
717 811 64 25 idkas,
798 811 51 24 gälle

94 839 51 20 hvad
161 839 67 23 derom
244 841 22 18 är
281 839 48 20 eller
344 839 104 20 framdeles
463 839 38 20 kan
518 840 61 19 varda
595 839 123 21 förordnadt.

440 925 10 23 8
469 924 32 20 18.

161 987 51 24 Den,
233 992 41 15 som
294 987 31 20 vid
345 987 72 19 handel
432 987 60 24 säljer
507 987 50 19 eller
572 987 98 19 utlemnar
684 987 75 19 mindre
775 989 24 17 än
815 987 34 19 det

94 1016 30 19 till
147 1015 117 25 försäljning
285 1017 5 18 i
311 1016 67 24 hvarje
397 1016 34 19 fall
450 1015 98 24 medgifva
563 1016 72 19 minsta
650 1016 80 24 belopp,
746 1016 47 19 eller
809 1018 40 17 mot

95 1045 119 23 stadgandet
232 1045 5 18 i
256 1045 11 24 $
284 1044 12 19 9
312 1045 50 19 låter
377 1045 34 18 det
426 1044 61 24 köpta
503 1045 12 18 &
530 1044 67 19 stället
612 1044 94 24 förtäras,
721 1044 48 19 eller
785 1043 63 20 öfver-

93 1073 68 20 träder.
176 1073 98 19 förbuden
289 1074 6 18 i
311 1074 24 23 $$
352 1072 20 24 6,
389 1073 26 19 14
431 1073 36 20 och
482 1073 33 23 15,
531 1073 47 20 böte
594 1073 63 19 första
672 1073 75 24 gängen
758 1073 42 19 frän
811 1073 37 19 och

93 1102 45 19 med
152 1101 96 24 tjugufem
264 1102 30 19 till
310 1102 36 19 och
362 1102 44 19 med
422 1101 107 20 etthundra
537 1101 68 20 femtio
616 1101 55 20 mark
682 1101 36 20 och
730 1102 61 19 andra
801 1101 47 22 gän-

93 1136 36 18 gen
145 1130 43 19 från
205 1131 36 19 och
255 1131 43 18 med
314 1130 106 24 sjuttiofem
436 1131 30 18 till
481 1130 38 20 och
534 1131 44 18 med
594 1130 108 19 trehundra
717 1130 61 19 mark.
799 1130 50 19 Sker

94 1159 34 19 det
146 1159 63 24 tredje
225 1159 76 24 gången
317 1159 49 19 eller
381 1159 65 19 oftare
460 1165 47 13 vare
523 1159 34 19 bot
573 1159 43 19 från
632 1159 37 19 och
684 1159 44 18 med
744 1159 105 18 etthbundra

93 1187 67 20 femtio
178 1187 30 20 till
224 1188 38 19 och
276 1188 44 19 med
335 1187 116 20 femhundra
465 1188 63 19 mark.
559 1187 43 19 Den
618 1187 6 19 i
640 1187 209 24 försäljningsrummet

93 1215 101 24 befintliga
210 1222 61 13 varan
287 1222 45 13 vare
348 1217 98 19 dessutom
462 1217 68 23 hvarje
545 1216 51 24 gång
612 1215 109 20 förbruten.

163 1245 115 19 Fördristar
298 1245 29 24 sig
348 1245 64 24 någon
434 1248 28 16 att
482 1245 50 24 sälja
552 1245 48 19 eller
618 1245 99 18 utskänka
732 1244 115 24 maltdryck,

93 1275 46 18 utan
154 1276 36 21 att,
206 1274 27 24 på
248 1276 40 17 sätt
303 1274 6 18 i
324 1274 64 19 denna
404 1273 117 24 förordning
535 1273 87 24 stadgas,
638 1279 48 13 vara
701 1273 64 19 dertill
782 1273 66 19 berät-

94 1302 60 24 tigad,
169 1302 47 19 böte
232 1307 41 14 som
290 1301 55 20 ofvan
362 1305 53 21 sagts
431 1302 36 19 och
483 1307 46 14 vare
545 1302 73 19 derhos
633 1302 58 19 alltid
706 1301 44 20 hela
764 1301 33 19 det
812 1301 35 19 hos

93 1331 38 19 den
156 1330 105 24 brottslige
286 1331 128 19 öfverkomna
437 1330 68 20 förråd
529 1330 22 20 af
570 1330 134 24 maltdrycker
723 1331 59 23 jämte
805 1330 43 19 kärl

93 1358 105 20 förbrutet.

162 1387 76 20 Varder
256 1388 71 25 någon,
346 1388 80 19 hvilken
446 1387 58 20 idkar
519 1387 118 24 försäljning
652 1387 49 20 eller
716 1386 132 24 utskänkniug

92 1415 23 20 af
127 1417 140 25 maltdrycker,
283 1417 109 20 förvunnen
407 1422 30 14 om
454 1418 29 17 att
497 1417 6 18 i
520 1416 90 24 förening
625 1416 80 19 dermed
720 1416 47 19 idka
782 1414 67 25 oloflig

92 1445 117 24 försäljning
224 1445 22 20 af
259 1445 82 20 bränvin
357 1445 49 20 eller
421 1445 63 20 andra
499 1445 76 20 brända
591 1445 49 19 eller
655 1444 122 20 distillerade
789 1444 58 24 sprit-

160 1505 182 19 Ekonomiutskottets
354 1505 109 19 betänkande
475 1505 38 18 N:o
525 1505 27 19 11.
