1070 1795
298 171 261 22 Motionsbetänkande
574 171 44 22 N:o
634 171 23 22 3.
805 172 27 20 63

104 240 123 27 stegringen
238 241 7 20 i
256 239 110 22 skolornas
376 239 57 22 antal
444 239 73 22 blefve
528 241 67 19 större
607 241 26 19 än
647 239 121 22 Utskottets
779 239 84 29 förslag

102 281 39 21 ger
158 274 37 21 vid
211 273 91 27 handen,
317 274 68 21 skulle
400 274 35 28 jag
450 281 51 14 anse
517 273 107 22 reformen
640 273 67 22 sakna
722 273 49 22 stöd
786 275 6 20 i
808 273 54 22 våra

102 308 125 22 nuvarande
252 308 158 27 förhållanden;
434 308 24 21 så
473 308 87 29 mycket
575 307 83 22 mindre
674 308 103 28 antagligt
791 309 71 20 finner

102 343 36 28 jag
152 343 110 28 förslaget,
278 342 27 21 då
319 342 35 21 för
369 343 67 28 priset
451 342 23 21 af
488 343 106 20 frihetens
606 342 92 29 dyrbara
708 343 82 28 princip
801 343 59 21 folk-

102 377 125 28 bildningen
250 377 90 21 faktiskt
362 377 84 21 komme
469 379 32 19 att
519 377 128 28 tillskyndas
664 384 26 13 en
704 377 156 28 jämförelsevis

102 411 24 22 så
145 413 62 27 ringa
222 412 93 27 vinning.
344 411 32 21 På
391 411 64 21 dessa
470 411 107 21 allmänna
592 411 94 29 grunder
702 419 61 13 anser
777 412 36 28 jag
829 414 32 18 att

101 446 125 21 införandet
248 446 23 20 af
295 446 36 20 det
352 446 123 27 föreslagna
497 446 96 27 påbudet
612 453 34 14 om
662 446 77 20 allmän
755 445 106 28 skolplikt

101 480 35 21 för
151 479 133 22 närvarande
299 480 47 21 icke
361 487 51 14 vore
428 487 27 14 en
471 480 81 28 lycklig
567 479 81 29 åtgärd.

172 514 43 21 Det
236 514 24 21 af
281 515 155 20 motionärerna
458 514 123 28 föreslagna
603 513 95 29 påbudet
722 521 34 14 om
781 514 78 21 allmän

102 548 100 29 läroplikt
218 548 38 21 har
271 548 23 21 af
308 548 114 22 Utskottet
436 549 119 20 förkastats
571 549 40 21 och
628 551 76 19 ersatte
718 549 47 20 med
777 549 83 28 förslag

101 583 33 21 till
157 582 128 29 utvidgning
307 583 23 20 af
344 583 42 20 den
401 583 138 21 kommunala
555 583 155 28 själfstyrelsen
726 583 87 25 derhän,
828 585 32 18 att

101 617 107 28 läroplikt,
230 617 135 28 organiserad
388 618 6 20 i
418 617 224 21 öfverensstämmelse
664 617 48 21 med
733 618 6 20 i
754 617 35 28 lag
805 617 54 21 fast-

102 651 69 22 stälda
196 651 100 28 grunder,
319 651 55 28 finge
404 651 55 21 efter
481 652 114 21 kommuns
619 651 152 28 godtfinnande
798 652 60 20 inom

101 686 50 21 dess
167 689 49 24 eget
231 685 86 22 område
332 685 110 29 påbjudas.
467 686 52 21 Med
536 686 81 28 hänsyn
632 686 33 21 till
681 689 31 18 att
726 685 133 22 inrättandet

101 720 23 21 af
145 720 76 28 nödigt
242 720 57 21 antal
315 720 71 21 skolor
400 722 24 19 är
439 720 41 21 den
497 720 115 28 oafvisliga
627 720 181 28 förutsättningen
824 720 35 21 för

101 754 123 21 införandet
246 754 23 21 af
291 754 104 28 läroplikt,
414 754 71 21 kunde
501 754 60 21 detta
578 754 123 22 Utskottets
717 754 80 28 förslag
813 754 45 21 må-

101 788 71 21 hända
187 796 62 13 anses
265 788 87 29 erbjuda
368 791 30 18 ett
413 789 111 20 värksamt
538 788 70 22 medel
623 789 33 20 till
669 788 154 21 befordrandet
835 787 24 22 af

101 823 159 21 folkskolornas
276 822 103 21 snabbare
394 823 86 20 tillväxt
495 823 28 28 pä
538 823 166 28 frivillighetens
720 824 46 26 väg,
777 822 20 21 d.
811 830 18 13 v.
841 829 16 14 s.

101 857 70 21 säsom
193 857 76 21 hittills
290 864 76 21 genom
388 857 164 21 kommunernas
573 860 49 25 eget
637 857 96 21 initiativ.
763 856 95 22 Oafsedt

101 891 117 22 emellertid
241 894 31 18 att
294 891 197 28 förhoppningarna
514 898 34 14 om
564 891 41 21 slik
621 891 81 22 värkan
717 891 23 21 af
754 891 103 28 ätgärden

100 925 56 22 dock
183 927 36 19 äro
241 925 81 28 ganska
343 926 65 27 ringa,
430 927 50 19 enär
505 925 131 27 kommuner,
661 933 45 14 som
730 925 75 21 hittills
835 925 22 20 af

101 960 53 21 brist
169 959 28 28 pä
212 959 72 27 insikt,
298 959 42 28 håg
355 960 51 21 eller
421 959 90 28 tillgång
526 959 126 22 försummat
668 963 31 18 att
713 961 78 20 inrätta
801 959 56 22 folk-

100 994 78 26 skolor,
193 994 35 21 väl
244 994 106 28 knappast
365 994 60 21 skola
440 994 97 21 befinnas
554 994 27 21 ha
592 996 67 19 större
671 994 71 26 insikt,
752 994 41 28 håg
805 994 52 21 eller

99 1028 91 28 tillgång
205 1031 31 18 att
251 1029 77 20 inrätta
342 1028 121 21 folkskolor
477 1029 7 20 i
500 1028 100 28 förening
615 1028 48 21 med
677 1029 104 28 läroplikt,
792 1036 63 21 synes

100 1062 37 21 det
157 1062 57 21 dock
229 1062 117 21 tillsvidare
361 1070 51 13 vara
429 1063 120 28 betänkligt
564 1066 31 17 att
616 1063 1 20 i
633 1063 222 22 kommunalstämmas

99 1096 58 22 hand
180 1097 62 27 lägga
258 1104 26 13 en
299 1097 7 20 i
321 1096 24 21 så
360 1097 42 28 hög
417 1097 52 28 grad
486 1097 108 21 förstorad
610 1097 60 21 makt
685 1097 62 21 öfver
762 1097 41 21 den
819 1104 37 14 en-

99 1131 81 21 skildes
202 1131 72 20 frihet.
303 1131 158 28 Befolkningen
486 1132 6 19 i
514 1139 26 13 en
556 1134 45 18 stor
616 1131 35 21 del
666 1131 23 21 af
704 1131 47 22 vårt
766 1131 49 21 land
831 1133 24 19 är

99 1167 56 19 ännu
172 1165 24 21 så
210 1165 64 28 fattig
289 1165 41 21 och
345 1165 51 21 våra
411 1165 82 28 bygder
508 1167 37 20 äro
561 1165 113 22 flerstädes
690 1167 56 20 ännu
761 1166 23 21 så
799 1165 57 28 glest

99 1199 101 22 bebodda
222 1202 32 18 att
275 1207 25 13 en
317 1199 39 21 slik
376 1199 129 29 skyldighet,
527 1199 65 22 äfven
608 1199 48 22 med
673 1199 41 22 den
729 1201 7 20 i
751 1200 104 27 förslaget

99 1234 115 21 förutsatta
236 1233 136 28 möjligheten
388 1237 31 18 att
435 1234 55 21 efter
507 1234 136 28 vederbörlig
658 1233 102 29 pröfning
775 1233 80 22 erhålla

98 1267 83 22 lättnad
204 1268 7 20 i
234 1267 49 22 dess
305 1267 141 28 fullgörande,
469 1268 48 21 med
541 1268 28 21 all
589 1268 99 21 säkerhet
703 1269 7 20 i
725 1268 76 28 många
816 1267 38 22 fall

98 1301 74 22 blefve
196 1301 64 21 härdt
285 1301 142 28 betungande,
449 1303 26 27 ja,
501 1301 80 29 olidlig.
611 1302 42 21 Om
680 1304 26 19 än
728 1302 126 21 förutsättas

98 1335 68 21 måste
186 1338 32 18 att
232 1335 101 21 kommun
348 1337 6 19 i
370 1336 72 28 regeln
458 1336 48 21 icke
523 1336 54 21 skall
593 1336 117 21 bestämma
726 1337 32 27 sig
772 1336 34 20 för
821 1336 34 20 in-

98 1369 91 21 förande
214 1369 23 21 af
261 1370 113 28 läroplikt
390 1370 38 20 där
448 1369 78 22 sådant
547 1377 52 14 vore
622 1370 48 21 med
693 1369 161 22 förhållandena

98 1405 57 20 inom
178 1404 129 21 kommunen
323 1404 81 21 mindre
420 1405 108 28 förenligt,
544 1407 23 18 är
582 1405 138 28 möjligheten
734 1404 56 21 dock
805 1403 49 22 icke

98 1439 108 20 utesluten
229 1441 32 18 att
283 1439 6 20 i
313 1438 97 21 enskilda
431 1439 38 20 fall
484 1446 79 21 genom
579 1439 222 21 kommunalstämmas
817 1438 38 21 be-

98 1473 43 20 slut
163 1472 67 28 några
252 1473 23 20 af
297 1473 139 21 kommunens
451 1473 140 21 medlemmar
605 1473 55 28 finge
676 1473 33 28 sig
724 1472 86 22 åhvälfd
827 1480 27 13 en

167 1512 103 18 Allmänna
283 1512 168 19 Besvärsutskottets
463 1513 114 17 betänkande
589 1513 37 17 N:o
639 1513 32 17 20.
