1070 1795
227 137 27 20 14
389 136 279 23 Petitlonsbetänkande
683 136 46 23 N:o
744 127 41 31 20.

200 205 152 22 ekonomiska
366 205 159 29 uppoffringar
537 205 27 22 af
572 205 50 22 sina
635 205 180 29 grundläggare,
828 205 26 21 så
866 204 92 22 komma

200 238 88 23 sådana
309 239 99 22 förvisso
430 242 35 19 att
479 240 84 29 uppstå
579 239 36 22 till
631 242 59 19 stort
705 239 71 22 antal.
806 238 35 22 De
857 238 103 29 erbjuda,

199 281 28 14 ur
250 273 29 22 de
301 273 122 30 förmögna
444 274 131 21 klassernas
597 274 121 29 synpunkt
733 273 140 26 betraktadt,
885 273 74 28 jämte

200 307 74 22 andra
288 308 102 21 fördelar
404 308 69 22 äfven
489 308 44 22 den
549 311 62 19 stora
626 308 129 28 förmånen,
772 310 35 19 att
823 307 66 22 deras
902 307 57 22 barn

200 342 76 22 blifva
291 342 41 22 där
346 342 151 29 uppfostrade
513 343 153 21 tillsammans
682 343 53 21 med
746 342 63 27 barn,
822 349 49 14 som
882 343 79 28 utgått

200 376 55 22 från
271 377 115 21 likartade
402 377 58 21 hem.

272 411 12 21 I
299 411 110 21 händelse
425 414 34 19 ett
474 414 59 19 stort
549 411 64 22 antal
628 411 98 29 privata,
738 411 27 22 af
775 414 76 18 staten
863 411 97 21 subven-

200 446 121 21 tionerade
336 446 179 21 lärdomsskolor
529 446 115 28 uppstode
653 446 43 21 och
707 446 67 21 dessa
787 446 74 20 skulle
870 445 91 29 åtnjuta

201 479 170 22 allmänhetens
392 479 133 24 understöd,
543 480 74 21 måste
634 483 82 24 staten,
732 487 38 14 om
786 479 45 22 den
846 479 42 22 vill
903 479 57 22 und-

200 514 56 21 vika
278 514 110 21 klandret
410 514 36 21 för
469 514 118 21 bristande
610 515 144 28 sparsamhet
769 514 40 21 vid
824 514 136 21 utdelandet

202 548 26 22 af
244 549 52 21 sina
317 548 81 28 medel,
420 549 116 28 betydligt
551 549 127 21 inskränka
693 549 89 21 antalet
798 548 25 21 af
836 549 51 21 sina
902 556 60 21 egna

201 583 85 27 skolor,
316 583 110 29 möjligen
450 583 36 21 till
511 583 43 21 och
579 583 52 21 med
657 583 96 21 alldeles
777 584 106 27 upphöra
907 583 53 21 med

202 617 59 21 dem.
295 617 46 28 Jag
368 617 111 22 behöfver
504 617 19 28 ej
551 617 42 22 här
617 621 105 18 närmare
750 617 129 25 framhålla,
902 617 59 21 huru

200 651 98 28 mycket
321 654 34 19 ett
378 652 8 21 i
406 651 76 22 denna
499 652 106 28 riktning
624 652 90 28 gående
732 654 51 26 steg
799 651 74 22 skulle
889 651 70 21 skada

201 685 116 22 Finlands
339 686 65 21 lärda
431 686 71 21 skola.
532 686 43 21 Ett
594 693 41 22 par
651 685 199 29 omständigheter
865 685 42 22 vill
919 685 42 29 jag

202 719 60 23 dock
278 720 88 21 beröra.

271 754 49 21 När
335 762 54 13 man
404 755 98 21 kommit
517 754 36 21 till
569 754 44 21 den
629 755 76 28 punkt
716 755 44 28 jag
770 755 42 21 här
824 761 55 22 nyss
890 756 71 24 nämt,

202 788 47 21 kan
266 796 52 14 man
335 789 51 20 icke
402 796 40 13 ens
458 788 94 29 hoppas,
569 791 35 19 att
618 789 131 28 begåfvade
765 796 109 21 personer
885 788 74 21 skulle

202 823 77 21 såsom
301 823 73 21 lärare
396 823 91 21 inträda
507 823 9 21 i
539 823 44 21 den
606 823 65 22 lärda
689 823 94 22 skolans
799 823 76 28 tjenst,
892 823 29 21 då
933 823 27 28 ju

202 857 54 21 hela
278 857 66 21 deras
359 857 96 22 framtid
470 857 74 21 skulle
560 857 79 22 kunna
654 858 54 21 bero
724 857 27 22 af
764 857 105 22 enskilda
885 857 75 21 direk-

202 891 224 22 tionsmedlemmars
449 891 122 29 godtycke.
602 891 34 22 En
661 899 77 14 annan
761 891 58 28 följd
835 891 27 22 af
874 898 87 15 samma

202 925 148 22 förhållande
376 926 77 21 blefve
476 925 51 28 den,
551 929 34 18 att
608 927 28 20 de
656 926 171 29 jämförelsevis
851 926 109 28 fattigare

202 959 182 29 medborgarnes
407 960 55 21 barn
479 960 76 21 blefve
572 961 140 28 utestängda
727 961 53 20 från
796 960 164 21 statsembeten

203 994 43 21 och
270 995 154 28 inbringande
445 995 86 27 sysslor
552 995 30 28 på
605 995 39 21 det
664 995 121 28 praktiska
808 995 110 26 området,
934 997 26 26 ty

202 1029 165 21 universitetet
382 1029 42 21 och
440 1029 165 28 polytekniska
620 1029 119 22 institutet
754 1029 65 22 stode
835 1029 8 21 i
854 1029 43 21 och
908 1029 52 22 med

203 1063 129 21 detsamma
355 1067 75 24 öppna
454 1063 81 22 endast
555 1063 37 21 för
614 1064 28 21 de
665 1064 148 28 förmögnare
835 1063 127 22 klasserna.

202 1097 47 21 Det
264 1105 56 14 vore
336 1097 52 22 med
404 1101 34 18 ett
453 1097 41 22 ord
509 1100 35 19 ett
559 1097 150 30 fullständigt
724 1098 160 28 uppgifvande
900 1097 24 23 af
932 1098 29 21 de

203 1131 174 22 demokratiska
400 1132 122 28 principer,
545 1133 30 27 på
598 1132 80 21 hvilka
698 1133 46 20 den
767 1132 65 21 lärda
854 1132 81 21 skolan
953 1133 8 20 i

202 1166 105 21 Finland
321 1166 85 21 hittills
421 1167 62 20 varit
497 1166 103 21 baserad.

273 1201 34 20 På
322 1200 76 29 grund
414 1200 26 21 af
452 1200 61 21 hvad
525 1200 42 29 jag
583 1201 97 21 sålunda
696 1201 84 23 anfört,
796 1201 45 20 kan
855 1201 41 28 jag
911 1201 50 21 icke

202 1234 128 29 godkänna
350 1235 132 21 Utskottets
501 1235 127 28 majoritets
644 1235 94 29 förslag,
755 1237 34 19 att
804 1235 159 22 samskolorna

202 1269 68 22 öfver
288 1269 91 22 hufvud
396 1269 73 21 skulle
485 1269 189 22 subventioneras
691 1270 53 21 med
759 1270 70 28 högst
843 1271 62 25 2,500
921 1271 38 20 mk

201 1303 37 22 för
256 1303 65 29 lägre
346 1303 43 22 och
405 1305 62 25 4,000
483 1304 38 21 mk
537 1303 36 22 för
588 1304 71 28 högre
675 1305 69 21 klass.
775 1304 43 21 Om
835 1304 126 22 detsamma

202 1337 115 21 erkännes
333 1345 49 13 som
399 1345 28 13 en
443 1338 85 20 allmän
544 1338 98 28 princip,
658 1339 42 21 har
716 1339 120 27 Styrelsen
852 1339 64 20 svårt
926 1341 35 19 att

201 1371 62 22 neka
279 1371 126 22 understöd
421 1372 24 21 åt
460 1374 33 19 ett
508 1372 113 26 läroverk,
638 1380 48 13 som
702 1372 19 29 ej
740 1376 25 17 är
780 1372 9 21 i
804 1372 71 21 behof
889 1372 72 23 däraf.

200 1405 45 22 Att
268 1406 122 22 Utskottet
412 1406 63 29 sjelft
499 1409 76 18 ansett
597 1407 35 20 sin
655 1407 62 21 kläm
734 1414 56 14 vara
805 1407 26 21 så
847 1407 115 21 bindande

275 1440 39 13 sas
336 1440 126 14 framhållit
493 1441 102 14 framgår
614 1441 72 21 redan
702 1441 73 27 däraf,
792 1443 33 20 att
841 1441 120 22 Ttskottet

201 1447 51 15 SOM
272 1455 42 14 jag
336 1448 134 21 iramnälty
493 1457 100 12 framgår
615 1457 40 5 red

272 1481 105 17 Allmänna
389 1481 168 17 Besvärsutskottets
569 1481 111 18 betänkande
691 1481 38 18 N:o
742 1482 29 17 16.
