1070 1795
285 163 280 24 Petitionsbetänkande
581 164 45 22 N:o
642 163 36 22 16.
800 165 23 20 11

99 232 50 21 tion
172 239 37 15 om
232 231 109 22 behofvet
365 235 34 18 att
422 232 56 21 söka
493 232 8 21 i
517 232 86 28 sedligt
618 232 108 21 afseende
742 231 113 22 förbättra

99 266 90 21 landets
204 267 107 28 zigenare
326 266 119 22 äfvensom
463 269 34 19 att
513 266 120 29 angäende
649 266 52 21 dem
719 266 136 21 införskaffa

99 308 137 21 noggranna
258 301 174 28 upplysningar.
463 301 12 21 I
498 301 239 22 öfverensstämmelse
753 300 101 27 härmed,

99 335 119 22 äfvensom
242 335 52 22 med
316 335 128 28 anledning
466 335 27 21 af
513 335 258 28 Generalguvernörens
787 335 68 21 skrif-

270 359 22 32 30
302 370 82 13 November
481 375 4 4 :
538 383 4 4 N

98 375 63 22 velse
177 375 26 22 af
216 375 44 22 den
275 393 110 14 557777
402 377 61 24 1863,
479 375 135 22 infordrade
630 375 100 22 Senaten
746 375 109 29 prokura-

99 418 64 19 torns
193 416 43 21 och
263 420 183 24 guvernörernes
473 416 128 28 yttranden
630 415 44 22 och
688 415 88 29 förslag
795 418 60 19 samt

98 457 84 21 genom
199 450 157 29 domkapitlen
372 450 173 22 vederbörande
560 451 158 28 presterskaps
734 450 120 21 utlätande

99 485 44 20 och
158 493 39 19 ,en
212 485 8 21 i
236 485 128 28 möjligaste
380 485 73 21 måtto
469 485 139 28 fullständig
623 484 148 29 förteckning
789 484 66 22 öfver

99 519 46 21 alla
160 519 62 22 inom
240 527 27 13 en
283 519 68 22 hvars
366 519 139 29 församling
515 519 120 28 befintlige
646 519 114 28 zigenare,
772 521 82 26 uppta-

99 553 75 28 gande
190 553 79 28 hvarje
284 561 94 21 persons
389 561 77 20 namn,
478 554 69 26 älder,
558 553 241 29 familjeförbindelser
811 554 43 21 och

99 588 153 29 näringsfäng
274 588 118 22 äfvensom
414 589 62 21 hvad
499 589 172 28 presterskapet
691 588 77 21 kunde
783 587 70 22 hafva

99 623 115 20 inhemtat
236 623 96 21 rörande
350 623 58 21 hans
424 623 218 29 religionskunskap
658 622 43 22 och
717 622 75 29 öfriga
807 621 47 22 för-

100 656 142 22 hällanden*.
272 657 141 28 Zigenarnes
428 657 9 21 i
452 657 81 22 landet
549 657 63 22 antal
622 657 80 21 visade
712 657 36 28 sig
759 657 29 21 dä
798 663 56 14 vara

99 691 72 21 omkr.
195 693 47 24 700,
265 692 118 28 nämligen
408 693 40 20 164
470 693 8 20 i
500 685 51 28 Åbo
567 691 113 27 erkestift,
697 693 41 20 330
753 692 7 20 i
775 691 79 28 Borgå

98 725 51 21 stift
164 725 35 28 (af
212 726 65 21 dessa
292 727 7 20 i
315 726 127 22 Sordavala
458 727 85 21 socken
561 728 48 25 158)
626 726 43 21 och
686 727 39 20 199
742 726 7 21 i
759 725 94 29 Kuopio

99 759 57 22 stift.
188 760 88 22 Genom
299 761 121 21 skrifvelse
444 761 26 21 af
483 761 45 22 den
544 763 37 25 %/s
597 761 45 28 Maj
662 762 53 20 1864
731 759 122 22 anbefalde

98 794 65 21 Hans
185 795 130 29 Kejserliga
338 795 110 29 Majestät
471 796 35 21 sin
532 795 71 22 Senat
619 798 34 19 att
668 795 117 21 inkomma
801 793 52 22 med

99 828 145 30 underdånig
266 830 138 21 hemställan
426 830 9 21 i
454 833 85 19 ämnet.
568 830 12 21 I
596 830 104 28 enlighet
716 829 50 22 med
783 829 70 21 Sena-

99 865 51 19 tens
175 863 44 23 den
244 865 26 21 30
295 865 66 28 April
387 866 53 21 1866
464 865 86 21 aflåtna
565 865 138 21 hemställan
718 863 135 22 utfärdades

99 897 58 22 Nåd.
182 898 196 23 Cirkulärbrefvet
400 899 27 22 af
448 900 45 21 den
516 901 27 20 29
566 899 103 22 Oktober
686 900 61 26 1866,
763 898 50 21 däri
829 898 24 21 ät

98 932 90 22 landets
211 934 144 29 presterskap
379 934 155 21 öfverlemnas
555 937 35 18 att
605 934 57 21 söka
676 941 83 22 genom
775 933 77 22 ordets

98 967 64 22 makt
187 968 122 29 öfvertyga
330 969 126 28 zigenarne
479 976 37 15 om
539 969 46 22 den
607 969 89 21 kristna
711 968 140 29 religionens

99 1002 131 29 sanningar,
254 1003 118 22 äfvensom
394 1007 173 25 guvernörerne
590 1003 127 22 anbefallas
740 1005 34 19 att
796 1009 56 21 nog-

97 1040 69 24 grant
189 1037 43 21 och
253 1040 57 19 utan
333 1037 105 30 eftergift
458 1039 14 20 &
487 1038 28 21 de
530 1038 114 28 zigenare,
660 1037 80 22 hvilka
755 1037 50 21 föra
821 1038 34 19 ett

97 1070 196 29 kringstrykande
309 1072 43 21 och
367 1072 102 22 lastfullt
484 1073 109 26 lefverne,
608 1073 105 28 tillämpa
723 1071 130 22 förordnin-

97 1111 46 21 gen
166 1106 120 28 angäende
302 1107 156 22 försvarslöse.
481 1121 28 2 —
535 1107 46 22 Vid
599 1108 111 21 1877—78
726 1107 36 20 ärs
777 1105 75 22 landt-

98 1139 46 29 dag
159 1141 95 20 väcktes
270 1141 8 21 i
289 1141 176 22 Bondeständet
476 1144 34 19 ett
520 1141 201 29 petitionsförslag
732 1148 36 14 om
781 1141 72 21 inrät-

97 1174 81 21 tandet
194 1175 26 21 af
232 1183 28 13 en
276 1175 64 22 skola
356 1176 37 21 för
408 1176 47 21 alla
470 1176 166 29 zigenarebarn
653 1176 8 21 i
681 1175 84 22 landet.
796 1175 55 21 För-

98 1208 80 29 slaget,
202 1217 49 14 som
266 1210 160 21 remitterades
443 1210 38 21 till
496 1210 104 21 ständets
615 1209 113 22 Enskilda
743 1210 109 21 Besvärs-

97 1243 96 27 utskott,
210 1243 49 22 blef
271 1246 56 19 utan
343 1244 133 22 diskussion
497 1244 137 26 förkastadt,
650 1244 70 21 sedan
739 1244 114 21 utskottet

96 1277 134 28 framhållit,
254 1281 34 19 att
309 1286 84 21 genom
418 1279 145 22 inrättandet
579 1279 26 21 af
618 1286 28 14 en
662 1279 66 28 dylik
743 1278 65 21 skola
824 1285 29 14 en

97 1311 173 23 samhällsklass
290 1313 73 22 skulle
386 1313 92 29 skapas,
502 1321 49 14 som
576 1313 101 22 saknade
702 1313 150 21 människans

97 1346 135 28 dyrbaraste
247 1347 118 29 rättighet,
382 1350 36 19 att
432 1347 57 29 sjelf
501 1347 121 29 uppfostra
637 1348 51 20 sina
699 1347 63 27 barn,
774 1346 79 22 äfven-

97 1387 50 15 som
162 1383 35 20 att
212 1381 134 29 zigenarnes
362 1382 234 29 sammansmältning
611 1382 53 21 med
676 1382 89 21 landets
777 1380 76 29 öfriga

96 1415 138 30 befolkning
249 1416 81 21 endast
345 1417 75 20 skulle
436 1416 96 21 hindras
547 1424 84 21 genom
647 1424 29 13 en
687 1416 65 29 dylik
763 1415 90 22 undan-

97 1450 141 28 tagsätgärd.
250 1464 26 2 —
289 1451 81 28 Tredje
381 1451 94 28 gängen
488 1454 34 18 ett
532 1451 78 22 försök
620 1451 93 28 gjordes
724 1453 35 19 att
771 1450 81 29 bringa

164 1507 104 19 Allmänna
278 1508 171 18 Besvärsutskottets
463 1509 110 17 betänkande
585 1508 37 18 N:o
635 1509 29 17 14.
