1070 1795
234 126 14 21 4
391 123 279 24 Petitionsbetänkande
685 124 44 23 N:o
744 123 38 24 19.

207 187 90 29 ningen
320 187 26 22 af
359 186 65 23 detta
438 186 159 30 pedagogiska
611 186 103 29 problem
731 187 143 22 åtminstone
889 186 36 23 till
940 193 29 15 en

206 221 84 30 början
305 221 145 29 misslyckas.
475 221 55 22 Men
545 221 69 22 äfven
630 221 37 22 för
681 221 61 28 dem,
757 229 50 14 som
822 222 31 29 på
867 221 40 22 det
916 221 53 22 hela

207 259 67 26 taget
295 256 83 29 lyckas
401 255 150 27 härutinnan,
573 255 81 22 kunna
670 255 62 22 vissa
748 255 101 30 punkter
864 256 8 21 i
887 256 82 21 under-

210 290 139 29 visningens
374 290 64 29 gång
462 289 96 29 erbjuda
580 289 151 29 svårigheter,
754 289 81 23 hvilka
857 289 115 22 måhända

207 324 53 22 icke
276 324 154 22 öfvervinnas
446 331 83 21 genom
541 323 44 22 den
596 323 110 22 fortsatta
719 324 186 27 verksamheten,
914 327 57 18 utan

207 366 95 14 snarare
324 361 23 19 te
372 359 38 28 sig
433 361 73 18 större
528 358 53 21 med
597 359 61 20 åren.
688 358 12 21 I
714 358 62 22 huru
791 358 46 29 hög
853 358 58 29 grad
923 359 48 28 just

207 393 196 22 folkskollärarne
428 392 43 22 och
494 392 170 22 -lärarinnorna
686 393 30 29 på
739 393 81 21 landet
837 393 53 21 med
905 393 65 21 deras

205 427 175 28 jämförelsevis
402 426 113 23 isolerade
537 426 31 22 lif
581 430 39 19 äro
636 429 87 20 utsatta
739 426 38 22 för
791 427 45 21 den
852 428 8 20 i
875 427 96 22 allmän-

208 461 42 22 het
272 465 56 18 nära
350 461 39 21 till
404 461 75 22 hands
494 461 111 28 liggande
619 461 66 21 faran
701 463 36 19 att
752 461 75 22 stelna
841 461 9 21 i
865 469 29 14 en
909 461 62 28 gång

209 497 106 27 antagna
330 495 93 28 former,
438 495 66 22 torde
519 495 51 22 icke
585 499 105 17 närmare
706 495 102 22 behöfva
823 495 111 22 omordas.

281 529 44 22 Väl
343 529 90 30 åligger
448 529 39 22 det
503 529 74 29 enligt
591 529 109 29 gällande
718 529 253 28 folkskoleförordning

209 564 231 21 skoldirektionerna
461 564 21 29 ej
505 563 90 22 mindre
617 566 47 25 ,att
685 564 8 21 i
716 563 92 22 samråd
826 564 53 21 med
893 563 78 22 veder-

209 598 104 22 börande
328 598 239 29 folkskoleinspektor
582 598 101 29 granska
698 598 44 22 och
754 598 114 22 stadfästa
878 598 38 21 det
926 597 45 22 för-

210 633 52 28 slag
284 633 36 21 till
337 632 85 22 arbets-
439 632 42 22 och
497 632 283 29 undervisningsordning
795 635 60 18 samt
870 632 101 22 lärokur-

210 674 39 14 ser
264 667 43 21 och
323 667 103 26 -böcker,
442 674 49 14 som
506 667 49 21 före
570 667 119 28 ingången
700 667 26 21 af
734 667 81 28 hvarje
830 669 54 26 nytt
899 667 73 21 läseår

210 701 61 22 skall
294 701 25 21 af
342 701 80 28 hvarje
448 701 210 22 skolföreståndare
683 701 57 21 eller
762 701 209 22 -föreståndarinna

210 739 142 25 uppgöras*,
376 739 29 17 än
428 735 43 22 ock
494 738 48 22 ,att
561 743 83 21 genom
667 735 162 29 inspektioner
843 735 44 22 och
903 735 69 21 besök

210 772 62 19 samt
289 773 99 18 närvaro
404 770 40 21 vid
459 770 89 28 årligen
563 770 145 21 anställande
724 770 109 21 examina
844 777 62 21 noga
915 769 56 29 följa

210 803 203 30 undervisningen
430 804 42 21 och
487 804 94 21 skolans
594 804 52 21 hela
654 804 163 21 verksamhet''
829 804 22 28 ($
862 805 31 26 16,
905 811 66 14 mom.

211 840 49 19 40.
285 839 26 22 5).
342 839 54 20 Men
419 839 8 21 i
450 838 113 22 afsaknad
586 838 26 21 af
634 838 146 29 pedagogisk
803 838 107 28 bildning
930 838 43 21 och

211 872 134 22 erfarenhet
360 872 80 22 kunna
455 873 173 22 direktionerna
642 873 8 21 i
664 873 64 21 detta
740 872 108 22 afseende
863 873 55 28 föga
933 880 40 14 an-

211 909 43 19 nat
270 910 90 18 uträtta
375 910 36 22 än,
428 907 40 21 där
484 907 50 22 skäl
551 907 35 22 till
602 907 83 22 sådant
700 907 133 29 föreligger,
849 907 74 22 uttala
933 907 40 21 sitt

212 941 113 28 missnöje
350 941 53 22 med
423 941 102 22 lärarens
547 942 57 21 eller
625 941 146 22 lärarinnans
795 944 47 19 sätt
867 944 34 19 att
922 941 52 22 leda

211 975 210 28 undervisningen.
458 975 42 22 Ett
522 976 136 29 lämpligare
681 976 121 21 korrektiv
827 976 76 28 ligger
922 975 52 22 då
962 971 15 38 i

212 1010 269 29 folkskoleinspektorns
511 1011 157 28 inspektioner
697 1011 122 21 äfvensom
841 1011 8 20 i
872 1010 29 22 de
930 1011 45 21 ärs-

213 1047 81 19 möten
311 1044 53 22 med
379 1045 211 28 lärarepersonalen
606 1045 5 21 i
625 1045 119 22 distriktet
760 1045 56 21 eller
830 1045 9 21 i
854 1045 37 21 del
903 1044 70 28 däraf,

212 1079 83 22 hvilka
328 1079 122 29 inspektor
479 1079 74 28 enligt
582 1079 297 28 folkskoleförordningens
903 1079 11 28 $
942 1081 32 25 12,

213 1120 69 15 mom.
300 1115 11 20 7
328 1121 54 20 eger
397 1113 69 27 hålla,
482 1113 43 22 och
541 1121 36 14 om
601 1113 79 22 hvilka
696 1114 8 21 i
720 1113 46 22 den
782 1113 27 22 af
822 1109 152 32 Öfverstyrel-

213 1155 42 13 sen
270 1147 37 22 för
322 1147 165 22 skolväsendet
502 1148 122 21 utfärdade
639 1148 148 21 Instruktion
802 1147 36 22 för
850 1147 125 22 folkskole-

214 1181 177 29 inspektorerne
407 1182 30 28 på
453 1182 80 21 landet
548 1181 78 22 blifvit
641 1186 106 17 närmare
763 1182 123 27 bestämdt,
897 1184 34 19 att
947 1181 27 22 de

213 1215 63 22 helst
291 1216 55 21 böra
362 1216 25 21 så
403 1215 89 28 ordnas,
509 1219 50 22 ,att
581 1216 28 21 de
624 1219 84 26 utgöra
728 1217 107 28 verkliga
851 1216 102 21 faktorer
967 1216 8 21 i

213 1250 214 29 lärarebildningen
444 1254 60 18 samt
519 1251 78 22 därför
605 1251 73 29 jämte
694 1251 215 29 öfverläggningar,
924 1250 52 21 med

214 1288 85 18 ämnen
322 1284 164 22 företrädesvis
509 1285 52 22 från
584 1285 219 29 undervisningens,
827 1285 148 28 disciplinens

214 1318 44 22 och
282 1319 44 21 den
350 1319 117 21 allmänna
489 1319 200 29 skolhållningens
704 1319 123 29 praktiska
842 1319 64 28 gebit
921 1319 56 21 eller

214 1352 100 22 rörande
330 1352 223 29 lärarepersonalens
571 1354 77 20 vilkor
663 1353 43 22 och
721 1353 171 26 förhållanden,
909 1352 67 22 äfven

214 1387 99 22 omfatta
336 1387 117 29 öfningar,
474 1387 170 30 förevisningar
667 1388 43 21 och
736 1388 167 28 utställningar
918 1390 59 19 samt

215 1422 91 21 kritik".
322 1417 77 26 Äfven
416 1422 28 21 de
459 1422 68 21 hvart
537 1422 73 29 tredje
622 1424 25 20 år
658 1422 189 22 återkommande
861 1422 116 22 allmänna

285 1462 103 18 Allmänna
398 1462 169 18 Besvärsutskottets
579 1463 109 18 betänkande
702 1463 38 18 N:o
753 1463 28 17 15.
