1124 1769
323 115 277 38 Petitionsbetänkande.N:o
618 129 41 24 12..
797 119 78 43 3

488 237 4 7 N

477 248 24 18 5.

181 308 49 22 Den
245 308 26 21 af
283 293 152 46 petitionären
450 297 130 36 föreslagna
595 301 96 36 kanalen
707 295 66 36 utgör
789 310 28 15 en
831 291 35 34 del

112 343 28 21 af:
145 343 46 21 dot
208 343 25 21 är
252 342 55 21 1859
324 341 125 27 uppgjorda
467 342 64 20 stora
551 334 85 32 förslag
654 339 36 21 för
705 339 104 21 Saimens
825 338 50 21 och

86 378 2 2 *
113 377 120 27 Päijännes
256 376 111 30 förening,
380 375 95 27 hvilket,
498 374 39 28 pä.
550 376 49 20 sätt
619 374 7 21 i
646 373 220 27 petitionsförslaget

96 419 4 1 -
113 411 75 22 N:o-4
206 411 96 27 anförts,
318 409 124 23 beräknats
461 409 107 27 medtaga
587 415 28 15 en
629 408 100 21 kostnad
746 408 26 20 af
785 406 81 22 inalles

113 446 71 21 omkr.
202 446 25 20 12
243 445 103 27 miljoner
364 444 71 22 mark.
466 443 153 27 Oraintaipale
634 442 75 26 kanal,
727 448 48 15 som
790 441 76 21 blefve

111 480 73 22 omkr.
201 480 42 22 600
261 486 29 15 m.
307 479 71 27 (2,050
396 479 41 25 fot)
453 478 52 27 lång
521 478 41 21 och
576 477 84 22 erhölle
675 482 29 16 en
719 476 60 21 sluss
795 476 26 20 af
833 475 32 27 0,9

112 521 31 15 m.
166 515 50 26 (3,10
239 514 54 26 fots)
317 514 118 26 sänkning,
458 512 64 27 ingår
540 512 8 21 i
567 512 64 21 detta
653 511 86 27 förslag
764 510 51 22 med
832 516 34 15 .en

108 551 96 19 'summa
223 549 26 21 af
268 540 104 38 540,000*
389 548 64 20 mark.
484 546 33 22 Då
536 552 81 21 genom
635 546 118 26 byggande
773 544 26 21 af
815 544 50 21 den-

113 589 90 24 samma
218 578 100 26 farleden
333 582 91 29 komme
440 583 36 27 att
491 581 134 21 utsträckas
639 580 52 22 med
702 580 81 21 endast
793 578 80 27 omkr.

113 618 28 20 30
159 618 40 20 km
217 618 65 26 längs
301 616 165 27 Kuolimojärvi
485 616 42 21 och
549 615 87 21 således.
655 615 26 22 de
700 620 77 15 vunna
795 613 70 21 förde-

112 652 64 22 larne
191 652 71 26 enligt
277 652 136 21 Utskottets
428 649 91 27 mening
534 650 21 26 ej
570 649 7 21 i
590 649 127 21 nämnvärd
727 648 54 28 grad
792 648 73 22 skulle
878 658 4 22 -

95 688 3 2 *
112 688 119 20 motsvara
246 682 293 30 kostnaderna,
423 678 67 38 anser
504 678 41 38 sig
557 684 122 21 Utskottet
695 683 20 26 ej
731 683 77 21 kunna
819 682 46 27 till-

113 721 83 26 styrka
206 720 138 28 petitionens
354 719 163 28 godkännande
528 719 56 21 utan
595 717 35 22 får
640 717 119 22 vördsamt
771 716 95 33 föreslå:

318 785 32 24 att
369 783 127 20 densamma
515 781 20 28 ej
551 781 68 21 måtte
636 780 116 28 föranleda
767 779 35 22 till
821 779 42 21 nå-

249 825 43 20 gon
308 813 79 32 ätyärd
401 817 54 27 från
473 816 136 21 Ständernas
624 815 55 21 sida.

477 1027 25 18 6.

181 1089 44 21 För
247 1088 156 21 förbättrande
427 1087 25 21 af
472 1086 100 22 farleden
590 1086 69 30 längs
682 1084 129 26 Puulavesi,
831 1072 50 33 till.

113 1124 93 21 hvilken
225 1124 35 21 ett
275 1122 76 27 bispår
370 1116 51 26 från
440 1122 74 30 Otava
531 1120 196 27 jernvägsstation
742 1119 37 21 vid
798 1118 67 22 Savo-

113 1159 127 21 laksbanan
256 1157 75 21 blifvit
346 1157 47 21 ledt
408 1156 41 22 och
465 1156 13 21 å
493 1155 93 21 hvilken
601 1154 34 27 sjö
649 1154 72 21 under
735 1154 92 21 senaste
841 1152 25 22 år

113 1194 50 21 icke
181 1192 140 27 oväsentliga
336 1183 173 40 kanaliserings.
516 1190 91 21 arbeten
625 1188 75 22 blifvit
715 1187 97 27 utförda,
825 1188 41 20 har

60 1224 24 13 *N
113 1229 36 21 för
163 1228 7 21 i
186 1228 25 21 år
227 1227 110 27 anslagits
353 1232 27 16 en
396 1231 91 16 summa
503 1225 25 21 af
541 1220 78 31 19,000
633 1224 73 26 mark,
721 1223 40 21 och
777 1224 38 20 äro
831 1222 35 22 för

102 1269 101 20 "samma
222 1262 84 22 farleds
321 1260 167 23 utsträckande
505 1260 35 21 till
555 1256 135 26 Liekonvesi
707 1258 42 22 och
764 1258 102 26 Ryökäs-

113 1298 51 22 vesi
182 1297 145 27 erforderliga
345 1296 95 21 arbeten
458 1294 133 22 fastställda
608 1295 37 20 att
661 1293 116 26 företagas
795 1292 71 22 under

114 1333 25 21 är
159 1332 62 21 1895.
245 1332 50 21 Det
313 1330 69 27 något
401 1330 77 27 längre
496 1330 49 20 mot
563 1327 78 23 vester
663 1327 115 27 befintliga
797 1326 77 22 Suon-

113 1364 108 29 tienjärvi
240 1366 49 22 stär
307 1366 102 20 deremot
427 1366 60 19 ännu
507 1363 42 26 eji
567 1358 137 26 förbindelse
719 1362 52 21 med
786 1361 80 21 Puula-

114 1402 56 26 vesi,
193 1407 52 15 men
267 1400 28 21 dä
317 1400 52 26 inga
391 1398 194 26 undersökningar
607 1397 76 21 blifvit
704 1396 84 27 gjorda,
810 1396 55 21 före-

114 1437 71 26 ligger
207 1435 20 27 'ej
249 1435 70 22 heller
336 1433 120 27 utredning
473 1439 38 15 om
528 1433 27 21 de
573 1429 121 34 eventuela
711 1430 155 22 kostnaderna

183 1483 199 26 Petitionsbetänkande
394 1489 37 18 N:o
443 1489 28 18 12.
489 1485 4 9 '
