1120 1774
329 128 225 23 Petitionsbetänkande
569 128 38 22 N:o
618 128 19 21 2.
818 128 14 21 5

179 187 161 21 Bondeständet
357 188 48 26 har,
421 187 51 21 med
487 186 120 27 afböjande
626 186 25 20 af
667 185 136 23 utskottets:
817 185 43 21 för-

110 222 55 26 slag,
180 222 116 21 förkastat
306 221 129 27 'petitionen
445 221 42 21 :om.
502 220 171 27 ifrågavarande
682 216 109 37 jernväg.

178 256 33 21 Då
220 256 135 22 utskotteti
369 256 42 21 sitt
425 254 322 27 sammanjemkningsförslag
761 254 53 21 med
829 253 30 21 af-

110 291 81 21 seende
207 290 12 21 &
235 291 52 21 dess
302 290 144 22 betänkande
461 289 41 21 N:o
517 289 14 20 2
542 288 126 22 framställt
680 288 86 26 förslag
775 288 85 26 jemväl

109 325 7 20 i
131 325 80 21 denna
223 324 70 27 fråga,
310 324 102 27 påkallar
429 324 133 21 densamma
577 324 41 20 här
633 322 58 38 icke.
693 322 74 40 något
782 322 78 21 vidare

109 359 125 21 uttalande.

178 524 135 22 Utskottets
322 519 10 36 .
337 524 85 27 förslag
443 524 52 22 ,.med
504 519 10 36 .
520 524 119 26 anledning.
662 523 26 21 af
708 523 152 27 .petitionerna

111 558 41 22 N:o
167 559 42 21 N:o
231 559 14 21 8
265 559 40 21 och
323 559 20 26 9,
362 559 114 27 angående
490 558 101 43 Jernväg
609 558 35 21 till
663 558 94 26 Raumo,
777 557 42 21 har
837 557 26 21 af

110 593 59 21 intet
185 592 67 22 stånd
267 575 119 44 godkänts.
397 607 3 9 .
467 607 2 2 ;

178 626 158 28 Ridderskapet
352 628 49 25 och.
408 612 71 35 Adeln
487 627 48 23 har
551 626 110 22 omfattat
675 627 36 20 ett
727 608 25 39 sä
762 626 25 46 a
816 626 43 36 UN

110 662 94 27 förslag:

181 698 48 25 »att
247 677 138 45 Ständerna,
396 696 35 20 för
447 679 42 38 den
503 670 108 57 händelse
626 686 119 30 att-innan
760 685 54 31 näst
829 694 30 21 in-

111 731 126 21 stundande
255 731 108 26 landtdag
381 730 26 21 af
422 730 87 21 Raumo
529 730 51 21 stad
599 730 54 21 eller
673 729 98 21 enskildt
793 728 66 26 bolag

109 765 111 21 utverkas
235 765 134 22 koncession
380 761 18 25 å
413 764 130 27 byggandet
557 764 26 20 af
597 770 26 15 en
638 764 95 26 jernväg
748 763 51 21 från
813 762 46 22 Pei-

109 800 68 27 pohja
195 800 55 21 eller
267 799 74 27 någon
359 805 76 15 annan
452 794 92 31 lämplig
560 798 73 27 punkt
649 798 13 21 å
677 797 179 21 Tammerfors—

109 834 151 27 Björneborgs
284 834 95 26 -jernväg
401 834 35 20 till
458 833 88 21 Raumo
570 832 51 22 stad
645 832 41 21 och.
709 832 52 21 dess
783 832 76 25 hamn,

109 868 74 22 måtte
201 868 81 21 anvisa
301 874 34 15 en
346 868 79 26 miljon
443 868 74 21 finska
535 867 66 21 mark
619 867 35 21 till
666 866 144 22 subvention
825 866 35 20 för

108 902 179 27 ifrågavarande.
298 903 71 21 banas
384 900 139 24 utförande."

177 936 162 21 Presteständet
353 937 42 20 har
413 936 104 22 beslutit:

159 987 2 2 +
179 972 48 26 yätt
243 971 126 21 Ständerna
384 970 73 22 måtte
473 970 41 21 hos
530 970 65 21 Hans
610 970 127 27 Kejserliga
751 969 109 27 Majestät

108 1006 6 20 i
137 1005 178 27 underdånighet
337 1005 98 26 anhålla,
454 1006 37 20 att
513 1010 37 15 om
573 1004 87 21 Raumo
680 1004 52 21 stad
751 1004 54 21 eller
823 1010 36 15 en-

109 1039 70 21 skildt
197 1039 66 27 bolag
281 1039 69 21 innan
366 1040 69 20 nästa
449 1039 107 26 landtdag
571 1038 107 22 utverkar
697 1038 134 22 koncession
847 1038 14 21 å

108 1074 118 26 byggande
245 1074 26 20 af
287 1079 27 15 en
332 1074 95 26 jernväg
445 1073 51 21 från
514 1073 92 27 lämplig
625 1073 74 26 punkt
718 1072 13 22 ä
747 1072 112 22 Tammer-

109 1108 68 21 fors—
190 1108 146 27 Björneborgs
350 1108 95 26 jernväg
462 1107 35 21 till
512 1107 88 21 Raumo
616 1107 59 26 stad,
691 1107 64 21 detta
770 1107 90 27 företag

109 1142 79 26 mätte,
199 1142 30 26 pä
244 1142 26 21 af
282 1142 141 27 Regeringen
437 1144 105 19 närmare
557 1141 118 22 fastställa
690 1141 79 27 vilkor,
780 1142 79 20 under-

109 1177 78 21 stödas
209 1177 52 21 med
280 1183 28 15 en
331 1176 136 22 subvention
485 1176 26 21 af
527 1182 27 15 en
573 1176 78 26 miljon
670 1176 76 26 mark;
762 1176 42 21 och
823 1177 36 19 att

108 1212 128 21 Ständerna
254 1211 35 21 för
307 1212 64 21 detta
387 1211 105 21 ändamäl
503 1206 61 36 ville
581 1210 82 22 anvisa
683 1212 35 20 ett
736 1210 80 27 belopp
836 1210 26 21 af
879 1222 3 3 -

109 1246 11 20 1
137 1246 77 25 miljon
230 1244 85 23 mark.*

177 1280 184 27 Borgareständet
376 1280 41 21 har
433 1280 94 21 beslutit
543 1285 27 16 en
585 1279 96 27 petition
699 1280 86 20 derom:

178 1316 49 26 yätt
249 1314 133 27 Ständerna,
402 1314 35 21 för
455 1314 42 22 den
520 1314 107 21 händelse
649 1314 36 21 att
703 1314 69 20 innan
791 1314 68 20 nästa

108 1349 107 27 landtdag
232 1349 111 21 utverkas
363 1348 133 22 koncession
516 1348 13 21 &
551 1348 118 27 byggande
689 1348 26 21 af
731 1354 27 15 en
777 1348 82 21 bibana

108 1384 51 20 från
181 1384 107 26 Peipohja
310 1383 54 22 eller
383 1388 75 16 annan
476 1383 92 27 lämplig
587 1382 74 27 punkt
679 1382 14 21 å
708 1382 151 27 Björneborgs

107 1418 95 27 jernväg
218 1418 34 21 till
267 1418 88 20 Raumo
371 1418 52 20 stad
439 1418 40 20 och
495 1418 52 20 dess
562 1417 75 27 hamn,
649 1417 92 21 hvilken
751 1417 108 27 jernvägs

175 1474 179 22 Jernvägsutskottets
367 1473 112 18 betänkande
490 1473 38 17 N:o
541 1474 14 16 1.
