1070 1795
258 123 40 22 178
444 124 229 22 Petitionsbetänkande
690 125 34 20 N:o
740 124 21 21 2.

228 181 108 22 Deremot
352 182 60 21 skall
426 182 43 22 den
485 183 80 21 vestra
580 182 65 22 delen
662 182 26 21 af
700 182 176 27 ifrågavarande
884 182 101 26 jernväg,

228 217 97 21 emellan
356 217 158 26 Hangöbanan
544 217 42 21 och
609 209 51 29 Åbo
684 217 59 26 stad,
767 217 79 22 städse
868 216 71 21 hafva
958 221 29 17 en

228 251 84 20 nästan
326 251 148 21 uteslutande
490 250 61 22 lokal
568 251 125 26 betydelse;
710 257 55 16 vare
781 251 35 27 sig
826 252 37 20 att
871 251 42 21 den
921 252 64 25 tager

228 284 35 21 sin
278 285 79 26 början
373 285 59 21 ifrån
448 285 68 21 Karis
532 285 54 22 eller
601 285 97 22 Ekenäs.
729 285 30 22 Vi
769 285 59 22 hade
837 285 73 22 derför
918 285 68 22 tänkt

228 324 45 21 oss,
304 320 36 20 att
369 319 111 22 bandelen
507 315 138 36 Nummela—
656 315 145 36 Helsingfors
824 320 68 21 borde
915 319 6 20 i
937 319 49 21 när-

227 354 77 20 maste
327 353 93 22 framtid
443 353 29 27 på
491 353 157 22 statsverkets
664 354 129 21 bekostnad
809 354 94 34 byggas.
934 354 51 21 Der-

228 389 63 20 emot
305 387 76 22 kunde
397 388 42 21 den
455 388 98 21 emellan
569 387 81 28 Hangö
666 389 76 20 banan
758 389 41 20 och
815 389 50 20 Åbo
882 388 52 21 stad
951 388 33 22 be-

228 422 88 26 fintliga
337 422 64 22 delen
417 422 26 21 af
456 422 42 22 den
513 428 46 21 nya
574 423 124 27 jernvägen
714 423 128 21 tillsvidare
858 423 89 21 lemnas
965 422 20 21 ä-

228 456 55 26 sido,
306 455 35 22 för
366 458 36 19 att
418 456 6 21 i
440 457 74 20 sinom
529 457 33 20 tid
578 457 86 26 byggas
680 457 117 26 antingen,
814 457 77 21 såsom
907 457 78 21 under-

228 490 98 21 tecknad
342 490 103 21 Törnudd
461 490 124 27 föreslagit,
601 491 52 22 med
669 491 144 27 statsmedel,
830 491 61 27 eller,
908 491 77 21 såsom

228 524 116 27 ätskilliga
360 525 70 20 andra
444 525 151 22 medlemmar
609 525 26 21 af
647 526 120 21 utskottet
784 526 69 21 tänkt
864 526 34 26 sig
907 525 77 26 saken,

229 559 90 26 bringas
335 559 35 21 till
386 559 68 21 ständ
473 559 29 27 pä
517 559 77 27 privat
609 561 50 26 väg.
691 559 69 22 Hälla
775 560 156 27 pästäendena
948 565 36 16 an-

227 592 86 27 gäende
329 593 73 22 denna
418 593 71 22 banas
505 594 70 21 trafik
589 594 42 21 och
646 594 144 21 rentabilitet
806 595 81 21 endast
897 595 7 20 i
911 594 73 27 nägon

227 627 54 21 män
306 627 84 27 streck,
410 628 63 21 torde
490 628 39 22 det
544 628 49 22 icke
608 630 64 20 möta
688 629 131 26 synnerliga
836 629 147 26 svärigheter,

228 663 36 20 att
288 663 185 26 sammanbringa
497 663 141 27 erforderligt
662 663 88 27 kapital
766 663 35 21 för
817 663 130 27 byggandet
962 663 25 21 af

227 702 28 15 en
278 696 26 22 sä
327 697 105 22 utmärkt
455 697 64 22 bana.
550 697 81 22 Säsom
654 698 139 27 privatbana
816 698 73 21 skulle
905 697 79 28 ifräga-

229 731 99 22 varande
352 731 81 22 bandel
449 732 119 21 dessutom
582 732 51 21 med
649 732 87 22 lätthet
751 733 79 20 kunna
845 732 140 27 exploiteras

226 766 58 20 utan
300 765 74 27 nägon
390 766 61 27 slags
466 765 97 22 konflikt
578 767 52 21 med
646 766 81 27 Hangö
741 767 82 24 banan,
832 767 92 21 hvilken
934 767 50 20 sist-

228 799 99 22 nämnda
350 799 50 22 äter
423 800 121 27 lämpligen
563 801 75 21 kunde
654 801 124 22 trafikeras
793 801 7 21 i
816 801 103 27 förening
934 801 50 21 med

228 829 155 38 Helsingfors
391 829 131 38 -Nummela
545 835 101 27 jernväg.
678 835 76 22 Också
775 836 58 21 hade
857 835 22 21 vi
895 835 34 21 för
944 835 41 21 vär

228 868 35 21 del
286 868 96 22 beslutit
405 875 39 15 oss
467 869 42 27 för,
525 871 43 25 att,
584 870 76 21 derest
676 869 309 22 kommunikationsfondens

239 902 111 27 lllgängar
372 903 39 22 det
426 903 127 27 medgäfve,
569 905 64 20 rösta
648 904 36 21 för
699 904 122 22 utförande
837 905 26 20 af
876 904 108 21 bandelen

229 933 154 37 Helsingfors
394 933 127 37 -Nummela
540 938 29 27 pä
585 938 85 21 allmän
686 939 128 21 bekostnad
830 939 69 21 redan
915 938 70 21 under

237 971 189 23 örstkommande
441 972 158 27 finansperiod.
630 973 85 22 Härtill
731 973 72 21 hafva
819 974 21 20 vi
857 973 127 21 likvälicke

228 1005 76 22 funnit
333 1006 97 26 tillfälle,
457 1007 29 21 dä
508 1007 170 27 omröstningen
700 1013 38 16 om
762 996 223 43 Helsingfors—Åbo

242 1045 61 16 anan
319 1041 85 22 skedde
420 1041 29 27 på
463 1047 29 16 en
507 1041 58 27 gång
581 1042 35 21 för
631 1042 52 21 hela
699 1042 163 27 sträckningen
878 1042 41 21 och
935 1042 49 21 icke

227 1075 120 26 styckevis
363 1075 35 21 för
413 1076 27 21 de
455 1076 61 21 olika
531 1076 92 21 delarna
638 1076 26 21 af
677 1077 82 21 banan.

296 1109 40 22 Ett
352 1110 83 27 vigtigt
450 1111 80 25 motiv,
547 1110 93 21 hvarför
656 1111 37 21 vid
708 1111 155 22 innevarande
885 1111 99 26 landtdag

242 1143 62 22 eslut
326 1144 50 22 icke
403 1145 66 21 borde
485 1145 73 21 fattas
573 1150 37 16 om
626 1145 132 27 byggandet
773 1145 26 21 af
812 1145 171 26 Helsingfors—

226 1171 51 28 Åbo
300 1178 124 27 kustbana,
448 1179 139 21 åtminstone
610 1179 34 21 till
664 1179 74 27 någon
754 1185 76 16 annan
846 1180 27 21 del
897 1181 29 19 än
942 1179 42 21 den

227 1218 51 15 som
305 1213 65 21 faller
392 1213 97 22 emellan
512 1213 144 27 Helsingfors
678 1215 42 20 och
741 1214 129 26 Nummela,
886 1213 60 22 finna
961 1214 23 20 vi

226 1247 70 21 äfven
319 1247 53 27 deri,
395 1249 36 20 att
446 1249 81 20 medan
542 1248 187 27 jernvägsnätets
745 1249 135 26 utvidgning
895 1248 7 21 i
918 1248 65 21 fram-

227 1281 62 22 tiden
312 1282 173 27 otvifvelaktigt
507 1282 76 22 måste
606 1283 41 21 ske
662 1283 52 22 med
730 1283 81 22 lånade
827 1283 80 26 medel,
923 1283 60 20 kom-

226 1316 253 22 munikationsfondens
503 1317 126 21 inkomster
646 1316 35 22 för
696 1317 144 22 närvarande
855 1317 50 21 icke
921 1317 63 21 torde

227 1350 115 26 medgifva
356 1351 157 26 upptagandet
529 1351 26 21 af
561 1352 34 20 ett
604 1351 78 21 alltför
692 1352 60 21 stort
761 1351 44 21 lån.
821 1351 82 21 Såsom
911 1351 26 21 af
946 1350 38 21 nå-

226 1384 52 27 diga
301 1385 170 26 propositionen
495 1386 41 21 N:o
555 1386 28 20 24
598 1391 36 16 om
650 1386 78 21 vidare
744 1385 240 28 jernvägsbyggnader

226 1419 6 20 i
248 1419 78 21 landet
343 1419 109 27 framgår,
467 1420 114 21 erfordras
597 1420 35 21 för
647 1421 132 26 byggandet
795 1421 26 20 af
827 1419 157 22 Keski-Suomi

296 1469 200 20 Petitionsbetänkande
508 1471 38 17 N:o
558 1471 17 17 2.
