1070 1795
239 120 13 20 6
395 118 279 23 Petitionsbetänkande
689 119 44 23 N:o
749 119 42 24 30.

210 187 24 21 åt
257 186 167 22 kommunerna
446 189 36 19 att
504 187 26 21 af
543 187 53 22 dem
611 187 103 29 utgifvas
730 188 75 22 såsom
821 188 39 21 lån
875 188 30 29 på
919 187 51 22 kor-

208 223 52 20 tare
282 221 35 22 tid
340 221 24 22 åt
386 221 90 22 mindre
491 221 160 28 jordbrukare.
682 222 81 22 Såsom
779 222 51 21 skäl
844 222 37 22 för
896 221 75 22 denna

208 255 37 22 sin
261 255 161 29 underdåniga
438 256 109 21 anhållan
559 256 123 22 framhöllo
691 257 137 26 Ständerna,
841 259 35 19 att
886 256 85 29 ifråga-

208 290 103 21 varande
326 290 75 22 medel
416 290 61 21 blott
492 291 7 20 i
513 291 68 28 ringa
593 291 58 28 grad
665 291 78 22 blifvit
751 291 114 27 använda,
875 291 95 22 emedan

208 324 29 21 de
261 324 126 29 vidlyftiga
406 325 43 21 och
464 325 143 21 kostsamma
622 326 135 28 omgångar,
773 325 53 22 med
841 325 80 22 hvilka
936 333 34 14 er-

208 359 121 22 hållandet
351 359 27 21 af
397 359 72 28 sagda
491 359 40 21 lån
549 367 42 14 var
606 359 113 28 förenadt,
736 359 120 22 äfvensom
872 361 98 20 bestäm-

208 393 97 29 ningen,
321 393 40 22 det
376 393 39 22 lån
430 393 51 22 icke
496 393 63 29 finge
574 393 104 29 utgifvas
694 394 37 22 till
746 394 90 22 mindre
846 394 83 29 belopp
940 397 29 19 än

210 429 65 26 1,500
298 428 71 27 mark,
392 428 79 27 vållat,
495 430 35 20 att
553 428 66 22 dessa
641 428 40 22 lån
704 429 83 21 endast
802 428 167 29 undantagsvis

208 462 92 21 kunnat
315 462 26 21 af
354 462 89 21 mindre
455 462 155 29 jordbrukare
626 463 131 27 ansökas
726 458 34 38 !).

279 497 34 21 På
341 497 76 28 grund
442 497 26 21 af
492 497 77 21 denna
593 497 99 29 petition
719 497 140 22 förordnade
885 497 29 22 H.
938 497 31 22 K.

207 531 111 29 Majestät
343 531 87 22 medels
452 531 140 29 kungörelse
614 531 45 22 den
683 533 26 21 14
734 532 45 29 maj
805 533 61 26 1890,
890 534 34 19 att
946 532 26 21 af

207 565 142 27 förberörda,
372 573 83 21 genom
477 565 86 29 nådiga
580 566 156 29 kungörelsen
752 566 45 22 den
815 568 24 19 11
853 566 45 29 juli
915 567 53 21 1889

208 599 38 22 till
269 600 151 21 statsverkets
443 600 178 29 utlåningsfond
644 600 133 23 öfverförda
799 601 41 21 två
864 601 105 28 miljoner

207 634 67 21 mark
294 635 112 26 1,600,000
424 634 75 21 skulle
520 634 37 22 för
577 635 109 21 bildande
702 635 27 21 af
744 635 149 22 kommunala
908 635 61 22 låne-

206 668 83 22 fonder
311 668 103 29 utgifvas
432 669 30 28 på
479 669 67 28 tjugu
564 669 36 21 års
618 669 34 22 tid
670 670 24 21 åt
714 669 204 22 landskommuner
931 669 36 22 till

206 703 86 29 belopp
315 703 25 22 af
354 703 68 29 högst
439 704 76 27 10,000
530 704 66 21 mark
612 704 24 21 åt
651 711 29 14 en
696 704 42 21 och
754 711 87 14 samma
857 704 109 21 kommun

207 740 49 18 mot
280 737 153 22 kommunens
451 745 171 21 gemensamma
639 738 151 29 ansvarighet
805 738 43 21 och
863 738 104 28 skyldig-

206 771 41 22 het
270 771 20 29 ej
313 771 90 22 mindre
426 775 34 18 att
482 772 95 29 erlägga
599 775 35 18 tre
648 775 109 26 procents
773 773 60 28 årlig
848 775 73 24 ränta,
938 776 29 17 än

206 806 44 21 ock
274 808 34 19 att
330 806 7 21 i
361 806 108 21 afseende
490 807 13 20 å
517 807 153 21 lånefondens
686 807 146 28 förvaltning
847 807 43 21 och
906 806 61 21 låne-

205 840 115 22 rörelsens
344 841 151 21 bedrifvande
515 841 69 21 ställa
600 841 36 28 sig
652 841 36 21 till
704 841 154 22 efterrättelse
874 841 28 21 de
917 845 50 17 när-

205 882 64 14 mare
284 875 151 27 föreskrifter,
452 875 101 22 Senaten
569 876 91 21 komme
676 878 35 19 att
725 875 100 28 utfärda,
837 877 60 20 samt
909 876 58 21 åter-

206 909 97 22 stående
318 911 92 26 400,000
425 910 66 21 mark
507 909 26 22 af
545 910 168 21 statskontoret
729 911 92 20 utlånas
831 911 24 20 åt
863 909 104 22 enskilda

201 943 155 29 jordbrukare
372 944 35 21 till
423 944 82 29 belopp
522 944 26 21 af
560 944 70 29 högst
647 946 83 25 10,000,
742 945 71 21 minst
824 945 64 27 2,000
902 945 64 20 mark

206 981 49 18 mot
278 979 136 28 inteckning
429 979 7 21 i
449 979 167 28 jordfastighet
638 979 53 21 med
707 979 56 21 eller
778 981 58 19 utan
855 979 112 28 fyllnads-

206 1013 114 21 säkerhet.
339 1007 21 27 Å
376 1013 144 21 sistnämnda
536 1013 45 27 lån,
598 1013 80 22 hvilka
692 1013 165 22 företrädesvis
871 1013 96 29 beviljas

205 1047 37 22 för
257 1047 87 22 sådana
360 1047 183 29 odlingsföretag
559 1047 43 22 och
618 1047 169 29 förbättringar
802 1048 8 21 i
822 1047 144 29 jordbruket,

205 1089 49 14 som
271 1081 27 22 af
309 1082 164 29 läneagronom
484 1081 123 28 förordats,
618 1082 105 29 erlägges
734 1082 74 21 under
816 1081 28 22 de
853 1086 34 17 tre
895 1081 72 22 första

206 1116 55 21 åren
278 1117 48 27 31/,
341 1119 108 26 procents
464 1119 74 25 rärta,
555 1124 52 13 men
623 1116 52 22 från
691 1117 43 21 och
750 1116 53 21 med
816 1117 119 28 utgången
944 1116 25 21 af

206 1151 39 21 det
261 1151 73 28 fjerde
350 1151 50 21 året
415 1159 28 13 en
459 1151 59 28 årlig
534 1151 106 21 annuitet
656 1151 26 21 af
695 1152 13 20 8
723 1153 104 26 procent,
843 1151 87 21 deraf
916 1147 9 36 3
940 1152 26 27 '/,

207 1185 113 22 beräknas
344 1186 73 21 såsom
440 1189 67 18 ränta
530 1185 13 22 &
566 1185 39 21 det
620 1185 36 21 för
672 1185 64 22 tiden
750 1185 137 21 utestående
902 1185 64 28 kapi-

205 1219 59 21 talet
292 1219 42 22 och
360 1219 131 22 återstoden
519 1219 106 28 afdrages
651 1220 13 21 å
689 1219 84 29 sjelfva
800 1219 165 27 lånesumman,

206 1253 98 22 hvilken
319 1253 133 29 derigenom
461 1254 104 21 kommer
575 1256 35 19 att
620 1254 36 21 till
666 1253 58 22 fullo
733 1256 126 19 amorteras
867 1253 63 21 inom
940 1255 25 20 19

278 1347 12 21 1)
302 1346 59 22 Enligt
372 1346 137 17 statsutskottets
522 1346 110 22 redogörelse
644 1346 28 18 för
685 1346 21 17 de
719 1346 115 17 statsverkets
848 1345 67 18 fonder.
928 1350 37 12 som

205 1374 86 19 förvaltas
300 1375 18 17 af
330 1375 128 22 statskontoret,
469 1374 77 24 afgifven
559 1375 29 17 vid
604 1375 42 18 1891
655 1375 28 17 års
691 1375 89 22 landtdag,
789 1374 32 18 sid.
831 1374 26 23 13,
868 1374 53 17 hafva
927 1374 38 17 från

205 1404 59 17 denna
277 1403 82 18 lånefond
371 1404 56 17 under
439 1404 21 17 de
473 1409 31 12 sex
517 1404 20 17 år
549 1404 104 22 (1884—90)
666 1404 34 17 den
711 1404 69 22 bestått,
790 1403 37 18 icke
836 1403 79 22 utgifvits
923 1403 42 17 flere

205 1433 21 16 än
238 1432 23 17 62
274 1432 28 17 lån
315 1438 28 11 om
356 1432 115 18 tillsammans
483 1433 74 20 143,310
569 1433 54 17 mark.

276 1467 182 18 Ekonomiutskottets
471 1467 110 18 betänkande
593 1467 35 18 N:o
640 1467 29 17 12.
