1070 1795
175 135 384 24 Petitionsbetänkande
574 136 59 23 N:o
648 136 52 23 28.

262 458 297 28 Jernvägsutskottets
570 455 247 24 betänkandeN:o5

195 493 7 21 i
220 493 121 28 anledning
357 493 25 22 af
396 493 34 22 ett
446 493 55 22 inom
518 492 167 23 Presteständet
700 492 67 22 väckt
782 497 35 23 pe-

195 527 162 28 titionsförslag
373 534 33 15 om
419 527 116 22 införande
549 528 24 21 af
583 529 73 20 större
668 527 151 28 farhastighet

194 561 14 23 å
223 563 85 22 statens
321 563 130 28 jernvägar.

126 720 87 21 Genom
241 720 211 27 protokollsutärag
479 721 26 21 af
528 721 43 21 den
598 720 26 21 17
648 719 108 23 Februari
778 719 41 21 har

58 755 138 26 högvördiga
214 755 178 22 Presteständet
410 755 36 21 till
462 755 244 27 Jernvägsutskottets
722 754 96 21 förbere-

57 789 73 22 dande
146 789 136 28 behandling
297 789 134 27 hänskjutit
446 789 99 27 följande
561 789 205 28 petitionsförslag:

95 913 46 18 Till
157 914 147 23 Högvördiga
318 914 179 19 Presteständet
512 915 37 18 vid
562 915 45 18 1894
619 915 37 17 ärs
668 914 116 23 landtdag.

127 983 54 18 Säväl
201 983 56 18 bland
277 984 135 21 allmänheten,
432 989 39 12 som
490 984 110 23 isynnerhet
617 984 51 17 inom
685 983 134 18 affärsverlden

57 1011 55 19 hafva
133 1013 24 22 pä
178 1018 66 13 senare
266 1013 51 17 tider
338 1013 36 17 allt
392 1012 83 23 lifligare
493 1013 116 22 önskningar
628 1013 77 17 uttalats
724 1011 96 23 angående

58 1040 139 24 behöfligheten
216 1041 21 18 af
253 1047 23 12 en
296 1042 93 17 snabbare
405 1041 118 19 förbindelse
539 1041 68 18 mellan
623 1041 74 18 landets
712 1041 108 22 nordligare

57 1069 53 18 delar
131 1070 34 18 och
186 1070 56 18 södra
260 1070 79 18 delarne
358 1070 21 18 af
396 1070 109 18 detsamma.
535 1071 37 17 För
591 1069 121 24 uppnäendet
729 1069 21 18 af
765 1069 56 18 dessa

57 1099 143 22 önskningsmäl
218 1099 56 18 hafva
292 1099 52 18 olika
358 1100 72 22 äsigter
445 1100 51 22 gjort
510 1099 29 23 sig
555 1099 91 23 gällande.
672 1099 68 18 Medan
754 1103 41 13 man
809 1098 12 17 å

57 1132 36 13 ena
109 1127 60 22 sidan,
181 1138 21 3 —
216 1128 28 17 till
262 1128 122 18 undvikande
398 1128 20 18 af
429 1128 132 23 nattuppehäll
574 1129 11 16 &
597 1125 107 26 Östermyra
716 1128 68 17 station
793 1137 28 11 —,

58 1156 54 23 yrkat
130 1157 24 22 pä
172 1157 108 18 inrättande
300 1157 20 17 af
334 1157 66 22 nattäg
416 1157 11 17 &
440 1157 93 18 bandelen
547 1153 107 26 Östermyra
663 1167 4 2 -
678 1156 124 19 Tammerfors
814 1156 6 17 i

58 1185 93 18 hvardera
163 1185 116 23 riktoingen,
291 1185 35 18 har
338 1186 12 17 &
362 1185 62 18 andra
436 1185 54 18 sidan
503 1185 112 18 framhällits
627 1185 163 23 nödvändigheten
803 1185 20 17 af

58 1219 22 12 en
101 1214 58 17 sådan
179 1214 111 23 förändring
305 1214 21 18 af
341 1215 69 22 tågens
422 1214 109 23 afgängstid
543 1214 42 18 från
597 1214 119 18 Nikolaistad
729 1214 35 17 och
777 1213 44 18 Hel-

57 1242 87 23 singfors,
163 1245 26 16 att
208 1245 59 20 vägen
287 1243 69 18 mellan
374 1243 56 18 dessa
446 1243 49 18 bäda
511 1243 64 18 städer
587 1243 62 17 kunde
662 1243 24 22 pä
699 1248 22 12 en
735 1242 36 23 dag
783 1242 38 18 till-

57 1271 129 23 ryggaläggas.
213 1271 41 18 Mot
272 1271 32 19 det
319 1271 52 18 förra
388 1272 121 17 alternativet
521 1271 38 18 tala
572 1271 22 18 de
607 1273 51 16 stora
671 1271 106 18 finansiella
790 1271 31 18 be-

57 1300 134 23 tänkligheter,
204 1301 75 22 nattägs
291 1300 101 18 införande
406 1301 24 22 pä
443 1306 44 17 nyss
496 1300 81 18 nämnda
586 1300 68 19 bandel
662 1300 62 18 skulle
733 1300 88 18 medföra.

57 1330 34 17 Att
109 1329 135 18 kostnaderna
255 1329 29 18 för
301 1331 27 16 ett
343 1331 42 21 nytt
400 1330 33 22 täg
448 1329 24 23 pä
485 1335 22 12 en
521 1330 21 17 sä
554 1329 44 23 läng
610 1329 78 21 distans,
701 1334 40 13 som
754 1329 35 17 här
801 1330 21 16 är

57 1357 67 23 ifråga,
141 1358 63 18 skulle
213 1358 67 18 'blifva
296 1358 76 22 mycket
384 1358 99 22 betydliga
495 1360 21 15 är
525 1358 22 22 ju
560 1358 41 17 helt
612 1358 96 22 naturligt,
720 1358 35 17 och
768 1357 54 22 högst

57 1386 76 18 osäkert
152 1388 26 20 är,
198 1386 94 19 huruvida
311 1386 36 19 den
366 1387 73 22 ökning
456 1387 7 18 i
482 1386 62 22 trafik,
560 1392 39 12 som
614 1386 36 18 kan
666 1386 82 19 förutses
764 1385 59 18 blifva

57 1415 72 23 följden
142 1415 21 18 af
173 1415 36 18 den
223 1415 135 18 underlättade
371 1415 168 24 tägförbindelsen,
552 1416 83 17 kommer
648 1417 26 16 att
686 1415 79 18 betäcka
773 1415 50 17 kost-

57 1444 149 23 nadsökningen,
222 1449 39 13 som
278 1445 61 22 enligt
355 1444 77 24 uppgift
447 1445 63 18 skulle
523 1453 20 4 —
557 1446 51 16 utom
622 1444 200 23 anläggningskostna-

126 1490 182 23 Jernvägsutskottets
321 1491 115 18 betänkande
448 1491 39 17 N:o
499 1491 18 17 5.
