1070 1795
195 139 81 23 Ständ.
292 139 53 22 Pet.
364 153 21 2 —
404 139 170 22 Petitionsbet.
590 140 42 21 N:o
647 140 35 21 33.
776 141 11 20 7

62 205 76 28 tighet
148 205 8 20 i
167 204 156 22 kostnaderna
332 205 37 22 för
379 205 118 28 reallinjes
507 205 155 29 upprättande
673 207 67 26 synts
750 205 67 21 Stän-

63 239 70 21 derna
144 247 54 14 vara
209 241 34 20 ett
253 239 108 29 lämpligt
371 239 77 22 vilkor
458 239 37 22 för
505 239 83 29 bidrag
597 239 52 22 frän
661 241 89 20 statens
761 239 55 22 sida.

131 272 100 36 Äsigten
247 287 37 14 om
300 280 178 21 kommunernas
494 280 136 29 skyldighet
645 282 34 19 att
694 280 54 22 med
758 280 60 21 visst

63 314 58 21 efter
141 314 230 29 omständigheterna
391 314 118 29 afpassadt
523 315 84 28 belopp
624 315 92 28 deltaga
731 315 8 21 i
755 315 63 21 kost-

62 348 102 22 naderna
187 349 37 21 för
239 349 215 28 upprätthällandet
469 349 26 22 af
508 349 27 21 de
551 349 84 22 äskade
652 349 110 22 skolorna
777 349 41 21 har

62 383 41 21 hos
115 383 131 22 Ständerna
255 383 88 22 befästs
354 391 84 21 genom
450 383 28 22 de
488 383 133 22 verkstälda
630 384 188 28 beräkningarna

63 417 64 22 öfver
147 418 28 21 de
190 418 123 22 sannolika
326 418 100 29 utgifter
441 418 201 29 förverkligandet
657 418 25 22 af
694 419 123 29 petitions-

62 452 129 29 förslagens
207 453 121 28 yrkanden
343 453 77 21 skulle
435 453 109 22 medföra.

130 487 103 21 Sälunda
248 487 92 22 komme
356 488 75 28 enligt
446 488 174 29 ofvanantydda
634 488 141 29 beräkning:

131 523 21 26 a)
162 521 179 30 Utvidgningen
353 522 26 22 af
384 523 28 21 de
421 523 155 28 fyraklassiga
583 523 109 21 skolorna
700 523 9 21 i
716 523 100 28 Ekenäs,

61 555 92 29 Lovisa,
170 556 186 29 Gamlakarleby,
372 557 101 22 Heinola
487 557 44 22 och
546 557 90 22 Torneä
649 559 34 20 att
694 557 82 22 kräfva
787 565 29 14 en

62 591 110 28 ärsutgift
188 591 25 21 af
226 591 72 29 nägot
313 591 64 22 öfver
392 593 79 26 30,000
485 592 72 22 mark.
580 592 53 22 Med
648 591 130 22 beaktande
793 591 26 22 af

61 625 112 22 behofvet
188 625 25 22 af
226 627 34 20 ett
275 626 197 29 tillskottsanslag
486 627 37 21 för
539 634 28 14 en
583 627 107 21 eventuel
700 626 116 22 latinkurs

61 660 65 21 torde
149 659 206 23 medelkostnaden
374 661 37 22 för
426 661 62 22 klass
505 661 59 22 dock
579 661 57 22 böra
650 661 114 22 beräknas
779 661 38 21 till

61 701 18 14 c.
101 695 64 26 7,000
184 695 66 21 mark
266 695 43 22 och
324 695 90 22 således
430 696 108 29 samtliga
554 696 66 21 dessa
635 696 90 21 skolors
742 703 74 14 omor-

61 729 133 28 ganisation
209 729 104 22 medföra
328 737 28 14 en
372 730 101 22 kostnad
488 730 25 22 af
526 731 79 27 35,000
619 731 72 21 mark.

129 763 25 29 b)
177 764 47 22 För
246 764 45 22 den
310 764 144 29 tväklassiga
469 765 94 22 skolans
583 765 4 22 i
601 765 80 22 Kotka
696 765 121 22 enahanda

61 799 197 28 omorganisation
274 799 144 22 erfordrades
429 801 34 20 ett
473 799 178 30 tilläggsanslag
661 800 37 22 för
708 801 36 20 tre
755 800 61 21 klas-

60 840 37 14 ser
112 833 25 22 af
150 833 108 29 omkring
273 835 78 27 20,000
365 834 72 22 mark.

129 869 20 25 c)
172 867 145 23 Inrättandet
341 868 25 22 af
386 876 47 21 nya
451 869 165 22 mellanskolor
635 869 4 21 i
654 869 90 29 Hangö,
761 869 55 22 Fre-

60 901 141 30 drikshamn,
219 902 89 23 Iisalmi
324 903 44 22 och
382 903 100 22 Nurmes
498 903 81 28 skulle,
597 903 73 29 enligt
685 903 131 29 beräkning

60 936 25 21 af
99 938 62 27 7,000
176 937 39 21 mk
231 944 40 21 per
286 937 68 29 klass,
370 937 83 22 kräfva
468 938 108 29 omkring
593 939 91 27 140,000
700 938 72 22 mark.

129 971 23 28 d)
175 971 164 22 Kostnaderna
360 972 38 21 för
418 972 143 22 inrättandet
576 972 26 22 af
614 972 62 22 reala
690 972 70 29 linjer
775 972 40 22 vid

60 1005 28 22 de
110 1005 116 22 klassiska
247 1006 107 29 lyceerna
373 1007 8 21 i
396 1007 83 28 Borgä,
495 1007 117 28 Uleäborg
627 1007 43 22 och
684 1007 131 28 Jyväskylä

59 1040 92 21 komme
171 1042 40 26 att,
228 1041 60 21 efter
304 1041 168 29 ofvanintagna
486 1041 130 29 beräkning
632 1041 26 22 af
672 1043 63 27 7,000
749 1041 66 22 mark

59 1074 36 22 för
121 1075 81 28 hvarje
228 1075 72 28 skola,
326 1075 90 22 belasta
438 1075 171 30 skolbudgeten
631 1076 52 21 med
706 1076 109 28 omkring

59 1110 78 27 21,000
151 1109 72 22 mark.

127 1143 178 30 Sammanlagda
327 1145 109 28 beloppet
458 1145 27 22 af
505 1145 66 22 dessa
593 1147 79 26 poster
694 1147 70 26 utgör
779 1145 35 21 sä-

58 1178 74 21 ledes:

58 1224 47 22 För
120 1224 40 22 det
174 1225 74 22 under
264 1226 21 27 a)
301 1225 99 22 nämnda
416 1225 132 22 ändamälet
572 1242 5 5 .
608 1243 4 4 .
656 1227 79 27 35,000
749 1225 65 22 mark

80 1275 9 10 ”
136 1277 8 9 »
208 1278 8 9 oo»
262 1259 25 28 b
338 1276 8 11 n
454 1278 10 11 »
569 1277 6 5 +
605 1277 5 4 .
642 1261 91 27 -20,000
774 1279 9 9 ,

79 1309 10 12 a
135 1311 9 10 on
208 1311 8 8 6
268 1297 20 23 O
338 1313 8 8 ,
454 1311 10 12 5
570 1311 4 5 .
605 1311 5 5 .
642 1295 92 28 140,00
775 1311 10 12 ,

79 1343 10 12 n
134 1344 9 12 n
206 1345 9 11 n
264 1328 23 27 ID
338 1346 8 10 ,
455 1345 10 12 z
570 1345 5 5 <
606 1346 4 5 .
656 1330 78 27 21,000
775 1345 10 12 ,

519 1368 94 23 Summa
642 1370 92 27 216,000
748 1369 65 21 mark

126 1413 42 22 Om
192 1414 50 21 äter
264 1415 74 21 säsom
362 1415 109 21 medeltal
494 1415 37 22 för
546 1415 39 22 det
600 1415 139 29 visserligen
754 1415 59 22 efter

57 1448 63 21 olika
142 1448 78 22 lokala
242 1449 161 22 förhållanden
426 1449 145 22 bestämbara
593 1450 91 29 belopp,
702 1450 111 22 hvarmed
