1070 1795
234 151 14 23 6
408 150 260 23 Motionsbetänkande
684 149 45 24 N:o
744 150 21 22 1.

276 221 18 24 0)
309 221 59 24 bolag
377 221 31 20 för
415 220 143 25 öfvertagande
565 220 20 21 af
592 220 28 20 all
628 220 145 25 utminutering
780 220 185 25 oohtutskänkning

208 248 27 25 pä
258 251 62 22 orten,
343 249 45 19 med
408 249 79 24 bolaget
501 249 81 19 lemnad
597 250 45 23 rätt,
658 250 30 18 att
702 250 54 18 emot
770 249 49 24 afgif
840 247 21 21 ät
875 248 89 20 enskilde

206 277 98 20 Ofverläta
318 277 138 25 utskänkning
477 277 26 26 pä
517 277 90 23 hoteller,
623 277 154 20 restaurationer
791 277 37 19 och
843 277 122 20 konditorier

207 306 105 19 äfvensom
328 305 138 20 minuthandel
481 305 46 20 med
542 305 106 20 utländska
664 305 151 26 spritdrycker».

278 363 123 19 Anslutande
416 363 31 24 sig
461 363 31 19 till
507 363 56 19 detta
578 363 209 19 Ekonomiutskottets
802 362 102 20 uttalande
915 363 49 19 fast-

208 391 65 20 stälde
288 391 111 20 Ständerna
414 391 37 20 den
467 391 114 20 nuvarande
596 391 92 25 lydelsen
702 391 20 19 af
738 392 10 24 8
765 391 12 20 9
787 391 8 19 i
804 391 160 25 bränvinslagen,

207 420 58 19 hvari
287 420 110 20 emellertid
417 420 6 19 i
440 426 57 14 mom.
514 421 12 18 2
542 420 58 25 ingär
614 420 39 20 den
668 420 139 25 oegentlighet,
822 422 29 17 att
866 420 35 19 der
915 419 49 20 talas

207 454 31 13 om
265 449 63 24 bolag,
348 455 43 13 som
406 448 79 20 erhållit
500 448 128 20 uteslutande
644 450 40 17 rätt
698 448 31 19 till
744 448 145 25 utminutering
903 448 61 19 »eller»

206 477 140 25 utskänkning
366 477 20 19 af
407 477 39 19 alla
467 476 56 20 såväl
544 477 104 19 inhemska
670 483 43 13 som
729 477 107 19 utländska
851 477 113 25 spritvaror,

206 505 66 20 ehuru
294 505 59 20 dessa
375 505 116 25 rättigheter
506 505 43 20 icke
564 505 68 19 kunna
646 505 90 25 ätskiljas
752 507 49 18 utan
815 507 34 18 äro
865 505 99 19 ovilkorli-

206 539 40 19 gen
262 534 130 25 hopkedjade,
412 534 77 19 hvarför
505 534 56 19 ordet
575 533 53 20 »och»
644 534 51 19 varit
709 534 94 25 riktigare
817 536 26 17 än
858 533 66 25 eller»,
940 539 25 14 en

208 562 149 25 omständighet
380 569 48 18 som,
449 563 65 19 ehuru
537 564 58 22 orätt,
615 562 59 25 gifvit
688 569 26 13 en
729 562 33 20 del
773 562 109 25 lagtolkare
897 562 68 19 anled-

208 591 50 24 ning
273 593 29 18 att
318 591 47 20 söka
383 591 100 19 vindicera
497 591 94 19 städerna
605 593 41 17 rätt
660 592 30 18 att
705 591 34 19 vid
754 591 103 25 monopols
873 590 92 25 gifvande

207 618 82 26 åtskilja
303 620 166 25 utminuterings-
485 619 38 20 och
538 619 222 25 utskänkningsrätten.

279 648 24 19 Af
324 648 34 19 det
376 648 141 19 ofvananförda
532 648 57 19 torde
605 648 147 25 otvifvelaktigt
766 647 83 26 framgä,
863 649 30 18 att
907 647 57 20 hvar-

207 676 40 19 ken
263 682 28 13 nu
305 677 91 24 gällande
412 677 123 24 stadganden
551 676 48 20 eller
614 677 24 18 de
648 676 80 25 förslag,
740 682 43 13 som
793 676 54 25 legat
858 676 29 19 till
899 676 66 25 grund

207 705 30 18 för
252 705 106 24 desamma,
373 707 101 18 motsvara
495 705 53 19 hvad
564 711 43 13 som
622 705 98 19 erfordras
735 705 31 19 för
780 706 30 18 att
824 705 53 19 finna
892 704 73 25 nödiga

208 733 194 25 Ofvergängsformer
423 733 30 20 till
476 733 33 20 det
532 733 137 25 Göteborgska
692 735 103 23 systemet.
824 733 142 20 Erfarenheten

193 764 5 3 *
209 761 37 19 har
269 762 57 25 visat,
348 764 29 17 att
392 762 24 19 de
432 768 27 13 nu
474 762 101 25 medgifna
587 761 218 26 öfvergängsformerna
819 762 43 19 icke
877 763 33 18 äro
925 761 40 20 till-

209 790 160 25 fredsställande,
391 797 46 13 men
459 793 70 22 tyvärr
552 790 38 19 kan
611 790 44 20 icke
672 791 62 19 heller
749 791 45 19 med
809 791 77 19 visshet
900 792 66 23 sägäs,

209 818 53 19 huru
284 819 59 20 dessa
365 819 61 20 borde
446 819 103 24 anordnas,
570 819 27 19 dä
618 819 112 20 erfarenhet
751 819 120 20 härutinnan
887 819 78 19 saknas.

208 847 39 19 För
269 849 30 18 att
319 848 111 19 emellertid
452 848 60 19 vinna
534 848 34 19 det
588 848 82 19 afsedda
692 847 61 20 mälet
767 848 56 20 torde
838 848 39 19 den
891 849 74 18 största

209 875 82 25 möjliga
313 876 223 24 sjelfbestämningsrätt
557 876 47 20 böra
626 876 76 20 lemnas
724 876 22 19 ät
767 876 146 19 kommunerna
927 875 38 20 och

208 904 59 19 torde
288 911 25 13 en
334 905 86 24 ändring
440 905 19 18 af
485 905 10 23 $
520 905 11 19 9
547 905 7 18 i
569 905 93 24 gällande
677 905 130 24 bränvinslag
821 905 7 19 i
843 905 54 19 detta
912 904 53 25 syfte

210 938 48 14 vara
273 933 21 19 af
308 933 93 20 behofvet
415 933 96 25 päkallad.

279 961 30 20 En
329 968 65 13 annan
415 961 153 25 omständighet,
591 967 43 14 som
656 961 58 20 äfven
730 961 33 20 vid
779 961 153 26 tillämpningen
946 961 20 19 af

209 989 68 20 denna
300 990 115 25 förordning
438 990 60 19 vållat
519 989 129 26 svårigheter,
663 992 22 18 är
699 990 45 24 den,
758 992 30 17 att
802 989 164 26 monopolirägan

210 1018 103 25 sjelffallet
335 1019 34 19 bör
391 1025 45 13 vara
457 1019 76 24 afgjord
555 1019 67 19 förrän
639 1019 38 19 den
693 1019 99 20 allmänna
807 1018 125 25 regleringen
947 1019 20 18 af

210 1046 165 26 utskänkningen
398 1047 37 20 och
457 1047 177 25 utminuteringen,
657 1053 42 13 som
722 1047 5 19 i
750 1047 79 20 Januari
846 1047 71 20 mänad
932 1047 35 19 bör

209 1075 126 20 verkställas.
365 1076 115 19 Emellertid
501 1075 73 20 saknas
598 1076 100 19 föreskrift
720 1081 39 19 om,
779 1078 36 17 när
832 1075 87 20 ansökan
934 1081 32 14 om

208 1103 49 20 slikt
282 1105 93 24 monopol
391 1107 67 17 senast
472 1105 35 18 bör
521 1104 104 24 inlemnas,
641 1105 37 18 och
693 1105 69 24 praxis
777 1104 122 20 åtminstone
914 1103 12 20 &
940 1110 26 13 en

208 1132 33 20 del
258 1134 53 18 orter
325 1133 36 19 har
375 1133 86 19 utbildat
475 1133 32 25 sig
521 1133 81 19 derhän,
616 1134 30 18 att
661 1133 83 25 bolagen
756 1133 75 24 ingifva
844 1133 44 19 sina
898 1138 68 15 mono-

208 1160 169 26 polansökningar
398 1162 51 19 först
471 1161 25 26 pä
518 1167 25 14 en
566 1161 54 25 gäng
642 1167 42 14 som
704 1161 61 20 andra
785 1161 135 25 ansökningar
934 1167 32 13 om

208 1189 303 26 spritvaruhandelsrättigheter
528 1190 105 19 inlemnas.
663 1189 89 20 Sälunda
767 1190 50 20 skall
832 1189 133 26 monopolfrä-

208 1223 40 19 gan
267 1219 78 24 afgöras
360 1219 6 18 i
378 1219 49 19 sista
437 1219 94 23 minuten,
543 1219 128 24 hvarigenom
684 1219 151 24 svärigheterna
846 1220 30 18 att
885 1223 82 20 genom-

208 1245 67 20 drifva
299 1247 115 25 monopolet
435 1247 114 25 ytterligare
569 1247 83 19 förökas.
683 1247 59 20 Detta
760 1249 23 17 är
797 1246 128 25 synbarligen
941 1252 25 13 en

208 1274 72 25 lapsus
300 1275 6 19 i
324 1275 141 26 författningen
479 1276 37 19 och
531 1275 61 20 borde
607 1276 77 19 derföre
700 1281 71 20 genom
787 1277 29 18 ett
830 1275 103 20 införande
948 1275 19 19 af

208 1309 26 13 en
251 1303 43 20 viss
309 1304 73 19 termin
396 1304 67 19 härför
477 1304 5 19 i
499 1305 10 23 $
527 1305 12 18 9
555 1305 68 18 rättas.
635 1316 4 3 -

279 1332 37 25 Jag
334 1332 29 19 fär
382 1332 26 26 pä
429 1333 65 24 grund
513 1333 20 18 af
554 1333 53 19 hvad
622 1333 32 25 jag
670 1333 59 19 ofvan
744 1333 42 19 haft
800 1335 48 17 äran
863 1331 104 20 framhälla

210 1360 56 24 förty
283 1361 101 19 vördsamt
399 1361 61 19 väcka
475 1361 75 20 motion
565 1367 32 13 om
612 1361 112 25 antagande
738 1361 20 19 af
772 1361 86 25 följande

484 1429 82 25 Förslag
573 1429 30 20 till
612 1429 122 26 förordning,
742 1429 133 25 innefaltande
883 1429 84 25 ändring

415 1458 26 25 af
458 1458 14 25 $
494 1459 13 18 9
529 1458 9 19 i
559 1458 141 25 förordningen
721 1458 98 25 angående
837 1457 129 26 försäljning,

280 1495 182 19 Ekonomiutskottets
475 1496 110 18 betänkande
597 1497 37 17 N:o
648 1497 16 17 9.
