1070 1795
261 135 280 22 Petitionsbetänkande
557 135 46 22 N:o
618 135 40 22 20.
784 135 25 21 17

79 203 170 29 undervisning
264 204 36 21 för
315 211 81 21 gossar
412 204 43 21 och
470 204 87 21 flickor.
586 203 46 22 Det
648 207 25 18 är
684 203 76 22 denna
771 211 69 22 expe-

79 238 170 21 rimenterande
269 238 159 29 pedagogiska
444 238 103 29 opinion,
563 245 48 14 som
631 245 32 14 nu
680 238 70 28 begär
765 241 74 25 öppen

79 272 77 21 kredit
178 272 37 22 för
236 275 34 19 att
285 273 8 20 i
308 273 52 20 vårt
382 272 57 21 land
455 276 56 25 göra
531 272 160 22 hemmastadd
708 272 132 21 samunder-

79 307 124 28 visningen
224 307 8 21 i
253 307 147 21 amerikansk
420 307 102 28 mening,
539 307 75 21 denna
629 309 160 25 representant
804 306 37 22 för

80 341 46 21 alla
142 341 27 21 de
186 341 142 28 önskningar
343 341 43 22 och
402 341 158 24 sträfvanden,
574 341 80 21 hvilka
664 341 74 21 under
749 341 92 22 benäm-

80 376 86 28 ningen
183 376 128 28 ,qvinnans
326 375 136 29 frigörelse"
474 375 77 29 åsyfta
561 378 35 19 att
608 375 52 22 från
671 375 112 22 hemmets
795 375 47 22 sfer

81 410 50 22 föra
147 410 102 28 qvinnan
271 413 26 19 ut
312 410 8 22 i
335 410 124 22 samhället
481 411 43 21 och
543 414 56 25 göra
619 410 75 22 henne
709 409 53 23 från
777 418 64 14 man-

81 451 57 14 nens
156 445 59 27 hjelp
231 445 36 20 till
283 451 112 14 mannens
412 445 140 21 konkurrent.

149 479 82 21 Denna
246 479 84 21 rörelse
346 478 100 22 förbiser
461 482 63 18 utom
541 479 93 28 mycket
654 483 82 17 annat:

151 516 35 19 att
200 520 84 21 genom
300 513 38 21 det
349 513 132 28 menskliga
491 513 123 22 samhället
626 514 42 27 går
678 513 164 22 arbetsfördel-

81 547 99 29 ningens
197 551 62 18 stora
274 547 45 29 lag,
334 548 8 20 i
358 547 241 22 öfverensstämmelse
608 547 51 22 med
667 547 96 22 hvilken
773 548 68 28 qvin-

81 589 54 20 nan,
151 582 126 22 underbart
291 582 107 21 utrustad
414 582 53 21 med
483 582 113 21 särskilda
607 582 83 29 gåfvor
700 582 43 21 och
754 582 88 21 krafter

81 617 37 21 för
133 617 35 21 sin
185 616 113 21 särskilda
315 616 101 29 uppgift,
432 617 64 21 utför
516 617 43 21 och
581 617 66 21 alltid
662 616 42 21 har
719 617 74 21 utfört
808 619 34 18 ett

82 651 84 26 arbete,
183 658 48 14 som
246 651 37 21 för
298 651 123 21 samhället
437 655 26 17 är
478 651 26 21 af
511 651 193 28 grundläggande
716 650 125 29 betydelse,

82 685 43 22 och
141 693 49 14 som
206 693 99 14 mannen
324 685 50 21 icke
396 685 47 22 kan
461 686 88 26 utföra;
572 688 35 19 att
622 686 104 27 qvinnan
741 685 42 22 har
798 685 43 21 full

81 722 48 19 rätt
151 722 35 19 att
206 723 56 25 göra
283 720 99 28 anspråk
398 721 31 28 på
448 723 35 18 att
502 720 87 21 hennes
605 720 7 21 i
628 720 86 28 fysiskt
730 720 43 21 och
789 727 53 21 psy-

81 754 64 21 kiskt
170 754 130 21 hänseende
332 758 100 25 säregna
455 755 101 21 väsende
580 754 94 21 beaktas
695 754 41 21 vid
754 754 87 21 hennes

81 789 145 28 uppfostran,
246 788 90 22 hvilket
358 789 52 21 icke
429 789 31 28 på
481 792 33 18 ett
532 788 128 22 önskvärdt
679 791 47 19 sätt
741 789 44 21 kan
801 788 40 21 ske

82 823 40 20 vid
137 823 258 28 samundervisningen;
412 826 61 18 samt
493 825 34 20 att
548 823 46 21 hon
607 823 8 21 i
631 823 99 28 kampen
746 823 35 21 för
796 822 46 21 till-

82 864 71 14 varon
170 857 83 22 skonas
269 857 35 21 för
317 857 39 22 det
364 857 110 22 hårdaste
486 857 88 22 arbetet
587 857 42 22 och
641 853 138 32 beröringen
789 857 53 21 med

81 891 79 22 lifvets
176 893 75 20 råaste
266 892 95 27 former;

152 929 34 18 att
202 926 28 21 de
246 926 153 29 fullständiga
414 922 188 26 samläroverken
617 926 68 21 locka
695 926 59 21 fram
763 926 80 21 skaror

82 959 27 22 af
130 961 99 27 qvinnor
247 961 35 20 till
302 961 194 21 studentexamen
513 974 24 2 —
553 961 122 22 Utskottet
696 961 79 20 ställer
790 960 52 21 med

83 997 48 18 stor
152 994 148 23 sannolikhet
321 995 8 21 i
350 995 76 28 utsigt
442 1003 47 20 nya
509 995 136 21 hundraden
669 995 104 28 gvinliga
795 997 47 18 stu-

83 1029 81 21 denter
179 1029 37 21 till
232 1029 28 22 de
276 1029 190 22 adertonhundra
487 1029 101 28 manliga
604 1029 23 21 vi
642 1029 72 22 redan
729 1029 70 21 hafva
815 1042 28 3 —

82 1066 60 19 samt
162 1071 84 21 genom
269 1064 162 21 universitetet
455 1064 24 21 in
495 1065 30 28 på
541 1071 27 14 en
585 1063 115 22 allaredan
717 1063 126 28 öfverfylld

82 1097 198 28 arbetsmarknad;

152 1135 34 18 att
202 1140 28 13 en
251 1133 92 21 nations
364 1133 82 28 styrka
467 1133 52 21 icke
541 1133 77 21 består
633 1133 8 21 i
657 1134 33 20 ett
706 1132 97 21 öfvertal
819 1132 27 21 af

82 1167 31 28 på
122 1167 244 28 tjenstebefattningar
374 1167 151 29 aspirerande
533 1171 54 17 män
596 1167 42 21 och
647 1167 105 28 qvinnor,
762 1167 82 21 hvilka

82 1201 190 22 konkurrerande
294 1201 52 22 med
368 1201 142 28 hvarandra,
534 1204 58 19 trots
615 1201 90 29 aflagda
729 1201 113 26 examina,

81 1236 54 21 icke
151 1239 39 18 äro
206 1236 8 21 i
229 1235 68 22 stånd
313 1238 34 19 att
359 1235 76 22 skaffa
444 1236 37 28 sig
495 1235 135 29 nödtorftigt
645 1235 122 28 underhåll;
784 1238 59 19 samt

82 1270 111 29 slutligen

152 1307 35 19 att
210 1304 39 21 det
266 1307 62 19 stora
347 1304 103 21 flertalet
465 1304 27 22 af
511 1304 113 22 Finlands
639 1304 93 21 bildade
748 1304 96 26 qvinnor

82 1339 57 28 vilja
153 1338 57 29 lyda
233 1339 65 21 Guds
320 1339 42 21 och
384 1341 113 19 naturens
513 1339 96 21 kallelse
624 1338 50 27 och,
688 1338 117 28 besjälade
821 1337 26 22 af

83 1380 28 15 en
134 1373 52 22 ädel
208 1373 91 28 qvinlig
321 1372 147 29 själfkänsla,
491 1372 103 29 afgjordt
615 1372 51 22 icke
681 1374 61 20 sätta
757 1372 36 21 för
808 1372 36 29 sig

82 1408 76 21 såsom
174 1408 36 21 sin
226 1407 127 22 förnämsta
370 1407 95 29 timliga
488 1407 93 29 uppgift
597 1409 34 20 att
645 1407 61 22 blott
721 1407 25 21 få
760 1407 61 28 stiga
836 1407 8 20 i

82 1449 113 14 mannens
211 1442 96 29 fotspår.

152 1482 104 18 Allmänna
268 1481 171 18 Besvärsutskottets
452 1481 111 19 betänkande
575 1481 36 18 N:o
623 1481 29 18 16.
