<?xml version="1.0" encoding="UTF-8"?>
<alto xmlns="http://www.loc.gov/standards/alto/ns-v3#" xmlns:xlink="http://www.w3.org/1999/xlink" xmlns:xsi="http://www.w3.org/2001/XMLSchema-instance" xsi:schemaLocation="http://www.loc.gov/standards/alto/ns-v3# http://www.loc.gov/alto/v3/alto-3-0.xsd">
	<Description>
		<MeasurementUnit>pixel</MeasurementUnit>
		<sourceImageInformation>
			<fileName>/tmp/tess_ug761fb6_input.PNG</fileName>
		</sourceImageInformation>
		<OCRProcessing ID="OCR_0">
			<ocrProcessingStep>
				<processingSoftware>
					<softwareName>tesseract 5.3.4</softwareName>
				</processingSoftware>
			</ocrProcessingStep>
		</OCRProcessing>
	</Description>
	<Layout>
		<Page WIDTH="1070" HEIGHT="1795" PHYSICAL_IMG_NR="0" ID="page_0">
			<PrintSpace HPOS="0" VPOS="0" WIDTH="1070" HEIGHT="1795">
				<ComposedBlock ID="cblock_0" HPOS="255" VPOS="103" WIDTH="508" HEIGHT="23">
					<TextBlock ID="block_0" HPOS="255" VPOS="103" WIDTH="508" HEIGHT="23">
						<TextLine ID="line_0" HPOS="255" VPOS="103" WIDTH="508" HEIGHT="23">
							<String ID="string_0" HPOS="255" VPOS="104" WIDTH="28" HEIGHT="21" WC="0.96" CONTENT="22"/><SP WIDTH="164" VPOS="104" HPOS="283"/>
							<String ID="string_1" HPOS="447" VPOS="103" WIDTH="230" HEIGHT="23" WC="0.91" CONTENT="Petitionsbetänkande"/><SP WIDTH="16" VPOS="103" HPOS="677"/>
							<String ID="string_2" HPOS="693" VPOS="104" WIDTH="35" HEIGHT="21" WC="0.95" CONTENT="N:o"/><SP WIDTH="14" VPOS="104" HPOS="728"/>
							<String ID="string_3" HPOS="742" VPOS="103" WIDTH="21" HEIGHT="22" WC="0.95" CONTENT="2."/>
						</TextLine>
					</TextBlock>
				</ComposedBlock>
				<ComposedBlock ID="cblock_1" HPOS="225" VPOS="161" WIDTH="758" HEIGHT="80">
					<TextBlock ID="block_1" HPOS="225" VPOS="161" WIDTH="758" HEIGHT="80">
						<TextLine ID="line_1" HPOS="225" VPOS="161" WIDTH="758" HEIGHT="23">
							<String ID="string_4" HPOS="225" VPOS="161" WIDTH="106" HEIGHT="18" WC="0.89" CONTENT="inlemnadt"/><SP WIDTH="17" VPOS="161" HPOS="331"/>
							<String ID="string_5" HPOS="348" VPOS="161" WIDTH="29" HEIGHT="18" WC="0.93" CONTENT="till"/><SP WIDTH="17" VPOS="161" HPOS="377"/>
							<String ID="string_6" HPOS="394" VPOS="161" WIDTH="99" HEIGHT="23" WC="0.90" CONTENT="Vällofliga"/><SP WIDTH="13" VPOS="161" HPOS="493"/>
							<String ID="string_7" HPOS="506" VPOS="161" WIDTH="160" HEIGHT="23" WC="0.92" CONTENT="Borgareståndet"/><SP WIDTH="13" VPOS="161" HPOS="666"/>
							<String ID="string_8" HPOS="679" VPOS="161" WIDTH="21" HEIGHT="18" WC="0.93" CONTENT="af"/><SP WIDTH="9" VPOS="161" HPOS="700"/>
							<String ID="string_9" HPOS="709" VPOS="163" WIDTH="178" HEIGHT="21" WC="0.90" CONTENT="representanterne"/><SP WIDTH="12" VPOS="163" HPOS="887"/>
							<String ID="string_10" HPOS="899" VPOS="161" WIDTH="29" HEIGHT="18" WC="0.93" CONTENT="för"/><SP WIDTH="12" VPOS="161" HPOS="928"/>
							<String ID="string_11" HPOS="940" VPOS="161" WIDTH="43" HEIGHT="18" WC="0.92" CONTENT="Hel-"/>
						</TextLine>
						<TextLine ID="line_2" HPOS="226" VPOS="186" WIDTH="756" HEIGHT="27">
							<String ID="string_12" HPOS="226" VPOS="189" WIDTH="83" HEIGHT="23" WC="0.89" CONTENT="singfors"/><SP WIDTH="18" VPOS="189" HPOS="309"/>
							<String ID="string_13" HPOS="327" VPOS="190" WIDTH="34" HEIGHT="17" WC="0.96" CONTENT="och"/><SP WIDTH="19" VPOS="190" HPOS="361"/>
							<String ID="string_14" HPOS="380" VPOS="186" WIDTH="41" HEIGHT="21" WC="0.96" CONTENT="Åbo"/><SP WIDTH="19" VPOS="186" HPOS="421"/>
							<String ID="string_15" HPOS="440" VPOS="189" WIDTH="68" HEIGHT="21" WC="0.96" CONTENT="städer,"/><SP WIDTH="17" VPOS="189" HPOS="508"/>
							<String ID="string_16" HPOS="525" VPOS="190" WIDTH="18" HEIGHT="17" WC="0.96" CONTENT="få"/><SP WIDTH="13" VPOS="190" HPOS="543"/>
							<String ID="string_17" HPOS="556" VPOS="191" WIDTH="17" HEIGHT="17" WC="0.92" CONTENT="vi"/><SP WIDTH="13" VPOS="191" HPOS="573"/>
							<String ID="string_18" HPOS="586" VPOS="190" WIDTH="95" HEIGHT="18" WC="0.91" CONTENT="vördsamt"/><SP WIDTH="12" VPOS="190" HPOS="681"/>
							<String ID="string_19" HPOS="693" VPOS="190" WIDTH="74" HEIGHT="18" WC="0.95" CONTENT="anhålla"/><SP WIDTH="12" VPOS="190" HPOS="767"/>
							<String ID="string_20" HPOS="779" VPOS="192" WIDTH="28" HEIGHT="16" WC="0.93" CONTENT="att"/><SP WIDTH="12" VPOS="192" HPOS="807"/>
							<String ID="string_21" HPOS="819" VPOS="190" WIDTH="107" HEIGHT="23" WC="0.92" CONTENT="Höglofliga"/><SP WIDTH="12" VPOS="190" HPOS="926"/>
							<String ID="string_22" HPOS="938" VPOS="189" WIDTH="44" HEIGHT="19" WC="0.93" CONTENT="Rid-"/>
						</TextLine>
						<TextLine ID="line_3" HPOS="226" VPOS="219" WIDTH="608" HEIGHT="22">
							<String ID="string_23" HPOS="226" VPOS="219" WIDTH="102" HEIGHT="22" WC="0.92" CONTENT="derskapet"/><SP WIDTH="11" VPOS="219" HPOS="328"/>
							<String ID="string_24" HPOS="339" VPOS="219" WIDTH="35" HEIGHT="18" WC="0.93" CONTENT="och"/><SP WIDTH="13" VPOS="219" HPOS="374"/>
							<String ID="string_25" HPOS="387" VPOS="219" WIDTH="62" HEIGHT="17" WC="0.91" CONTENT="Adeln"/><SP WIDTH="12" VPOS="219" HPOS="449"/>
							<String ID="string_26" HPOS="461" VPOS="219" WIDTH="44" HEIGHT="17" WC="0.96" CONTENT="ville"/><SP WIDTH="13" VPOS="219" HPOS="505"/>
							<String ID="string_27" HPOS="518" VPOS="219" WIDTH="102" HEIGHT="22" WC="0.96" CONTENT="godkänna"/><SP WIDTH="13" VPOS="219" HPOS="620"/>
							<String ID="string_28" HPOS="633" VPOS="224" WIDTH="23" HEIGHT="13" WC="0.96" CONTENT="en"/><SP WIDTH="13" VPOS="224" HPOS="656"/>
							<String ID="string_29" HPOS="669" VPOS="219" WIDTH="81" HEIGHT="22" WC="0.96" CONTENT="petition"/><SP WIDTH="12" VPOS="219" HPOS="750"/>
							<String ID="string_30" HPOS="762" VPOS="219" WIDTH="72" HEIGHT="18" WC="0.95" CONTENT="derom:"/>
						</TextLine>
					</TextBlock>
				</ComposedBlock>
				<ComposedBlock ID="cblock_2" HPOS="364" VPOS="283" WIDTH="620" HEIGHT="228">
					<TextBlock ID="block_2" HPOS="364" VPOS="283" WIDTH="620" HEIGHT="228">
						<TextLine ID="line_4" HPOS="434" VPOS="283" WIDTH="549" HEIGHT="28">
							<String ID="string_31" HPOS="434" VPOS="284" WIDTH="32" HEIGHT="19" WC="0.95" CONTENT="att"/><SP WIDTH="15" VPOS="284" HPOS="466"/>
							<String ID="string_32" HPOS="481" VPOS="289" WIDTH="28" HEIGHT="14" WC="0.93" CONTENT="en"/><SP WIDTH="9" VPOS="289" HPOS="509"/>
							<String ID="string_33" HPOS="518" VPOS="283" WIDTH="97" HEIGHT="27" WC="0.91" CONTENT="jernväg"/><SP WIDTH="16" VPOS="283" HPOS="615"/>
							<String ID="string_34" HPOS="631" VPOS="283" WIDTH="55" HEIGHT="27" WC="0.96" CONTENT="från"/><SP WIDTH="16" VPOS="283" HPOS="686"/>
							<String ID="string_35" HPOS="702" VPOS="283" WIDTH="141" HEIGHT="28" WC="0.96" CONTENT="Helsingfors"/><SP WIDTH="16" VPOS="283" HPOS="843"/>
							<String ID="string_36" HPOS="859" VPOS="283" WIDTH="36" HEIGHT="21" WC="0.95" CONTENT="till"/><SP WIDTH="14" VPOS="283" HPOS="895"/>
							<String ID="string_37" HPOS="909" VPOS="283" WIDTH="74" HEIGHT="28" WC="0.96" CONTENT="någon"/>
						</TextLine>
						<TextLine ID="line_5" HPOS="366" VPOS="311" WIDTH="617" HEIGHT="28">
							<String ID="string_38" HPOS="366" VPOS="311" WIDTH="91" HEIGHT="28" WC="0.96" CONTENT="lämplig"/><SP WIDTH="27" VPOS="311" HPOS="457"/>
							<String ID="string_39" HPOS="484" VPOS="311" WIDTH="76" HEIGHT="28" WC="0.91" CONTENT="punkt"/><SP WIDTH="29" VPOS="311" HPOS="560"/>
							<String ID="string_40" HPOS="589" VPOS="311" WIDTH="15" HEIGHT="21" WC="0.91" CONTENT="å"/><SP WIDTH="23" VPOS="311" HPOS="604"/>
							<String ID="string_41" HPOS="627" VPOS="311" WIDTH="81" HEIGHT="28" WC="0.95" CONTENT="Hangö"/><SP WIDTH="24" VPOS="311" HPOS="708"/>
							<String ID="string_42" HPOS="732" VPOS="311" WIDTH="80" HEIGHT="28" WC="0.96" CONTENT="banan,"/><SP WIDTH="16" VPOS="311" HPOS="812"/>
							<String ID="string_43" HPOS="828" VPOS="311" WIDTH="155" HEIGHT="28" WC="0.96" CONTENT="företrädesvis"/>
						</TextLine>
						<TextLine ID="line_6" HPOS="368" VPOS="340" WIDTH="613" HEIGHT="30">
							<String ID="string_44" HPOS="368" VPOS="340" WIDTH="107" HEIGHT="27" WC="0.91" CONTENT="Gerknäs,"/><SP WIDTH="22" VPOS="340" HPOS="475"/>
							<String ID="string_45" HPOS="497" VPOS="342" WIDTH="59" HEIGHT="19" WC="0.96" CONTENT="samt"/><SP WIDTH="23" VPOS="342" HPOS="556"/>
							<String ID="string_46" HPOS="579" VPOS="340" WIDTH="76" HEIGHT="21" WC="0.96" CONTENT="vidare"/><SP WIDTH="22" VPOS="340" HPOS="655"/>
							<String ID="string_47" HPOS="677" VPOS="340" WIDTH="55" HEIGHT="27" WC="0.96" CONTENT="från"/><SP WIDTH="18" VPOS="340" HPOS="732"/>
							<String ID="string_48" HPOS="750" VPOS="341" WIDTH="67" HEIGHT="27" WC="0.96" CONTENT="sagda"/><SP WIDTH="16" VPOS="341" HPOS="817"/>
							<String ID="string_49" HPOS="833" VPOS="341" WIDTH="57" HEIGHT="21" WC="0.96" CONTENT="bana"/><SP WIDTH="14" VPOS="341" HPOS="890"/>
							<String ID="string_50" HPOS="904" VPOS="347" WIDTH="77" HEIGHT="23" WC="0.96" CONTENT="genom"/>
						</TextLine>
						<TextLine ID="line_7" HPOS="367" VPOS="363" WIDTH="614" HEIGHT="34">
							<String ID="string_51" HPOS="367" VPOS="368" WIDTH="51" HEIGHT="21" WC="0.93" CONTENT="Salo"/><SP WIDTH="16" VPOS="368" HPOS="418"/>
							<String ID="string_52" HPOS="434" VPOS="369" WIDTH="36" HEIGHT="21" WC="0.96" CONTENT="till"/><SP WIDTH="15" VPOS="369" HPOS="470"/>
							<String ID="string_53" HPOS="485" VPOS="363" WIDTH="47" HEIGHT="27" WC="0.96" CONTENT="Åbo"/><SP WIDTH="15" VPOS="363" HPOS="532"/>
							<String ID="string_54" HPOS="547" VPOS="369" WIDTH="68" HEIGHT="20" WC="0.96" CONTENT="måtte"/><SP WIDTH="15" VPOS="369" HPOS="615"/>
							<String ID="string_55" HPOS="630" VPOS="369" WIDTH="10" HEIGHT="20" WC="0.96" CONTENT="i"/><SP WIDTH="15" VPOS="369" HPOS="640"/>
							<String ID="string_56" HPOS="655" VPOS="369" WIDTH="95" HEIGHT="27" WC="0.96" CONTENT="enlighet"/><SP WIDTH="14" VPOS="369" HPOS="750"/>
							<String ID="string_57" HPOS="764" VPOS="370" WIDTH="50" HEIGHT="20" WC="0.96" CONTENT="med"/><SP WIDTH="10" VPOS="370" HPOS="814"/>
							<String ID="string_58" HPOS="824" VPOS="369" WIDTH="35" HEIGHT="21" WC="0.96" CONTENT="det"/><SP WIDTH="8" VPOS="369" HPOS="859"/>
							<String ID="string_59" HPOS="867" VPOS="369" WIDTH="29" HEIGHT="28" WC="0.93" CONTENT="af"/><SP WIDTH="8" VPOS="369" HPOS="896"/>
							<String ID="string_60" HPOS="904" VPOS="369" WIDTH="77" HEIGHT="28" WC="0.91" CONTENT="Öfver-"/>
						</TextLine>
						<TextLine ID="line_8" HPOS="365" VPOS="397" WIDTH="618" HEIGHT="28">
							<String ID="string_61" HPOS="365" VPOS="397" WIDTH="132" HEIGHT="27" WC="0.90" CONTENT="ingeniören"/><SP WIDTH="18" VPOS="397" HPOS="497"/>
							<String ID="string_62" HPOS="515" VPOS="397" WIDTH="107" HEIGHT="28" WC="0.92" CONTENT="Tallgvist"/><SP WIDTH="14" VPOS="397" HPOS="622"/>
							<String ID="string_63" HPOS="636" VPOS="397" WIDTH="10" HEIGHT="21" WC="0.96" CONTENT="i"/><SP WIDTH="16" VPOS="397" HPOS="646"/>
							<String ID="string_64" HPOS="662" VPOS="397" WIDTH="77" HEIGHT="22" WC="0.96" CONTENT="sådant"/><SP WIDTH="11" VPOS="397" HPOS="739"/>
							<String ID="string_65" HPOS="750" VPOS="397" WIDTH="99" HEIGHT="28" WC="0.96" CONTENT="afseende"/><SP WIDTH="8" VPOS="397" HPOS="849"/>
							<String ID="string_66" HPOS="857" VPOS="399" WIDTH="126" HEIGHT="21" WC="0.96" CONTENT="utarbetade"/>
						</TextLine>
						<TextLine ID="line_9" HPOS="365" VPOS="426" WIDTH="616" HEIGHT="28">
							<String ID="string_67" HPOS="365" VPOS="426" WIDTH="91" HEIGHT="27" WC="0.93" CONTENT="förslag,"/><SP WIDTH="25" VPOS="426" HPOS="456"/>
							<String ID="string_68" HPOS="481" VPOS="426" WIDTH="126" HEIGHT="22" WC="0.92" CONTENT="betecknadt"/><SP WIDTH="21" VPOS="426" HPOS="607"/>
							<String ID="string_69" HPOS="628" VPOS="426" WIDTH="74" HEIGHT="22" WC="0.96" CONTENT="såsom"/><SP WIDTH="24" VPOS="426" HPOS="702"/>
							<String ID="string_70" HPOS="726" VPOS="426" WIDTH="141" HEIGHT="22" WC="0.94" CONTENT="alternativet"/><SP WIDTH="19" VPOS="426" HPOS="867"/>
							<String ID="string_71" HPOS="886" VPOS="428" WIDTH="18" HEIGHT="26" WC="0.93" CONTENT="I,"/><SP WIDTH="16" VPOS="428" HPOS="904"/>
							<String ID="string_72" HPOS="920" VPOS="426" WIDTH="61" HEIGHT="28" WC="0.91" CONTENT="oför-"/>
						</TextLine>
						<TextLine ID="line_10" HPOS="366" VPOS="454" WIDTH="618" HEIGHT="29">
							<String ID="string_73" HPOS="366" VPOS="454" WIDTH="86" HEIGHT="27" WC="0.73" CONTENT="töfvadt"/><SP WIDTH="29" VPOS="454" HPOS="452"/>
							<String ID="string_74" HPOS="481" VPOS="455" WIDTH="49" HEIGHT="22" WC="0.96" CONTENT="med"/><SP WIDTH="22" VPOS="455" HPOS="530"/>
							<String ID="string_75" HPOS="552" VPOS="455" WIDTH="29" HEIGHT="26" WC="0.93" CONTENT="af"/><SP WIDTH="14" VPOS="455" HPOS="581"/>
							<String ID="string_76" HPOS="595" VPOS="454" WIDTH="129" HEIGHT="22" WC="0.92" CONTENT="Ständerna"/><SP WIDTH="19" VPOS="454" HPOS="724"/>
							<String ID="string_77" HPOS="743" VPOS="455" WIDTH="106" HEIGHT="21" WC="0.96" CONTENT="anvisade"/><SP WIDTH="15" VPOS="455" HPOS="849"/>
							<String ID="string_78" HPOS="864" VPOS="456" WIDTH="70" HEIGHT="21" WC="0.96" CONTENT="medel"/><SP WIDTH="14" VPOS="456" HPOS="934"/>
							<String ID="string_79" HPOS="948" VPOS="455" WIDTH="36" HEIGHT="28" WC="0.96" CONTENT="för"/>
						</TextLine>
						<TextLine ID="line_11" HPOS="364" VPOS="483" WIDTH="365" HEIGHT="28">
							<String ID="string_80" HPOS="364" VPOS="484" WIDTH="141" HEIGHT="21" WC="0.91" CONTENT="statsverkets"/><SP WIDTH="16" VPOS="484" HPOS="505"/>
							<String ID="string_81" HPOS="521" VPOS="483" WIDTH="97" HEIGHT="28" WC="0.91" CONTENT="räkning"/><SP WIDTH="16" VPOS="483" HPOS="618"/>
							<String ID="string_82" HPOS="634" VPOS="483" WIDTH="95" HEIGHT="28" WC="0.91" CONTENT="utföras."/>
						</TextLine>
					</TextBlock>
				</ComposedBlock>
				<ComposedBlock ID="cblock_3" HPOS="297" VPOS="539" WIDTH="364" HEIGHT="23">
					<TextBlock ID="block_3" HPOS="297" VPOS="539" WIDTH="364" HEIGHT="23">
						<TextLine ID="line_12" HPOS="297" VPOS="539" WIDTH="364" HEIGHT="23">
							<String ID="string_83" HPOS="297" VPOS="539" WIDTH="125" HEIGHT="23" WC="0.96" CONTENT="Helsingfors,"/><SP WIDTH="12" VPOS="539" HPOS="422"/>
							<String ID="string_84" HPOS="434" VPOS="540" WIDTH="36" HEIGHT="18" WC="0.96" CONTENT="den"/><SP WIDTH="14" VPOS="540" HPOS="470"/>
							<String ID="string_85" HPOS="484" VPOS="541" WIDTH="10" HEIGHT="17" WC="0.96" CONTENT="9"/><SP WIDTH="13" VPOS="541" HPOS="494"/>
							<String ID="string_86" HPOS="507" VPOS="541" WIDTH="91" HEIGHT="17" WC="0.96" CONTENT="Februari"/><SP WIDTH="12" VPOS="541" HPOS="598"/>
							<String ID="string_87" HPOS="610" VPOS="540" WIDTH="51" HEIGHT="18" WC="0.96" CONTENT="1894."/>
						</TextLine>
					</TextBlock>
				</ComposedBlock>
				<ComposedBlock ID="cblock_4" HPOS="636" VPOS="588" WIDTH="234" HEIGHT="108">
					<TextBlock ID="block_4" HPOS="636" VPOS="588" WIDTH="234" HEIGHT="108">
						<TextLine ID="line_13" HPOS="636" VPOS="588" WIDTH="141" HEIGHT="21">
							<String ID="string_88" HPOS="636" VPOS="588" WIDTH="20" HEIGHT="21" WC="0.95" CONTENT="L."/><SP WIDTH="16" VPOS="588" HPOS="656"/>
							<String ID="string_89" HPOS="672" VPOS="588" WIDTH="105" HEIGHT="21" WC="0.95" CONTENT="Mechelin."/>
						</TextLine>
						<TextLine ID="line_14" HPOS="636" VPOS="627" WIDTH="185" HEIGHT="23">
							<String ID="string_90" HPOS="636" VPOS="628" WIDTH="66" HEIGHT="21" WC="0.93" CONTENT="Alfred"/><SP WIDTH="17" VPOS="628" HPOS="702"/>
							<String ID="string_91" HPOS="719" VPOS="627" WIDTH="102" HEIGHT="23" WC="0.70" CONTENT="Norrmön."/>
						</TextLine>
						<TextLine ID="line_15" HPOS="636" VPOS="668" WIDTH="234" HEIGHT="28">
							<String ID="string_92" HPOS="636" VPOS="668" WIDTH="87" HEIGHT="22" WC="0.96" CONTENT="Lennart"/><SP WIDTH="15" VPOS="668" HPOS="723"/>
							<String ID="string_93" HPOS="738" VPOS="668" WIDTH="132" HEIGHT="28" WC="0.96" CONTENT="Gripenberg."/>
						</TextLine>
					</TextBlock>
				</ComposedBlock>
				<ComposedBlock ID="cblock_5" HPOS="298" VPOS="746" WIDTH="490" HEIGHT="25">
					<TextBlock ID="block_5" HPOS="298" VPOS="746" WIDTH="490" HEIGHT="25">
						<TextLine ID="line_16" HPOS="298" VPOS="746" WIDTH="490" HEIGHT="25">
							<String ID="string_94" HPOS="298" VPOS="747" WIDTH="32" HEIGHT="17" WC="0.93" CONTENT="Om"/><SP WIDTH="14" VPOS="747" HPOS="330"/>
							<String ID="string_95" HPOS="344" VPOS="746" WIDTH="133" HEIGHT="19" WC="0.92" CONTENT="ofvanstäende"/><SP WIDTH="13" VPOS="746" HPOS="477"/>
							<String ID="string_96" HPOS="490" VPOS="747" WIDTH="162" HEIGHT="23" WC="0.92" CONTENT="petitionsförslag"/><SP WIDTH="12" VPOS="747" HPOS="652"/>
							<String ID="string_97" HPOS="664" VPOS="747" WIDTH="75" HEIGHT="18" WC="0.93" CONTENT="förenar"/><SP WIDTH="13" VPOS="747" HPOS="739"/>
							<String ID="string_98" HPOS="752" VPOS="749" WIDTH="36" HEIGHT="22" WC="0.96" CONTENT="sig:"/>
						</TextLine>
					</TextBlock>
				</ComposedBlock>
				<ComposedBlock ID="cblock_6" HPOS="332" VPOS="799" WIDTH="548" HEIGHT="68">
					<TextBlock ID="block_6" HPOS="332" VPOS="799" WIDTH="548" HEIGHT="68">
						<TextLine ID="line_17" HPOS="332" VPOS="799" WIDTH="548" HEIGHT="28">
							<String ID="string_99" HPOS="332" VPOS="799" WIDTH="75" HEIGHT="22" WC="0.93" CONTENT="Edvard"/><SP WIDTH="17" VPOS="799" HPOS="407"/>
							<String ID="string_100" HPOS="424" VPOS="799" WIDTH="98" HEIGHT="28" WC="0.93" CONTENT="Hisinger."/><SP WIDTH="120" VPOS="799" HPOS="522"/>
							<String ID="string_101" HPOS="642" VPOS="801" WIDTH="65" HEIGHT="20" WC="0.95" CONTENT="Alarik"/><SP WIDTH="15" VPOS="801" HPOS="707"/>
							<String ID="string_102" HPOS="722" VPOS="806" WIDTH="38" HEIGHT="15" WC="0.96" CONTENT="von"/><SP WIDTH="17" VPOS="806" HPOS="760"/>
							<String ID="string_103" HPOS="777" VPOS="801" WIDTH="103" HEIGHT="26" WC="0.96" CONTENT="Knorring."/>
						</TextLine>
						<TextLine ID="line_18" HPOS="334" VPOS="839" WIDTH="219" HEIGHT="28">
							<String ID="string_104" HPOS="334" VPOS="839" WIDTH="44" HEIGHT="22" WC="0.96" CONTENT="Carl"/><SP WIDTH="17" VPOS="839" HPOS="378"/>
							<String ID="string_105" HPOS="395" VPOS="840" WIDTH="53" HEIGHT="21" WC="0.93" CONTENT="Alex."/><SP WIDTH="14" VPOS="840" HPOS="448"/>
							<String ID="string_106" HPOS="462" VPOS="835" WIDTH="91" HEIGHT="37" WC="0.93" CONTENT="Armfelt."/>
						</TextLine>
					</TextBlock>
				</ComposedBlock>
				<ComposedBlock ID="cblock_7" HPOS="590" VPOS="950" WIDTH="36" HEIGHT="19">
					<TextBlock ID="block_7" HPOS="590" VPOS="950" WIDTH="36" HEIGHT="19">
						<TextLine ID="line_19" HPOS="590" VPOS="950" WIDTH="36" HEIGHT="19">
							<String ID="string_107" HPOS="590" VPOS="950" WIDTH="36" HEIGHT="19" WC="0.95" CONTENT="12."/>
						</TextLine>
					</TextBlock>
				</ComposedBlock>
				<ComposedBlock ID="cblock_8" HPOS="401" VPOS="1001" WIDTH="406" HEIGHT="23">
					<TextBlock ID="block_8" HPOS="401" VPOS="1001" WIDTH="406" HEIGHT="23">
						<TextLine ID="line_20" HPOS="401" VPOS="1001" WIDTH="406" HEIGHT="23">
							<String ID="string_108" HPOS="401" VPOS="1001" WIDTH="45" HEIGHT="18" WC="0.93" CONTENT="Till"/><SP WIDTH="16" VPOS="1001" HPOS="446"/>
							<String ID="string_109" HPOS="462" VPOS="1001" WIDTH="131" HEIGHT="23" WC="0.92" CONTENT="Vällofliga"/><SP WIDTH="13" VPOS="1001" HPOS="593"/>
							<String ID="string_110" HPOS="606" VPOS="1001" WIDTH="201" HEIGHT="23" WC="0.92" CONTENT="Borgareständet."/>
						</TextLine>
					</TextBlock>
				</ComposedBlock>
				<ComposedBlock ID="cblock_9" HPOS="228" VPOS="1046" WIDTH="761" HEIGHT="397">
					<TextBlock ID="block_9" HPOS="228" VPOS="1046" WIDTH="758" HEIGHT="167">
						<TextLine ID="line_21" HPOS="297" VPOS="1046" WIDTH="687" HEIGHT="24">
							<String ID="string_111" HPOS="297" VPOS="1047" WIDTH="65" HEIGHT="18" WC="0.90" CONTENT="Redan"/><SP WIDTH="14" VPOS="1047" HPOS="362"/>
							<String ID="string_112" HPOS="376" VPOS="1047" WIDTH="31" HEIGHT="18" WC="0.93" CONTENT="vid"/><SP WIDTH="13" VPOS="1047" HPOS="407"/>
							<String ID="string_113" HPOS="420" VPOS="1047" WIDTH="45" HEIGHT="18" WC="0.93" CONTENT="flere"/><SP WIDTH="13" VPOS="1047" HPOS="465"/>
							<String ID="string_114" HPOS="478" VPOS="1047" WIDTH="114" HEIGHT="22" WC="0.92" CONTENT="föregäende"/><SP WIDTH="14" VPOS="1047" HPOS="592"/>
							<String ID="string_115" HPOS="606" VPOS="1047" WIDTH="111" HEIGHT="23" WC="0.91" CONTENT="landtdagar"/><SP WIDTH="13" VPOS="1047" HPOS="717"/>
							<String ID="string_116" HPOS="730" VPOS="1047" WIDTH="33" HEIGHT="18" WC="0.93" CONTENT="har"/><SP WIDTH="12" VPOS="1047" HPOS="763"/>
							<String ID="string_117" HPOS="775" VPOS="1047" WIDTH="65" HEIGHT="22" WC="0.92" CONTENT="frägan"/><SP WIDTH="9" VPOS="1047" HPOS="840"/>
							<String ID="string_118" HPOS="849" VPOS="1052" WIDTH="29" HEIGHT="12" WC="0.96" CONTENT="om"/><SP WIDTH="10" VPOS="1052" HPOS="878"/>
							<String ID="string_119" HPOS="888" VPOS="1046" WIDTH="96" HEIGHT="23" WC="0.95" CONTENT="byggande"/>
						</TextLine>
						<TextLine ID="line_22" HPOS="228" VPOS="1075" WIDTH="756" HEIGHT="24">
							<String ID="string_120" HPOS="228" VPOS="1075" WIDTH="20" HEIGHT="18" WC="0.94" CONTENT="af"/><SP WIDTH="18" VPOS="1075" HPOS="248"/>
							<String ID="string_121" HPOS="266" VPOS="1081" WIDTH="23" HEIGHT="12" WC="0.94" CONTENT="en"/><SP WIDTH="19" VPOS="1081" HPOS="289"/>
							<String ID="string_122" HPOS="308" VPOS="1076" WIDTH="62" HEIGHT="17" WC="0.93" CONTENT="direkt"/><SP WIDTH="15" VPOS="1076" HPOS="370"/>
							<String ID="string_123" HPOS="385" VPOS="1077" WIDTH="79" HEIGHT="22" WC="0.92" CONTENT="jernväg"/><SP WIDTH="18" VPOS="1077" HPOS="464"/>
							<String ID="string_124" HPOS="482" VPOS="1076" WIDTH="80" HEIGHT="18" WC="0.92" CONTENT="emellan"/><SP WIDTH="19" VPOS="1076" HPOS="562"/>
							<String ID="string_125" HPOS="581" VPOS="1077" WIDTH="73" HEIGHT="17" WC="0.92" CONTENT="landets"/><SP WIDTH="18" VPOS="1077" HPOS="654"/>
							<String ID="string_126" HPOS="672" VPOS="1076" WIDTH="49" HEIGHT="18" WC="0.91" CONTENT="bäda"/><SP WIDTH="19" VPOS="1076" HPOS="721"/>
							<String ID="string_127" HPOS="740" VPOS="1076" WIDTH="63" HEIGHT="17" WC="0.92" CONTENT="städer"/><SP WIDTH="16" VPOS="1076" HPOS="803"/>
							<String ID="string_128" HPOS="819" VPOS="1075" WIDTH="118" HEIGHT="23" WC="0.96" CONTENT="Helsingfors"/><SP WIDTH="13" VPOS="1075" HPOS="937"/>
							<String ID="string_129" HPOS="950" VPOS="1075" WIDTH="34" HEIGHT="17" WC="0.96" CONTENT="och"/>
						</TextLine>
						<TextLine ID="line_23" HPOS="228" VPOS="1101" WIDTH="756" HEIGHT="26">
							<String ID="string_130" HPOS="228" VPOS="1101" WIDTH="46" HEIGHT="24" WC="0.96" CONTENT="Åbo,"/><SP WIDTH="14" VPOS="1101" HPOS="274"/>
							<String ID="string_131" HPOS="288" VPOS="1105" WIDTH="75" HEIGHT="18" WC="0.96" CONTENT="hvilken"/><SP WIDTH="10" VPOS="1105" HPOS="363"/>
							<String ID="string_132" HPOS="373" VPOS="1105" WIDTH="80" HEIGHT="22" WC="0.96" CONTENT="järnväg"/><SP WIDTH="12" VPOS="1105" HPOS="453"/>
							<String ID="string_133" HPOS="465" VPOS="1105" WIDTH="63" HEIGHT="17" WC="0.95" CONTENT="tillika"/><SP WIDTH="13" VPOS="1105" HPOS="528"/>
							<String ID="string_134" HPOS="541" VPOS="1105" WIDTH="60" HEIGHT="18" WC="0.96" CONTENT="skulle"/><SP WIDTH="12" VPOS="1105" HPOS="601"/>
							<String ID="string_135" HPOS="613" VPOS="1105" WIDTH="6" HEIGHT="18" WC="0.93" CONTENT="i"/><SP WIDTH="15" VPOS="1105" HPOS="619"/>
							<String ID="string_136" HPOS="634" VPOS="1105" WIDTH="82" HEIGHT="22" WC="0.96" CONTENT="betydlig"/><SP WIDTH="12" VPOS="1105" HPOS="716"/>
							<String ID="string_137" HPOS="728" VPOS="1105" WIDTH="42" HEIGHT="17" WC="0.93" CONTENT="män"/><SP WIDTH="13" VPOS="1105" HPOS="770"/>
							<String ID="string_138" HPOS="783" VPOS="1104" WIDTH="83" HEIGHT="18" WC="0.96" CONTENT="förkorta"/><SP WIDTH="9" VPOS="1104" HPOS="866"/>
							<String ID="string_139" HPOS="875" VPOS="1106" WIDTH="59" HEIGHT="21" WC="0.93" CONTENT="vägen"/><SP WIDTH="9" VPOS="1106" HPOS="934"/>
							<String ID="string_140" HPOS="943" VPOS="1104" WIDTH="41" HEIGHT="17" WC="0.96" CONTENT="från"/>
						</TextLine>
						<TextLine ID="line_24" HPOS="228" VPOS="1133" WIDTH="757" HEIGHT="24">
							<String ID="string_141" HPOS="228" VPOS="1133" WIDTH="56" HEIGHT="18" WC="0.96" CONTENT="dessa"/><SP WIDTH="13" VPOS="1133" HPOS="284"/>
							<String ID="string_142" HPOS="297" VPOS="1133" WIDTH="63" HEIGHT="18" WC="0.95" CONTENT="städer"/><SP WIDTH="11" VPOS="1133" HPOS="360"/>
							<String ID="string_143" HPOS="371" VPOS="1133" WIDTH="28" HEIGHT="18" WC="0.96" CONTENT="till"/><SP WIDTH="13" VPOS="1133" HPOS="399"/>
							<String ID="string_144" HPOS="412" VPOS="1133" WIDTH="73" HEIGHT="18" WC="0.92" CONTENT="landets"/><SP WIDTH="12" VPOS="1133" HPOS="485"/>
							<String ID="string_145" HPOS="497" VPOS="1134" WIDTH="117" HEIGHT="17" WC="0.90" CONTENT="vinterhamn"/><SP WIDTH="13" VPOS="1134" HPOS="614"/>
							<String ID="string_146" HPOS="627" VPOS="1134" WIDTH="73" HEIGHT="23" WC="0.96" CONTENT="Hangö,"/><SP WIDTH="12" VPOS="1134" HPOS="700"/>
							<String ID="string_147" HPOS="712" VPOS="1134" WIDTH="49" HEIGHT="17" WC="0.96" CONTENT="varit"/><SP WIDTH="9" VPOS="1134" HPOS="761"/>
							<String ID="string_148" HPOS="770" VPOS="1133" WIDTH="78" HEIGHT="18" WC="0.95" CONTENT="föremål"/><SP WIDTH="12" VPOS="1133" HPOS="848"/>
							<String ID="string_149" HPOS="860" VPOS="1133" WIDTH="29" HEIGHT="18" WC="0.93" CONTENT="för"/><SP WIDTH="8" VPOS="1133" HPOS="889"/>
							<String ID="string_150" HPOS="897" VPOS="1133" WIDTH="88" HEIGHT="18" WC="0.92" CONTENT="Ständer-"/>
						</TextLine>
						<TextLine ID="line_25" HPOS="228" VPOS="1161" WIDTH="758" HEIGHT="24">
							<String ID="string_151" HPOS="228" VPOS="1167" WIDTH="34" HEIGHT="12" WC="0.91" CONTENT="nas"/><SP WIDTH="13" VPOS="1167" HPOS="262"/>
							<String ID="string_152" HPOS="275" VPOS="1161" WIDTH="120" HEIGHT="24" WC="0.96" CONTENT="behandling,"/><SP WIDTH="17" VPOS="1161" HPOS="395"/>
							<String ID="string_153" HPOS="412" VPOS="1168" WIDTH="41" HEIGHT="13" WC="0.97" CONTENT="men"/><SP WIDTH="14" VPOS="1168" HPOS="453"/>
							<String ID="string_154" HPOS="467" VPOS="1163" WIDTH="60" HEIGHT="17" WC="0.96" CONTENT="denna"/><SP WIDTH="15" VPOS="1163" HPOS="527"/>
							<String ID="string_155" HPOS="542" VPOS="1163" WIDTH="70" HEIGHT="22" WC="0.96" CONTENT="viktiga"/><SP WIDTH="12" VPOS="1163" HPOS="612"/>
							<String ID="string_156" HPOS="624" VPOS="1163" WIDTH="54" HEIGHT="22" WC="0.96" CONTENT="fråga"/><SP WIDTH="12" VPOS="1163" HPOS="678"/>
							<String ID="string_157" HPOS="690" VPOS="1164" WIDTH="65" HEIGHT="16" WC="0.96" CONTENT="väntar"/><SP WIDTH="12" VPOS="1164" HPOS="755"/>
							<String ID="string_158" HPOS="767" VPOS="1164" WIDTH="50" HEIGHT="16" WC="0.96" CONTENT="ännu"/><SP WIDTH="13" VPOS="1164" HPOS="817"/>
							<String ID="string_159" HPOS="830" VPOS="1163" WIDTH="25" HEIGHT="22" WC="0.95" CONTENT="på"/><SP WIDTH="12" VPOS="1163" HPOS="855"/>
							<String ID="string_160" HPOS="867" VPOS="1163" WIDTH="30" HEIGHT="17" WC="0.96" CONTENT="sin"/><SP WIDTH="13" VPOS="1163" HPOS="897"/>
							<String ID="string_161" HPOS="910" VPOS="1161" WIDTH="76" HEIGHT="23" WC="0.96" CONTENT="slutliga"/>
						</TextLine>
						<TextLine ID="line_26" HPOS="228" VPOS="1191" WIDTH="80" HEIGHT="22">
							<String ID="string_162" HPOS="228" VPOS="1191" WIDTH="80" HEIGHT="22" WC="0.96" CONTENT="lösning."/>
						</TextLine>
					</TextBlock>
					<TextBlock ID="block_10" HPOS="228" VPOS="1216" WIDTH="761" HEIGHT="227">
						<TextLine ID="line_27" HPOS="299" VPOS="1216" WIDTH="687" HEIGHT="27">
							<String ID="string_163" HPOS="299" VPOS="1219" WIDTH="60" HEIGHT="18" WC="0.96" CONTENT="Sedan"/><SP WIDTH="19" VPOS="1219" HPOS="359"/>
							<String ID="string_164" HPOS="378" VPOS="1222" WIDTH="73" HEIGHT="16" WC="0.93" CONTENT="senaste"/><SP WIDTH="18" VPOS="1222" HPOS="451"/>
							<String ID="string_165" HPOS="469" VPOS="1220" WIDTH="126" HEIGHT="18" WC="0.91" CONTENT="ständermöte"/><SP WIDTH="19" VPOS="1220" HPOS="595"/>
							<String ID="string_166" HPOS="614" VPOS="1220" WIDTH="54" HEIGHT="18" WC="0.96" CONTENT="hafva"/><SP WIDTH="18" VPOS="1220" HPOS="668"/>
							<String ID="string_167" HPOS="686" VPOS="1220" WIDTH="118" HEIGHT="23" WC="0.96" CONTENT="Helsingfors"/><SP WIDTH="18" VPOS="1220" HPOS="804"/>
							<String ID="string_168" HPOS="822" VPOS="1220" WIDTH="34" HEIGHT="17" WC="0.96" CONTENT="och"/><SP WIDTH="14" VPOS="1220" HPOS="856"/>
							<String ID="string_169" HPOS="870" VPOS="1216" WIDTH="40" HEIGHT="21" WC="0.95" CONTENT="Åbo"/><SP WIDTH="13" VPOS="1216" HPOS="910"/>
							<String ID="string_170" HPOS="923" VPOS="1219" WIDTH="63" HEIGHT="18" WC="0.96" CONTENT="städer"/>
						</TextLine>
						<TextLine ID="line_28" HPOS="228" VPOS="1248" WIDTH="758" HEIGHT="23">
							<String ID="string_171" HPOS="228" VPOS="1249" WIDTH="42" HEIGHT="16" WC="0.94" CONTENT="låtit"/><SP WIDTH="18" VPOS="1249" HPOS="270"/>
							<String ID="string_172" HPOS="288" VPOS="1253" WIDTH="66" HEIGHT="18" WC="0.93" CONTENT="genom"/><SP WIDTH="20" VPOS="1253" HPOS="354"/>
							<String ID="string_173" HPOS="374" VPOS="1248" WIDTH="163" HEIGHT="23" WC="0.91" CONTENT="öfveringeniören"/><SP WIDTH="19" VPOS="1248" HPOS="537"/>
							<String ID="string_174" HPOS="556" VPOS="1249" WIDTH="86" HEIGHT="17" WC="0.93" CONTENT="Theodor"/><SP WIDTH="12" VPOS="1249" HPOS="642"/>
							<String ID="string_175" HPOS="654" VPOS="1249" WIDTH="91" HEIGHT="22" WC="0.92" CONTENT="Tallqvist"/><SP WIDTH="12" VPOS="1249" HPOS="745"/>
							<String ID="string_176" HPOS="757" VPOS="1249" WIDTH="107" HEIGHT="17" WC="0.96" CONTENT="undersöka"/><SP WIDTH="13" VPOS="1249" HPOS="864"/>
							<String ID="string_177" HPOS="877" VPOS="1248" WIDTH="109" HEIGHT="17" WC="0.96" CONTENT="alternativa"/>
						</TextLine>
						<TextLine ID="line_29" HPOS="228" VPOS="1273" WIDTH="757" HEIGHT="27">
							<String ID="string_178" HPOS="228" VPOS="1277" WIDTH="58" HEIGHT="17" WC="0.90" CONTENT="linier"/><SP WIDTH="18" VPOS="1277" HPOS="286"/>
							<String ID="string_179" HPOS="304" VPOS="1277" WIDTH="29" HEIGHT="17" WC="0.96" CONTENT="för"/><SP WIDTH="19" VPOS="1277" HPOS="333"/>
							<String ID="string_180" HPOS="352" VPOS="1282" WIDTH="22" HEIGHT="13" WC="0.93" CONTENT="en"/><SP WIDTH="19" VPOS="1282" HPOS="374"/>
							<String ID="string_181" HPOS="393" VPOS="1277" WIDTH="121" HEIGHT="23" WC="0.91" CONTENT="kustjernväg"/><SP WIDTH="19" VPOS="1277" HPOS="514"/>
							<String ID="string_182" HPOS="533" VPOS="1278" WIDTH="79" HEIGHT="17" WC="0.95" CONTENT="emellan"/><SP WIDTH="19" VPOS="1278" HPOS="612"/>
							<String ID="string_183" HPOS="631" VPOS="1277" WIDTH="119" HEIGHT="22" WC="0.95" CONTENT="Helsingfors"/><SP WIDTH="18" VPOS="1277" HPOS="750"/>
							<String ID="string_184" HPOS="768" VPOS="1277" WIDTH="35" HEIGHT="18" WC="0.95" CONTENT="och"/><SP WIDTH="18" VPOS="1277" HPOS="803"/>
							<String ID="string_185" HPOS="821" VPOS="1273" WIDTH="46" HEIGHT="25" WC="0.96" CONTENT="Åbo,"/><SP WIDTH="17" VPOS="1273" HPOS="867"/>
							<String ID="string_186" HPOS="884" VPOS="1277" WIDTH="101" HEIGHT="22" WC="0.96" CONTENT="hvarjämte"/>
						</TextLine>
						<TextLine ID="line_30" HPOS="228" VPOS="1305" WIDTH="761" HEIGHT="24">
							<String ID="string_187" HPOS="228" VPOS="1305" WIDTH="163" HEIGHT="23" WC="0.91" CONTENT="öfveringeniören"/><SP WIDTH="13" VPOS="1305" HPOS="391"/>
							<String ID="string_188" HPOS="404" VPOS="1306" WIDTH="89" HEIGHT="23" WC="0.92" CONTENT="Tallqvist"/><SP WIDTH="13" VPOS="1306" HPOS="493"/>
							<String ID="string_189" HPOS="506" VPOS="1307" WIDTH="88" HEIGHT="22" WC="0.96" CONTENT="uppgjort"/><SP WIDTH="13" VPOS="1307" HPOS="594"/>
							<String ID="string_190" HPOS="607" VPOS="1306" WIDTH="112" HEIGHT="18" WC="0.93" CONTENT="alternativa"/><SP WIDTH="13" VPOS="1306" HPOS="719"/>
							<String ID="string_191" HPOS="732" VPOS="1305" WIDTH="224" HEIGHT="22" WC="0.91" CONTENT="kostnadsberäkningar,"/><SP WIDTH="12" VPOS="1305" HPOS="956"/>
							<String ID="string_192" HPOS="968" VPOS="1305" WIDTH="21" HEIGHT="17" WC="0.96" CONTENT="af"/>
						</TextLine>
						<TextLine ID="line_31" HPOS="228" VPOS="1334" WIDTH="758" HEIGHT="23">
							<String ID="string_193" HPOS="228" VPOS="1334" WIDTH="66" HEIGHT="18" WC="0.96" CONTENT="hvilka"/><SP WIDTH="13" VPOS="1334" HPOS="294"/>
							<String ID="string_194" HPOS="307" VPOS="1334" WIDTH="32" HEIGHT="18" WC="0.96" CONTENT="det"/><SP WIDTH="12" VPOS="1334" HPOS="339"/>
							<String ID="string_195" HPOS="351" VPOS="1339" WIDTH="36" HEIGHT="13" WC="0.96" CONTENT="ena"/><SP WIDTH="12" VPOS="1339" HPOS="387"/>
							<String ID="string_196" HPOS="399" VPOS="1335" WIDTH="40" HEIGHT="21" WC="0.96" CONTENT="(alt."/><SP WIDTH="14" VPOS="1335" HPOS="439"/>
							<String ID="string_197" HPOS="453" VPOS="1335" WIDTH="22" HEIGHT="22" WC="0.96" CONTENT="I.)"/><SP WIDTH="14" VPOS="1335" HPOS="475"/>
							<String ID="string_198" HPOS="489" VPOS="1335" WIDTH="110" HEIGHT="17" WC="0.96" CONTENT="förutsätter"/><SP WIDTH="13" VPOS="1335" HPOS="599"/>
							<String ID="string_199" HPOS="612" VPOS="1335" WIDTH="98" HEIGHT="17" WC="0.91" CONTENT="enahanda"/><SP WIDTH="12" VPOS="1335" HPOS="710"/>
							<String ID="string_200" HPOS="722" VPOS="1335" WIDTH="86" HEIGHT="21" WC="0.92" CONTENT="skenvigt"/><SP WIDTH="13" VPOS="1335" HPOS="808"/>
							<String ID="string_201" HPOS="821" VPOS="1339" WIDTH="38" HEIGHT="12" WC="0.93" CONTENT="som"/><SP WIDTH="10" VPOS="1339" HPOS="859"/>
							<String ID="string_202" HPOS="869" VPOS="1334" WIDTH="11" HEIGHT="17" WC="0.77" CONTENT="å"/><SP WIDTH="9" VPOS="1334" HPOS="880"/>
							<String ID="string_203" HPOS="889" VPOS="1334" WIDTH="22" HEIGHT="17" WC="0.96" CONTENT="de"/><SP WIDTH="9" VPOS="1334" HPOS="911"/>
							<String ID="string_204" HPOS="920" VPOS="1335" WIDTH="66" HEIGHT="21" WC="0.96" CONTENT="tyngre"/>
						</TextLine>
						<TextLine ID="line_32" HPOS="228" VPOS="1362" WIDTH="759" HEIGHT="24">
							<String ID="string_205" HPOS="228" VPOS="1362" WIDTH="132" HEIGHT="18" WC="0.89" CONTENT="statsbanorna"/><SP WIDTH="18" VPOS="1362" HPOS="360"/>
							<String ID="string_206" HPOS="378" VPOS="1365" WIDTH="48" HEIGHT="15" WC="0.96" CONTENT="samt"/><SP WIDTH="18" VPOS="1365" HPOS="426"/>
							<String ID="string_207" HPOS="444" VPOS="1364" WIDTH="98" HEIGHT="22" WC="0.96" CONTENT="möjliggör"/><SP WIDTH="13" VPOS="1364" HPOS="542"/>
							<String ID="string_208" HPOS="555" VPOS="1368" WIDTH="22" HEIGHT="13" WC="0.93" CONTENT="en"/><SP WIDTH="14" VPOS="1368" HPOS="577"/>
							<String ID="string_209" HPOS="591" VPOS="1363" WIDTH="124" HEIGHT="23" WC="0.92" CONTENT="farhastighet"/><SP WIDTH="12" VPOS="1363" HPOS="715"/>
							<String ID="string_210" HPOS="727" VPOS="1363" WIDTH="29" HEIGHT="17" WC="0.93" CONTENT="för"/><SP WIDTH="12" VPOS="1363" HPOS="756"/>
							<String ID="string_211" HPOS="768" VPOS="1362" WIDTH="154" HEIGHT="24" WC="0.91" CONTENT="passageraretåg"/><SP WIDTH="12" VPOS="1362" HPOS="922"/>
							<String ID="string_212" HPOS="934" VPOS="1362" WIDTH="20" HEIGHT="17" WC="0.96" CONTENT="af"/><SP WIDTH="10" VPOS="1362" HPOS="954"/>
							<String ID="string_213" HPOS="964" VPOS="1362" WIDTH="23" HEIGHT="17" WC="0.96" CONTENT="45"/>
						</TextLine>
						<TextLine ID="line_33" HPOS="228" VPOS="1390" WIDTH="758" HEIGHT="24">
							<String ID="string_214" HPOS="228" VPOS="1391" WIDTH="100" HEIGHT="18" WC="0.96" CONTENT="kilometer"/><SP WIDTH="18" VPOS="1391" HPOS="328"/>
							<String ID="string_215" HPOS="346" VPOS="1392" WIDTH="6" HEIGHT="17" WC="0.96" CONTENT="i"/><SP WIDTH="19" VPOS="1392" HPOS="352"/>
							<String ID="string_216" HPOS="371" VPOS="1392" WIDTH="83" HEIGHT="21" WC="0.95" CONTENT="timmen,"/><SP WIDTH="18" VPOS="1392" HPOS="454"/>
							<String ID="string_217" HPOS="472" VPOS="1392" WIDTH="66" HEIGHT="18" WC="0.96" CONTENT="medan"/><SP WIDTH="19" VPOS="1392" HPOS="538"/>
							<String ID="string_218" HPOS="557" VPOS="1392" WIDTH="29" HEIGHT="18" WC="0.95" CONTENT="för"/><SP WIDTH="19" VPOS="1392" HPOS="586"/>
							<String ID="string_219" HPOS="605" VPOS="1392" WIDTH="120" HEIGHT="18" WC="0.95" CONTENT="alternativet"/><SP WIDTH="11" VPOS="1392" HPOS="725"/>
							<String ID="string_220" HPOS="736" VPOS="1391" WIDTH="18" HEIGHT="18" WC="0.96" CONTENT="II"/><SP WIDTH="13" VPOS="1391" HPOS="754"/>
							<String ID="string_221" HPOS="767" VPOS="1391" WIDTH="80" HEIGHT="23" WC="0.96" CONTENT="antagits"/><SP WIDTH="12" VPOS="1391" HPOS="847"/>
							<String ID="string_222" HPOS="859" VPOS="1396" WIDTH="24" HEIGHT="13" WC="0.93" CONTENT="en"/><SP WIDTH="13" VPOS="1396" HPOS="883"/>
							<String ID="string_223" HPOS="896" VPOS="1390" WIDTH="90" HEIGHT="23" WC="0.92" CONTENT="skenvigt,"/>
						</TextLine>
						<TextLine ID="line_34" HPOS="228" VPOS="1419" WIDTH="758" HEIGHT="24">
							<String ID="string_224" HPOS="228" VPOS="1420" WIDTH="40" HEIGHT="17" WC="0.96" CONTENT="lika"/><SP WIDTH="19" VPOS="1420" HPOS="268"/>
							<String ID="string_225" HPOS="287" VPOS="1420" WIDTH="41" HEIGHT="18" WC="0.96" CONTENT="med"/><SP WIDTH="14" VPOS="1420" HPOS="328"/>
							<String ID="string_226" HPOS="342" VPOS="1420" WIDTH="35" HEIGHT="19" WC="0.93" CONTENT="den"/><SP WIDTH="16" VPOS="1420" HPOS="377"/>
							<String ID="string_227" HPOS="393" VPOS="1421" WIDTH="11" HEIGHT="18" WC="0.88" CONTENT="&amp;"/><SP WIDTH="14" VPOS="1421" HPOS="404"/>
							<String ID="string_228" HPOS="418" VPOS="1421" WIDTH="73" HEIGHT="18" WC="0.96" CONTENT="landets"/><SP WIDTH="12" VPOS="1421" HPOS="491"/>
							<String ID="string_229" HPOS="503" VPOS="1421" WIDTH="67" HEIGHT="18" WC="0.96" CONTENT="lättare"/><SP WIDTH="13" VPOS="1421" HPOS="570"/>
							<String ID="string_230" HPOS="583" VPOS="1421" WIDTH="65" HEIGHT="21" WC="0.96" CONTENT="banor,"/><SP WIDTH="12" VPOS="1421" HPOS="648"/>
							<String ID="string_231" HPOS="660" VPOS="1423" WIDTH="48" HEIGHT="16" WC="0.93" CONTENT="samt"/><SP WIDTH="12" VPOS="1423" HPOS="708"/>
							<String ID="string_232" HPOS="720" VPOS="1420" WIDTH="148" HEIGHT="23" WC="0.93" CONTENT="farhastigheten"/><SP WIDTH="14" VPOS="1420" HPOS="868"/>
							<String ID="string_233" HPOS="882" VPOS="1419" WIDTH="29" HEIGHT="18" WC="0.93" CONTENT="för"/><SP WIDTH="12" VPOS="1419" HPOS="911"/>
							<String ID="string_234" HPOS="923" VPOS="1424" WIDTH="63" HEIGHT="18" WC="0.93" CONTENT="passa-"/>
						</TextLine>
					</TextBlock>
				</ComposedBlock>
				<ComposedBlock ID="cblock_10" HPOS="298" VPOS="1461" WIDTH="280" HEIGHT="18">
					<TextBlock ID="block_11" HPOS="298" VPOS="1461" WIDTH="280" HEIGHT="18">
						<TextLine ID="line_35" HPOS="298" VPOS="1461" WIDTH="280" HEIGHT="18">
							<String ID="string_235" HPOS="298" VPOS="1461" WIDTH="201" HEIGHT="18" WC="0.92" CONTENT="Petitionsbetänkande"/><SP WIDTH="12" VPOS="1461" HPOS="499"/>
							<String ID="string_236" HPOS="511" VPOS="1461" WIDTH="38" HEIGHT="18" WC="0.96" CONTENT="N:o"/><SP WIDTH="12" VPOS="1461" HPOS="549"/>
							<String ID="string_237" HPOS="561" VPOS="1461" WIDTH="17" HEIGHT="18" WC="0.96" CONTENT="2."/>
						</TextLine>
					</TextBlock>
				</ComposedBlock>
			</PrintSpace>
		</Page>
	</Layout>
</alto>
