1070 1795
260 136 14 20 4
418 135 278 23 Petitionsbetänkande
711 136 43 23 N:o
770 136 41 23 30.

436 205 30 27 af
476 205 181 28 amorteringslån
677 205 67 28 äfven
756 205 42 28 för
813 205 47 20 små
871 205 117 28 jordegare

436 233 161 28 möjliggjordt;
604 233 110 28 äfvensom
722 236 33 19 att
762 234 104 27 styrelsen
872 233 40 21 allt
913 233 75 28 fram-

435 265 50 24 gent
498 269 76 20 genom
591 263 118 20 anslående
724 263 32 27 af
759 262 229 28 penningeunderstöd

436 291 49 20 ville
501 291 110 27 befrämja
628 291 292 28 jordbrukslänekassornas
936 291 52 28 för-

436 319 87 27 kofran.

300 411 130 25 Helsingfors,
446 413 37 19 den
498 411 13 21 6
526 412 96 20 Februari
640 412 62 22 1894,

298 507 66 22 Juho
380 507 130 23 Pitkänen.
692 508 25 22 A.
733 508 27 22 F.
776 508 142 22 Danielson.

517 583 54 22 Uno
587 582 109 23 Bremer.

299 719 75 22 Bland
396 719 28 22 de
440 719 151 22 statsverkets
607 719 87 28 fonder,
710 719 52 22 från
773 719 80 22 hvilka
864 719 39 22 län
913 719 73 22 bevil-

222 754 36 29 jas
282 754 158 29 jordbrukare,
454 753 112 30 förtjenar
581 754 260 29 krigsmanshuskassan
859 754 53 21 med
930 754 55 21 hän-

224 795 45 22 syn
285 788 36 21 till
336 789 51 21 sina
401 789 51 20 rika
469 789 129 28 tillgångar
612 791 35 18 att
663 789 83 21 främst
766 792 142 18 omnämnas.
938 789 46 20 En-

225 822 47 29 ligt
294 822 268 29 Militie-expeditionens
585 821 52 23 bref
658 822 44 22 den
727 824 25 21 19
775 822 132 22 November
930 823 53 22 1889

225 857 104 28 utgifvas
352 857 52 21 frän
423 857 100 22 nämnda
539 857 68 21 kassa
621 857 39 22 län
677 864 37 15 om
729 857 70 28 högst
814 858 85 26 40,000,
915 857 70 21 minst

226 893 66 26 2,000
320 891 65 22 mark
412 893 61 20 emot
499 891 137 29 inteckning
661 891 8 21 i
690 891 165 28 jordlägemhet
881 892 30 28 pä
935 891 49 21 lan-

226 925 46 22 det.
300 918 21 29 Ä
336 925 45 22 den
396 925 164 30 ursprungliga
575 925 165 27 länesumman,
757 925 96 22 hvilken
868 926 7 21 i
889 925 94 22 allmän-

226 960 41 21 het
296 960 51 21 icke
376 960 36 21 fär
440 960 126 29 öfverstiga
593 968 28 13 en
648 960 112 29 tredjedel
787 959 28 22 af
838 960 45 21 den
910 960 74 21 säsom

227 994 109 22 säkerhet
358 994 110 29 erbjudna
489 994 155 29 egendomens
666 994 270 29 uppskattnings-värde,
952 994 32 22 in-

226 1029 89 21 betalas
340 1029 89 28 årligen
451 1036 40 14 sex
513 1031 103 27 procent,
638 1029 85 22 hvaraf
743 1028 52 29 fyra
819 1029 42 21 och
884 1036 29 14 en
936 1029 51 21 half

224 1063 114 22 beräknas
361 1063 75 22 såsom
451 1065 68 20 ränta
534 1063 13 22 å
562 1063 39 22 det
616 1063 36 22 för
666 1063 65 22 tiden
748 1063 102 28 oguldna
865 1063 118 28 kapitalet,

225 1097 44 22 och
291 1097 131 22 äterstoden
445 1098 75 21 säsom
543 1097 145 29 afbetalning
712 1097 12 21 &
746 1097 70 27 länet,
839 1097 91 22 hvilket
950 1097 34 22 sä-

224 1132 74 22 lunda
321 1134 125 19 amorteras
470 1132 63 21 inom
556 1132 122 21 trettiotvå
699 1132 31 21 år.
766 1131 112 22 Ansökan
897 1139 36 14 om
950 1132 34 21 sä-

225 1166 59 22 dant
311 1167 39 21 län
377 1169 66 26 göres
467 1166 132 29 skriftligen
623 1167 42 21 hos
688 1166 168 22 statskontoret
879 1166 42 21 och
943 1166 41 22 bör

225 1201 93 29 åtföljas
344 1201 26 21 af
392 1201 139 22 instrument
556 1201 65 21 öfver
644 1201 26 21 af
689 1199 146 30 kronofogde
857 1200 126 22 verkställd

224 1235 126 29 värdering
373 1235 26 22 af
417 1235 149 29 egendomen,
587 1235 119 22 äfvensom
730 1243 28 13 en
781 1235 87 28 mängd
889 1235 94 21 andra
966 1231 19 37 i

225 1269 103 23 nämnda
346 1269 54 22 bref
412 1269 151 30 uppräknade
579 1269 260 29 säkerhetshandlingar
854 1269 43 22 och
912 1269 71 22 bevis.

296 1304 89 22 Genom
408 1304 99 29 benäget
528 1304 123 22 meddelad
673 1304 95 29 uppgift
789 1304 53 21 från
868 1303 116 22 statskon-

225 1341 63 19 toret
302 1339 42 21 har
358 1338 115 22 utskottet
488 1339 87 27 erfarit,
591 1341 35 19 att
640 1338 74 22 under
729 1339 43 20 sist
783 1337 111 23 förflutna
904 1337 46 21 fem
959 1339 25 20 år

227 1374 112 21 1889—93
350 1372 52 23 från
413 1373 260 30 krigsmanshuskassan
684 1373 109 30 utgifvits
803 1374 23 21 åt
831 1373 152 29 jordbrukare

224 1409 85 21 inalles
330 1409 41 21 392
390 1408 46 29 lån,
456 1409 26 21 af
493 1409 82 21 hvilka
591 1409 25 21 75
632 1409 56 21 eller
705 1409 25 21 19
746 1409 28 28 ?/,
789 1408 101 29 utgjorts
906 1407 26 22 af
944 1408 39 22 lån

223 1450 39 15 om
274 1443 62 27 2,000
346 1443 73 27 mark,
430 1444 28 21 94
469 1443 56 22 eller
536 1444 25 21 21
574 1443 28 28 /,
612 1443 26 22 af
645 1443 40 22 lån
696 1442 86 23 mellan
792 1443 64 28 2,000
867 1442 41 22 och
919 1443 63 28 3,00N

293 1483 181 18 Ekonomiutskottets
487 1483 111 18 betänkande
610 1483 36 18 N:o
658 1483 30 18 12.
