1070 1795
307 137 229 22 Petitionsbetänkande
553 137 35 20 N:o
604 135 20 22 2.
787 137 27 20 39

156 194 190 22 Kostnadsförslaget,
360 198 38 13 som
411 194 72 22 uppgår
496 193 29 18 till
538 193 74 21 193,000
624 193 37 20 mk,
674 192 41 17 deri
728 191 77 23 utgifter
817 191 29 18 för

87 223 182 22 muddringsarbetet
288 222 33 18 och
334 224 27 15 ett
373 224 40 21 nytt
426 221 195 24 ängmuddringsverk
634 221 96 22 upptagits
742 221 29 16 till
783 220 64 21 98,800

87 251 36 21 mk,
142 251 34 18 har
192 251 48 18 dock
255 251 71 17 kunnat
341 250 114 23 nedbringas
467 251 29 17 till
509 250 45 23 följd
569 249 58 21 deraf,
640 251 27 16 att
680 249 66 18 staden
759 249 86 22 beviljats

87 279 84 18 använda
190 281 26 16 ett
234 279 21 18 af
272 281 71 16 statens
363 279 124 18 mudderverk
506 281 39 15 mot
559 279 52 21 3,000
624 279 40 16 mks
678 277 104 23 månadtlig
794 278 51 22 hyra,

87 309 35 17 och
141 308 83 17 kommer
242 308 44 17 hela
304 307 32 18 det
350 307 107 23 föreslagna
474 307 185 22 muddringsarbetet
675 309 27 15 att
715 306 70 18 utföras
798 311 47 13 som-

87 342 63 13 maren
164 337 49 18 1895.

154 366 62 17 Jemte
235 365 31 17 det
285 365 65 17 staden
368 365 80 17 sålunda
462 364 80 23 vidtagit
555 364 69 23 nödiga
636 364 88 22 åtgärder
736 363 29 18 för
779 363 66 23 sjöfar-

87 395 40 16 tens
140 394 127 22 befrämjande
281 393 34 18 och
327 393 109 23 utveckling
448 393 35 18 och
497 393 64 18 härför
573 393 81 22 anslagit
665 393 52 18 öfver
727 393 73 21 100,000
809 393 36 21 mk,

87 423 34 17 har
133 423 35 18 den
182 425 62 15 ansett
256 422 159 22 förverkligandet
427 422 21 18 af
462 422 70 18 tanken
543 422 24 22 på
581 428 22 12 en
616 422 87 22 förening
716 422 42 17 med
771 421 73 17 landets

85 451 121 23 jernvägsnät
224 451 20 17 af
255 451 35 17 den
306 451 38 22 vigt
357 450 29 17 för
398 450 72 22 staden,
484 452 27 15 att
525 450 107 18 densamma
645 452 62 15 ansett
719 450 29 22 sig
760 450 45 17 böra
818 450 27 17 äf-

87 485 34 12 ven
147 479 40 18 med
212 481 28 16 ett
263 479 91 23 betydligt
373 479 67 22 bidrag
458 479 6 17 i
484 479 106 22 väsendtlig
608 479 42 17 mån
668 479 108 17 underlätta
794 478 51 18 detta

87 508 76 23 företag.

155 537 156 17 Fredrikshamns
330 536 41 17 stad
385 537 33 16 har
436 536 81 21 derföre,
530 537 6 16 i
550 536 194 18 öfverensstämmelse
757 536 41 17 med
811 536 34 17 här

87 565 75 22 bilagda
175 565 67 22 utdrag
255 571 22 11 ur
289 565 42 18 dess
344 565 127 22 fullmäktiges
485 565 95 22 protokoll
593 565 29 17 för
634 565 36 17 den
684 565 19 17 19
710 565 75 22 januari
795 565 50 21 1894,

86 593 78 18 beslutit
177 593 130 18 kostnadsfritt
319 593 77 23 upplåta
408 594 25 17 all
446 593 29 18 för
486 594 103 22 jernvägen
598 589 82 37 behöflig
689 593 53 18 mark
751 594 11 17 &
771 594 74 17 stadens

87 622 75 18 omräde
184 622 95 18 äfvensom
300 623 29 16 till
351 622 101 23 företagets
474 622 129 18 realiserande
622 623 54 17 anslä
694 628 23 12 en
736 628 71 12 summa
826 623 20 17 af

87 651 73 22 100,000
179 651 36 18 mk,
236 651 5 17 i
260 651 90 18 händelse
370 651 36 18 den
425 651 94 18 tilltänkta
530 651 106 22 jernbanan
649 651 73 18 komme
736 653 26 16 att
775 651 69 23 byggas

86 680 24 22 pä
123 680 121 17 statsverkets
257 679 107 18 bekostnad.

155 709 7 16 I
182 708 94 18 anseende
296 708 62 17 dertill
377 710 27 15 att
422 708 36 18 den
478 708 145 23 hufvudsakliga
640 708 128 23 godstrafiken
784 709 11 17 &
807 709 36 18 den

87 737 95 17 tilltänkta
200 737 82 17 bibanan
300 737 72 17 komme
391 739 27 15 att
436 737 54 18 bestä
507 737 7 17 i
531 739 94 20 transport
638 737 20 17 af
669 739 88 19 trävaror,
770 737 73 18 hvilkas

87 765 111 22 omlastning
216 766 6 17 i
242 765 36 18 alla
296 765 33 18 fall
348 765 96 18 medförde
464 765 127 23 olägenheter,
605 766 132 17 omkostnader
750 767 34 16 och
798 766 45 17 tids-

86 793 71 22 förlust,
176 794 70 23 hoppas
265 794 65 18 staden
346 796 28 15 att
389 794 144 23 ifrägavarande
545 795 56 17 korta
610 795 79 22 jernväg
701 800 29 12 om
744 795 65 18 endast
823 795 21 17 14

86 823 36 17 km.
137 823 46 17 skall
198 823 71 17 erhälla
284 828 70 13 samma
370 823 94 22 spärvidd,
479 829 37 12 som
531 823 121 18 statsverkets
665 823 60 18 banor
738 823 28 18 för
779 825 65 16 närva-

86 851 57 18 rande
162 851 60 18 hafva.
241 852 44 17 Men
304 851 60 18 skulle
384 851 73 18 landets
476 851 82 18 Ständer
577 852 73 17 besluta
662 853 28 22 sig
702 852 29 18 för
744 855 26 15 att
783 852 62 18 denna

86 879 48 18 bana
147 880 71 17 komme
232 882 26 15 att
271 880 69 18 utföras
354 881 60 17 säsom
428 881 116 21 smalspärig,
557 885 44 13 vore
614 881 65 17 staden
692 881 57 17 likväl
759 881 86 18 besluten

86 910 27 16 att
132 909 114 17 understöda
263 909 91 22 företaget
372 909 42 18 med
428 909 139 18 ofvannämnda
579 909 65 22 anslag
657 910 34 17 och
705 909 60 23 öfriga
777 909 67 18 förmä-

86 943 34 12 ner
133 937 124 18 oförkortade.

154 966 90 23 Följande
262 967 172 22 sammanställning
454 973 21 11 ur
489 967 192 23 jernvägsstyrelsens
695 969 74 16 senaste
782 967 61 18 berät-

86 994 47 18 telse
152 995 71 17 utvisar
242 995 71 18 hvilket
330 995 92 23 betydligt
435 996 82 17 tillskott
532 995 68 22 städer,
614 995 53 18 äfven
680 995 43 18 vida
735 996 72 17 mindre
821 998 22 16 än

86 1023 150 22 Fredrikshamn,
248 1023 55 18 hafva
315 1026 27 15 att
354 1024 80 23 erbjuda
443 1024 177 23 jernvägstrafiken.
637 1025 24 16 Sä
673 1025 34 17 har
720 1030 83 12 summan
817 1025 27 18 af-

85 1051 72 23 gängne
170 1052 34 17 och
218 1052 79 18 anlände
309 1058 121 17 passagerare
444 1056 48 15 samt
504 1053 72 18 antalet
588 1055 31 16 ton
632 1053 76 18 anländt
722 1054 34 17 och
769 1053 75 18 afsändt

86 1080 45 23 gods
145 1081 59 17 under
217 1081 21 17 är
250 1081 44 18 1892
307 1082 69 22 utgjort
388 1082 29 17 för
430 1082 92 17 stationen
536 1082 6 17 i

188 1138 104 18 Jakobstad
316 1153 3 2 .
345 1153 3 2 .
374 1153 3 2 .
403 1139 62 21 13,329
478 1144 91 17 personer
582 1139 34 17 och
641 1139 51 21 7,274
704 1141 36 16 ton.

188 1167 76 18 Ekenäs
286 1181 3 4 .
314 1181 3 3 .
343 1181 3 3 .
372 1181 3 3 .
400 1168 63 21 22,108
517 1181 10 7 så
598 1181 10 8 n
640 1168 51 21 7,919
719 1182 9 7 ,

189 1196 73 17 Kotka.
289 1210 1 3 .
315 1210 2 3 .
344 1210 3 3 .
372 1210 3 3 .
400 1196 63 21 27129
517 1210 10 7 =,
599 1209 8 8 »
629 1197 63 21 34956

189 1225 66 17 Gamla
267 1225 80 22 Karleby
372 1239 3 3 .
400 1225 63 21 29,588
517 1239 9 7 si
598 1238 9 7 »
628 1225 64 21 30,59
719 1239 10 7 ,,

190 1253 26 17 S:t
228 1253 69 18 Michel
315 1267 2 3 .
342 1267 3 3 .
371 1267 3 3 .
399 1254 63 21 35,608
516 1267 9 7 a
597 1267 9 8 »
640 1254 51 21 9925
718 1267 10 8 ,,

188 1281 137 18 Villmanstand
344 1296 4 3 .
373 1296 3 3 .
401 1283 64 21 36,376
518 1296 9 7 »
599 1295 10 8 »
630 1282 62 21 15,050
720 1296 9 7 ,,

154 1339 44 17 Man
210 1336 60 21 "torde
289 1340 24 22 pä
331 1340 61 22 grund
412 1340 55 17 häraf
485 1340 36 17 och
540 1339 42 17 med
596 1340 105 17 beaktande
715 1339 20 18 af
745 1340 98 17 Fredriks-

85 1368 66 16 hamns
164 1367 50 18 stads
228 1368 107 22 folkmängd
345 1368 33 18 och
388 1368 62 23 öfriga
458 1368 54 18 ofvan
521 1368 113 18 framhällna
642 1368 130 18 förhällanden
781 1368 63 18 kunna

86 1398 67 20 antaga
166 1399 27 14 att
205 1397 193 22 passagerareantalet
414 1397 29 18 för
456 1397 147 18 Fredrikshamn
616 1397 72 18 komme
702 1399 27 16 att
741 1398 60 21 uppgä
814 1397 29 18 till

85 1425 85 22 omkring
188 1425 64 21 30,000
264 1427 47 15 samt
327 1425 71 18 antalet
410 1428 32 15 ton
456 1425 110 18 befordradt
579 1425 45 23 gods
637 1426 28 17 till
678 1426 85 22 omkring
777 1427 66 20 15,000,

86 1453 55 18 deraf
152 1453 62 22 10,000
226 1455 87 16 trävaror.

155 1493 201 18 Petitionsbetänkande
368 1494 38 17 N:o
419 1495 18 16 2.
