1070 1795
268 152 279 23 Petitionsbetänkande
563 152 45 23 N:o
626 152 38 23 16.
798 153 26 21 15

96 220 79 22 lefnad
203 220 27 21 af
256 219 110 30 gällande
394 219 168 30 författningar
586 221 98 21 rörande
708 221 142 22 lösdrifvare.

96 255 120 22 Utskottet
238 254 37 22 för
290 255 36 20 sin
342 254 37 22 del
395 255 74 21 håller
484 254 40 22 det
539 255 38 21 väl
593 255 35 21 för
644 255 98 28 möjligt,
758 257 35 19 att
807 255 44 22 lös-

97 289 94 22 drifveri
208 289 52 22 icke
276 289 67 21 alltid
358 289 86 22 beifras
459 289 26 22 så
499 291 92 27 strängt
607 297 49 14 som
672 289 103 29 önskligt
789 297 63 20 vore,

96 331 53 14 men
164 326 47 19 tror
228 323 122 22 Utskottet
365 325 40 25 att,
422 323 41 22 där
480 324 26 21 så
516 324 37 21 till
565 323 119 28 äfventyrs
694 323 105 22 förhållit
809 324 42 29 sig,

97 357 97 22 orsaken
217 357 140 22 åtminstone
380 357 62 22 ända
464 358 37 21 till
518 361 90 19 senaste
624 357 41 28 tid,
681 357 29 22 då
725 357 125 30 landtpoli-

96 399 41 15 sen
156 392 79 22 blifvit
258 392 74 22 bättre
356 392 157 29 organiserad,
529 393 58 21 stått
602 395 35 19 att
652 392 56 22 söka
723 392 8 22 i
746 392 105 22 densam-

95 434 50 14 mas
160 426 188 29 otillräcklighet.
380 427 44 21 Att
440 427 105 22 däremot
563 427 173 22 vederbörande
750 427 101 28 länesty-

95 461 71 22 relser
181 461 43 22 och
238 461 53 22 dem
306 461 177 28 underlydande
499 461 138 29 tjenstemän
654 461 134 30 afsiktligen
798 461 51 22 icke

95 495 75 22 skulle
180 496 106 29 tillämpa
298 495 179 29 ifrågavarande
487 495 174 30 författningar,
669 495 47 22 kan
723 495 128 30 ingalunda

95 537 66 14 anses
183 537 56 14 vara
262 530 151 29 ädagalagdt;
440 531 43 20 och
508 530 29 22 då
562 530 122 23 TJtskottet
708 530 142 21 därförutom

95 563 74 22 finner
192 564 39 22 det
253 565 8 20 i
284 564 79 29 hvarje
386 564 111 22 händelse
513 565 129 28 olämpligt,
658 567 34 18 att
706 564 144 29 päminnelse

95 605 36 14 om
155 598 139 22 efterlefnad
316 598 26 22 af
362 599 109 28 gällande
494 599 40 28 lag
555 602 67 25 göres
640 598 52 22 frän
708 598 141 22 Ständernas

95 633 50 21 sida
166 633 42 22 hos
230 633 155 28 Regeringen,
408 633 43 22 har
471 633 122 22 Utskottet
608 633 51 22 icke
674 633 72 22 heller
761 633 90 21 kunnat

95 667 118 29 tillstyrka
229 667 66 22 bifall
311 667 36 22 till
363 668 65 21 detta
444 668 193 27 petitionärernes
652 667 111 29 yrkande.

162 702 83 29 Enligt
263 702 61 21 hvad
338 702 123 22 Utskottet
475 702 43 21 har
533 703 37 28 sig
585 702 92 27 bekant,
693 705 25 18 är
734 701 39 22 det
787 701 64 29 isyn-

93 736 82 21 nerhet
196 737 9 20 i
227 736 99 29 Viborgs
349 736 45 27 län,
419 744 54 14 men
495 737 70 22 äfven
587 737 8 21 i
620 737 62 21 vissa
698 736 64 21 delar
776 735 26 22 af
815 735 35 22 S:t

93 770 103 27 Michels,
212 771 94 28 Kuopio
322 771 43 21 och
381 771 130 29 Uleäborgs
526 771 39 21 län
581 770 196 29 kringstrykande
787 770 63 28 zige-

93 805 119 22 nareband
234 805 116 29 påträffas.
381 805 49 22 Där
454 805 109 29 zigenare
578 805 154 22 annanstädes
747 805 9 21 i
770 804 81 22 landet

93 839 81 28 finnas,
184 839 158 29 kringvandra
349 839 28 22 de
388 839 75 22 sällan
471 840 43 21 och
523 840 30 21 dä
563 842 59 19 mest
630 839 102 28 enstaka,
744 839 55 21 eller
807 838 44 22 ock

94 877 39 18 äro
150 873 28 22 de
192 874 98 21 bofasta.
319 874 12 21 I
346 874 75 22 likhet
436 875 53 21 med
499 875 126 21 Allmänna
636 873 215 23 Besvärsutskottet

93 908 41 21 vid
151 909 54 22 1888
221 909 36 21 års
273 908 156 22 ständermöte
445 909 75 22 håller
530 909 69 21 äfven
610 909 63 22 detta
684 909 97 22 Utskott
793 907 56 27 före,

95 944 34 19 att
148 943 136 28 zigenarnes
300 943 143 22 allmännare
459 943 176 29 öfvergifvande
651 943 26 22 af
689 943 66 22 deras
770 941 81 28 kring-

94 976 120 23 flackande
226 977 42 22 och
278 977 152 29 rättsvidriga
440 978 165 21 lefnadsvanor
614 978 53 21 bäst
677 977 82 22 vinnes
766 973 85 32 genom

94 1010 235 31 folkupplysningens
355 1012 107 29 höjande.
499 1012 89 22 Sädant
612 1012 127 28 allmogens
763 1010 86 22 förhäl-

94 1045 69 22 lande
180 1046 37 21 till
233 1046 123 29 zigenarne
371 1047 182 28 mängenstädes
567 1047 9 21 i
591 1047 52 21 värt
658 1045 55 22 land
728 1045 98 22 likasom
843 1044 8 21 i

95 1080 73 21 andra
183 1081 135 28 europeiska
333 1081 83 21 länder
431 1085 31 21 är,
478 1081 46 22 kan
540 1081 40 22 det
593 1081 52 21 icke
655 1080 72 22 verka
737 1081 72 20 annat
819 1082 30 18 än

95 1114 166 29 ofördelaktigt
275 1116 30 28 pä
320 1115 137 29 zigenarnes
473 1115 191 29 äskädningssätt
678 1115 43 22 och
738 1113 35 23 lif.
802 1113 50 22 När

94 1149 40 22 det
153 1149 115 29 ingrodda
290 1149 101 22 föraktet
416 1149 38 22 för
469 1150 65 21 desse
549 1150 36 21 till
600 1149 110 22 utseende
726 1148 43 22 och
783 1147 66 22 seder

93 1183 144 22 främmande
261 1186 111 23 ,tattare*
397 1185 190 27 (,mustalaiset*)
609 1184 101 29 upphört
722 1183 43 22 och
781 1182 70 21 äfven

95 1217 28 22 de
139 1217 117 23 betraktas
271 1219 75 21 säsom
361 1219 142 27 människor,
519 1223 43 18 när
577 1219 45 21 den
636 1217 146 29 vidskepliga
797 1219 54 19 tron

93 1253 31 28 pä
147 1252 65 22 deras
235 1253 69 27 läke-,
327 1253 64 22 troll-
414 1253 43 22 och
473 1253 214 30 spädomsförmäga
702 1251 151 29 (ytattarkon-

94 1289 68 23 ster*)
178 1286 133 23 försvunnit
325 1287 43 22 och
384 1287 118 29 allmogen
517 1288 71 28 ingen
603 1287 58 22 tillit
676 1286 78 22 därtill
768 1286 81 27 längre

94 1323 80 24 sätter,
188 1321 30 22 dä
232 1321 60 22 skall
307 1321 152 22 tvifvelsutan
474 1322 136 28 zigenarnes
624 1320 109 23 inbördes
748 1319 102 28 hemliga

94 1355 106 22 förständ
220 1356 42 22 och
278 1356 219 28 sammanhällning,
513 1362 50 16 som
577 1362 32 15 nu
624 1354 102 29 skyddar
741 1354 52 21 dem
808 1352 44 22 och

93 1390 128 29 väsentligt
242 1390 116 22 försvärar
381 1390 124 29 brottslige
527 1390 119 29 zigenares
669 1388 112 30 gripande
805 1386 44 23 och

93 1424 103 23 fällande
218 1425 28 22 af
264 1425 202 28 myndigheterna,
489 1425 52 22 visa
563 1425 36 28 sig
622 1431 57 14 vara
692 1423 36 22 för
743 1423 52 21 dem
811 1421 37 22 till

95 1459 72 28 ingen
189 1461 75 26 nytta,
280 1459 43 22 och
338 1459 66 22 deras
421 1466 61 22 egna
497 1459 70 28 språk
582 1460 60 19 samt
657 1456 138 30 egenartade
810 1455 43 22 lef-

162 1499 104 18 Allmänna
278 1499 170 18 Besvärsutskottets
461 1499 112 18 betänkande
583 1498 38 18 N:o
633 1499 29 17 14.
