1070 1795
254 151 81 22 Ständ.
350 151 54 22 Pet.
419 163 26 3 —
461 151 153 23 Motionsbet.
630 152 42 22 N:o
687 151 22 22 3.
817 153 14 21 3

101 216 80 22 delade
196 217 119 28 uppgifter
332 216 108 29 utgjorde
456 217 46 21 den
517 218 25 21 31
560 217 128 22 December
704 218 55 22 1890
773 217 88 22 antalet

100 251 57 21 barn
167 251 27 21 af
203 251 150 22 förenämnda
361 251 138 22 åldersklass
507 251 8 22 i
522 251 236 22 landskommunerna
768 253 90 27 187,571

101 285 55 22 eller
171 285 108 29 omkring
294 286 38 27 8,75
343 287 28 25 %/,
385 285 27 22 af
420 285 66 22 dessa
495 286 149 21 kommuners
655 285 52 22 hela
716 286 143 29 folkmängd.

100 319 64 22 Enär
178 319 39 22 det
231 319 51 22 icke
297 320 59 21 varit
371 319 93 30 möjligt
479 322 35 19 att
529 320 88 22 erhålla
632 320 162 22 motsvarande
803 328 57 21 upp-

100 353 72 29 gifter
182 354 38 21 för
229 354 72 21 andra
311 355 29 27 år,
351 353 43 22 har
404 354 104 29 följande
515 354 131 29 beräkning
653 355 123 21 verkstälts
786 355 75 21 under

100 388 174 29 förutsättning,
290 390 34 20 att
338 389 88 21 antalet
440 389 58 21 barn
513 389 86 22 mellan
614 390 13 21 9
643 389 43 22 och
703 391 26 20 13
744 390 25 21 år
783 389 77 22 städse

100 423 88 28 utgjort
199 424 39 27 8,75
246 424 28 27 9/,
285 423 26 22 af
317 423 246 23 landskommunernas
571 424 53 22 hela
633 424 138 29 folkmängd
781 424 79 22 äfven-

101 464 50 15 som
170 459 34 20 att
219 457 45 22 alla
279 457 190 22 folkskoleelever
488 465 56 15 vore
559 458 64 22 äldre
638 461 30 18 än
683 459 19 27 9,
718 465 54 15 men
785 465 75 22 yngre

101 495 30 18 än
148 493 25 21 13
189 492 31 21 år.

335 590 56 18 Antal
404 590 11 17 bi
480 590 57 18 Antal
549 591 12 17 bi
641 585 56 18 Antal
711 585 51 21 barn,

352 595 12 12 n
417 595 33 12 om
563 596 38 16 aI
608 592 4 42 |
621 607 63 18 hvilka
696 608 40 17 icke
747 608 30 17 be-

234 625 6 5 Å
324 619 68 18 mellan
400 620 11 17 9
420 619 34 18 och
461 615 11 31 |
486 619 63 18 hvilka
561 619 30 18 be-
626 632 6 3 |.
684 633 6 2 J

171 657 2 27 |
229 631 32 16 Är.
324 649 21 16 13
352 647 41 22 år;
388 643 10 32 i
398 647 64 22 jämna|
477 647 53 18 sökte
542 647 57 23 högre
614 631 171 45 Ham

338 676 106 18 hundratal.
460 672 11 31 |
490 676 99 19 folkskola.
648 677 107 18 hundratal.

171 717 2 19 |
464 717 2 25 |

199 751 90 18 1872—73
354 752 74 20 148,400
443 742 4 35 |
464 746 2 27 |
522 752 51 21 7,155
666 752 73 22 141,200

199 786 91 17 1877—78
354 782 74 30 158,700
464 776 2 23 |
510 782 62 30 13,447
666 787 74 20 145,300

199 816 91 31 1882—383
354 820 74 22 169,000
440 816 11 31 —
464 820 1 15 |
509 820 64 21 20,899
666 821 74 20 148,100

199 855 91 17 1887—88
315 855 1 27 |
354 855 73 21 180,800
509 855 63 21 28,346
666 855 73 21 152,500

199 889 90 18 1892—93
314 893 2 18 |
353 889 73 21 187600
463 905 2 6 |
491 878 7 37 =
509 889 63 22 40,426
666 890 73 21 147,200

168 946 111 22 Tabellen
294 946 76 29 gifver
385 946 98 21 sälunda
497 946 41 21 vid
552 946 99 28 handen,
662 948 34 20 att
706 947 87 21 antalet
802 947 58 22 barn

99 981 10 22 i
124 980 138 29 skolåldern,
278 981 79 21 hvilka
371 980 51 22 icke
437 981 86 21 besöka
537 980 73 29 högre
620 981 122 28 folkskola,
753 981 60 22 ända
822 981 38 22 till

99 1018 91 19 senaste
209 1016 25 21 år
253 1015 60 22 varit
327 1015 9 21 i
350 1015 106 28 ständigt
475 1015 114 28 stigande,
604 1015 114 22 beroende
733 1015 76 29 därpå,
825 1017 35 20 att

99 1050 170 29 folkökningen
283 1050 63 21 inom
362 1049 168 22 åldersklassen
545 1051 71 21 9—13
632 1050 25 21 år
669 1050 60 21 varit
743 1052 72 19 större
829 1053 30 18 än

100 1085 45 22 den
160 1085 124 28 samtidiga
299 1085 134 28 stegringen
448 1084 9 21 i
472 1084 244 22 folkskole-elevernas
732 1084 69 22 antal.

168 1119 118 29 Derjemte
300 1119 101 28 framgår
416 1119 26 22 af
455 1119 67 22 dessa
537 1119 189 28 sifferuppgifter,
743 1121 34 20 att
786 1119 74 22 under

99 1154 98 22 läseåret
214 1155 139 21 1892—1893
369 1153 83 22 endast
466 1155 45 26 21,5
522 1154 29 28 %/,
563 1153 26 22 af
597 1153 107 29 samtliga
714 1153 57 22 barn
780 1153 9 22 i
799 1153 60 22 skol-

100 1188 80 22 åldern
194 1188 82 22 besökt
289 1188 71 29 högre
375 1188 123 22 folkskola.
529 1188 43 21 Om
587 1188 71 22 äfven
673 1187 106 22 städerna
793 1189 66 27 tagas

99 1223 54 22 med
167 1223 9 21 i
190 1223 165 28 beräkningen,
370 1223 90 28 uppgår
475 1222 88 22 antalet
577 1223 58 21 barn
649 1222 85 22 mellan
749 1223 13 21 9
777 1222 44 22 och
832 1223 27 21 13

101 1257 26 22 år
142 1257 45 22 den
202 1259 25 20 31
244 1257 126 22 December
386 1258 56 21 1890
456 1257 39 22 till
510 1258 100 27 202,954.
633 1257 83 28 Enligt
730 1256 45 22 den
785 1256 27 22 af
820 1251 39 27 Öf-

99 1292 153 28 verstyrelsen
268 1292 37 21 för
318 1291 164 22 skolväsendet
496 1291 146 29 publicerade
652 1291 132 22 statistiken
794 1291 66 22 öfver

100 1326 248 28 folkundervisningen
362 1326 86 21 funnos
465 1326 45 22 den
527 1327 11 21 1
555 1326 47 28 Maj
620 1327 54 21 1891
690 1326 9 21 i
714 1325 90 22 landets
814 1325 45 22 ele-

99 1360 195 22 mentarläroverk
309 1360 42 22 och
366 1360 77 28 öfriga
457 1360 74 29 högre
540 1360 112 28 läroverk,
663 1360 57 22 real-
730 1360 56 21 eller
796 1358 63 22 fack-

99 1395 77 22 skolor
190 1397 60 20 samt
264 1395 71 29 högre
350 1395 43 22 och
408 1395 64 28 lägre
486 1395 62 22 fasta
558 1395 128 22 folkskolor
696 1395 76 28 61,847
783 1393 76 22 elever

100 1429 56 22 eller
170 1431 44 26 30,5
230 1431 28 26 %/,
273 1429 25 22 af
311 1429 71 22 ofvan
396 1429 99 29 angifna
509 1429 64 22 antal
588 1429 63 22 barn.
674 1429 71 21 Detta
754 1429 105 28 procent-

98 1463 33 22 tal
151 1467 25 18 är
197 1463 129 22 emellertid
346 1463 94 22 alldeles
461 1463 38 22 för
519 1465 65 27 stort,
605 1467 55 18 enär
679 1463 39 22 det
733 1463 50 21 icke
798 1463 61 22 varit
