1070 1795
253 140 273 23 Petitionsbetänkande
543 140 43 21 N:o
603 140 34 21 32.
781 141 14 20 3

134 203 64 22 Enär
213 203 122 22 Utskottet
350 205 77 20 ansett
442 203 95 28 förslag,
549 202 122 29 åsyftande
686 202 138 29 förändring

67 239 25 21 af
105 237 263 22 elementarläroverken
383 238 37 21 för
433 245 81 21 gossar
525 237 38 22 till
573 237 164 28 samläroverk,
749 237 74 22 under

67 273 143 22 närvarande
232 272 166 28 förhållanden,
424 272 30 21 då
469 272 121 29 Styrelsen
605 279 70 22 synes
690 279 56 14 vara
761 273 63 20 emot

67 308 259 28 samundervisningens
336 307 167 29 tillämplighet
511 307 30 28 på
550 307 27 21 de
589 307 72 28 högre
670 307 119 21 klasserna
800 307 26 21 af

68 343 270 27 elementarläroverken,
354 343 52 21 icke
421 342 58 22 böra
493 345 69 26 göras
578 342 37 21 till
630 342 97 21 föremål
742 341 37 22 för
795 349 29 14 en

67 378 201 29 ständerpetition,
284 377 42 22 och
342 381 55 18 enär
412 377 123 22 Utskottet
546 377 77 22 tillika
633 377 80 21 funnit
724 377 98 27 outredt,

67 416 35 20 att
114 414 50 28 just
178 413 78 28 Borgå
270 413 91 29 lyceum
376 413 98 21 framom
490 411 71 23 andra
571 412 78 29 lyceer
659 412 9 22 i
678 412 79 22 landet
768 419 55 15 vore

67 449 8 21 i
90 448 72 22 behof
184 448 26 21 af
230 455 28 14 en
281 447 65 29 dylik
369 447 206 28 omorganisation,
591 446 36 22 får
642 447 123 22 Utskottet
779 446 43 22 hos

67 483 91 21 landets
173 482 99 22 Ständer
288 481 118 22 vördsamt
421 481 86 22 föreslå

342 537 30 19 att
387 534 137 27 förevarande
536 533 210 28 petitionsmemorial
759 535 64 20 måtte

274 569 78 22 lemnas
367 571 51 20 utan
435 569 103 27 afscende.

135 673 156 28 Helsingfors,
314 673 25 21 af
359 672 126 22 Allmänna
506 672 224 27 Besvärsutskottet,
749 671 45 22 den
809 672 13 21 9

68 707 45 30 Maj
131 709 62 21 1894.

137 806 12 21 I
164 805 106 22 ärendets
293 805 143 28 behandling
458 805 70 21 hafva
551 805 98 28 deltagit
668 804 155 22 ordföranden

67 841 101 28 Ramsay
194 840 42 22 och
264 840 156 21 ledamöterne
448 839 55 22 frih.
530 847 47 14 von
599 839 151 28 Willebrand,
777 846 46 15 von

68 875 105 28 Fieandt,
189 875 127 27 Nordlund,
332 875 126 27 Melander,
481 874 123 28 Bergroth,
622 874 98 27 Heman,
736 874 88 28 Appel-

67 911 63 28 berg,
153 910 97 28 Lindén,
273 909 83 28 Lindh,
380 904 99 33 Öhberg,
503 909 102 28 Bremer,
628 909 128 21 Hellström
780 909 43 22 och

67 945 111 22 Konkola
192 947 60 19 samt
267 945 178 28 suppleanterne
460 944 121 29 Törngren
597 943 43 22 och
656 943 98 29 Torppa.

135 1508 104 18 Allmänna
252 1508 176 18 Besvärsutskottets
442 1508 121 21 betänkande,
576 1509 38 17 N:o
626 1508 28 17 21.
