1070 1795
260 126 12 19 2
412 125 277 23 Petitionsbetänkande
705 127 45 22 N:o
765 126 38 23 42.

230 195 93 20 önskadt
343 195 99 23 resultat;
457 196 97 19 tvärtom.
585 195 49 20 Ofta
648 195 44 26 har,
709 195 128 21 åtminstone
852 196 58 19 inom
925 195 62 20 Uleä-

229 223 65 26 borgs
309 223 41 24 län,
367 224 37 19 der
418 223 160 21 förhållandena
591 224 58 19 inom
663 225 26 19 de
699 225 70 19 skilda
779 225 86 20 delarne
875 227 23 17 af
906 231 82 13 samma

228 252 68 19 härad
317 253 37 19 äro
376 253 88 19 alldeles
485 253 63 22 olika,
571 253 93 19 inträffat
680 255 36 21 att,
732 253 27 20 då
773 253 88 20 häradet
876 253 67 20 bildar
958 255 30 18 ett

230 283 134 24 gemensamt
387 281 112 26 skjutslag,
523 281 58 20 detta
603 281 132 20 förhållande
757 282 90 19 medfört
868 282 38 19 allt
921 283 67 18 större

230 309 83 20 lättnad
332 310 33 19 för
384 310 26 19 de
425 311 81 18 mindre
521 310 119 25 betungade
656 311 153 19 kommunerna
823 309 27 28 pä
865 311 67 25 öfriga
948 311 40 20 och

231 339 67 19 större
320 339 76 19 bördor
418 339 91 19 bärande
533 339 136 19 kommuners
692 339 123 20 bekostnad.
846 339 63 20 Detta
924 340 23 19 är
961 346 27 13 en

231 367 54 26 följd
301 367 60 19 däraf
370 369 31 17 att
409 368 92 19 nämnda
510 368 99 25 paragraf
617 368 134 23 bestämmer,
762 369 31 18 att
803 368 73 25 hvarje
886 368 101 19 kommun

230 395 39 20 bör
284 395 124 21 underhälla
424 397 25 19 de
463 396 148 26 gästgifverier
626 397 41 19 och
682 397 150 25 skjutshästar,
841 403 46 13 som
898 397 34 19 vid
944 397 44 19 del-

230 424 80 26 ningen
332 425 90 19 kommit
444 424 27 26 pä
492 426 49 18 dess
563 425 45 23 lott,
623 425 118 26 hvarjemte
756 426 128 19 kommunen
899 426 37 19 bör
952 426 36 19 be-

230 453 67 20 strida
317 453 142 20 kostnaderna
482 454 31 19 för
535 454 7 19 i
564 453 129 20 kommunen
722 454 120 19 anordnade
872 455 115 18 reservsta-

227 482 75 19 tioner.

301 511 131 19 Förenämda
453 511 124 25 författning
596 511 106 25 utjämnar
717 517 43 19 nog
774 511 36 19 vid
825 511 64 26 ytligt
904 511 84 19 betrak-

230 539 65 19 tande
313 541 80 24 tungan
416 539 56 19 hvad
487 539 26 19 de
528 539 108 26 egentliga
650 540 176 25 gästgifverierna
841 540 104 23 beträffar,
961 538 28 21 dä

230 567 75 26 hvarje
327 568 101 19 kommun
451 568 66 25 enligt
540 568 123 19 densamma
678 575 50 19 eger
744 570 29 17 att
789 569 52 18 efter
856 569 37 18 sitt
908 568 79 19 mantal

231 596 90 19 bekosta
336 596 44 19 lika
395 595 78 27 mänga
488 597 144 25 skjutshästar
647 597 40 19 och
702 595 124 21 underhälla
841 597 147 25 ungefärligen

230 631 83 13 samma
334 625 57 19 antal
410 625 177 26 gästgifverirum,
608 632 48 13 men
671 625 162 26 befolkningens
849 625 57 20 olika
920 625 68 20 täthet

230 653 42 20 och
293 653 222 20 trafikförhällandena
536 653 62 24 välla,
614 655 30 18 att
659 653 132 20 underhället
807 655 22 18 af
843 661 25 12 en
884 654 49 19 häst
948 654 40 19 och

230 683 30 18 ett
283 683 171 25 gästgifverirum
476 683 73 19 kostar
571 689 25 13 en
619 683 34 19 del
674 683 124 19 kommuner
813 682 79 26 många
906 683 82 19 hundra

230 711 68 23 mark,
320 711 76 19 medan
419 711 66 19 andra
504 711 124 20 kommuner
650 710 80 21 erhälla
752 711 119 20 detsamma
886 711 32 20 för
930 711 57 26 jäm-

230 739 110 20 förelsevis
363 740 52 19 liten
438 740 50 19 eller
507 740 40 19 alls
567 740 64 25 ingen
646 740 98 19 kostnad.
774 740 41 19 Till
830 740 41 19 och
886 740 48 19 med
949 740 38 19 har

230 768 36 19 det
289 768 66 20 händt
377 769 58 19 inom
457 767 117 27 Uleåborgs
589 769 41 22 län,
647 770 30 18 att
692 775 26 13 en
734 769 34 19 del
783 769 125 19 kommuner
922 769 65 19 betalt

231 797 33 19 för
280 803 26 13 en
320 797 50 19 häst
385 797 40 20 och
441 799 30 18 ett
485 804 46 12 rum
548 798 11 18 7
575 797 14 20 &
604 797 40 20 800
660 797 66 23 mark,
738 796 27 21 dä
775 797 94 20 deremot
880 803 25 13 en
918 803 69 14 annan

229 825 102 20 kommun
347 826 31 19 för
394 832 82 13 samma
491 826 39 19 sak
545 825 84 20 erhällit
644 832 25 13 en
685 826 94 19 inkomst
794 826 23 19 af
825 825 85 20 40—50
920 826 66 19 mark.

300 854 72 26 Enligt
392 853 14 27 8
426 854 12 20 6
457 855 7 18 i
481 853 137 26 ifrägavande
632 855 124 25 förordning
770 855 95 25 placeras
880 855 108 25 egentliga

229 883 149 25 gästgifverier
394 883 123 19 esomoftast
532 883 47 19 icke
595 882 12 20 ä
623 883 80 19 mindre
714 883 125 19 trafikerade
850 885 61 17 orter.
936 883 51 19 Der-

228 911 34 19 för
285 911 128 20 tillkommer
428 912 31 19 för
474 912 56 25 glest
545 912 110 19 befolkade
671 912 79 19 trakter
765 911 71 20 säsom
851 910 52 27 räga
917 911 27 26 pä
959 911 29 20 all

230 940 56 25 Ofrig
308 941 66 24 tunga
396 941 61 18 äfven
473 939 132 21 underhållet
620 941 22 18 af
655 941 51 19 flere
720 941 181 22 reservstationer,
916 940 73 19 hvilka

228 968 68 19 blifva
318 969 76 19 nästan
416 969 43 19 lika
481 969 132 20 kostsamma
636 975 46 13 som
705 969 108 26 egentliga
835 969 153 26 gästgifverier,

228 997 74 19 ibland
317 997 32 19 till
364 997 41 20 och
420 998 48 19 med
483 999 57 18 ännu
555 998 160 19 kostsammare.

300 1026 89 25 Följden
408 1027 22 18 af
444 1026 37 19 allt
497 1027 57 18 detta
569 1026 45 23 blir,
630 1028 31 17 att
676 1027 57 19 inom
749 1032 82 13 samma
846 1026 66 19 härad
927 1025 21 20 få
963 1032 26 13 en

230 1054 35 19 del
292 1055 55 25 glest
362 1055 111 20 befolkade
497 1055 130 23 kommuner,
653 1061 77 19 genom
752 1055 73 19 hvilka
840 1054 89 20 trafiken
944 1053 44 27 går,

231 1081 83 28 årligen
328 1083 94 20 utbetala
436 1084 32 19 för
483 1084 147 25 gästgifverier
641 1083 40 20 och
692 1082 115 27 skjutshåll
818 1083 98 26 omkring
926 1083 62 23 3,500

229 1112 69 23 mark,
319 1112 65 19 under
406 1113 33 18 det
456 1113 29 18 att
501 1113 66 25 öfriga
583 1113 67 19 bättre
665 1112 80 20 lottade
760 1113 125 18 kommuner
899 1112 90 19 behöfva

229 1140 73 19 betala
324 1141 75 19 endast
419 1141 156 25 jemförelsevis
591 1141 117 26 obetydligt
724 1141 50 19 eller
790 1141 40 19 alls
845 1141 54 18 icke.
929 1140 9 19 I
952 1141 37 19 be-

229 1169 113 20 traktande
357 1169 63 20 häraf
432 1171 23 18 är
470 1170 35 19 det
519 1171 42 18 rätt
576 1169 40 20 och
631 1169 75 26 billigt,
722 1171 30 18 att
764 1169 93 20 nämnda
867 1169 122 26 förordning

230 1197 111 20 förändras
357 1198 6 19 i
379 1199 35 18 det
430 1199 61 25 syfte,
507 1200 30 17 att
553 1199 25 18 de
594 1199 119 22 kostnader,
730 1205 46 12 som
791 1198 93 26 härflyta
899 1198 23 19 af
929 1198 60 25 gäst-

229 1226 119 26 gifveriers,
360 1227 84 19 hästars
459 1227 40 20 och
515 1227 185 20 reservstationers
715 1225 117 24 underhåll,
848 1226 59 19 delas
920 1227 69 25 jemnt

230 1255 80 20 mellan
326 1255 152 20 kommunerna
493 1256 66 25 enligt
575 1256 60 19 deras
651 1255 87 20 mantal.
763 1255 63 20 Detta
837 1255 69 19 skulle
916 1255 35 19 väl
960 1254 29 27 gå

230 1283 34 20 för
287 1285 33 25 sig
343 1283 95 24 sålunda,
458 1286 30 17 att
504 1285 144 25 kronofogden
663 1283 81 27 årligen
760 1284 79 25 uppbär
853 1284 24 19 af
889 1283 100 26 samtliga

230 1312 126 20 kommuner
372 1313 57 19 detta
444 1313 75 20 besvär
533 1313 40 20 och
589 1313 103 20 utbetalar
707 1313 103 25 beloppen
822 1311 22 20 åt
855 1313 134 25 entreprenö-

230 1346 68 14 rerne.
328 1341 129 26 Härigenom
472 1342 68 18 skulle
555 1342 115 25 ingalunda
685 1341 71 26 någon
772 1341 102 19 afvikelse
890 1341 38 19 ske
943 1339 46 21 från

230 1370 133 25 principerna
378 1370 8 19 i
401 1376 28 13 nu
444 1370 98 26 gällande
558 1370 152 26 skjutsstadga,
727 1368 27 21 då
764 1370 43 18 alla
817 1370 64 19 dessa
891 1369 98 26 skyldig-

228 1397 63 20 heter
312 1405 28 12 nu
355 1399 65 19 redan
435 1399 85 19 tillhöra
534 1400 190 25 entreprenörerne,
740 1399 84 19 hvadan
839 1399 89 25 afgiften
941 1398 48 20 icke

229 1433 40 13 ens
285 1434 28 13 nu
328 1429 104 22 presteras
447 1428 22 19 in
484 1429 80 18 natura.

304 1473 47 21 Lag-
365 1471 33 18 och
409 1471 183 18 Ekonomiutskottets
604 1471 109 18 betänkande
727 1473 36 16 N:o
775 1471 30 18 16.
