1070 1795
296 152 279 23 Petitionsbetänkande
591 153 42 22 N:o
648 153 40 22 42.
838 154 13 20 5

190 221 41 26 2:0)
246 220 27 21 de
288 220 37 21 vid
342 221 53 21 1891
412 220 34 21 års
461 220 42 22 och
518 220 59 22 detta
593 221 146 21 ständermöte
750 221 33 21 till
792 221 87 21 Bonde-

121 254 87 22 ståndet
229 254 119 22 inlemnade
371 255 143 28 petitionerna
536 256 7 20 i
559 257 77 24 ämnet,
651 255 75 21 hvilka
741 255 37 21 vid
793 256 86 21 remiss-

121 289 127 21 debatterna
262 289 76 21 vunnit
353 291 31 19 ett
398 289 82 28 ganska
496 292 54 18 stort
565 289 127 27 understöd;

193 323 40 26 3:0)
249 323 41 21 den
313 323 192 28 omständigheten,
527 326 32 19 att
580 331 29 14 nu
631 323 99 28 gällande
752 323 41 28 lag,
809 323 69 22 såsom

121 357 142 22 förevarande
277 358 103 21 motions-
394 357 42 22 och
450 357 184 29 petitionsförslag
644 357 192 28 vidhandengifva,
846 358 33 21 in-

120 391 45 22 fört
180 394 30 19 ett
224 391 192 28 missförhållande,
430 391 139 29 hvarigenom
585 399 26 15 en
625 392 35 22 del
672 392 127 22 kommuner
813 391 66 22 fram-

121 426 35 21 för
174 426 66 21 andra
255 428 36 20 äro
305 429 97 25 tvungna
419 429 31 19 att
467 426 66 28 draga
551 434 26 14 en
595 426 83 28 oskälig
695 429 67 26 tunga
779 426 35 22 för
829 426 50 21 full-

121 459 105 30 görandet
247 460 23 21 af
285 463 31 18 ett
330 460 24 21 så
368 460 93 27 allmänt,
476 468 50 13 men
541 461 34 20 för
589 460 218 29 jordbruksintresset
822 461 7 20 i
841 459 38 22 det

121 494 49 22 hela
186 497 60 26 taget
259 494 130 29 fullkomligt
413 494 138 28 främmande]
567 495 89 28 besvär,'
672 502 46 14 som
741 494 138 29 gästgifveri-

120 531 91 26 tungan;
226 528 28 22 då
268 529 70 21 härtill

193 563 41 28 4:0)
250 563 100 27 kommer,
372 565 31 19 att
418 563 71 21 denna
503 566 67 26 tunga
584 563 116 22 framdeles
715 563 62 22 torde
793 563 86 21 komma

122 600 32 19 att
175 597 59 27 ökas,
254 597 29 22 då
296 597 129 28 rättigheten
440 600 32 18 att
486 597 88 29 försälja
589 598 27 26 öl,
631 597 37 22 det
684 597 55 22 enda
754 597 82 28 hvarpå
851 596 26 21 de

121 632 99 21 hitintills
242 631 81 22 kunnat
344 631 92 29 förtjena
457 631 72 29 något,
553 635 60 25 tages
628 631 49 22 från
693 631 185 28 gästgifverierna,

121 666 67 21 borde
204 673 27 14 en
246 665 124 29 förändring
384 666 33 21 till
432 665 37 22 det
484 665 69 22 bättre
563 666 128 21 härutinnan
704 668 83 19 snarast
797 665 82 28 möjligt

121 700 34 21 fås
170 700 33 21 till
218 699 69 22 stånd.

191 733 33 22 På
238 734 69 29 grund
321 734 62 21 häraf
397 734 67 29 vågar
478 735 37 28 jag
529 734 110 22 vördsamt
656 733 86 27 föreslå,

396 799 34 20 att
448 797 127 22 Ständerna
589 797 51 21 ville
655 797 39 22 hos
710 797 65 21 Hans
789 796 88 28 Kejser-

328 831 45 28 liga
387 831 105 28 Majestät
506 831 93 22 anhålla
614 839 36 14 om
664 831 179 28 framläggandet
854 831 29 27 af

328 873 27 14 en
382 866 141 28 proposition
553 866 35 21 till
616 865 264 22 nästsammanträdande

327 900 145 21 ständermöte
484 900 10 21 i
503 900 36 22 det
548 900 29 28 af
579 900 151 28 petitionären
740 899 140 28 framhållna

328 934 72 28 syftet.

622 997 28 23 E.
664 998 25 22 J.
705 997 105 23 Stråhle.

192 1501 48 21 Lag-
253 1500 33 17 och
297 1500 181 18 Ekonomiutskottets
490 1500 111 19 betänkande
613 1501 38 18 N:o
662 1501 30 18 16.
