1070 1795
260 123 13 21 2
413 122 279 23 Petitionsbetänkande
707 122 43 23 N:o
766 122 39 23 22.

300 193 70 20 Redan
392 193 33 19 vid
449 192 54 20 1888
525 193 33 19 års
581 193 95 24 landtdag
698 193 121 20 inlemnades
841 195 28 17 ett
884 193 104 24 petitions-

230 221 102 20 memorial
346 221 8 20 i
369 221 52 25 syfte
436 224 30 17 att
480 221 89 24 aflägsna
583 221 151 24 ifrågavarande
750 221 178 24 missförhällande,
950 221 38 20 och

230 249 96 20 Finlands
349 249 86 20 Ständer
457 249 60 20 afläto
539 250 31 19 till
585 250 124 24 Regeringen
724 255 25 14 en
764 250 124 24 underdånig
902 249 85 25 petition

230 284 32 15 om
284 279 84 24 ändring
390 278 21 20 af
432 278 11 26 $
463 279 26 19 77
505 279 7 18 i
528 279 90 24 gällande
633 279 136 24 skolordning.
799 279 9 20 I
824 279 64 19 denna
903 279 84 24 petition

228 307 81 25 påpeka
330 307 120 24 Ständerna,
472 308 93 19 hurusom
587 307 121 24 rättigheten
730 310 30 17 att
781 307 37 20 hos
836 308 61 23 högre
912 307 75 19 instans

228 337 52 19 söka
303 337 83 23 ändring
408 336 6 19 i
435 336 88 24 judiciell
545 336 49 20 eller
609 337 145 19 administrativ
769 336 122 24 myndighets
907 336 45 19 dom
967 335 22 20 af

228 365 58 20 ålder
300 365 75 24 utgjort
390 371 24 13 en
429 365 22 19 af
471 365 147 24 grundvalarna
632 365 6 19 i
655 365 34 20 vår
704 365 143 24 rättsordning,
868 370 43 14 men
926 365 61 19 huru-

228 399 43 15 som
287 393 149 25 bestämningen
452 394 6 19 i
479 393 6 26 &
499 393 27 20 77
543 395 6 18 i
565 399 27 14 nu
607 394 90 24 gällande
714 393 131 25 skolordning
859 393 76 25 därom,
957 395 30 18 att

228 423 74 19 besvär
316 422 56 20 öfver
386 422 72 20 ådömd
474 423 82 24 varning
571 422 44 20 icke
631 422 31 20 får
677 428 35 18 ega
728 428 49 18 rum,
799 423 42 19 står
855 423 6 19 i
877 423 51 19 strid
942 423 44 19 med

228 451 66 20 denna
309 451 99 20 allmänna
422 451 84 26 princip.
535 451 74 20 Vidare
628 451 138 24 ådagalägges,
788 453 31 18 att
833 451 72 19 förlust
919 451 21 20 af
954 457 31 14 ar-

228 479 150 21 vodestillskott
398 479 31 20 för
452 480 67 24 längre
541 480 49 19 eller
612 479 81 20 kortare
716 480 29 20 tid
767 480 40 20 kan
829 480 32 19 för
876 480 38 19 den
930 479 58 20 däraf

227 508 85 21 träffade
328 507 89 21 medföra
432 509 116 20 ekonomisk
563 508 79 24 förlust,
660 508 75 20 snarlik
751 511 40 18 rätt
806 509 101 23 betydliga
921 509 64 19 böter.

297 537 124 24 Regeringen
440 537 42 24 har,
505 538 22 19 så
542 537 43 20 vidt
599 537 18 19 vi
634 539 51 21 veta,
707 537 45 20 icke
767 537 85 25 vidtagit
867 537 61 24 några
943 543 42 14 som

226 566 54 19 helst
296 565 92 25 åtgärder
404 567 43 18 med
461 567 107 23 anledning
583 565 22 21 af
619 565 55 20 1588
690 565 32 20 års
738 566 95 20 Ständers
849 566 136 23 underdåniga

226 595 92 24 petition.
341 594 28 19 Af
383 595 65 20 hvilka
463 595 44 20 skäl
522 595 124 24 Regeringen
660 595 75 20 lemnat
750 595 61 20 saken
822 595 81 21 därhän,
919 595 66 19 känna

226 623 19 20 vi
261 623 52 24 icke,
328 629 43 13 men
388 623 24 20 de
428 623 192 26 missförhållanden,
635 623 67 20 hvilka
716 624 139 20 meranämnda
869 623 116 24 paragrafer

226 651 22 20 af
262 652 155 24 skolordningen
432 652 96 24 medföra,
543 655 35 17 äro
594 652 122 20 fortfarande
732 653 94 20 rådande.
856 648 64 24 Äfven
940 652 43 19 från

226 681 56 20 tiden
305 680 51 20 efter
377 680 56 20 1888
455 681 32 20 års
510 681 95 24 landtdag
620 680 62 21 finnas
698 682 97 24 nämligen
811 681 88 24 exempel
914 681 69 24 därpå,

226 711 30 18 att
272 710 71 24 lärare,
359 715 42 14 som
415 709 66 20 blifvit
495 710 82 24 varning
593 710 78 22 ådömd,
694 710 39 19 kan
749 710 75 20 förlora
839 710 36 19 och
891 711 6 18 i
913 710 70 24 själfva

225 738 72 19 verket
311 737 84 21 förlorat
414 739 35 18 sitt
463 738 173 20 arvodestillskott
650 739 32 19 för
696 739 51 20 halft
763 739 48 20 eller
826 739 42 19 helt
882 739 29 25 år,
933 738 50 21 hvil-

225 767 36 19 ket
276 767 76 19 medför
368 773 24 13 en
407 767 72 20 förlust
494 767 21 20 af
529 767 42 20 400
587 768 12 19 å
613 767 42 20 800
670 768 64 19 mark.

295 795 46 20 Men
358 796 37 19 den
411 796 176 25 penningeförlust,
603 801 42 14 som
660 797 29 18 till
705 797 50 24 följd
770 796 21 19 af
802 796 88 20 erhållen
901 797 81 23 varning

224 824 93 20 åsamkas
340 824 24 19 de
385 825 127 24 bestraffade,
534 825 118 19 inskränker
667 825 30 24 sig
711 826 45 19 icke
771 825 30 19 till
817 825 58 20 dessa
890 831 91 14 summor.

223 852 179 21 Arvodestillskott
417 853 63 24 gifvas
495 853 33 20 för
543 853 124 20 närvarande
683 854 21 19 åt
718 854 55 20 såväl
788 853 90 25 kolleger
888 859 40 14 som
940 854 40 19 lek-

224 885 56 15 torer
303 885 68 16 trenne
394 882 73 25 gånger
488 883 45 18 med
554 882 42 20 800
610 883 56 18 mark
681 882 32 20 för
727 883 68 24 hvarje
810 882 38 19 fem
864 883 32 19 års
912 883 69 24 tjenst-

223 911 159 23 göringsperiod.
411 911 64 20 Bland
498 911 24 20 de
545 911 119 20 bestraffade
687 911 65 20 finnas
773 911 81 24 sådana,
875 917 41 14 som
938 911 42 20 före

223 939 73 19 ådömd
312 940 82 23 varning
408 940 44 19 icke
468 940 81 19 kommit
563 940 7 19 i
585 940 117 24 åtnjutande
718 940 22 19 af
753 940 177 25 arvodestillskott,
944 940 36 20 och

222 968 62 19 dessa
298 968 75 20 erhålla
388 969 83 19 sålunda
487 969 56 19 äfven
560 969 35 19 sitt
609 969 63 19 andra
687 969 37 20 och
735 969 64 24 tredje
810 969 171 20 arvodestillskott

222 999 30 16 ett
268 997 49 19 eller
332 1000 28 16 ett
375 997 51 20 halft
440 998 22 19 år
477 1003 70 14 senare
563 1000 25 17 än
604 1003 31 14 om
650 998 25 19 de
690 998 44 19 icke
750 997 65 20 blifvit
825 998 93 19 varnade.
944 997 36 20 Om

222 1025 25 19 de
271 1026 26 24 på
319 1026 56 19 detta
397 1029 40 17 sätt
458 1026 84 20 förlorat
565 1027 34 18 sitt
616 1027 171 19 arvodestillskott
802 1027 26 24 på
843 1029 28 16 ett
886 1026 48 19 halft
950 1027 29 22 år,

221 1056 61 22 utgör
304 1055 58 19 deras
385 1054 73 21 förlust
479 1055 69 19 inalles
571 1056 13 19 3
606 1058 28 21 ><
656 1055 42 20 400
713 1055 50 20 eller
779 1054 63 26 1,200
857 1055 37 20 och
909 1055 27 25 pä
951 1058 28 16 ett

221 1083 43 19 helt
287 1083 24 20 år
326 1083 70 20 inalles
412 1083 13 20 3
444 1087 21 20 X
483 1083 42 20 800
540 1084 49 20 eller
604 1084 63 26 2,400
683 1084 63 25 mark,
761 1087 94 17 räntorna
870 1084 107 21 oräknade,

292 1111 44 21 Den
354 1113 7 18 i
376 1113 10 24 &
403 1112 27 20 76
446 1112 20 20 af
480 1113 154 24 skolordningen
645 1113 97 24 stadgade
757 1113 108 24 varningen
880 1113 38 20 kan
934 1114 44 19 icke

221 1140 103 21 betraktas
346 1142 70 19 endast
434 1142 64 19 såsom
513 1144 30 17 ett
557 1142 99 23 ogillande
673 1142 49 19 eller
738 1148 24 13 en
777 1141 77 20 hotelse
870 1147 31 14 om
916 1142 61 24 straff,

218 1171 8 18 i
242 1171 76 19 hvilket
333 1169 34 20 fall
382 1171 119 24 rättigheten
517 1173 29 16 att
561 1171 70 19 anföra
646 1171 70 20 besvär
730 1171 46 19 med
791 1171 106 24 anledning
912 1171 21 19 af
947 1171 30 20 sä-

220 1200 40 19 dan
276 1200 82 23 varning
374 1200 86 19 saknade
476 1199 27 19 all
517 1199 151 25 följäriktighet.
694 1199 28 25 Ty
738 1205 32 14 om
785 1199 37 20 den
838 1199 61 24 enligt
915 1200 62 24 Rege-

218 1229 82 23 ringens
315 1228 37 20 och
367 1228 134 24 lagstiftarnes
516 1228 54 19 äsikt
585 1228 70 20 endast
670 1228 95 20 innebure
781 1230 30 17 ett
825 1228 35 19 hot
875 1233 31 14 om
918 1234 58 14 even-

219 1257 59 20 tuellt
300 1257 62 23 straff,
384 1263 48 14 vore
448 1257 37 19 den
508 1257 89 24 skyldige
612 1257 45 19 icke
672 1257 109 24 förpligtad
797 1260 29 16 att
842 1259 71 17 nämna
928 1257 48 19 den-

218 1291 76 16 samma
315 1287 6 18 i
344 1286 30 19 sin
400 1285 188 24 meritförteckning.
626 1286 30 19 En
678 1285 22 20 af
725 1282 157 27 Öfverstyrelsen
905 1286 71 19 ädömd

218 1315 83 23 varning
322 1315 37 19 bör
381 1315 52 19 dock
454 1314 138 24 ovillkorligen
614 1317 98 22 upptagas
735 1315 6 18 i
759 1314 216 24 meritförteckningen,

217 1343 39 21 och
272 1343 62 19 under
349 1343 75 19 sädana
438 1343 137 19 förhällanden
590 1343 60 19 beror
665 1343 33 19 det
713 1343 43 19 helt
770 1343 38 19 och
823 1343 62 19 hället
899 1343 25 24 pä
937 1343 38 19 Re-

216 1372 102 25 geringen,
341 1372 97 19 huruvida
458 1372 71 23 lärare,
552 1377 42 14 som
612 1371 64 20 blifvit
691 1372 83 24 varning
788 1371 79 23 ädömd,
890 1371 85 19 erhäller

216 1400 162 25 löneförhöjning
392 1401 7 19 i
414 1401 82 24 behörig
517 1401 29 19 tid
561 1401 49 19 eller
624 1401 92 19 beröfvas
733 1406 24 13 en
773 1400 32 19 del
820 1400 21 20 af
855 1401 118 18 densamma.

216 1430 41 17 Det
273 1431 23 16 är
311 1430 114 24 visserligen
441 1431 51 21 sant,
510 1431 30 18 att
555 1429 84 20 Senaten
655 1429 37 20 bör
707 1429 97 20 stadfästa
819 1429 68 24 hvarje
902 1429 72 26 utslag,

287 1468 102 19 Allmänna
400 1468 169 19 Besvärsutskottets
582 1467 111 20 betänkande
705 1469 39 17 N:o
756 1468 29 18 12.
