1070 1795
230 126 12 20 6
399 125 260 23 Motionsbetänkande
675 125 43 22 N:o
734 125 24 22 9.

200 194 76 28 slaget,
290 194 48 21 med
354 194 115 28 anledning
484 194 23 21 af
522 193 67 29 några
603 193 48 22 utaf
666 193 120 22 Ständerna
799 193 45 22 deri
856 193 101 29 vidtagna

199 227 121 29 ändringar,
334 228 49 21 icke
399 228 23 21 af
437 227 109 30 Styrelsen
561 227 117 22 faststäldt.

270 262 71 22 Sedan
361 262 164 22 Bondeståndet
539 262 38 21 vid
594 263 54 20 1872
664 261 34 22 års
714 261 103 28 landtdag
830 263 7 20 i
852 261 105 22 underdå-

199 296 76 29 nighet
290 297 88 21 anhållit
392 299 32 19 att
439 297 116 28 nästderpå
569 295 201 22 sammanträdande
786 295 91 22 Ständer
892 296 65 21 måtte

199 331 121 28 föreläggas
335 331 66 28 nådig
416 331 132 28 proposition
559 330 112 29 angående
682 332 76 26 vägars
769 330 41 21 och
820 330 73 21 broars
905 329 51 29 byg-

198 365 72 28 gande
286 365 38 21 och
340 365 111 21 underhåll
467 365 13 21 å
495 365 79 26 landet,
587 364 106 29 uppgjord
704 365 6 20 i
721 363 154 30 hufvudsaklig
886 364 71 21 öfver-

199 399 160 22 ensstämmelse
375 399 49 22 med
440 399 131 22 Ständernas
587 399 36 21 vid
636 400 54 20 1867
702 398 35 22 års
749 398 103 29 landtdag
861 397 94 23 uttalade

198 434 94 27 mening,
300 434 105 21 förelades
417 435 141 20 1877—1878
569 433 34 21 års
614 432 103 29 landtdag
728 435 36 24 ett,
772 433 49 20 med
831 433 82 28 hänsyn
923 432 33 21 till

199 467 27 21 de
241 467 24 21 af
281 469 53 20 1867
350 467 34 22 års
400 467 92 22 Ständer
506 467 116 21 förordade
638 467 115 28 ändringar
767 467 7 20 i
787 467 37 21 det
836 467 48 21 dem
899 466 57 21 före-

198 501 64 28 lagda
278 502 108 28 förslaget,
401 501 124 22 utarbetadt
535 504 48 26 nytt
593 501 82 28 förslag
684 501 33 21 till
728 501 125 28 förordning
863 502 6 20 i
879 503 77 19 ämnet.

272 536 52 21 Med
347 536 103 21 afseende
467 536 12 21 å
495 535 26 22 de
537 537 6 20 i
559 535 73 22 landet
647 535 96 22 rådande
759 535 138 22 ekonomiska
912 535 44 21 för-

198 569 128 22 hållandena
341 571 68 20 funno
426 571 111 20 1877—78
553 570 34 21 års
604 569 92 22 Ständer
711 577 70 14 annan
796 570 81 21 lättnad
888 571 7 20 i
905 571 51 27 väg-

198 604 42 21 och
263 604 252 29 brobyggnadsbesväret
537 605 48 20 icke
605 605 72 20 kunna
693 603 89 22 beredas
798 604 41 21 den
854 605 7 20 i
877 604 78 21 mantal

198 641 56 18 satta
277 639 81 28 jorden,
383 641 27 18 än
431 642 32 18 att
484 639 119 21 detsamma
624 638 124 21 fördelades
771 638 64 21 äfven
851 638 13 21 å
879 646 26 13 en
920 638 33 21 del

198 672 67 21 andra
280 673 176 28 jordlägenheter,
471 673 74 21 hvilka
556 674 56 20 varit
624 673 96 20 derifrån
730 672 103 27 befriade,
843 672 111 22 äfvensom

198 707 12 20 å
226 707 125 21 industriela
368 707 51 21 verk
435 707 41 21 och
491 708 146 27 inrättningar.

270 741 123 28 Lösningen
416 742 23 21 af
461 741 70 21 denna
554 741 61 28 fråga
636 741 155 28 åvägabragtes
807 741 106 28 slutligen,
927 741 29 28 på

197 775 71 28 grund
284 775 22 22 af
320 775 42 22 den
378 776 36 21 vid
432 777 54 20 1882
502 775 34 22 års
552 775 103 28 landtdag
670 775 24 22 af
708 775 121 22 Ständerna
843 776 7 20 i
860 775 95 22 hufvud-

198 810 38 21 sak
252 810 116 27 godkända
382 811 160 28 propositionen
560 811 7 20 i
582 812 77 24 ämnet,
674 817 78 21 genom
763 818 28 13 nu
802 809 99 29 gällande
911 810 44 21 för-

198 844 92 29 ordning
312 845 111 28 angående
446 847 77 26 vägars
546 845 41 21 och
604 845 72 20 broars
692 844 113 29 byggande
821 845 40 20 och
876 844 78 21 under-

197 878 43 21 håll
264 878 14 21 &
300 879 72 21 landet
387 879 23 21 af
424 879 42 21 den
483 880 26 20 15
524 879 88 21 Januari
630 880 60 25 1883,
706 879 67 27 enligt
788 879 86 20 hvilken
890 879 66 28 sagda

197 913 125 28 skyldighet
342 913 80 26 ålades,
443 913 91 21 förutom
551 921 26 13 en
593 913 53 21 hvar
662 921 45 13 som
723 920 50 21 eger
789 913 52 21 eller
856 913 77 21 brukar
949 914 6 20 i

196 947 81 21 mantal
293 951 41 17 satt
349 947 54 28 jord,
418 947 140 22 innehafvare
574 947 23 21 af
612 947 122 28 skattlagda
744 950 49 25 torp
801 947 41 21 och
855 947 99 28 utjordar,

197 981 61 26 bruk,
274 981 100 26 fabriker,
390 981 67 28 sågar,
473 989 97 20 qvarnar,
585 981 13 21 å
613 981 73 21 hvilka
699 981 66 21 malas
776 984 45 18 mot
831 982 123 27 ersättning,

196 1015 147 28 ölbryggerier
366 1016 40 21 och
428 1015 230 26 bränvinsbrännerier,
681 1015 113 21 äfvensom
817 1015 80 22 kronan
919 1015 35 22 för

196 1049 50 21 dess
270 1049 149 29 skogsparker.
449 1050 103 21 Deremot
574 1049 80 22 förblef
669 1049 83 21 kronan
767 1049 134 22 fortfarande
916 1049 37 22 be-

196 1083 57 21 friad
276 1083 48 22 från
346 1087 31 18 att
392 1084 85 28 deltaga
492 1085 31 20 uti
539 1083 164 29 ifrågavarande
719 1084 77 21 besvär
810 1084 35 21 för
859 1085 47 20 sina
920 1084 34 21 öf-

196 1117 175 29 verloppsjordar
386 1118 40 21 och
442 1118 155 28 skogsmarker.

267 1151 125 22 Emellertid
415 1152 88 21 väcktes
524 1152 66 21 redan
607 1152 35 21 vid
660 1153 54 21 1885
731 1152 34 21 års
780 1152 102 29 landtdag
897 1153 57 20 inom

195 1185 165 22 Bondeståndet
376 1194 26 13 en
418 1187 89 28 petition
523 1187 7 20 i
546 1187 111 20 enahanda
672 1187 64 28 syfte,
751 1194 45 14 som
811 1187 78 21 uttalas
900 1188 6 20 i
916 1187 38 21 det

196 1227 28 13 nu
240 1219 148 29 föreliggande
403 1221 201 27 motionsförslaget,
620 1221 51 20 eller
684 1224 32 17 att
726 1221 93 21 kronans
829 1221 123 28 skyldighet

196 1253 133 22 beträffande
345 1255 113 28 byggande
473 1255 41 21 och
526 1255 112 20 underhåll
648 1255 24 21 af
683 1257 67 26 vägar
761 1255 40 22 och
812 1255 63 21 broar
887 1255 67 21 skulle

195 1287 93 22 hänföra
309 1289 33 28 sig
364 1289 48 21 icke
435 1289 54 21 blott
503 1289 32 21 till
551 1289 180 28 kronoparkerna,
746 1292 51 19 utan
812 1290 33 21 till
860 1289 92 22 kronans

196 1323 100 27 samtliga
311 1323 154 27 skogsmarker.

265 1356 82 22 Härom
370 1357 84 28 yttrade
478 1357 56 28 Lag-
556 1358 41 20 och
615 1358 215 21 Ekonomiutskottet
845 1358 37 21 vid
899 1358 54 21 1885

194 1390 35 21 års
244 1390 110 29 landtdag,
370 1391 100 22 hurusom
482 1399 25 14 en
519 1392 106 28 väsentlig
635 1391 109 22 åtskilnad
754 1392 97 21 förekom
862 1393 88 20 emellan

194 1425 176 28 kronoparkerna
385 1425 41 22 och
440 1425 69 27 öfriga
524 1426 82 21 kronan
617 1426 108 26 tillhöriga
738 1426 155 26 skogsmarker.
919 1426 34 21 De

268 1467 47 20 Lag-
328 1465 32 17 och
374 1465 181 18 Ekonomiutskottets
568 1465 111 18 betänkande
692 1467 37 16 N:o
742 1466 28 17 13.
