1070 1795
273 133 13 20 4
424 131 280 23 Petitionsbetänkande
720 132 45 22 N:o
782 132 33 21 17.

245 201 79 20 mindre
346 201 124 26 egendomar,
491 201 60 20 hafva
568 201 29 20 till
615 202 35 17 och
667 202 46 18 med
728 202 77 19 mindre
820 201 127 26 jordbrukare
963 202 40 19 satt

246 229 46 20 sina
308 231 59 18 söner
381 230 6 19 i
401 230 175 25 jordbruksskolor
590 230 30 20 för
634 229 112 28 främjande
761 231 21 18 af
796 230 31 19 sin
842 235 51 20 egen
907 230 97 19 ekonomi.

315 258 30 20 Då
366 259 7 18 i
394 259 93 24 Nylands
504 259 34 19 län
556 261 55 17 ännu
626 259 43 19 icke
684 259 64 19 finnes
764 265 26 13 en
805 259 51 19 enda
870 258 134 26 finskspråkig

246 287 164 26 jordbruksskola
425 287 37 20 och
477 287 26 19 då
517 287 7 19 i
539 287 46 20 dess
602 289 53 18 östra
670 287 33 20 del
719 288 64 19 finnas
795 287 35 20 två
840 287 104 25 domsagor
958 287 46 20 med

245 315 130 20 uteslutande
397 316 64 19 finska
480 316 79 19 talande
574 316 121 25 befolkning,
713 317 30 18 ett
758 322 36 19 par
809 315 44 20 små
867 316 138 25 församlingar

246 345 44 19 icke
305 344 138 25 inberäknade,
458 344 21 19 få
493 344 162 20 undertecknade
669 345 6 19 i
689 345 46 19 stöd
745 345 58 18 häraf
813 345 101 19 vördsamt
926 344 79 19 anhålla

245 379 34 13 om
305 373 33 20 det
360 373 127 20 Hedervärda
509 373 161 20 Bondeståndets
692 373 122 20 medverkan
837 373 36 19 och
895 373 110 19 understöd

244 401 72 25 därtill,

519 432 27 18 att
555 430 9 19 i
573 430 90 25 Nylands
673 430 44 20 läns
728 432 53 18 östra
790 430 30 20 del
828 430 59 20 måtte
896 430 43 19 med
948 432 56 17 stats-

451 459 60 19 medel
524 459 84 19 inrättas
624 464 23 14 en
661 459 134 25 finskspråkig
805 458 163 26 jordbruksskola.

315 516 123 26 Helsingfors
454 517 38 19 den
507 517 12 19 5
535 517 95 19 Februari
647 517 61 19 1894.

249 573 29 22 E.
294 573 154 22 Tensikkala.
541 572 28 23 E.
585 573 24 22 J.
626 572 106 23 Stråhle.
827 572 26 22 A.
868 571 137 23 Ehrström.

315 672 149 27 (Öfversättning.)

616 723 19 20 3.

410 769 46 19 Till
473 769 168 20 Hedervärda
661 768 190 20 Bondeständet.

316 825 45 20 Med
384 826 93 19 afseende
497 825 59 20 därä:
578 827 30 18 att
629 826 65 19 ifvern
715 826 30 19 för
765 825 127 26 jordbrukets
908 825 37 18 och
960 825 45 19 dess

248 854 124 25 binäringars
388 855 117 24 förbättring
520 855 64 18 under
599 856 81 17 senaste
695 854 52 19 tider
762 854 6 19 i
783 854 72 25 högsta
869 853 49 25 grad
927 853 78 25 vaknat,

246 883 79 19 hvilket
348 883 78 19 märkes
449 883 59 19 äfven
530 883 62 24 däraf,
619 885 29 17 att
667 883 176 24 hemmansegares
859 884 57 17 söner
931 881 75 25 ärligen

248 911 64 20 önska
327 911 77 20 inträde
419 911 6 19 i
440 911 176 26 jordbruksskolor
630 911 6 19 i
647 911 56 25 långt
714 913 64 18 större
790 911 60 24 antal,
860 913 25 16 än
896 910 63 19 under
969 916 37 13 nu-

248 940 88 19 varande
358 939 136 20 förhällanden
516 940 67 19 kunna
604 941 106 24 mottagas.
739 935 66 24 Äfven
820 939 26 19 ha
861 939 25 25 pä
901 939 25 19 de
940 939 65 18 landt-

249 968 212 25 bruksutställningar,
479 975 42 13 som
536 969 26 24 pä
577 969 24 19 de
618 969 50 18 sista
682 968 49 19 ären
745 968 69 19 hällits
827 969 6 18 i
845 969 66 18 vestra
920 967 86 24 Nyland,

248 997 69 20 bittert
339 997 78 25 klagats
440 997 54 20 öfver
512 997 76 20 bristen
603 997 27 25 pä
646 997 56 19 såväl
717 997 52 19 finsk
785 1003 43 13 som
845 996 73 19 svensk
933 996 72 19 under-

248 1026 168 25 visningsanstalt
438 1026 7 19 i
464 1026 65 19 denna
543 1026 62 25 trakt;
626 1025 36 20 och
678 1025 25 20 dä
718 1025 49 19 våra
782 1025 79 19 valmän
876 1025 57 24 lifligt
948 1024 59 19 hafva

248 1056 111 23 uppmanat
374 1060 33 13 oss
423 1056 29 17 att
467 1054 110 25 framlägga
592 1055 54 18 detta
662 1053 177 20 missförhällande
849 1054 29 19 för
888 1053 34 19 det
932 1053 73 19 Heder-

248 1083 61 19 värda
324 1083 157 24 Bondeständet,
497 1082 50 26 väga
568 1083 18 19 vi
603 1083 66 19 säsom
684 1084 30 18 ett
729 1083 20 18 af
764 1083 24 18 de
804 1082 80 25 lifligast
899 1081 107 20 omfattade

246 1111 152 26 önskningsmäl
414 1111 80 20 föreslå:

523 1171 27 17 att
572 1168 56 19 såväl
650 1175 23 12 en
695 1168 53 25 finsk
771 1174 43 13 som
832 1174 23 13 en
875 1167 67 19 svensk
956 1167 51 26 lägre

451 1197 163 26 jordbruksskola,
631 1196 130 20 understödda
775 1197 26 24 af
812 1198 65 22 staten,
893 1196 43 19 med
946 1198 60 17 veten-

454 1226 86 25 skapliga
561 1226 34 19 och
613 1225 101 26 praktiska
730 1225 68 19 kurser
812 1225 9 18 i
835 1225 38 18 alla
888 1225 117 24 läroämnen,

455 1261 42 12 som
512 1256 90 17 närmast
620 1256 46 17 röra
684 1253 187 25 landihushällning,
887 1253 8 19 i
909 1255 98 17 närmaste

455 1283 81 25 framtid
550 1283 57 25 blefve
622 1283 94 19 inrättade
731 1283 9 18 i
754 1284 62 17 vestra
831 1281 83 26 Nyland.

318 1340 126 24 Helsingfors
461 1340 38 19 den
515 1341 11 18 8
542 1340 92 19 Februari
652 1339 61 20 1894.

318 1396 30 22 H.
365 1396 23 22 J.
404 1395 141 28 Malmgren.
687 1395 23 22 C.
728 1395 28 22 G.
774 1395 164 28 Lagerström.

318 1481 182 18 Ekonomiutskotiets
513 1481 110 18 betänkande
635 1481 37 18 N:o
685 1482 17 17 5.
