1070 1795
249 124 14 21 8
404 124 280 23 Petitionsbetänkande
706 124 44 23 N:o
765 123 39 24 36.

290 191 78 22 Redan
390 192 62 27 länge
474 192 66 21 hafva
561 193 7 20 i
591 192 49 21 vårt
662 192 51 21 land
728 191 102 28 farhågor
842 192 94 26 uttalats,
951 195 32 18 att

220 226 159 28 afverkningen
396 226 23 21 af
433 226 84 21 landets
533 226 79 28 skogar
626 227 19 27 ej
661 226 65 21 stode
738 227 8 20 i
757 227 44 20 rätt
809 226 136 21 förhållande
952 226 32 21 till

219 260 128 22 återväxten
372 261 40 21 och
432 263 31 18 att
478 260 121 29 skogsbrist
613 261 33 20 till
662 260 53 29 följd
731 260 64 21 deraf
809 260 70 21 skulle
894 261 7 20 i
916 261 65 21 fram-

219 294 62 22 tiden
296 295 85 28 uppstå.
404 295 79 21 Likaså
498 295 39 21 har
551 303 50 13 man
616 295 69 28 börjat
701 295 81 26 befara,
793 297 32 19 att
833 295 148 21 allvarsamma

219 329 70 21 vådor
311 329 85 21 komme
417 332 31 18 att
469 329 52 21 hota
544 329 73 21 landet
640 329 6 20 i
668 329 172 28 klimatologiskt
855 329 128 26 hänseende,

220 363 74 21 derest
309 363 118 21 detsamma
442 371 77 20 genom
536 363 87 21 fortsatt
637 363 149 28 kalhuggning
801 363 23 21 af
839 366 58 18 stora
906 363 75 28 skogs-

218 400 52 26 ytor
293 397 129 22 beröfvades
445 397 38 22 det
505 397 131 29 välgörande
658 397 118 29 inflytande
800 397 81 29 skogen
897 397 87 22 utöfvar

219 432 72 21 såsom
307 432 107 27 regulator
429 432 23 21 af
466 431 150 22 nederbörden
632 432 40 21 och
688 432 71 21 såsom
775 431 70 28 skydd
861 434 45 18 mot
919 432 64 21 nord-

218 466 45 28 liga
287 465 82 26 vindar,
390 466 84 21 hvilket
496 465 71 29 skydd
582 465 74 22 landet
670 466 7 20 i
692 465 109 22 anseende
816 465 33 21 till
864 466 38 20 sitt
917 465 65 21 fram-

219 500 88 28 skjutna
322 500 48 27 läge
385 503 45 18 mot
444 507 51 14 norr
504 499 25 22 så
540 499 35 22 väl
586 499 110 22 behöfver.
725 499 72 22 Dessa
807 499 102 28 farhågor
916 499 66 22 hafva

218 534 128 28 visserligen
370 534 75 21 hittills
469 536 56 19 ännu
549 533 56 28 ickej
620 533 108 22 bekräftat
744 534 39 27 sig.
812 533 53 22 Men
880 533 41 22 den
937 541 44 13 om-

219 568 158 28 ständigheten,
392 571 32 18 att
438 567 37 22 vid
491 567 145 22 innevarande
649 567 110 28 landtdag,
772 568 77 21 endast
859 567 23 21 få
892 567 24 22 år
927 567 54 22 efter

220 602 37 21 det
272 610 29 13 nu
315 602 99 28 gällande
430 602 100 28 skogslag
545 602 23 21 af
584 601 42 22 den
642 603 12 20 3
667 601 123 29 september
801 603 54 20 1886
867 605 113 23 emanerat,

219 636 49 22 icke
284 636 82 21 mindre
382 638 26 19 än
423 636 48 29 fyra
487 636 106 21 särskilda
608 637 120 27 petitioner,
739 635 114 29 åsyftande
865 635 71 29 skydd
946 635 33 22 för

219 670 85 21 landets
320 670 84 28 skogar,
418 671 98 27 ingifvits
532 671 57 20 inom
605 675 79 16 tvenne
700 670 70 25 stånd,
785 677 74 14 manar
871 671 8 20 i
891 670 41 21 alla
942 670 38 21 fall

219 705 33 20 till
268 704 90 29 förnyad
375 705 124 28 pröfning,
495 699 13 38 i
514 704 58 21 hvad
587 712 49 13 mon
650 704 72 28 dylika
733 703 103 29 farhågor
845 706 37 19 äro
893 704 87 21 berätti-

218 738 58 29 gade
287 739 40 21 och
340 739 105 21 huruvida
455 747 41 20 nya
508 741 110 26 strängare
629 739 198 28 lagbestämmelser
837 741 58 18 emot
905 739 76 27 skogs-

220 773 121 28 sköflingen
357 773 110 28 verkligen
483 775 36 18 äro
535 773 23 20 af
572 773 77 21 nöden.

292 807 12 21 I
326 807 91 21 främsta
439 810 90 17 rummet
552 809 23 19 är
597 807 37 21 det
656 807 159 28 afverkningen
840 807 23 21 af
885 807 97 21 växande

219 841 109 28 ungskog,
348 849 46 13 som
415 841 64 22 väckt
493 841 125 28 bekymmer
633 841 41 22 och
689 841 79 28 jemväl
784 841 108 21 föranledt
907 841 76 22 ofvan-

220 875 95 22 berörda
329 876 192 28 petitionsförslag.
543 876 119 27 Ansenliga
678 876 81 21 arealer
774 875 25 22 så
809 875 111 22 beskaffad
928 876 54 27 skog

219 910 121 28 kalbuggas
363 910 81 28 årligen
468 909 46 22 dels
537 910 34 21 för
590 910 168 28 tjärubränning,
774 909 47 22 dels
836 909 35 22 för
885 910 97 21 leverans

221 943 23 22 af
267 944 42 21 ved
331 944 34 21 till
386 944 130 29 träsliperier
534 944 41 21 och
590 944 155 29 pappersbruk,
762 943 45 22 dels
823 944 65 21 äfven
904 944 34 21 för
953 947 32 18 att

219 977 116 29 tillgodose
356 981 76 25 export
446 978 23 21 af
484 977 77 29 sågadt
576 978 51 21 eller
642 978 64 21 rundt
721 978 68 26 virke,
804 978 91 21 hvarvid
911 979 6 20 i
934 986 49 20 syn-

219 1012 78 21 nerhet
320 1012 154 28 försäljningen
496 1012 23 21 af
533 1012 48 21 hela
597 1013 130 27 skogslotter
742 1012 33 21 till
791 1012 98 21 enskilda
905 1012 78 29 speku-

219 1046 72 21 lanter
315 1047 51 20 eller
390 1046 62 29 bolag
475 1046 46 21 ofta
543 1046 93 21 medfört
652 1054 27 13 en
694 1046 129 28 fullständig
837 1046 109 21 förödelse
961 1046 23 21 af

220 1079 84 22 sådana
318 1081 155 28 skogsmarker.

292 1116 39 20 Att
351 1115 189 28 tjärubränningen
562 1116 7 20 i
592 1122 62 14 norra
677 1109 142 27 Österbotten
846 1117 80 18 urartat
948 1115 32 20 till

220 1157 28 13 en
269 1149 110 28 förderflig
403 1149 194 28 misshushällning,
619 1149 45 22 står
679 1152 58 19 utom
760 1149 38 21 allt
816 1149 85 21 tvifvel.
937 1149 43 21 Ge-

220 1191 50 13 nom
294 1183 42 21 den
358 1183 115 28 ödeläggas
496 1186 57 19 stora
575 1183 97 22 sträckor
696 1191 44 20 ung
765 1183 99 28 tallskog,
889 1183 94 26 hvilken,

220 1224 36 14 om
279 1217 41 21 den
342 1217 56 28 finge
419 1219 60 24 växa,
502 1217 68 22 skulle
593 1217 49 22 med
664 1217 60 22 tiden
747 1217 72 22 lemna
839 1217 100 28 sågstock
959 1217 24 21 af

223 1253 56 19 stort
295 1251 71 27 värde,
388 1251 41 22 och
445 1251 37 22 det
496 1254 51 18 utan
571 1251 94 28 egentlig
687 1251 70 22 fördel
780 1251 35 21 för
833 1251 150 28 skogsegaren,

221 1287 53 20 enär
299 1285 36 22 vid
350 1293 29 14 nu
404 1285 93 22 rådande
522 1285 71 28 dåliga
615 1286 156 28 konjunkturer
785 1286 70 28 tjäran
871 1285 45 22 ofta
931 1285 49 22 icke

220 1327 39 14 ens
290 1321 89 20 ersätter
406 1319 37 22 det
465 1320 78 26 arbete,
565 1327 46 14 som
634 1320 28 28 pä
685 1320 49 21 dess
765 1320 140 27 tillverkning
928 1320 51 21 ned-

220 1353 64 28 lagts,
313 1353 41 21 och
384 1355 25 19 än
437 1353 82 21 mindre
549 1354 81 21 lemnar
652 1354 70 28 någon
746 1354 119 27 ersättning
887 1354 34 20 för
944 1353 37 21 det

220 1387 68 27 virke,
317 1395 45 14 som
392 1387 69 22 Jdertill
480 1388 111 22 användts.
624 1388 114 22 Utskottet
759 1388 68 21 håller
850 1387 56 22 dock
931 1388 48 21 före

220 1425 32 18 att
278 1422 214 28 misshushällningen
521 1422 122 29 lämpligast
668 1423 131 21 motarbetas
823 1429 78 21 genom
923 1422 54 21 infö-

290 1461 181 18 Ekonomiutskottets
483 1461 112 18 betänkande
605 1461 37 18 N:o
655 1462 23 17 14
