1070 1795
269 105 13 20 2
374 104 82 23 Ständ.
474 104 51 23 Pet.
541 117 28 2 —
584 104 171 23 Petitionsbet.
772 104 43 22 N:o
831 103 34 22 24.

240 169 67 22 invid
329 169 151 29 Helsingfors
503 169 52 22 med
579 177 28 14 en
634 169 82 22 dervid
744 169 91 22 anstäld
858 169 140 28 entomolog,

240 211 51 14 som
314 203 58 30 egde
396 204 88 21 förestå
506 204 118 21 stationen
646 204 43 21 och
713 203 127 22 verkställa
862 203 28 22 de
914 203 85 29 nödiga

240 245 96 15 resorna
351 238 8 21 i
374 237 85 29 landet,
483 238 36 22 för
540 240 34 19 att
589 239 13 20 å
617 240 37 20 ort
676 238 44 22 och
743 238 67 21 ställe
831 237 93 22 studera
938 237 61 22 före-

240 273 141 21 kommande
396 273 222 28 insekthärjningar.

310 307 76 22 Bland
402 307 28 22 de
450 308 84 28 många
554 308 29 28 på
599 314 80 15 senare
694 307 61 22 tider
770 306 135 23 framstälda
920 309 79 19 veten-

241 341 107 29 skapliga
372 342 119 28 spörsmål,
508 342 81 21 hvilka
612 345 39 18 äro
667 341 25 22 af
706 341 106 30 praktisk
827 341 120 29 betydelse
962 341 37 22 för

238 376 250 29 jordbruksnäringen,
512 377 93 28 intager
626 376 82 29 frågan
735 383 36 15 om
795 376 204 21 kulturväxternas

241 411 135 29 sjukdomar
392 411 43 22 och
450 411 91 22 medlen
557 411 38 22 till
610 411 65 22 deras
691 411 160 29 bekämpande
862 412 34 20 ett
907 410 92 29 mycket

240 446 157 21 framstående
412 453 59 15 rum.
498 446 42 21 Om
551 446 136 28 betydelsen
704 446 26 21 af
744 446 27 21 de
787 445 151 22 ekonomiska
954 445 45 22 för-

240 480 80 28 luster,
338 487 50 14 som
404 481 142 21 förorsakats
566 481 25 21 af
612 480 28 21 de
662 480 71 22 bland
749 481 192 21 kulturväxterna
956 479 43 22 och

242 515 202 28 skogsbestånden
465 515 80 22 tidtals
566 515 140 29 epidemiskt
720 514 161 30 uppträdande
897 514 101 29 härjnin-

241 557 79 21 garna,
333 550 82 21 hvilka
426 550 83 21 vållats
521 550 26 21 af
555 550 176 21 skadeinsekter
742 549 42 22 och
798 549 200 29 parasitsvampar,

240 584 78 21 vittna
342 584 28 22 de
394 586 62 20 stora
479 584 131 28 kostnader,
630 591 49 15 som
695 585 9 21 i
719 584 62 22 olika
796 583 81 22 länder
892 583 107 29 nedlagts

240 619 31 28 på
294 619 106 28 åtgärder
423 619 8 21 i
454 619 62 29 syfte
542 621 35 20 att
603 619 115 28 begränsa
741 619 42 21 och
806 618 92 22 hämma
920 618 79 29 dylika

241 653 144 29 härjningar.

310 687 28 29 Ej
363 687 75 22 heller
459 687 102 22 Finland
584 687 41 22 har
648 687 80 22 blifvit
752 687 137 22 förskonadt
904 687 36 21 för
955 687 44 21 lik-

241 721 79 22 artade
337 722 162 22 hemsökelser.
519 717 164 34 Ängsmasken
694 721 115 22 förstörde
821 723 54 20 åren
887 722 109 22 1889—91

241 757 70 20 totalt
333 756 134 22 höskörden
488 756 52 22 från
563 758 64 27 4,000
649 756 116 22 tunnland
779 757 9 21 i
803 756 128 29 Uleåborgs
953 756 45 27 län,

240 792 79 27 50,000
339 791 117 21 tunnland
471 791 8 22 i
493 791 70 22 Wasa
583 791 39 22 län
643 791 42 22 och
703 792 76 27 14,000
794 791 116 21 tunnland
924 791 8 21 i
947 783 51 29 Åbo

241 826 46 21 och
302 825 159 29 Björneborgs
483 826 45 27 län,
551 828 65 19 utom
639 825 52 22 från
706 825 90 22 mindre
812 825 109 22 områden
936 825 63 22 inom

240 860 154 27 Tavastehus,
409 860 94 29 Kuopio
519 859 43 22 och
577 859 105 29 Nylands
698 860 46 22 län.
773 853 34 28 År
824 861 53 21 1891
893 859 106 29 härjades

241 895 91 28 skogen
347 895 8 21 i
370 894 131 29 Walkjärvi
523 894 133 29 kronopark
677 895 26 21 af
716 894 109 29 omkring
841 895 64 27 1,700
919 894 80 21 hekta-

241 937 52 14 rers
316 929 55 22 vidd
387 929 25 22 af
426 929 80 22 larven
529 929 36 22 till
588 929 105 28 tallflyet,
716 929 38 22 till
777 929 59 28 följd
852 929 83 21 hvaraf
948 929 51 21 från

242 963 46 22 den
311 966 59 19 mest
393 963 101 22 skadade
513 964 67 21 delen
597 965 77 26 28,480
689 963 52 22 träd
756 963 25 22 af
793 965 83 20 22—31
895 971 41 14 cm.
952 963 47 22 dia-

241 1000 74 19 meter
330 999 30 27 på
389 999 74 26 4,2—6
479 1000 84 19 meters
578 998 56 29 höjd
649 999 74 20 måste
738 997 144 29 nedhuggas.

312 1033 34 20 De
368 1033 117 27 förluster,
510 1040 49 14 som
582 1033 66 21 dessa
667 1033 60 21 efter
740 1033 92 21 kortare
847 1032 57 21 eller
918 1032 81 29 längre

240 1067 195 29 mellanperioder
451 1067 140 29 epidemiskt
610 1067 161 29 uppträdande
786 1067 136 29 härjningar
937 1067 61 22 med-

240 1102 59 28 föra,
309 1101 65 22 torde
383 1101 59 22 dock
453 1102 113 21 måhända
579 1101 145 23 öfverträffas
741 1102 26 21 af
775 1101 28 22 de
815 1101 90 28 skador,
920 1101 79 22 hvilka

240 1137 40 21 till
304 1137 60 28 följd
386 1137 26 21 af
433 1137 176 21 skadeinsekter
631 1138 24 20 år
675 1137 60 21 efter
757 1137 30 28 år,
803 1144 53 14 men
871 1137 30 28 på
915 1139 34 19 ett
963 1137 36 21 för

242 1171 46 22 den
311 1173 62 20 stora
396 1171 156 22 allmänheten
575 1171 91 22 mindre
686 1172 8 21 i
714 1175 92 25 ögonen
829 1171 101 21 fallande
954 1173 46 19 sätt

242 1206 89 21 drabba
353 1206 243 29 jordbruksnäringen
623 1213 84 22 genom
732 1205 140 22 reducerade
897 1205 102 22 skördar.

242 1240 84 22 Säkert
342 1244 30 24 är,
389 1242 35 20 att
438 1248 53 14 man
507 1241 8 21 i
530 1241 28 21 de
574 1241 110 21 nordiska
704 1240 111 22 länderna
831 1241 42 21 allt
889 1241 36 20 för
940 1240 60 22 ensi-

242 1275 53 28 digt
311 1275 59 21 ända
384 1275 38 22 till
438 1277 91 20 senaste
544 1275 35 22 tid
594 1276 63 21 velat
677 1283 24 14 se
717 1275 100 22 orsaken
832 1275 38 21 till
885 1276 34 20 ett
934 1275 67 22 klent

242 1309 185 22 skörderesultat
442 1310 8 21 i
465 1317 167 21 ogynnsamma
648 1309 131 22 väderleks-
801 1309 43 22 och
857 1309 142 28 jordkultur-

240 1343 172 23 förhållanden.
449 1345 12 21 I
483 1344 104 28 Sverige,
613 1344 41 22 der
680 1352 28 14 en
732 1344 194 28 statsentomolog
947 1343 53 22 från

241 1378 83 29 början
340 1378 25 21 af
381 1379 122 22 1880-talet
523 1379 60 22 varit
604 1378 91 22 anstäld
710 1378 37 23 för
762 1380 34 20 att
812 1378 93 22 studera
920 1378 80 21 skade-

240 1412 148 23 insekternas
412 1414 130 21 förekomst
565 1413 42 22 och
622 1413 109 22 framfart
746 1413 8 22 i
769 1413 80 22 landet
864 1415 59 19 samt
938 1412 61 22 med-
