1070 1795
213 113 13 20 2
299 121 37 12 —.2.
362 123 26 10 oc
394 113 415 22 Betitibnobetänkande-N:or
695 98 33 48 BG.
740 98 24 48 >>
773 98 39 48 rr”

184 170 51 20 med
266 169 161 22 bibehållande
450 170 23 21 af
496 171 38 20 det
553 170 35 21 för
602 169 150 41 jernvägarne
768 177 29 14 nu
813 169 131 28 tillämpade

184 204 216 33 byggnadssystem,
423 205 52 21 med
493 194 112 45 afseende
627 204 15 30 å
669 204 82 33 skopor,
756 211 48 25 und

0 237 236 22 ann
184 226 44 46 yoh
241 235 75 32 TöÖrNg
330 234 110 31 Mälerisl,
449 234 54 26 öka
513 230 62 30 den
575 236 30 24 nu
617 228 119 39 brukliga
742 233 202 33 farhastigheten*.

254 272 44 22 Tre
327 273 67 21 stånd
416 273 70 21 hafva
509 273 66 21 alltså
597 273 103 28 godkänt
714 273 123 21 utskottets
851 272 93 29 förslag,

185 309 33 19 att
241 307 125 22 Ständerna
389 307 35 22 för
447 307 33 22 sin
506 307 36 22 del
562 307 74 22 skulle
651 307 117 28 upphäfva
783 306 108 29 gällande
906 307 39 22 be-

186 341 140 29 stämningar
349 349 36 14 om
409 341 166 29 inskränkning
594 341 24 22 af
632 341 189 29 farhastigheten.
851 341 44 22 Till
910 349 33 14 er-

186 375 89 22 näende
302 376 23 21 af
348 376 197 29 samstämmighet
567 376 82 27 jemväl
668 376 7 21 i
692 376 73 28 öfriga
781 375 64 22 delar
859 375 36 23 fär
910 378 36 19 ut-

186 410 85 22 skottet
285 410 93 22 föreslä:

394 477 33 19 att
450 475 134 27 Ständerna,
606 475 66 28 jemte
694 475 110 21 anmälan
823 477 33 18 att
871 475 25 21 de
911 475 37 27 för

324 510 38 21 sin
377 510 35 21 del
427 509 97 29 upphäft
539 509 116 22 härintills
663 509 105 28 gällande
779 509 169 28 bestämningar

326 551 35 14 om
390 544 167 28 inskränkning
587 544 28 27 af
634 543 177 29 farhastigheten
834 543 15 22 å
863 545 84 20 statens

322 579 129 28 jernvägar,
481 579 69 21 måtte
572 579 93 21 anhålla
686 579 36 21 det
742 578 67 21 Hans
825 578 123 28 Kejserliga

326 613 106 28 Majestät
461 613 52 22 ville
543 613 47 22 läta
610 621 79 20 genom
710 613 141 28 sakkunnige
869 613 79 21 utreda

328 648 114 21 huruvida
456 648 35 21 det
506 655 52 14 vore
573 648 87 28 möjligt
674 650 40 26 att,
731 648 50 21 med
796 647 152 22 bibehällande

326 683 30 29 af
367 683 94 29 härtills
471 683 72 28 följda
559 683 77 28 billiga
644 683 203 28 byggnadssystem,
855 682 10 21 i
873 682 75 27 någon

327 717 55 22 män
392 717 41 22 öka
444 717 177 28 farhastigheten
628 717 38 28 för
672 716 183 29 passageraretäg
863 716 11 21 ä
880 716 66 28 jern-

328 754 97 26 vägarne
439 752 10 21 i
464 752 81 21 landet.

259 827 143 28 Helsingfors
416 827 43 22 den
475 828 28 21 23
517 827 45 27 Maj
581 827 61 22 1894.

34 1468 102 18 [N
272 1465 53 12 "2"
352 1463 123 27 Helsingfors,
487 1466 16 19 J.
516 1466 19 19 C.
546 1462 103 23 Frenckell
660 1466 15 19 &
683 1466 47 22 Son,
744 1465 51 19 1894.

854 1451 5 9 J
863 1450 45 12 aäpinan
922 1448 99 10 VAPAITA
1035 1452 22 3 LA
