1070 1795
269 115 13 20 8
442 100 275 34 Petitionsbetänkande
732 111 41 23 N:o
789 111 36 22 34.

239 177 89 19 tecknade
340 178 74 23 hoppas,
426 179 30 17 att
467 177 118 19 Hedervärda
597 177 137 18 Bondeståndet
746 176 43 19 ville
802 177 63 17 förena
878 176 28 23 sig
918 181 28 13 om
955 176 42 18 att
989 172 11 34 i

239 213 24 12 en
274 206 114 23 underdånig
399 206 78 24 petition
489 206 33 18 hos
534 206 51 18 Hans
597 205 105 24 Kejserliga
714 205 89 22 Majestät
815 204 73 19 anhålla
901 205 66 20 därom,

517 264 27 17 att
555 264 61 17 staten
628 262 56 19 måtte
696 263 36 18 helt
744 263 34 18 och
790 263 56 18 hållet
855 263 95 22 öfvertaga
957 262 40 23 pri-

446 293 45 18 vata
502 292 65 23 finska
577 291 202 24 fruntimmersskolan
791 291 7 18 i
813 291 127 22 Tammerfors
953 291 43 18 eller

449 321 112 18 åtminstone
573 321 115 18 understöda
700 321 113 18 densamma
825 320 42 18 med
875 321 22 17 ett
905 319 92 24 rikligare

448 350 124 22 statsbidrag.

310 406 117 24 Helsingfors
440 406 34 19 den
486 407 10 17 7
510 405 81 19 februari
603 406 50 18 1894.

310 499 52 22 Axel
379 498 174 23 Tammelander.
749 497 86 28 August
851 497 77 23 Perho.

298 544 134 23 Representant
444 545 29 17 för
485 543 80 19 Ruovesi
696 543 134 23 Representant
842 544 29 17 för
883 543 92 18 Tammela

379 569 93 32 domsaga.
783 572 92 23 domsaga.

307 767 47 22 VII

375 824 55 21 Till
448 823 153 30 Vällofliga
618 824 245 28 Borgareständet!

307 887 63 18 Säsom
387 887 59 18 kändt
463 887 68 18 saknar
549 887 26 18 St.
593 887 77 18 Michels
688 887 31 18 län
738 892 22 13 en
771 887 46 18 fullt
828 887 110 22 garanterad
950 887 47 18 läro-

237 917 103 22 inrättning
358 916 29 18 för
405 915 155 24 gvinnobildning.
584 915 29 18 En
625 915 61 23 privat
697 915 180 18 fruntimmersskola
889 915 39 18 med
940 915 57 18 finskt

236 945 198 22 undervisningsspräk
453 945 34 17 och
504 944 69 23 sjuärig
592 945 84 17 lärokurs
694 945 34 17 har
740 944 29 17 väl
782 944 57 18 under
852 949 22 13 en
886 944 46 22 följd
945 944 20 17 af
975 944 22 17 är

236 973 46 18 eller
300 974 92 17 alltsedan
410 975 45 16 1879
473 973 40 18 med
529 973 96 22 framgäng
642 973 66 18 verkat
724 973 6 17 i
743 973 26 18 St.
782 973 78 18 Michels
872 973 46 21 stad,
931 973 66 18 besökt

236 1003 30 17 för
283 1002 32 18 det
326 1002 114 18 närvarande
452 1002 20 18 af
483 1003 22 17 89
517 1002 60 17 elever
589 1002 33 17 och
635 1002 154 18 subventionerad
802 1002 21 18 af
833 1003 62 17 staten
907 1002 39 18 med
959 1002 37 23 sju-

235 1032 55 16 tusen
303 1031 51 18 mark
366 1036 30 12 om
407 1031 46 18 äret.
476 1031 42 18 Men
531 1030 51 18 detta
594 1030 64 23 anslag
669 1030 57 23 jemte
738 1031 94 18 elevernas
844 1031 108 22 ärsafgifter
959 1031 37 18 för-

234 1059 30 18 slå
282 1059 40 18 icke
340 1059 44 18 fullt
402 1059 29 18 till
450 1059 113 18 betäckande
581 1059 20 18 af
617 1059 67 23 nödiga
702 1059 82 23 utgifter,
801 1059 78 18 oaktadt
889 1059 34 18 den
937 1061 58 16 strän-

235 1089 53 21 gaste
302 1088 114 22 sparsamhet
433 1088 102 22 iakttagits.
560 1088 28 17 En
601 1087 47 23 följd
659 1087 55 18 häraf
725 1088 35 17 har
771 1088 53 21 varit,
837 1089 28 16 att
877 1088 30 17 till
918 1088 77 18 lärarin-

234 1121 35 13 nor
287 1117 71 17 kunnat
376 1117 80 17 erhällas
474 1116 65 18 endast
556 1117 41 17 frän
610 1116 218 23 fortbildningsläroverk
839 1121 43 18 nyss
895 1117 101 18 utdimitte-

234 1145 46 18 rade
292 1150 92 17 personer,
397 1145 63 18 hvilka
472 1145 29 18 vid
513 1145 60 18 första
584 1145 70 22 lägliga
666 1145 76 18 tillfälle
755 1145 42 18 sökt
806 1145 27 22 sig
842 1145 62 18 bättre
912 1145 82 18 aflönade

234 1173 77 23 platser.
323 1183 23 4 —
357 1174 36 22 Jag
409 1174 32 17 vill
458 1174 109 23 exempelvis
584 1175 101 21 omnämna,
703 1175 29 16 att
744 1173 95 18 lärarinna
850 1173 41 18 med
904 1174 91 18 undervis-

234 1202 161 23 ningsskyldighet
412 1202 20 18 af
450 1203 5 16 i
473 1203 85 17 medeltal
571 1203 23 17 24
605 1203 75 17 timmar
692 1203 6 17 i
710 1203 69 17 veckan
792 1203 71 17 kunnat
875 1202 68 19 aflönas
955 1203 40 18 med

234 1231 57 22 högst
303 1232 50 21 1,100
365 1231 53 18 mark
430 1236 29 13 om
471 1231 45 18 äret.
529 1241 22 3 —
563 1231 35 18 Att
610 1231 52 18 detta
674 1231 40 18 icke
727 1231 65 18 länder
803 1231 153 22 undervisningen
964 1231 29 18 till

234 1259 70 18 bätnad
322 1261 21 16 är
361 1259 99 22 sjelffallet.
485 1255 108 27 Öfvertages
612 1259 65 18 skolan
693 1260 82 17 deremot
787 1260 20 17 af
818 1261 65 20 staten,
897 1260 96 18 bortfaller

233 1288 105 18 ovissheten
357 1293 29 13 om
403 1288 42 18 dess
457 1288 116 18 fortbeständ
585 1288 34 18 och
630 1288 31 18 vid
673 1289 66 17 skolan
751 1289 37 17 kan
800 1289 68 17 lättare
879 1288 59 18 fästas
950 1289 44 22 dug-

233 1316 39 23 liga
285 1317 138 18 lärarekrafter.

303 1345 29 17 Dä
350 1345 49 17 inom
416 1345 157 23 Borgareständet
589 1346 39 17 ofta
646 1345 79 18 uttalats
744 1345 33 18 och
790 1346 75 17 erkänts
878 1345 85 17 behofvet
975 1348 21 16 af

232 1373 48 18 flera
291 1373 188 18 fruntimmersskolor
492 1374 5 17 i
510 1374 67 22 landet,
590 1374 56 23 vågar
656 1374 38 23 jag,
707 1374 90 22 derjämte
809 1374 97 17 uttalande
918 1379 22 12 en
948 1374 46 22 liflig

232 1402 73 18 önskan
322 1402 34 17 hos
369 1404 60 16 större
442 1402 51 18 delen
506 1403 20 18 af
537 1403 133 18 innevänarene
682 1403 28 17 uti
723 1402 26 19 St.
762 1402 78 19 Michels
853 1403 41 18 stad
907 1403 33 17 och
952 1403 41 17 dess

232 1431 79 22 omneid.
324 1431 93 18 vördsamt

302 1465 105 18 Allmänna
419 1465 177 18 Besvärsutskottets
609 1465 117 18 betänkande
739 1466 39 18 N:o
789 1466 29 18 23.
