1070 1795
254 155 278 22 Petitionsbetänkande
547 155 43 22 N:o
605 155 37 22 41.
789 157 13 20 3

74 225 31 19 för
127 225 104 19 nationens
254 225 102 23 värdighet
379 225 122 19 kränkande.
532 225 59 19 Utom
607 227 29 16 att
650 225 50 19 barn
716 224 22 20 af
750 225 81 24 judiska

74 253 99 20 föräldrar
188 256 35 17 äro
238 254 99 18 uteslutna
349 253 42 20 från
404 253 138 24 delaktighet
538 249 11 33 i
555 254 37 19 den
604 254 140 23 undervisning
755 256 75 17 statens

74 282 68 19 skolor
158 282 82 24 erbjuda
255 282 77 19 landets
345 282 64 24 öfriga
420 283 91 24 ungdom,
523 283 35 18 bar
568 288 68 17 genom
648 282 182 24 Kansliexpeditio-

74 316 48 14 nens
138 311 6 18 i
159 310 112 25 Kejserliga
287 311 83 19 Senaten
384 311 103 19 skrifvelse
499 311 20 18 af
529 311 36 18 den
577 309 27 20 29
615 311 54 19 Mars
681 310 55 20 1889
746 311 85 24 judarna

73 340 7 18 i
96 339 67 19 landet
179 340 85 18 anvisats
280 343 29 15 att
323 340 36 18 hos
376 339 149 20 vederbörande
538 339 103 20 Guvernör
652 343 52 16 emot
715 340 48 23 dryg
773 339 57 20 lösen

74 367 63 20 skaffa
157 369 29 22 sig
202 374 23 13 en
241 368 51 19 blott
307 368 31 19 för
353 373 35 14 sex
403 368 95 19 månader
513 368 92 23 gällande
621 368 36 19 och
673 368 30 19 till
719 369 30 18 sin
765 368 64 19 affatt-

73 397 47 23 ning
135 397 6 19 i
158 397 60 23 öfrigt
233 397 73 23 ganska
321 397 132 19 nedsättande
469 397 153 23 vistelscbiljett,
635 397 59 19 hvars
705 397 126 25 förlängning

75 426 112 19 sedermera
204 426 7 18 i
226 426 67 24 hvarje
309 426 34 19 fall
359 426 114 19 ankommer
488 426 26 24 på
530 426 96 19 Senatens
641 426 140 24 godtfinnande
798 426 32 19 vid

74 454 84 23 förnyad
180 455 115 23 ansökning.
324 454 74 19 Härtill
420 453 62 25 fogas,
499 455 65 18 såsom
579 460 24 13 en
618 454 42 19 helt
675 454 37 19 och
728 454 61 19 hållet
803 460 27 17 ny

74 483 130 23 bestämning,
227 485 29 16 att
278 482 101 20 Mosaiska
401 482 110 20 föräldrars
535 483 55 23 barn,
606 488 41 14 som
663 483 6 18 i
684 483 85 19 Finland
784 483 47 24 ingå

74 512 118 23 äktenskap,
214 512 18 23 ej
254 517 34 14 ens
311 512 25 23 på
358 512 61 23 sagda
439 512 62 19 hårda
517 512 77 19 hvilkor
609 511 20 20 få
644 513 126 22 gvarstanna.
799 511 31 20 De

75 540 84 20 drabbas
182 543 46 16 utan
250 540 115 23 förskoning
380 540 22 19 af
415 540 174 23 landsförvisning.
619 539 39 20 Det
673 540 104 24 okristliga
793 540 37 20 och

75 569 89 24 orimliga
186 569 5 18 i
214 574 24 14 en
259 569 59 19 sådan
334 569 120 24 behandling
470 569 21 19 af
504 569 157 19 medmenniskor
676 569 95 19 behötver
785 569 46 20 icke

74 598 53 19 inför
141 598 93 23 upplysta
249 598 127 23 medborgare
393 597 96 20 särskildt
503 598 94 24 påpekas,
628 597 68 20 Under
712 598 24 19 de
752 599 79 18 senaste

75 627 46 19 åren
141 626 59 19 hafva
215 626 51 24 gång
285 626 49 19 efter
350 632 64 13 annan
430 627 105 18 inträffade
551 626 41 24 fall,
609 627 25 18 då
648 626 108 24 hederliga,
771 627 60 22 idoga

75 655 36 20 och
135 655 113 22 oförvitliga
270 658 43 16 män
332 655 36 20 och
384 655 87 19 kvinnor
486 655 142 24 obarmhärtigt
642 655 124 19 bortdrifvits
782 657 48 17 utan

74 689 65 14 annan
155 685 57 18 deras
228 683 116 24 förskyllan,
360 686 24 17 än
400 683 101 24 hängifvet
513 683 131 20 fasthållande
658 684 31 18 vid
701 683 79 20 fädrens
791 685 39 22 tro,

74 713 118 23 tillräckligt
215 715 83 22 upprört
319 713 110 23 rätträdiga
452 713 69 18 sionen
544 713 4 18 i
573 713 54 18 detta
649 713 46 18 land
710 712 32 19 för
757 714 30 17 att
801 714 30 17 ett

74 742 65 19 bättre
154 741 96 20 sakernas
265 741 89 20 tillständ
369 741 63 19 mäste
448 741 81 20 framstä
545 741 64 19 säsom
620 743 29 17 ett
660 741 100 24 oafvisligt
770 741 60 20 önsk-

73 771 103 23 ningsmäl.
206 770 65 19 Faran
287 770 31 19 vid
334 768 124 26 erbjudande
471 769 20 20 af
500 770 171 23 medborgarerätt
681 770 20 19 ät
709 769 120 20 främmande

72 799 60 24 judar
154 799 31 19 mä
207 799 98 19 törhända
327 799 89 19 befinnas
440 801 43 16 stor
505 805 39 17 nog
567 801 29 16 att
610 798 119 23 rättfärdiga
744 798 88 25 uppskof

73 829 45 18 med
134 828 22 19 sä
171 827 117 24 vidtgäende
304 827 101 20 reformer.
436 827 46 19 Men
499 828 36 18 den
551 827 116 19 rättslöshet
682 827 36 19 och
734 827 33 19 det
782 827 47 24 god-

75 857 65 24 tycke,
155 856 70 19 hvarät
240 861 24 14 en
280 856 31 19 del
327 856 21 19 af
362 856 96 19 Finlands
473 856 83 19 infödda
571 856 110 24 bebyggare
697 856 25 23 pä
736 856 63 23 grund
810 855 22 20 af

75 885 90 24 gällande
180 885 32 23 lag
228 885 40 19 tills
284 885 66 19 vidare
366 888 22 16 är
404 884 112 26 hemfallen,
532 884 63 19 finner
609 885 17 23 ej
642 885 72 18 minsta
730 885 64 24 skymt
809 884 22 19 af

74 914 45 19 stöd
135 914 27 19 uti
178 914 94 19 liknande
287 913 164 24 betänkligheter.

143 942 38 24 Jag
202 943 60 24 vågar
282 943 52 23 förty
356 943 101 18 vördsamt
479 941 79 20 anhålla
579 947 31 14 om
631 941 147 24 Ridderskapet
793 941 37 20 och

74 971 75 19 Adelns
164 971 90 24 benägna
269 971 119 19 medvärkan
403 971 30 18 till
450 976 23 13 en
489 970 123 24 underdånig
627 971 82 24 petition
722 970 6 19 i
740 970 50 24 syfte
801 972 29 17 att

348 1027 259 21 nästsammanträdande
642 1027 88 20 ständer
765 1027 65 20 måtte

276 1055 130 28 föreläggas
428 1056 69 27 nådig
517 1056 138 27 proposition
678 1062 33 14 om
726 1056 43 27 lag,
785 1062 46 14 som

281 1085 117 27 berättigar
420 1085 62 20 såväl
499 1085 7 19 i
523 1084 99 21 Finland
633 1084 80 27 födde,
729 1091 45 14 som
789 1084 42 20 här

280 1113 66 21 sedan
369 1114 43 20 viss
433 1113 32 21 tid
484 1113 53 27 före
556 1114 73 26 lagens
644 1113 135 27 utfärdande
795 1112 37 21 bo-

280 1144 53 19 satte
355 1141 124 22 bekännare
500 1142 31 27 af
549 1141 109 21 mosaiska
673 1141 110 21 trosläran
799 1143 32 18 att

280 1171 66 20 vinna
358 1171 63 26 finsk
437 1170 181 28 medborgarrätt;
634 1173 56 18 samt
705 1172 31 18 att
752 1170 8 20 i
777 1169 55 21 Fin-

281 1199 52 21 land
356 1199 84 21 bosatta
463 1199 122 21 bekännare
607 1198 29 27 af
652 1198 109 21 mosaiska
776 1200 56 18 tros-

281 1229 64 20 läran
368 1227 131 22 omedelbart
519 1227 116 28 beviljades
656 1229 43 19 rätt
714 1229 32 19 att
758 1227 32 27 pä
805 1227 26 20 de

276 1257 42 27 för
334 1257 161 27 utländningar
509 1256 105 27 stadgade
629 1256 69 21 vilkor
714 1255 117 28 uppehålla

281 1285 32 28 sig
329 1286 8 20 i
352 1285 74 21 landet
441 1285 40 21 och
496 1285 41 20 här
552 1285 52 20 idka
617 1285 86 27 näring.

145 1343 130 26 Helsingfors,
292 1344 36 18 den
344 1343 12 19 9
372 1344 97 19 Februari
486 1343 61 20 1894.

448 1399 30 22 R.
494 1399 27 22 F.
537 1405 48 16 von
599 1398 163 23 Willebrand.

145 1502 130 23 Lagutskottets
288 1502 108 18 betänkande
410 1504 36 15 N:o
460 1502 30 17 12.
