1070 1795
296 132 230 22 Petitionsbetänkande
543 133 34 21 N:o
593 133 20 20 2.
774 133 27 21 47

140 237 159 26 (Öfversättning)

427 274 41 18 20.

247 331 45 18 Till
305 331 127 23 Vällofliga
444 331 205 24 Borgareständet.

139 389 37 17 Vid
188 391 74 16 senaste
276 389 90 22 landtdag
378 389 73 18 beslöto
464 389 73 18 landets
551 389 81 18 Ständer
644 389 97 22 angäende
749 389 81 22 byggan-

70 418 31 18 det
125 417 20 18 af
159 418 101 22 jernvägar
279 418 23 18 bl
324 423 22 17 a.,
359 420 28 16 att
399 419 75 17 säsnart
487 418 23 18 de
523 418 64 21 linier,
601 418 63 18 hvilka
678 418 24 18 dä
714 424 43 12 voro
771 418 60 18 under

69 446 70 21 arbete,
158 446 62 18 blifvit
238 446 96 22 slutförda,
354 452 23 12 en
390 448 81 21 jernväg
483 448 60 17 skulle
557 448 91 21 anläggas
661 447 42 17 frän
716 447 65 17 Keuru
794 449 36 15 sta-

69 475 40 18 tion
133 475 31 18 vid
189 475 110 18 Vasabanan
317 476 29 17 till
364 475 102 23 Jyväskylä
485 475 41 18 stad
542 477 47 16 samt
602 477 26 16 att
641 475 75 18 anhälla
728 475 32 18 det
772 475 58 23 nädig

70 504 115 22 proposition
204 509 30 12 om
252 504 100 18 ansläende
366 504 20 17 af
397 504 65 17 härtill
475 504 97 23 behöfliga
586 504 60 18 medel
660 504 62 17 skulle
735 504 95 17 nästkom-

70 532 67 18 mande
156 532 89 23 landtdag
261 532 110 23 föreläggas,
384 533 104 22 hvarjemte
501 533 94 18 likaledes
609 538 23 12 en
645 533 57 22 nädig
714 533 116 22 proposition

71 566 28 13 om
124 560 107 19 utförandet
249 561 20 18 af
286 567 21 12 en
318 562 80 22 jernväg
411 561 42 18 från
465 562 102 22 Jyväskylä
580 561 40 18 stad
634 561 30 18 till
677 562 60 22 någon
751 561 77 22 lämplig

69 589 60 24 punkt
146 589 31 18 vid
196 590 149 18 Savolaksbanan
362 591 6 16 i
382 591 59 17 sinom
454 590 29 17 tid
497 590 60 17 skulle
571 591 29 16 till
613 590 105 17 Ständerna
731 590 98 17 öfverläm-

70 623 39 13 nas.
139 619 95 21 Derjemte
253 619 71 17 beslöto
343 619 111 21 Ständerna,
475 621 27 15 att
512 619 150 22 jernvägslinien
675 619 154 22 Keuru—Jyväs-

70 647 44 23 kylä
133 647 60 18 skulle
207 647 94 18 definitivt
313 647 71 23 uppgäs
397 647 35 18 och
446 649 27 16 ett
485 647 162 22 kostnadstörslag
660 647 6 17 i
680 647 34 17 och
727 647 29 17 för
768 647 62 17 denna

70 675 75 18 sträcka
161 676 102 21 utarbetas,
275 676 77 17 hvarvid
365 676 57 17 borde
435 678 53 21 tagas
501 676 61 17 under
575 675 119 23 ompröfning
706 676 6 17 i
726 675 47 18 hvad
786 676 43 17 män

70 704 250 23 anläggningskostnaderna
333 704 126 23 tilläfventyrs
473 704 62 18 kunde
550 705 119 22 nedbringas.

139 733 8 18 I
160 733 67 22 sjelfva
239 733 65 18 verket
315 733 34 18 har
362 733 36 17 den
411 733 99 18 definitiva
523 733 166 22 undersökningen
702 735 31 20 egt
745 739 41 11 rum
794 733 35 17 och

70 761 180 23 kostnadsförslaget
268 761 29 18 för
315 762 43 17 hela
371 761 61 23 linjen
452 762 57 17 Keuru
513 761 262 24 Jyväskylä
644 757 9 32 —
660 761 110 24 Suonenjoki
786 761 43 17 blif-

70 791 26 16 vit
109 791 109 22 uppgjordt;
231 790 91 18 likaledes
335 790 53 18 torde
402 796 23 12 en
438 791 58 22 nädig
503 791 116 22 proposition
628 790 96 22 angäende
732 789 97 24 byggande

71 819 20 17 af
107 819 112 18 åtminstone
238 819 59 22 linjen
316 819 196 23 Keuru—Jyväskylä,
534 819 94 18 äfvensom
642 817 101 20 ansläende
757 819 20 17 af
787 819 42 16 här-

70 848 30 17 till
119 847 93 23 behöfliga
224 848 61 17 medel
299 848 73 17 komma
385 849 27 16 att
425 847 31 18 vid
469 853 25 12 nu
507 847 98 23 pägäende
618 847 89 23 landtdag
720 847 109 22 föreläggas.

139 877 37 17 Det
194 876 121 23 ofördröjliga
329 877 159 22 päbegynnandet
501 877 20 17 af
532 877 90 17 arbetena
636 877 10 16 &
658 875 171 23 bansträckningen

70 905 79 18 Keuru-
158 905 100 23 Jyväskylä
272 907 20 16 är
305 905 79 18 sålunda
397 905 76 18 bifallet
480 906 34 17 och
522 905 59 18 måste
591 905 67 18 sådant
664 905 58 17 också
728 905 100 22 onekligen

70 939 55 12 anses
144 934 120 23 nödvändigt,
277 934 119 17 alldenstund
409 934 107 23 byggandet
534 934 20 17 af
571 934 61 17 denna
645 934 78 22 jernväg
736 936 54 20 utgör
803 935 26 16 ett

69 962 93 18 lifsvilkor
185 962 29 18 för
233 963 99 22 Jyväskylä
352 963 52 17 stads
423 963 109 22 utveckling
551 965 48 15 samt
617 967 22 13 en
653 963 59 22 viktig
725 962 104 22 betingelse

69 991 29 18 för
110 991 122 23 närliggande
248 991 75 22 nejders
337 991 123 18 ekonomiska
472 991 103 18 förkofran.
600 991 44 18 Men
657 991 99 18 betraktad
769 991 60 17 säsom

69 1020 234 18 kommunikationsmede]
327 1019 28 18 för
380 1025 22 12 en
422 1025 51 12 mera
492 1020 115 17 omfattande
628 1019 56 18 trafik
696 1020 58 17 måste
768 1019 61 17 denna

69 1049 47 17 linie
135 1049 48 17 dock
201 1054 55 12 anses
275 1049 59 17 säsom
348 1049 67 17 endast
428 1049 28 16 till
469 1049 71 17 hälften
554 1049 114 21 fullbordad,
680 1054 30 12 om
723 1048 106 18 densamma

70 1078 15 22 ej
106 1077 104 18 utsträckes
228 1077 49 18 ända
293 1077 46 17 fram
352 1077 29 17 till
394 1077 121 22 Suonenjoki,
529 1077 6 18 i
547 1079 20 20 ty
580 1079 27 16 att
619 1077 107 18 ändamålet
738 1076 42 18 med
793 1076 35 17 lin-

67 1107 32 22 jen
113 1106 60 17 säsom
186 1111 23 12 en
223 1107 54 16 stam-
290 1106 35 17 och
338 1105 183 23 förbindningsbana
534 1106 66 17 endast
612 1105 80 18 sälunda
703 1105 37 18 kan
751 1105 77 22 uppnäs.

70 1135 112 22 Härigenom
195 1135 62 17 skulle
270 1134 53 18 äfven
334 1135 19 22 gå
363 1135 7 16 i
377 1134 110 17 fullbordan
495 1134 36 18 den
538 1135 21 17 sä
567 1134 38 18 ofta
616 1134 82 17 uttalade
706 1134 122 22 förhoppnin-

69 1169 41 16 gen,
121 1165 26 16 att
159 1163 134 22 vattendragen
307 1168 43 12 norr
364 1168 28 12 om
405 1163 92 22 Päijänne
505 1163 194 18 sattes
571 1158 8 32 i
589 1163 110 18 förbindelse
710 1162 41 18 med
758 1162 70 17 tidsen-

69 1192 39 22 liga
120 1191 229 22 kommunikationsleder,
362 1197 68 17 genom
444 1193 27 16 att
480 1193 109 21 jernvägen,
597 1192 61 17 såsom
666 1191 107 18 densamma
779 1191 49 17 före-

69 1221 71 22 slagits,
153 1220 60 18 skulle
226 1220 24 17 bl.
263 1225 15 12 a.
292 1220 74 18 komma
378 1222 28 15 att
418 1220 70 18 beröra
500 1221 75 17 Keitele
589 1221 26 22 sjö
628 1220 7 17 i
648 1219 123 18 trakterna
752 1215 20 33 af
783 1219 45 18 Suo

69 1249 47 18 lahti
128 1249 34 18 och
175 1249 115 22 Kuhjolahti.
315 1249 26 18 På
354 1254 70 12 samma
436 1249 49 22 gång
497 1249 60 18 skulle
571 1249 62 18 denna
645 1249 46 17 linie
705 1248 122 22 ovilkorligen

69 1278 90 22 befrämja
177 1278 82 17 handeln
278 1278 34 17 och
331 1277 95 18 industrin
444 1278 7 17 i
471 1278 31 17 det
519 1279 41 16 inre
574 1278 21 17 af
605 1277 69 22 landet,
688 1277 77 18 emedan
776 1277 51 22 jern-

69 1309 60 20 vägen
142 1307 72 17 komme
229 1309 27 15 att
268 1307 111 22 genomlöpa
391 1307 78 20 trakter,
484 1307 32 17 der
521 1306 93 23 jordbruk
622 1308 47 16 samt
676 1305 151 23 boskapsskötsel

69 1335 76 17 befinna
164 1336 28 21 sig
210 1336 6 16 i
236 1335 56 23 lifligt
307 1335 179 21 framätskridande,
499 1335 34 17 der
545 1335 161 23 skogsprodukter
719 1337 49 15 ännu
780 1334 47 18 före-

69 1363 60 18 finnas
147 1364 6 17 i
172 1364 58 22 riklig
242 1364 73 22 mängd,
328 1364 78 17 likasom
420 1364 55 18 äfven
488 1364 65 21 forsar,
566 1364 89 22 lämpliga
667 1363 29 17 för
708 1362 120 18 industriella

69 1393 140 22 anläggningar,
222 1393 36 18 och
272 1393 33 18 der
317 1393 89 22 behöfligt
419 1393 109 18 råmaterial
536 1395 44 15 utan
589 1393 95 22 svårighet
690 1392 37 17 kan
734 1391 93 23 påträffas.

137 1421 26 18 På
182 1421 59 23 grund
254 1421 55 18 häraf
320 1422 56 22 vågar
386 1422 33 22 jag
432 1421 29 18 för
474 1421 101 23 Vällofliga
588 1421 158 23 Borgareständet
758 1420 69 17 föreslå

69 1455 23 12 en
105 1451 80 22 petition
199 1450 72 18 derom:

137 1490 203 18 Petitionsbetänkande
353 1489 37 18 N:o
402 1490 18 17 2.
