1070 1795
257 157 278 23 Petitionsbetänkande
551 158 46 23 N:o
612 159 39 22 36.
779 160 25 20 11

75 232 116 21 uppvuxen
207 225 98 28 ungskog
318 225 78 22 hunnit
411 233 27 14 en
454 226 59 21 ålder
528 226 23 21 af
561 227 73 20 trettio
644 227 29 26 är,
688 227 72 21 derest
770 227 66 28 sagde

75 259 57 28 skog
153 259 187 28 hufvudsakligast
362 259 74 22 bestär
458 260 23 21 af
501 260 87 27 löfträd,
603 261 40 21 och
660 261 79 28 fyratio
754 261 29 27 är,
798 263 39 20 när

77 293 96 21 barrträd
195 293 33 21 till
249 293 132 29 betydligare
404 294 80 28 mängd
507 295 46 20 deri
576 295 151 22 förekomma."

145 327 76 22 Säsom
244 335 69 21 synes,
328 330 23 19 är
372 328 37 21 det
424 328 66 21 äfven
505 329 7 20 i
528 329 59 21 detta
603 329 122 22 hänseende
741 330 47 21 icke
803 329 32 22 af-

76 361 110 22 saknaden
203 361 23 22 af
240 362 124 28 tillämpliga
375 362 177 28 lagstadganden,
564 366 51 18 utan
626 363 90 21 fastmer
728 363 108 22 bristande

77 395 128 22 efterlefnad
228 396 22 21 af
266 395 112 27 desamma,
394 403 46 14 som
456 397 62 28 gjort,
533 400 32 18 att
580 397 84 28 verklig
678 397 158 29 skogssköfling

77 430 74 21 hittills
167 430 42 21 fätt
223 431 7 20 i
246 430 72 21 landet
327 430 144 21 obehindradt
486 431 97 22 fortfara.

146 464 11 21 I
180 467 80 19 tvenne
281 464 23 21 af
318 465 149 28 petitionerna,
483 465 23 21 af
521 465 74 22 hvilka
611 465 41 22 den
668 473 40 14 ena
722 466 113 21 inlemnats

77 499 8 20 i
107 499 85 20 Preste-
214 499 40 20 och
272 499 41 20 den
333 499 67 21 andra
418 500 7 19 i
442 499 170 27 Bondeständet,
627 499 65 22 hafva
708 500 127 21 underteck-

78 540 79 14 narene
176 533 116 20 framhällit
306 532 26 21 de
347 540 126 21 gynsamma
488 533 158 28 verkningarna
660 534 24 21 af
698 534 27 21 de
741 534 94 29 lagstad-

76 567 94 26 danden,
192 567 73 21 hvilka
287 567 65 21 sedan
372 567 52 21 ären
446 569 55 20 1874
517 567 40 22 och
574 569 54 20 1882
645 569 55 20 varit
714 569 99 27 gällande
829 569 7 20 i

78 601 97 28 Sverige,
192 601 41 21 och
253 601 72 22 hvilka
347 601 72 28 åsyfta
440 605 32 18 att
487 602 111 21 förhindra
614 602 158 29 skogssköfling
787 604 5 20 i
809 603 26 21 de

76 635 39 22 tvä
136 636 131 27 nordligaste
287 636 63 21 länen
372 636 23 21 af
421 636 60 21 detta
506 636 56 21 land.
601 637 71 20 Dessa
696 637 140 28 stadganden,

75 670 75 21 hvilka
171 669 62 22 torde
260 669 112 23 äterfinnas
394 671 32 20 uti
448 670 102 28 kongliga
572 671 154 28 förordningen
749 671 22 21 af
794 671 41 21 den

78 705 26 20 19
120 712 55 13 mars
191 705 61 26 1888,
267 704 109 28 angående
392 704 109 28 åtgärder;
516 705 31 20 till
571 705 177 22 förekommande
766 706 23 21 af
803 705 33 21 öf-

75 738 126 21 verdrifven
223 739 127 28 afverkning
370 739 42 21 och
428 742 76 25 export
519 739 24 20 af
558 739 98 28 ungskog
671 740 57 21 inom
745 739 90 22 Vester-

76 773 86 21 bottens
192 773 40 21 och
261 773 141 21 Norrbottens
428 773 42 26 län,
495 773 107 22 innehålla
626 775 7 19 i
656 774 130 26 hufvudsak,
805 777 32 18 att

76 807 146 28 undermäliga
238 807 101 27 barrträd,
354 807 86 22 hvartill
457 807 79 22 räknas
552 807 81 22 sädana
651 816 45 13 som
707 808 37 21 vid
754 810 14 19 4
777 817 20 12 m
810 809 26 20 15

74 849 37 14 cm
133 841 65 28 längd
220 841 56 21 hålla
298 842 6 20 i
326 841 181 28 genomskärning
528 843 65 20 minst
618 843 25 20 21
664 850 38 19 cm,
718 843 47 21 icke
780 843 57 20 mä
825 837 16 37 i

76 875 55 22 form
154 875 24 21 af
199 875 71 26 rundt,
292 876 68 21 biladt
382 876 52 21 eller
457 876 78 27 sägadt
557 877 60 20 virke
638 877 33 20 till
691 877 32 20 in-
738 877 51 21 eller
803 880 34 17 ut-

76 909 77 22 ländsk
169 913 33 18 ort
216 910 92 29 skeppas
323 911 52 20 eller
390 911 6 20 i
412 910 73 29 fartyg
507 911 88 21 inlastas
619 911 52 21 eller
693 911 35 21 vid
745 911 92 28 lastage-

76 944 56 29 plats
147 944 32 21 till
194 945 115 27 inlastning
329 945 119 28 uppläggas
465 945 52 20 eller
540 945 84 28 intagas
647 946 5 20 i
676 945 161 28 säginrättning,

77 978 105 28 sägränna
197 979 51 20 eller
264 979 60 28 eljest
338 979 108 28 försägas;
462 979 39 21 allt
524 979 36 21 vid
577 979 82 28 påföljd
675 982 31 19 att
720 980 70 21 virket
803 983 34 18 ta-

74 1020 40 21 ges
133 1013 6 20 i
163 1012 73 29 beslag
258 1013 40 21 och
320 1013 74 21 dömes
409 1013 114 26 förbrutet,
543 1013 24 21 sä
582 1014 65 21 framt
662 1014 47 21 icke
726 1014 59 21 bevis
801 1021 34 14 om

76 1046 90 22 erhället
186 1047 97 20 tillständ
303 1047 31 20 till
349 1047 92 28 fällning
456 1047 24 21 af
495 1047 51 21 slikt
561 1047 143 29 undermäligt
718 1048 60 21 virke
793 1048 43 21 kan

75 1081 87 20 företes.
182 1081 75 28 Enligt
271 1081 56 22 hvad
343 1082 168 27 petitionärerne
526 1082 112 28 uppgifva,
653 1082 39 21 har
706 1082 69 21 denna
791 1083 45 27 lag-

74 1115 106 27 stiftning,
200 1115 87 21 hvilken
303 1115 93 21 svenska
411 1115 184 28 domänstyrelsen
610 1115 70 22 delvis
695 1119 88 18 motsatt
797 1117 39 27 sig,

76 1149 57 22 visat
149 1149 33 28 sig
197 1157 52 13 vara
264 1149 92 22 särdeles
372 1149 171 28 ändamälsenlig
565 1150 40 21 och
621 1150 70 21 säsom
707 1150 66 21 sädan
783 1151 52 28 jem-

75 1183 38 22 väl
128 1183 116 22 vitsordats
260 1184 6 20 i
282 1183 216 28 landshöfdingarnes
514 1183 136 27 berättelser;
666 1185 41 20 och
721 1185 66 21 hafva
799 1192 38 21 pe-

79 1218 137 21 titionärerna
231 1217 28 29 pä
273 1218 68 28 grund
357 1218 62 21 deraf
434 1217 91 29 päyrkat
541 1218 113 21 stiftandet
668 1219 24 20 af
700 1226 25 13 en
734 1219 101 21 liknande

75 1252 36 28 lag
132 1253 7 20 i
161 1251 49 22 värt
227 1252 57 21 land.

144 1281 165 33 Öfvertygelsen
332 1293 34 14 om
382 1286 41 21 den
439 1293 125 21 gynsamma
580 1287 87 26 verkan,
682 1287 152 21 meranämnda

73 1320 38 28 lag
133 1320 67 21 skulle
223 1320 66 21 hafva
310 1320 85 21 utöfvat
414 1321 7 20 i
438 1320 101 28 Sveriges
555 1328 61 14 norra
630 1321 64 27 delar,
707 1321 61 21 torde
779 1321 56 21 dock

75 1361 53 14 vara
149 1354 60 28 långt
231 1354 54 21 ifrån
300 1354 83 21 allmän.
412 1354 13 20 I
440 1357 31 18 ett
487 1354 22 21 af
525 1354 183 29 domänstyrelsen
724 1356 5 19 i
746 1354 89 28 Sverige

74 1388 26 21 är
115 1389 55 21 1885
185 1388 93 29 afgifvet
292 1388 110 21 utlätande
418 1388 112 28 angäende
545 1388 136 29 lagstiftning
692 1389 35 21 för
743 1389 41 22 den
798 1397 37 13 en-

75 1423 81 21 skildes
187 1423 202 28 skogshushällning
411 1425 63 26 säges
498 1431 33 13 om
553 1423 133 22 densamma:
701 1424 78 26 ,Norr-
794 1424 40 21 och

79 1457 241 28 Vesterbottenslagens
335 1458 136 28 tillämpning
485 1458 7 20 i
507 1457 63 22 södra
587 1458 40 21 och
644 1458 107 21 mellersta
767 1459 68 20 Norr-

144 1502 180 18 Ekonomiutskottets
337 1503 111 17 betänkande
461 1503 38 17 N:o
511 1504 28 17 14.
