1070 1795
250 130 13 20 2
410 130 279 23 Petitionsbetänkande
704 131 42 22 N:o
762 130 39 23 26.

223 199 36 20 och
288 199 164 20 vidtomfattande
478 200 114 24 lagförslag,
615 201 66 18 hvilka
702 201 51 24 angå
775 201 76 24 menige
874 206 53 14 mans
952 199 32 21 väl

224 228 50 19 eller
295 233 30 14 ve.
357 227 53 23 Ofta,
432 229 19 18 vi
473 229 67 19 kunde
556 231 48 22 säga
618 229 111 24 vanligtvis,
745 232 23 17 är
783 230 38 19 den
836 229 67 20 finska
916 231 68 17 texten

223 257 31 18 till
278 257 71 19 nämda
369 257 106 24 lagförslag
495 258 22 19 så
533 258 99 19 vårdslöst
647 260 88 22 uppsatt,
748 259 28 23 ja,
792 259 22 18 så
829 258 110 23 förfuskad,
955 259 30 18 att

224 285 34 19 det
275 285 32 19 för
322 288 44 17 rent
381 286 148 19 finskatalande
544 289 162 22 representanter
721 286 31 19 till
768 287 37 19 och
815 287 45 19 med
871 287 50 19 varit
931 286 53 20 svårt

224 316 30 17 att
271 314 82 24 begripa
369 314 45 19 dess
429 315 93 20 innehåll.
553 315 40 19 Det
609 315 35 19 har
660 315 29 19 till
705 315 36 20 och
757 316 44 19 med
816 315 45 20 icke
877 315 62 20 sällan
954 315 30 19 in-

224 342 78 24 träffat,
318 345 29 17 att
363 343 37 19 den
415 343 65 20 finska
496 346 67 17 texten
579 344 104 19 innehållit
698 349 23 14 en
738 344 41 19 helt
795 350 64 13 annan
869 344 78 23 mening
959 346 23 17 än

224 371 39 19 den
288 371 89 20 svenska.
410 372 24 18 Vi
455 373 47 22 vilja
525 378 40 13 som
581 373 54 18 bevis
651 372 69 19 härför
733 372 70 20 anföra
817 373 62 24 nägra
897 373 87 23 exempel

224 399 44 20 från
283 400 82 24 tidigare
376 400 124 25 landtdagar.
524 401 43 19 Den
578 401 31 19 till
621 400 55 21 1888
686 401 32 19 års
729 401 96 24 landtdag
840 401 144 20 öfverlemnade

224 428 74 24 nädiga
312 430 148 23 propositionen
472 430 101 23 angående
585 430 131 23 dissenterlag
728 436 41 17 var,
780 430 51 20 hvad
842 430 65 20 finska
918 432 66 17 texten

224 457 105 23 beträffar,
352 457 44 20 icke
419 457 50 20 blott
492 460 74 21 ytterst
588 458 59 24 dälig,
670 461 47 16 utan
732 461 45 16 rent
793 458 21 19 af
828 459 88 24 felaktig.
946 458 39 19 Det

224 486 60 19 torde
296 491 46 14 vara
358 491 38 18 nog
411 488 29 17 att
455 489 77 23 nämna,
548 490 30 16 att
592 487 61 19 bland
668 487 63 19 andra
746 487 26 19 fel
788 488 35 19 det
834 487 7 19 i
852 488 37 19 den
901 487 84 19 svenska

224 516 69 17 texten
309 514 158 20 förekommande
484 516 57 19 ordet
557 515 141 24 ,,kyrkogärd'*
714 516 6 18 i
732 516 37 19 den
781 515 67 20 finska
857 518 67 17 texten
935 517 49 17 mot-

224 543 96 19 svarades
341 543 21 19 af
376 544 58 18 ordet
449 544 143 23 ,kirkkotalo'
609 545 5 18 i
631 544 67 19 stället
713 544 31 19 för
760 545 164 22 ,,hautausmaa''.
954 543 30 20 En

224 571 22 19 af
273 572 25 18 de
321 571 106 24 viktigaste
450 573 29 18 till
502 573 195 24 representationens
717 573 146 24 handläggning
879 573 35 20 och
930 575 55 17 anta-

224 601 66 22 gande
307 600 145 20 öfverlemnade
467 602 149 24 propositioner
626 602 36 19 har
672 602 52 19 varit
734 601 96 24 förslaget
840 602 31 19 till
881 608 26 18 ny
918 601 65 20 strafi-

224 629 40 23 lag.
295 629 37 18 Vid
357 628 55 21 1888
435 630 32 19 ärs
489 630 97 24 landtdag
608 631 100 23 nödgades
724 629 111 20 Ständerna
851 631 91 19 nedsätta
957 633 28 16 ett

224 657 103 23 särskildt,
344 657 21 20 af
378 662 52 15 utom
442 659 112 19 Ständerna
565 659 81 19 stående
657 664 97 19 personer
764 661 128 18 sammansatt
901 659 83 22 utskott,

225 685 21 20 åt
270 686 75 19 hvilket
366 687 99 24 uppdrogs
488 690 29 17 att
539 689 55 18 rätta
612 688 36 19 och
664 687 99 20 förbättra
779 687 205 24 strafflagsförslagets

225 714 68 25 dåliga
308 715 36 20 och
360 715 95 24 felaktiga
469 715 66 20 finska
549 719 42 16 text
605 718 49 17 samt
665 716 70 24 bringa
745 717 112 19 densamma
867 717 6 18 i
885 716 98 19 öfverens-

226 744 112 19 stämmelse
361 744 44 19 med
426 745 37 18 den
486 745 85 19 svenska
592 747 74 17 texten.
696 745 77 19 Nämda
795 745 78 19 utskott
895 745 89 19 använde

225 771 49 20 flere
291 773 83 18 veckors
390 773 28 18 tid
433 773 25 24 på
474 774 55 19 detta
544 774 102 23 ändrings-
662 773 36 20 och
714 773 206 24 förbättringsarbete.
947 773 38 19 Vid

226 803 80 16 senaste
329 801 49 19 eller
399 801 53 20 1891
469 802 33 19 års
517 802 97 24 landtdag
629 808 35 13 var
680 802 134 19 förhållandet
829 803 106 19 detsamma
952 801 33 20 be-

226 829 101 19 träffande
347 830 24 19 de
394 830 75 25 viktiga
491 830 100 25 förslagen
614 831 30 18 till
659 837 25 18 ny
700 831 32 24 lag
748 831 102 24 angående
865 831 120 23 aktiebolag,

225 857 135 27 jorddelning,
376 861 95 17 warrants
487 864 18 15 0.
522 865 17 14 a.
564 859 9 19 I
588 860 39 19 alla
638 860 58 19 dessa
706 859 109 24 lagförslag
825 865 35 14 var
872 860 38 19 den
920 859 66 19 finska

226 889 69 16 texten
318 887 126 24 försummad,
468 888 33 19 det
523 889 84 18 vimlade
630 889 5 18 i
652 889 111 18 densamma
783 888 21 19 af
818 889 22 19 så
854 889 76 23 sakliga
945 893 41 14 som

228 915 102 24 språkliga
352 915 33 20 fel.
415 917 83 23 Följden
518 917 21 19 af
554 917 55 19 detta
624 917 106 19 ledsamma
745 917 124 20 förhållande
885 917 35 19 har
936 917 50 18 varit

228 945 31 17 att
275 944 111 19 Ständerna
401 945 26 24 på
442 946 63 23 grund
521 945 20 19 af
556 945 166 24 skyndsamheten
738 946 44 19 med
798 946 43 19 sina
851 946 80 19 arbeten
942 945 43 20 icke

227 973 46 19 med
297 973 56 19 bästa
375 973 48 24 vilja
442 975 63 18 under
520 975 169 24 landtdagstiden:
704 974 71 19 hunnit
790 980 50 18 egna
855 975 38 19 den
909 979 78 18 omsorg

227 1001 22 19 ät
272 1002 145 23 granskningen
439 1003 21 19 af
481 1003 24 19 de
525 1003 29 19 uti
572 1003 174 24 propositionerna
761 1003 97 24 ingäende
873 1003 114 24 lagförslag,

227 1029 82 20 hvilken
331 1030 31 20 för
385 1031 71 20 sakens
479 1031 52 20 skull
555 1032 51 19 varit
628 1031 21 20 af
666 1032 72 19 nöden.
767 1031 74 24 Mänga
855 1032 93 19 rättelser
962 1031 25 20 ha

228 1058 117 25 visserligen
360 1060 63 19 under
438 1061 120 23 landtdagen
573 1061 63 24 gjorts
650 1061 7 18 i
672 1061 101 18 utskotten
789 1061 37 19 och
839 1060 94 23 Ständen,
944 1066 43 13 men

226 1087 86 28 mycket
321 1088 36 19 har
371 1089 26 23 pä
412 1089 63 23 grund
491 1089 21 19 af
526 1089 101 19 bristande
643 1089 29 19 tid
687 1089 65 19 blifvit
764 1090 85 23 ogiordt.

298 1116 63 20 Afven
373 1117 33 19 vid
418 1118 134 19 innevarande
563 1118 94 23 landtdag
668 1117 65 20 finnas
744 1118 43 19 skäl
798 1119 29 18 till
836 1118 152 23 anmärkningar

228 1144 7 19 i
246 1144 152 24 ifrägavarande
412 1146 99 19 afseende.
534 1146 106 24 Förslaget
654 1146 30 19 till
695 1153 26 18 ny
732 1147 150 24 utsökningslag
894 1147 93 23 kommer,

229 1178 33 14 om
285 1173 33 20 det
340 1175 69 18 träder
429 1175 6 18 i
458 1175 91 24 gällande
569 1175 60 24 kraft,
644 1175 99 19 mähända
757 1181 42 14 mer
813 1178 26 17 än
853 1175 61 24 något
928 1177 61 18 annat

229 1203 31 18 att
283 1204 47 17 nära
350 1203 72 19 beröra
440 1204 76 24 menige
531 1210 52 14 man.
612 1203 28 20 Af
654 1204 100 23 synnerlig
769 1204 44 19 vikt
827 1207 22 17 är
865 1205 34 18 det
914 1204 74 23 därför,

228 1232 32 17 att
283 1231 37 19 den
340 1231 66 20 finska
421 1235 66 17 texten
504 1233 29 18 till
549 1233 55 19 detta
618 1233 108 24 lagförslag
742 1238 47 13 vore
804 1233 7 19 i
827 1233 40 19 alla
882 1232 107 20 afseenden

228 1258 54 25 klar,
297 1261 64 22 precis
377 1261 36 19 och
429 1261 59 20 felfri,
513 1261 47 20 Men
577 1261 22 20 sä
614 1263 22 17 är
650 1261 63 20 likväl
728 1261 44 20 icke
789 1261 44 20 fullt
849 1261 139 20 förhällandet.

228 1287 156 24 Ifrägavarande
401 1289 118 25 lagförslags
533 1290 67 19 finska
614 1293 42 16 text
670 1289 90 20 tarfvade
775 1290 100 23 rättelser,
891 1290 97 19 omarbet-

228 1316 50 23 ning
293 1317 36 20 och
344 1317 126 26 förbättring,
485 1319 61 19 innan
561 1319 38 19 den
612 1319 64 19 blefve
690 1319 93 24 jämngod
793 1319 45 19 med
849 1319 38 19 den
898 1319 91 22 svenska,

228 1344 23 19 ät
266 1345 59 20 hvars
342 1346 104 20 redaktion
461 1353 44 13 man
521 1349 48 18 utan
584 1346 68 20 tvifvel
669 1349 58 21 egnat
742 1347 83 24 mycken
836 1347 29 19 tid
876 1347 37 19 och
924 1347 64 22 möda,

229 1372 27 20 dä
272 1374 89 21 däremot
376 1375 38 20 den
430 1376 66 20 finska
510 1378 68 17 texten
593 1381 33 18 nu,
642 1376 64 19 säsom
716 1376 54 19 förut
780 1377 7 18 i
798 1376 63 20 andra
871 1376 42 23 fall,
925 1375 64 20 blifvit

228 1407 57 15 mera
300 1403 142 26 styfmoderligt
457 1405 118 20 behandlad.

300 1463 104 32 Allmänna
415 1468 171 27 Besvärsutskottets
599 1477 110 18 betänkande
720 1477 38 18 N:o
770 1477 29 19 18.
