1070 1795
283 119 13 20 2

252 181 65 28 öfrigt
339 182 33 21 till
394 181 53 28 följd
470 182 23 21 af
514 182 190 27 förhandlingarna
727 182 13 21 &
755 181 141 28 nyssberörda
911 181 100 26 landtdag

252 217 71 21 täckts
338 217 108 22 förordna.

321 251 61 22 Efter
397 251 159 28 öfverläggning
572 251 109 28 angående
697 251 26 22 de
738 251 41 22 Oss
794 251 109 26 förelagda
918 250 91 22 ärenden

251 285 64 22 hafva
330 285 27 22 Vi
372 287 87 20 stannat
475 286 7 21 i
497 285 94 28 följande
605 285 81 22 beslut:

613 387 45 28 18.

319 441 33 20 De
370 441 7 20 i
395 440 64 27 nådig
474 441 134 26 proposition
624 441 33 20 till
672 440 40 22 Oss
728 440 158 21 öfverlemnade
901 440 106 26 förslagen

249 475 34 20 till
305 475 149 26 förordningar
477 475 109 26 angående
609 475 104 21 särskilda
728 474 115 27 ändringar
859 475 6 20 i
881 473 126 28 strafflagen

248 509 34 21 för
302 509 206 22 Storfurstendömet
525 509 91 21 Finland
630 509 22 21 af
666 509 40 21 den
723 509 26 21 19
764 509 118 21 December
899 508 53 21 1889
968 509 39 20 och

248 543 110 27 angående
379 543 90 28 ändring
485 543 23 21 af
520 543 28 21 45
564 543 13 26 $
592 543 7 21 i
614 543 150 26 förordningen
779 542 24 21 af
817 549 80 15 samma
915 543 41 27 dag
973 549 34 15 om

248 577 137 27 strafflagens
400 577 113 22 införande
525 578 39 21 och
575 577 55 22 hvad
640 577 7 21 i
658 577 99 22 afseende
768 577 51 21 derä
829 577 55 21 skall
893 577 112 26 iakttagas,

247 611 65 22 hafva
334 611 33 27 Vi,
390 612 27 27 pä
432 613 43 20 sätt
491 612 25 21 Vi
532 612 6 21 i
554 611 132 27 underdänig
701 611 111 22 skrifvelse
827 611 24 22 af
865 612 40 21 den
922 611 24 21 19
962 611 43 22 för-

247 646 58 21 lidne
328 646 102 21 Februari
454 646 87 27 anmält,
564 648 52 19 utan
637 646 124 26 förändring
776 646 90 27 antagit,
887 646 65 27 jemte
968 646 37 21 det

246 680 28 22 Vi
297 681 39 21 hos
358 681 59 21 Hans
440 681 119 26 Kejserliga
582 681 101 27 Majestät
701 681 7 20 i
726 681 167 26 underdänighet
916 680 89 21 anhällit

246 716 40 25 att,
309 717 51 19 enär
384 715 26 21 de
432 715 83 26 hinder,
538 715 72 21 hvilka
632 716 80 21 ansetts
734 715 105 26 föreligga
860 715 33 20 för
913 715 90 21 nämnda

246 749 112 27 strafflags
381 749 39 22 och
443 750 71 21 dertill
532 750 94 21 hörande
642 749 159 27 förordningars
817 749 105 21 trädande
938 749 6 21 i
959 749 44 27 gäl-

245 783 64 22 lande
331 783 63 27 kraft,
418 783 97 27 sålunda,
539 784 34 21 för
595 784 69 21 sävidt
686 784 27 27 pä
736 783 120 22 Ständerna
873 784 129 26 ankommer,

244 817 71 22 blifvit
330 818 140 27 undanröjda,
487 819 58 21 Hans
561 819 118 26 Kejserliga
690 819 101 26 Majestät
801 818 56 27 ville,
871 818 65 27 jemte
947 818 56 21 stad-

244 851 97 23 fästande
364 852 23 21 af
406 853 26 20 de
448 853 47 21 utaf
509 853 119 21 Ständerna
643 855 93 25 antagna
751 853 106 26 förslagen
873 853 33 20 till
920 852 83 22 förord-

245 887 81 26 ningar,
350 887 6 21 i
375 887 67 21 näder
457 887 100 28 päbjuda,
582 889 32 20 att
629 888 161 26 tillämpningen
805 887 23 21 af
842 887 160 27 ifrägavarande

244 921 198 27 strafflagstiftning
457 921 56 27 finge
529 921 133 22 omedelbart
676 922 92 26 vidtaga.

603 1019 12 20 2
631 1018 18 27 8.

312 1069 58 22 Hans
389 1069 119 28 Kejserliga
523 1069 109 28 Majestäts
648 1070 77 27 nädiga
741 1071 133 26 proposition
890 1071 109 26 angäende

241 1105 122 26 grunderna
386 1104 34 21 för
442 1104 169 27 tolagsafgiftens
634 1105 136 21 beräknande
793 1104 64 21 hafva
875 1105 26 21 Vi
917 1106 81 26 antagit

242 1139 40 20 och
305 1138 72 21 derom
400 1139 7 20 i
431 1139 133 26 underdänig
587 1139 110 22 skrifvelse
713 1139 23 21 af
750 1139 41 21 den
807 1139 28 21 20
850 1139 96 22 sistlidne
961 1140 38 21 Fe-

240 1172 74 21 bruari
329 1173 38 20 hos
383 1173 59 21 Hans
458 1173 119 27 Kejserliga
592 1173 100 28 Majestät
706 1174 86 21 anmält.

601 1271 12 20 3
628 1270 18 27 &.

308 1321 59 22 Hans
385 1321 118 27 Kejserliga
523 1322 110 26 Majestäts
649 1323 77 26 nädiga
742 1323 131 26 proposition
889 1323 108 26 angäende

238 1354 128 22 förändrade
382 1355 161 27 bestämningar
557 1356 91 21 rörande
663 1357 118 26 utgörande
797 1356 22 22 af
833 1356 57 22 skatt
901 1356 33 22 för
944 1358 52 20 hun-

238 1389 40 21 dar
294 1389 62 22 hafva
370 1390 28 21 Vi
413 1390 81 27 antagit
509 1391 48 21 med
573 1391 26 21 de
614 1391 114 27 ändringar
744 1391 43 22 Vär
803 1393 5 20 i
825 1393 72 20 ämnet
913 1392 84 22 aflätna

237 1424 149 24 underdäniga
408 1424 111 22 skrifvelse
542 1425 23 22 af
582 1426 40 21 den
641 1427 25 20 10
682 1426 97 21 sistlidne
794 1427 61 26 April
871 1427 124 21 innehäller.
