1070 1795
313 136 229 22 Petitionsbetänkande
559 136 34 21 N:o
609 136 20 21 2.
803 137 14 21 5

88 193 48 18 dock
153 193 43 18 icke
212 193 87 18 tillvinna
311 194 29 21 sig
352 193 113 18 Ständernas
479 193 104 18 understöd
597 193 34 18 och
645 193 51 18 detta
709 193 42 18 med
763 193 50 22 skäl;
827 195 19 21 ty

87 221 66 18 staden
172 221 42 18 ville
228 221 24 18 då
263 222 42 17 icke
317 221 64 18 ikläda
393 221 29 23 sig
434 222 59 22 några
505 221 115 18 nämnvärda
633 221 127 23 uppoffringar
772 221 30 18 för
813 221 32 18 ba-

87 255 47 13 nans
148 250 102 18 utförande.
276 251 8 16 J
296 252 26 15 ett
334 250 39 18 belt
385 253 57 14 annat
454 250 58 17 skede
526 255 55 18 synes
594 251 38 22 mig
644 250 66 23 frågan
724 250 85 18 deremot
821 256 25 12 nu

87 278 96 23 föreligga.
208 278 68 18 Staden
290 284 42 12 vore
345 279 94 22 nämligen
453 279 86 22 benägen
553 281 27 15 att
593 279 41 17 med
648 284 23 12 en
684 279 105 22 tillräcklig
802 279 43 17 sub-

87 307 75 18 vention
181 306 41 18 från
241 307 120 18 statsverkets
374 307 41 18 sida
428 307 105 22 ombesörja
545 307 105 22 byggandet
663 307 34 18 och
711 307 135 18 trafikerandet

87 335 21 18 af
123 335 67 21 banan,
209 335 100 22 hvarjemte
323 335 35 18 den
372 338 61 15 ansett
445 336 28 22 sig
488 335 150 24 kunna3åtnöjas
651 336 42 18 med
707 341 22 12 en
744 336 34 17 den
792 336 53 17 aldra

87 365 85 17 enklaste
186 364 35 17 och
234 364 93 23 möjligast
339 365 66 22 billiga
415 364 84 23 jernväg.

156 405 9 17 I
186 405 66 17 sådant
264 404 45 24 syfte
323 405 34 17 har
370 404 20 19 af
401 405 43 22 mig,
457 404 49 18 efter
519 404 20 18 af
550 409 62 13 annan
625 405 87 22 ingeniör
724 406 11 17 å
748 408 52 14 orten
813 410 32 12 an-

87 434 57 17 ställä
163 436 85 15 närmare
267 434 145 22 undersökning,
425 434 98 22 uppgjorts
537 435 27 16 ett
576 434 75 21 projekt
663 433 28 18 för
704 438 26 13 en
740 434 53 20 bana,
806 438 39 13 som

88 462 28 17 till
136 467 22 12 en
178 461 55 23 längd
252 461 21 18 af
286 463 28 20 8,8
326 462 36 17 km.
375 462 61 17 skulle
449 462 74 17 komma
536 463 27 16 att
574 462 64 22 läggas
650 462 11 17 &
674 462 102 17 bestäende
789 463 56 21 vägar

87 491 34 17 och
135 493 53 20 gator
201 492 47 15 samt
260 491 30 17 till
303 490 119 18 återstående
434 491 27 20 4,6
476 491 36 16 km.
525 491 24 22 pä
563 493 42 20 eget
617 492 134 16 terrassement
760 491 34 16 och
805 495 40 12 som

88 519 48 18 hade
150 524 22 12 en
186 519 87 22 spärvidd
286 519 20 18 af
317 519 67 18 endast
395 519 27 21 0,6
437 525 22 15 m,
473 525 22 12 en
510 519 65 22 högsta
588 519 85 22 stigning
686 519 20 17 af
716 519 50 20 0,025
777 519 35 17 och
821 524 24 12 en

88 548 68 17 minsta
176 547 99 18 kurvradie
295 547 20 18 af
326 548 22 17 35
361 553 22 12 m.
408 547 109 18 Kostnaden
530 547 29 18 för
572 548 66 20 banan,
652 547 20 18 af
682 553 23 12 en
719 547 125 18 sammanräk-

88 576 36 18 nad
143 576 57 23 längd
213 575 20 18 af
249 576 38 21 13,4
306 577 36 20 km,
361 577 33 16 har
407 577 101 17 beräknats
524 576 29 17 till
567 577 67 17 inalles
648 576 73 21 187,600
734 576 51 17 mark
798 576 47 17 eller

88 605 63 22 14,000
164 605 52 17 mark
229 611 33 16 per
274 605 35 17 km.

157 645 42 17 Som
212 645 99 18 utförande
324 645 20 17 af
355 645 60 18 banan
429 645 48 18 efter
491 645 52 17 detta
555 645 75 22 projekt
642 645 106 17 emellertid
757 645 88 22 möjligen

87 673 73 18 komme
177 675 27 16 att
217 675 47 16 stöta
277 674 24 22 pä
313 673 157 23 oöfvervinneliga
483 674 122 22 svårigheter,
617 674 7 17 i
637 673 31 18 det
680 675 26 16 att
718 673 24 18 de
754 673 90 22 vägbygg-

88 702 122 23 nadskyldige
229 703 111 17 ätminstone
353 702 103 17 tillsvidare
470 704 77 15 motsatt
559 702 29 23 sig
601 703 73 22 spärets
686 701 121 23 förläggande
821 702 24 22 pä

87 731 115 22 landsvägen
222 730 42 18 frän
278 731 78 22 Kovjoki
369 731 29 17 till
411 731 72 21 staden,
496 731 35 17 och
544 731 24 17 dä
582 736 69 12 samma
663 730 182 23 vägbyggnadsskyl-

88 759 49 23 dige,
156 760 60 17 ehuru
234 759 23 18 de
277 760 110 22 visserligen
406 760 42 17 icke
463 761 64 21 vägrat
543 760 71 17 banans
632 759 80 18 ledande
726 759 24 22 pä
762 759 82 17 körbron

87 788 51 17 invid
158 788 66 17 staden
244 788 51 18 öfver
312 789 64 22 Lappo
395 788 30 21 elf,
438 789 77 17 hvilken
529 789 33 16 bro
575 788 95 23 snarligen
683 788 48 18 skall
744 788 100 22 ombyggas

88 817 35 18 och
149 817 6 17 i
174 817 54 18 hvars
247 817 97 23 byggande
363 817 34 17 och
410 817 100 18 underhäll
523 817 66 18 staden
603 817 41 17 med
658 823 22 12 en
694 817 38 18 viss
745 818 67 21 anpart
824 818 21 16 är

89 845 75 24 skyldig
182 847 27 16 att
227 846 80 23 deltaga,
326 846 57 17 likväl
401 845 100 18 förutsätta
520 848 27 15 att
561 845 66 18 staden
640 845 29 18 för
682 845 52 18 detta
746 845 98 18 tillmötes-

88 874 72 23 gående
180 875 32 16 bör
229 874 41 18 med
284 880 21 12 en
319 876 58 16 större
390 874 55 18 andel
458 877 23 14 än
495 874 94 18 härintills
602 874 78 23 bidraga
692 874 29 17 till
736 874 109 17 brokostna-

88 902 42 22 den,
143 904 59 17 mäste
216 903 34 18 den
264 903 100 18 tillernade
378 903 80 18 bibanan
471 903 42 18 icke
527 903 80 18 allenast
620 902 40 18 frän
674 902 80 23 Kovjoki
767 902 29 17 till
809 904 35 15 sta-

88 931 36 18 den
145 932 67 17 tänkas
230 932 84 22 förlaggd
332 933 24 22 pä
374 937 48 17 egen
442 932 79 20 banvall,
537 932 120 22 hvarigenom
670 931 174 23 anläggningskost-

88 960 61 18 naden
168 961 56 22 nägot
242 961 57 22 höjes,
319 963 44 15 utan
376 961 54 17 äfven
444 966 70 12 samma
527 961 80 17 kostnad
620 961 108 22 ytterligare
742 960 52 22 höjas
806 959 38 18 till-

88 989 46 22 följd
152 989 21 17 af
190 989 36 18 den
244 989 82 21 anförda,
345 989 85 22 stegrade
447 989 205 22 brobyggnadstungan.
677 989 100 22 Samteliga
790 988 55 17 dessa

88 1018 142 17 merkostnader
248 1018 64 17 kunna
325 1018 105 18 emellertid
443 1018 42 17 icke
498 1018 112 22 uppskattas
623 1018 29 17 till
665 1023 51 12 mera
728 1019 24 16 än
764 1017 23 18 20
799 1017 10 18 &
822 1017 22 17 30

87 1048 55 15 tusen
155 1047 53 17 mark
221 1047 33 17 och
268 1047 78 17 sälunda
359 1047 43 17 hela
411 1047 143 17 bankostnaden
565 1047 73 17 komma
647 1048 27 16 att
680 1047 48 22 stiga
736 1046 27 17 till
770 1045 75 22 210,000

88 1075 10 17 3
111 1075 75 21 220,000
199 1075 58 21 mark,
270 1075 6 18 i
289 1075 77 18 hvilken
380 1075 65 18 staden
459 1081 43 12 vore
515 1075 54 22 villig
581 1077 28 16 att
622 1075 74 22 deltaga
709 1075 41 17 med
760 1070 35 32 ända
810 1074 34 17 till

89 1109 23 12 en
125 1103 99 23 tredjedel,
238 1103 28 18 för
280 1104 34 18 den
328 1104 91 18 händelse
432 1104 114 17 statsverket
558 1106 43 20 toge
614 1104 61 17 aktier
687 1103 29 18 för
724 1103 119 18 äterstäende

87 1132 151 23 tvätredjedelar.

156 1173 69 17 Dertill
246 1173 106 22 uppmanad
365 1173 20 17 af
395 1173 51 17 mina
458 1173 79 20 valmän,
551 1172 28 18 fär
589 1173 33 22 jag
634 1173 23 22 pä
670 1172 60 22 grund
743 1171 56 18 häraf
809 1172 35 17 och

88 1201 42 18 med
147 1201 112 22 hänvisning
272 1201 29 18 för
313 1201 57 22 öfrigt
381 1201 29 17 till
424 1201 23 18 de
459 1201 62 21 motiv,
533 1201 32 22 jag
578 1201 40 17 haft
630 1203 45 15 äran
688 1200 66 18 anföra
766 1201 27 17 uti
805 1201 38 16 min

87 1229 81 23 tidigare
189 1230 35 17 här
242 1230 85 23 upplästa
345 1231 85 22 petition,
443 1229 66 18 hvaraf
520 1235 24 12 en
557 1229 77 18 afskrift
646 1229 90 23 bilägges,
749 1229 94 18 vördsamt

87 1258 76 17 anhålla
176 1263 29 13 om
218 1258 93 23 vällofliga
322 1259 167 22 Borgareständets
502 1258 114 17 medverkan
630 1257 79 18 derhän:

294 1324 32 19 att
348 1322 36 27 för
407 1322 42 21 den
472 1322 105 21 händelse
596 1321 128 28 Nykarleby
742 1322 56 27 stad,
815 1323 29 20 ett

226 1350 62 28 bolag
318 1351 52 21 eller
392 1350 86 21 enskild
496 1357 85 21 person
605 1350 71 21 kunde
699 1350 93 21 utverka
809 1350 34 28 sig

225 1378 128 22 koncession
375 1380 33 20 att
430 1378 78 28 utföra
524 1386 27 14 en
561 1378 97 28 jernväg
674 1379 29 27 af
714 1378 72 22 sädan
801 1380 42 26 art,

224 1414 48 14 som
296 1408 41 21 här
359 1407 139 28 framhälles,
521 1407 56 28 frän
597 1407 95 28 Kovjoki
707 1407 84 22 station
807 1407 36 21 till

226 1435 127 29 Nykarleby
376 1437 50 20 stad
448 1436 40 21 och
508 1436 76 27 hamn,
602 1436 134 21 Siatsverket
751 1436 68 21 måtte
834 1436 10 21 i

155 1480 204 19 Petitionsbetänkande
372 1481 37 18 N:o
422 1481 17 18 2.
