1070 1795
254 123 12 21 2
413 123 279 23 Petitionsbetänkande
708 123 46 23 N:o
769 123 24 22 6.

226 195 22 18 är
272 193 51 20 dock
343 193 69 24 troligt
432 196 29 16 att
476 193 70 20 staden
563 193 63 19 skulle
643 193 122 20 öfverlemna
780 193 24 20 de
820 193 71 19 nämda
906 193 77 20 medlen

225 222 22 19 åt
267 224 73 21 staten,
362 227 32 14 om
414 222 6 19 i
442 221 107 20 Kexholms
565 222 45 19 stad
624 222 64 19 skulle
704 222 86 24 grundas
805 223 30 18 ett
849 222 87 25 allmänt,
952 227 31 14 om

224 253 25 17 än
272 251 51 23 litet,
346 250 88 25 sjukhus,
456 251 25 19 dä
500 251 109 19 donatoras
629 251 61 20 afsikt
706 251 84 19 sålunda
805 251 26 24 pä
846 256 72 14 samma
933 251 50 24 gång

226 279 64 19 skulle
306 279 64 20 ernås.
400 279 32 19 En
450 279 86 20 särskild
551 279 69 20 läkare
636 280 56 19 torde
708 280 18 23 ej
743 279 85 20 behöfva
844 279 94 20 anställas
952 279 31 20 för

224 308 110 24 sjukhuset,
351 311 47 16 utan
414 308 66 19 kunde
496 308 73 19 vården
585 307 21 20 af
620 308 108 19 detsamma
743 307 100 20 anförtros
859 308 20 19 åt
895 314 23 13 en
934 308 49 19 eller

224 337 34 19 två
274 336 21 19 af
309 337 24 18 de
348 337 26 23 på
390 339 57 17 orten
462 337 61 19 redan
539 338 79 18 bosatta
633 337 89 20 läkarne.

294 365 47 19 Med
364 365 45 20 stöd
430 365 22 20 af
473 365 58 20 ofvan
554 365 85 20 anförda
654 365 168 25 omständigheter
837 365 30 20 får
882 365 100 20 vördsamt

222 394 34 24 jag
272 393 79 20 anhålla
366 399 32 15 om
413 394 116 20 ständernas
545 394 119 20 medverkan
680 394 68 20 därtill

499 458 31 19 att
552 457 9 20 i
583 455 119 22 Kexholms
724 456 51 21 stad
797 456 48 21 med
867 456 113 21 allmänna

430 485 67 20 medel
507 485 122 20 inrättades
640 485 38 21 och
689 484 160 28 upprätthölles
859 487 28 18 ett
895 484 84 21 mindre

429 513 97 26 sjukhus.

292 571 125 25 Helsingfors
433 573 37 18 den
486 571 13 20 9
514 572 97 19 Februari
628 571 62 20 1894.

648 645 114 22 Theodor
778 644 131 23 Schwindt.

288 761 152 26 (Öfversättning).

382 858 46 19 Till
450 858 157 20 Hedervärda
627 858 189 19 Bondeståndet.

286 915 54 20 Hans
364 916 113 23 Kejserliga
499 916 106 23 Majestäts
626 916 79 23 Nådiga
720 915 127 24 Förordning
861 915 22 20 af
897 916 37 19 den
950 915 27 20 22

216 944 110 19 December
349 943 55 20 1879
419 944 102 24 angående
537 944 131 19 helsovården
684 945 7 18 i
707 944 86 19 Finland
809 944 123 24 bestämmer,
948 947 29 17 att

215 973 57 19 såväl
294 973 69 19 lands-
385 978 42 14 som
450 973 198 19 stadskommunerna
671 973 71 24 själfva
757 973 50 19 böra
823 973 61 24 draga
899 973 78 24 försorg

215 1007 32 14 om
262 1001 73 25 |helso-
359 1001 37 20 och
420 1001 121 24 sjukvården
563 1002 7 19 i
593 1002 128 19 kommunen:
745 1007 70 18 genom
833 1001 143 24 renhällnings-

214 1031 97 18 väsendet
331 1030 72 19 hindra
419 1030 126 24 sjukdomars
561 1030 79 19 utbrott
655 1031 37 19 och
708 1031 111 24 spridning,
835 1031 73 18 inrätta
923 1031 52 23 sjuk-

214 1059 44 23 hus,
267 1058 66 21 aflöna
341 1059 183 20 kommunalläkare
535 1065 24 13 m.
567 1065 33 18 m.,
611 1065 44 13 men
669 1059 84 19 oaktadt
764 1059 41 19 alla
815 1059 58 19 dessa
884 1059 92 24 åtgärder

214 1089 23 18 är
257 1087 64 20 helso-
338 1088 37 19 och
391 1087 121 24 sjukvården
528 1088 60 19 likväl
604 1088 45 19 icke
665 1087 194 24 tillfredsställande,
875 1088 67 19 såvida
957 1088 18 23 ej

213 1116 120 26 i-närheten
348 1116 64 19 finnes
427 1118 31 17 ett
474 1116 88 24 sjukhus,
578 1117 7 18 i
601 1116 76 19 hvilket
689 1117 76 18 sådana
776 1116 64 24 sjuka,
851 1116 65 19 hvilka
928 1117 48 18 ovil-

212 1145 92 24 korligen
326 1145 85 19 behöfva
435 1145 66 24 daglig
523 1145 125 23 läkarevård,
669 1145 68 19 kunna
757 1144 20 20 få
798 1145 59 24 plats,
873 1145 64 20 såsom
952 1145 24 19 de

212 1173 69 20 hvilka
304 1173 41 20 lida
366 1173 21 20 af
408 1179 24 14 en
456 1174 30 23 sig
509 1174 58 19 snabt
592 1174 124 19 utbredande
744 1173 110 20 smittosam
879 1174 97 23 sjukdom,

212 1202 24 19 de
258 1202 68 19 hvilka
349 1203 82 18 skadats
455 1208 70 17 genom
548 1202 107 24 olycksfall
676 1208 18 14 o.
718 1209 18 14 a.
768 1202 95 19 Häremot
878 1203 39 18 kan
932 1208 44 14 man

212 1231 72 19 visserl
293 1237 37 18 gen
346 1231 94 23 invända,
457 1233 30 17 att
503 1231 74 19 sådana
593 1231 57 24 sjuka
665 1231 77 20 erhålla
759 1231 48 19 vård
817 1231 6 18 i
835 1231 33 19 det
877 1231 100 19 allmänna

212 1259 90 24 sjukhus,
326 1265 41 14 som
384 1259 31 20 för
430 1260 45 19 dem
491 1259 95 20 inrättats
602 1260 6 18 i
624 1260 68 24 hvarje
708 1260 40 23 län,
763 1265 46 14 men
825 1259 25 20 då
865 1259 34 19 det
913 1259 62 20 finnes

211 1288 86 24 trakter,
313 1288 66 19 såsom
394 1288 58 19 äfven
468 1289 36 18 den
517 1288 90 20 landsdel
618 1289 18 18 vi
647 1288 59 20 hafva
717 1291 49 16 äran
777 1289 145 23 representera,
932 1287 44 20 från

210 1317 70 19 hvilka
302 1317 34 19 det
358 1319 22 17 är
402 1317 61 19 tiotal
485 1317 36 19 mil
541 1317 30 19 till
587 1317 158 23 länelasarettet,
761 1317 31 18 till
807 1317 76 18 hvilket
899 1322 43 14 man
957 1317 18 23 ej

211 1345 64 19 heller
292 1345 74 24 slipper
381 1346 45 18 med
440 1346 85 23 järnväg
539 1345 49 19 eller
598 1345 81 24 ångbåt,
692 1346 22 18 så
727 1347 30 17 att
769 1346 38 18 den
819 1350 69 18 genom
899 1345 77 24 olycks-

209 1374 37 19 fall
254 1376 5 15 !
268 1374 88 19 skadade
364 1373 87 26 *'genast
475 1374 66 20 kunde
565 1374 81 23 bringas
670 1374 35 25 dit,
726 1374 37 19 har
779 1374 34 19 det
827 1374 83 23 mången
926 1374 51 24 gång

208 1403 97 23 inträffat,
330 1405 29 18 att
382 1403 38 19 den
442 1403 57 24 sjake
515 1403 65 19 aflidit
595 1403 63 19 under
674 1403 38 19 den
729 1403 59 23 långa
803 1408 58 14 resan
877 1402 30 20 till
922 1403 53 24 sjuk-

210 1431 66 20 huset.
307 1432 107 19 Dessutom
430 1432 62 24 :yppa
512 1432 29 20 sig
563 1431 42 20 ofta
626 1432 7 19 i
649 1432 105 19 trakterna
769 1432 32 19 vid
817 1431 60 22 ryska
893 1433 82 20 gränsen

287 1470 103 18 Allmänna
402 1469 171 18 Besvärsutskottets
586 1469 110 19 betänkande
708 1471 38 16 N:o
758 1471 17 16 4.
783 1488 11 4 .
