1070 1795
250 171 279 22 Petitionsbetänkande
549 171 43 22 N:o
607 170 39 23 33.
785 172 13 21 5

346 236 32 19 1:0
401 234 192 21 elementarskolan
608 234 8 20 i
633 234 79 21 Gamla
728 233 97 28 Karleby

276 263 64 20 måtte
356 263 100 28 utvidgas
471 263 35 20 till
523 270 26 13 en
559 262 133 28 femklassig
705 262 61 21 skola
776 263 49 20 med

278 291 113 28 afslutade
406 292 83 25 kurser,
505 293 56 19 samt

347 321 32 20 2:0
396 323 32 18 att
444 321 8 20 i
462 320 58 21 detta
532 320 96 21 sälunda
639 319 116 28 utvidgade
767 320 61 21 läro-

278 349 49 20 verk
342 349 67 27 äfven
425 349 96 28 gvinliga
537 349 66 20 elever
612 348 62 28 finge
688 349 93 27 intagas.

142 407 122 25 Helsingfors
280 408 37 20 dea
333 408 12 19 5
362 407 95 20 Februari
473 407 62 20 1894.

546 463 72 22 K.H.
634 462 125 23 Renlund.

440 606 22 23 3.

75 655 149 26 (Öfversättning.)

235 717 46 18 Till
298 716 136 21 Vällofliga
450 715 220 24 Borgareständet.

147 779 29 19 Då
189 780 36 19 den
235 779 25 24 pä
272 779 60 21 grund
346 779 21 19 af
379 779 53 23 Kejs.
442 779 145 22 Förordningen
597 778 20 19 af
624 779 36 18 den
670 778 26 19 23
710 778 49 23 Aug.
775 777 54 20 1883

75 809 6 18 i
97 809 77 19 Torneä
189 809 42 18 stad
247 809 95 18 inrättade
364 807 119 24 tväklassiga
499 807 141 24 finskspräkiga
656 807 172 19 elementarskolan

75 838 44 18 icke
135 837 65 19 visade
215 837 29 23 sig
259 837 46 23 fylla
320 837 89 18 traktens
426 836 161 24 bildningsbehof,
603 836 113 23 utvidgades
733 836 35 18 den
780 835 49 19 läse-

76 866 43 19 året
129 866 76 19 1886
193 860 11 33 —
215 865 53 20 1887
282 865 30 19 till
327 865 111 24 treklassig,
455 865 36 18 och
507 865 21 18 af
543 871 70 12 samma
629 865 42 18 skäl
687 865 76 18 tillades
780 865 49 18 läse-

76 895 42 19 året
142 893 139 21 1890—1891
298 900 22 13 en
343 893 63 24 fjärde
428 894 60 23 klass,
505 894 105 23 hvarjämte
626 894 63 19 denna
704 893 81 19 sälunuda
800 893 30 18 till

76 923 104 24 fyrklassig
202 923 161 19 elementarskola
386 923 103 23 utvidgade
505 923 115 18 läroanstalt
635 921 86 24 medgafs
737 921 93 24 rättighet

77 955 28 16 att
127 954 97 21 emottaga
246 951 71 20 flickor
339 952 62 18 såsom
424 951 71 20 elever.
526 951 114 19 Emellertid
659 951 35 18 har
709 956 43 13 man
767 949 63 20 funnit

77 985 28 15 att
127 981 31 23 de,
180 986 39 13 som
243 980 111 23 genomgått
376 979 147 24 ifrågavarande
547 979 63 20 skolas
626 979 54 23 kurs,
696 979 42 19 baft
752 979 78 24 mycket

77 1010 52 19 svårt
149 1012 28 16 att
194 1009 50 19 finna
258 1009 75 18 tillfälle
349 1009 28 18 till
394 1008 129 19 fortsättande
539 1008 21 19 af
574 1009 41 18 sina
630 1009 81 18 studier.
742 1007 67 20 Denna
823 1007 7 18 i

77 1040 74 21 ögonen
166 1038 84 19 fallande
266 1036 103 25 olägenhet
385 1037 58 19 beror
458 1037 30 19 till
504 1039 71 17 största
588 1037 55 18 delen
656 1037 66 24 därpå,
733 1039 29 16 att
772 1035 57 20 Uleå-

77 1067 57 23 borgs
149 1066 62 19 finska
226 1066 95 19 klassiska
339 1067 75 22 lyceum
430 1066 43 19 icke
490 1065 77 20 erhållit
582 1065 88 20 reallinie
686 1065 30 19 för
732 1065 41 19 sina
788 1064 42 24 fyra

77 1096 68 23 högsta
166 1095 80 23 klasser,
269 1095 59 19 ehuru
350 1097 65 16 senast
437 1094 116 19 församlade
576 1095 83 18 Ständer
674 1094 91 19 inlemnat
780 1093 49 24 peti-

77 1125 40 18 tion
133 1125 6 18 i
154 1124 60 19 saken
237 1123 36 20 och
288 1124 98 19 dessutom
408 1123 38 20 alla
464 1123 67 19 städer
545 1123 6 18 i
567 1123 108 24 Uleåborgs
690 1123 31 18 län
736 1123 35 18 hos
787 1121 44 24 Sty-

76 1154 64 18 relsen
162 1153 80 18 anhållit
264 1158 30 13 om
317 1152 68 19 nämda
407 1151 164 25 parallelklasser.
609 1151 29 19 En
659 1151 48 24 följd
726 1150 57 20 häraf
802 1153 28 22 är,

77 1185 30 16 att
122 1182 24 18 de
161 1181 43 20 från
220 1181 76 19 Torneå
311 1181 162 19 elementarskola
489 1181 145 18 utdimitterade
653 1181 70 22 elever,
736 1185 39 14 som
786 1179 45 20 icke

77 1211 38 18 läst
136 1211 53 22 latin,
214 1210 103 23 omöjligen
342 1209 74 19 kunnat
442 1209 91 19 fortsätta
563 1209 41 19 sina
628 1209 74 18 studier
732 1209 26 24 pä
786 1210 43 17 när-

77 1244 52 14 mare
151 1239 38 18 häll
204 1241 24 16 än
243 1239 6 18 i
265 1238 56 19 Vasa.
352 1238 42 19 Och
410 1238 24 19 de
450 1238 58 19 flesta
524 1237 57 20 hafva
596 1238 123 23 naturligtvis
734 1237 44 19 icke
789 1236 42 19 haft

77 1267 35 19 råd
127 1270 29 17 att
171 1267 59 19 sända
246 1267 41 19 sina
303 1267 46 19 barn
365 1267 48 18 eller
428 1267 122 23 myndlingar
564 1267 22 18 så
601 1267 53 22 långt
670 1266 50 20 bort.
751 1265 29 19 En
795 1271 34 13 an-

77 1302 37 13 nan
137 1296 97 23 svårighet
256 1296 35 19 har
310 1296 28 18 sin
362 1295 61 24 grund
446 1295 49 25 däri,
518 1297 29 17 att
569 1295 136 23 fordringarna
724 1295 30 18 till
769 1294 62 19 första

77 1325 151 23 specialklassen
251 1325 31 18 vid
305 1324 151 19 handelsskolan
478 1324 6 18 i
499 1323 115 24 Brahestad,
630 1324 35 19 där
680 1323 68 24 många
763 1323 21 19 af
798 1328 32 13 va-

77 1354 132 18 ledicenterna
231 1352 42 20 från
289 1352 77 20 Torneå
381 1352 162 19 elementarskola
559 1352 45 19 sökt
618 1352 30 19 int
659 1352 43 23 äde,
718 1353 77 22 utgöras
811 1350 22 19 af

77 1382 24 19 de
116 1382 75 23 kurser,
206 1387 40 14 som
262 1381 102 24 genomgås
380 1381 26 24 på
421 1381 37 19 fem
472 1381 81 20 klasser.
577 1381 74 19 Samma
662 1380 110 24 fordringar
782 1385 49 19 upp-

77 1411 66 19 ställas
158 1410 56 20 äfven
230 1411 30 18 för
276 1410 111 19 erhållande
403 1409 21 20 af
438 1410 69 23 många
523 1410 73 19 mindre
612 1411 88 22 tjenster,
716 1409 75 19 hvadan
807 1409 24 18 de

77 1439 43 20 från
136 1439 76 20 Torneå
227 1439 55 19 skola
297 1439 98 23 utgångna
407 1439 90 18 eleverna
508 1438 42 19 haft
560 1439 120 23 svårigheter
691 1441 29 16 att
730 1438 101 23 bekämpa,

77 1473 31 14 om
124 1469 23 18 de
162 1469 42 22 gått
219 1468 19 18 in
253 1467 25 24 pä
294 1468 56 18 dessa
366 1468 67 18 banor.
465 1467 103 19 Dessutom
585 1467 34 19 bör
635 1467 92 19 särskildt
747 1466 84 23 märkas,

145 1506 103 18 Allmänna
259 1505 169 18 Besvärsutskottets
441 1505 110 18 betänkande
563 1505 36 18 N:o
612 1505 31 18 22.
