1121 1772
278 129 13 20 6
471 129 227 23 Petitionsbetänkande
714 130 34 22 N:o
763 131 21 21 2.

247 185 123 24 utförande
385 187 42 22 och
442 187 140 28 förvaltning
595 188 92 22 komme
703 190 36 21 att
754 189 26 21 af
792 190 36 21 ett
842 190 76 26 privat
934 190 66 27 bolag

248 220 138 28 öfvertagas,
403 222 73 22 skulle
487 222 52 22 från
549 222 293 24 kommunikationsfonden
857 224 77 22 såsom
950 225 49 21 sub-

248 255 94 21 vention
361 256 54 22 eller
433 257 52 21 med
503 256 163 28 öfvertagande
685 258 25 21 af
723 258 137 23 stamaktier
875 259 81 21 anvisa
971 265 28 16 en

248 295 91 16 summa
354 290 26 22 af
393 297 28 15 en
435 292 78 26 miljon
528 291 84 23 mark."
630 298 1 3 :

317 324 164 22 Bondeständet
496 326 41 21 har
553 327 110 21 omfattat
679 327 97 27 följande
791 328 125 22 resolution

318 360 49 26 »att
389 359 134 27 Ständerna,
543 360 35 22 för
600 361 42 21 den
660 361 107 23 händelse
788 363 36 21 att
843 362 69 22 innan
930 364 73 20 nästa

246 392 108 28 landtdag
372 394 111 21 utverkas
502 394 134 23 koncession
655 396 14 21 å
690 396 119 27 byggande
827 397 27 21 af
870 403 27 16 en
916 397 82 21 bibana

246 426 51 22 från
319 426 108 28 Peipohja
450 428 54 22 eller
522 435 75 15 annan
616 430 92 27 lämplig
727 431 73 26 punkt
819 431 13 21 å
847 432 151 27 Björneborgs

245 461 96 27 jernväg
356 462 35 21 till
407 462 88 22 Raumo
511 464 51 21 stad
578 464 41 22 och
634 465 52 21 dess
702 465 75 27 hamn,
788 466 93 22 hvilken
890 462 108 36 jernvägs

247 496 118 27 byggande
384 498 41 20 och
441 497 139 28 förvaltning
594 499 91 21 komme
701 501 36 20 att
752 500 26 20 af
791 501 35 20 ett
840 500 77 26 privat
931 501 67 27 bolag

247 528 139 40 Ofvertagas,
403 532 72 21 skulle
495 532 35 21 för
548 533 174 27 ifrägavarande
740 534 89 27 företag
847 535 91 21 besluta
956 536 41 20 och

245 563 82 23 anvisa
342 570 28 16 en
386 566 136 22 subvention
537 567 26 21 af
576 567 28 21 en
618 568 78 26 miljon
710 568 72 22 mark.*
803 567 9 17 =

313 599 35 21 Dä
366 600 46 20 alla
430 600 51 27 fyra
501 601 79 22 ständs
600 602 75 21 beslut
690 602 6 21 i
712 603 73 21 denna
800 603 65 27 fräga
879 604 7 20 i
902 578 94 57 hufvud-

245 632 44 21 sak
297 634 53 28 ,äro
374 636 202 26 samstämmande,
598 642 53 16 men
680 637 70 27 några
773 637 191 28 skiljaktligheter
990 638 7 21 i

245 650 69 50 detalj
331 667 128 28 förefinnas,
476 669 35 21 får
524 670 117 22 utskottet
656 670 84 22 föreslå
754 673 37 20 att
807 672 107 28 samtliga
928 672 68 22 stånd

245 700 54 22 ville
314 702 100 22 omfatta
428 702 98 28 följande
541 704 85 22 beslut:

435 770 47 22 "att
503 772 126 31 Ständerna
647 774 67 21 måtte
734 774 38 21 hos
791 774 65 21 Hans
874 775 122 28 Kejserliga

382 805 106 28 Majestät
502 806 9 20 i
521 807 176 28 underdånighet
707 808 98 28 anhålla,
816 810 32 20 att
862 816 35 14 om
907 810 88 21 Baumo

380 840 51 20 stad
449 840 52 21 eller
520 841 94 21 enskildt
632 842 62 28 bolag
712 843 73 21 innan
804 845 66 19 nästa
890 844 106 28 landtdag

375 874 112 21 "utverkar
508 874 128 22 koncession
654 876 14 21 &
688 876 111 28 byggande
816 878 30 27 af
860 885 26 13 en
903 878 92 28 jernväg

381 908 55 27 från
454 909 91 28 lämplig
559 910 73 27 punkt
652 910 6 21 å
670 911 326 29 Tammerfors
830 904 11 40 —
852 911 144 29 Björneborgs

375 942 97 28 Jjernväg
491 944 35 20 till
543 944 88 21 Raumo
650 946 50 20 stad
716 946 39 20 och
774 946 47 20 dess
843 946 75 28 hamn,
936 948 59 20 detta

381 976 86 28 företag
485 978 74 27 måtte,
570 978 32 28 på
617 980 26 26 af
661 978 136 29 Regeringen
815 982 105 20 närmare
935 982 57 26 fast-

382 1011 81 21 ställda
483 1012 77 26 vilkor,
580 1013 145 21 understödas
744 1014 50 21 med
815 1022 27 13 en
862 1014 132 22 subvention

380 1044 29 28 af
421 1052 26 14 en
462 1046 81 28 miljon
558 1047 75 26 mark;
649 1047 115 27 äfvensom

449 1082 33 18 att
503 1080 126 22 Ständerna
648 1081 36 27 för
702 1082 58 21 detta
778 1083 107 21 ändamål
899 1084 51 20 ville
965 1091 30 13 ur

357 1124 2 2 +
382 1114 287 29 kommunikationsfonden
688 1116 64 21 anslå
770 1124 27 14 en
815 1124 88 14 summa
922 1118 28 39 af
967 1125 27 14 en

340 1158 3 2 >
380 1148 81 28 miljon
478 1149 69 21 mark.

311 1192 146 48 Hölsingfors
472 1213 42 21 den
529 1214 27 20 21
572 1214 45 26 Maj
633 1214 61 22 1894.

312 1471 182 23 Jernvägsutskottets
507 1472 109 18 betänkande
628 1472 37 18 N:o
677 1472 15 18 1.
