1070 1795
259 120 13 20 2
420 119 278 22 Petitionsbetänkande
714 119 45 22 N:o
775 119 21 22 7.

232 189 79 19 svårare
334 189 111 19 barnsbörd
467 188 62 19 snabb
553 189 122 24 läkarehjelp
698 195 46 13 vore
766 189 21 18 af
801 189 72 23 nöden,
889 191 22 17 är
926 189 61 19 sådan

232 218 80 23 omöjlig
335 220 29 17 att
386 218 82 22 erbålla,
492 220 36 17 och
545 218 24 18 de
585 217 80 20 lidande
681 218 53 19 duka
749 218 69 21 under,
834 217 49 20 offer
898 217 31 20 för
944 218 43 19 sina

231 247 71 23 plågor
323 246 37 19 och
384 248 90 21 smärtor,
498 246 61 19 ehuru
583 246 23 19 de
625 246 5 18 i
647 246 68 23 många
730 245 35 20 fall
780 246 65 19 kunde
861 246 79 23 räddas,
956 252 31 13 om

230 275 124 24 läkarehjelp
377 280 47 13 vore
440 277 30 16 att
485 275 61 22 tillgå.
577 275 51 18 Från
644 274 65 19 Enare
725 277 23 16 är
758 275 34 18 det
802 274 71 19 mellan
884 275 55 23 tjugu
950 275 37 19 och

231 303 69 20 trettio
317 304 36 19 och
368 303 44 19 från
429 303 78 23 Utsjoki
523 301 72 21 mellan
610 303 68 19 trettio
694 303 36 19 och
746 303 60 24 fyrtio
822 303 33 18 mil
871 303 30 19 till
917 303 70 19 Kittilä

231 331 272 25 provincialläkareboställe.
534 331 155 19 Menförestiden
713 332 36 19 och
773 337 30 14 om
827 337 114 18 sommaren,
957 332 29 18 till

230 361 50 23 följd
303 361 21 18 af
344 361 50 18 brist
417 361 25 23 på
465 362 65 21 vägar,
546 363 22 16 är
584 360 33 19 det
632 360 78 19 absolut
726 361 89 23 omöjligt
830 362 29 17 att
874 360 20 19 få
909 360 76 19 läkare-

230 389 61 25 hjelp.
321 389 39 19 Det
383 391 22 17 är
428 389 83 24 sorgligt
532 391 29 17 att
582 395 20 12 se
618 389 112 19 människor
746 389 41 19 lida
803 389 36 19 och
855 389 25 19 dö
896 391 46 17 utan
958 390 29 17 att

231 418 24 19 de
272 419 65 18 kunna
352 418 20 19 få
387 418 129 23 läkarehjelp.
547 418 28 18 På
590 418 63 23 grund
669 418 21 19 af
699 418 58 19 dessa
768 417 173 20 sakförhållanden
953 423 32 13 an-

231 446 53 19 böllo
307 446 64 19 Enare
395 446 37 20 och
454 446 79 24 Utsjoki
555 446 113 19 kommuner
686 447 22 18 år
724 446 55 19 1892
795 446 141 23 underdånigst
951 446 35 19 hos

231 475 55 19 Hans
310 475 110 24 Kejserliga
442 475 102 23 Majestät,
567 477 30 17 att
619 475 21 18 af
661 475 65 19 Enare
750 475 37 19 och
805 475 81 23 Utsjoki
902 474 84 19 socknar

230 503 64 20 skulle
318 503 63 20 bildas
405 505 29 18 ett
457 503 94 19 särskildt
573 503 271 24 provincialläkaredistrikt;
863 509 43 13 men
923 503 63 19 denna

229 532 92 19 anhållan
337 532 125 19 förkastades
483 537 69 19 genom
568 532 108 19 resolution
693 532 21 19 af
728 532 37 19 den
782 531 27 19 23
825 531 83 20 Januari
924 531 61 20 1893.

299 561 9 18 I
331 561 105 23 anledning
459 561 20 18 af
501 560 47 19 flere
570 559 169 25 petitionsförslag
754 561 145 23 petitionerade
915 561 70 18 under-

229 590 80 23 dånigst
331 590 107 19 ständerna
462 590 31 18 vid
518 589 53 19 1885
588 589 32 19 års
635 589 95 24 landtdag
746 595 30 13 om
792 589 153 19 läkarevårdens
961 589 26 24 på

228 619 136 23 landsbygden
381 618 154 23 omreglerande.
567 618 28 19 På
610 618 63 23 grund
689 617 57 20 häraf
760 617 36 19 har
811 617 55 19 Hans
877 617 109 24 Kejserliga

229 647 105 24 Majestäts
355 647 61 19 Senat
430 647 31 19 för
478 647 82 18 Finland
576 646 64 19 funnit
655 647 31 18 för
701 647 49 23 godt
765 646 92 19 nedsätta
873 651 23 14 en
913 645 72 20 komité

229 676 7 19 i
257 676 37 19 och
310 676 30 19 för
356 676 130 19 utarbetande
502 675 21 19 af
537 678 28 16 ett
580 675 118 20 motiveradt
714 675 74 23 förslag
804 675 29 18 till
849 674 136 19 förbättrande

228 704 22 19 af
271 705 144 18 läkarevården
442 705 24 23 på
491 704 74 19 landet.
603 703 33 20 Uti
662 704 64 19 denna
751 703 84 19 komités
860 703 125 19 betänkande

227 733 85 19 föreslås
335 733 45 24 inga
402 733 145 23 förbättringar
568 732 122 19 beträffande
712 732 71 19 Kittilä
799 732 186 23 provincialläkare-

228 762 88 24 distrikt,
332 763 61 18 ehuru
409 762 33 19 det
458 761 29 19 till
503 762 54 18 detta
573 761 81 18 distrikt
665 761 88 18 hörande
764 761 86 25 område,
862 760 49 19 eller
921 760 64 24 Lapp-

227 791 92 19 markens
335 791 67 22 härad,
418 790 81 19 framför
514 790 67 23 hvarje
598 791 60 18 annat
677 795 47 14 vore
746 791 7 17 i
775 789 61 19 behof
850 789 21 18 af
885 795 23 13 en
924 789 61 19 andra

227 819 75 20 läkare.
333 819 68 19 Under
424 819 74 19 sådana
522 819 143 22 förhållanden,
690 821 49 16 samt
762 817 25 24 på
803 818 35 18 här
854 817 58 20 ofvan
927 817 57 19 fram-

228 848 68 19 stälda
311 848 49 23 skäl,
376 848 61 19 anlita
453 847 79 24 Utsjoki
549 847 36 19 och
601 847 64 19 Enare
681 846 112 20 socknebor
808 847 37 18 den
859 847 50 18 enda
920 849 64 20 utväg,

228 882 42 13 som
286 882 80 13 numera
380 877 41 18 står
432 877 43 18 dem
485 876 30 19 till
527 876 57 23 buds,
595 876 97 23 nämligen
705 878 29 16 att
745 880 69 18 genom
825 875 38 22 mig
874 875 111 23 ödmjukast

227 905 89 19 anhållas
340 911 30 13 om
391 905 128 20 Hedervärda
540 904 159 19 Bondeståndets
715 903 100 20 äfvensom
838 902 64 25 öfriga
917 903 67 19 stånds

227 934 118 19 medverkan
362 934 75 19 därhän

505 986 31 18 att
566 983 144 21 Hedervärda
740 983 163 20 Bondeständet
936 983 49 20 ville

432 1013 84 27 förena
531 1013 33 27 sig
581 1019 32 14 om
628 1019 26 14 en
667 1012 94 27 petition
771 1012 38 20 hos
823 1011 62 21 Hans
897 1011 88 26 Kejser-

436 1042 46 27 liga
497 1041 110 27 Majestät,
624 1041 8 20 i
647 1041 58 27 syfte
717 1043 33 18 att
761 1040 82 21 Kittilä
852 1040 133 27 provincial-

436 1069 166 22 läkaredistrikt
622 1070 64 19 måtte
705 1069 60 20 delas
781 1069 8 20 i
805 1070 78 19 tvänne
898 1067 87 22 distrikt

435 1098 102 25 sålunda,
553 1101 32 18 att
601 1098 30 24 af
639 1097 85 28 Utsjoki
732 1097 39 21 och
779 1097 74 21 Enare
862 1096 123 21 kommuner

436 1127 98 21 bildades
558 1129 28 18 ett
608 1126 105 21 särskildt
736 1125 172 26 läkaredistrikt,
929 1127 56 19 samt

436 1158 33 19 att
491 1155 102 21 läkarens
608 1156 43 25 lön,
670 1155 32 27 på
721 1155 76 28 grund
812 1154 31 27 af
854 1155 131 20 invånarnes

433 1184 128 28 fattigdom,
577 1184 64 21 måtte
656 1191 28 13 ur
698 1183 123 21 statsmedel
836 1183 59 28 utgå,
909 1183 76 27 äfven-

436 1220 44 14 som
503 1215 32 18 att
554 1213 34 20 till
609 1212 101 21 läkarens
726 1212 126 21 stationsort
868 1211 116 22 bestämdes

436 1242 74 21 Enare
525 1241 108 21 kommun.

300 1301 130 24 Helsingfors,
446 1301 37 19 den
500 1299 11 20 7
528 1300 95 19 Februari
640 1299 61 20 1894.

705 1354 57 22 Isak
777 1354 105 27 Hoikka,

616 1395 129 23 Representant
756 1395 28 17 för
795 1395 66 17 Torneå
873 1394 88 23 domsaga.

299 1469 102 18 Allmänna
413 1466 170 19 Besvärsutskottets
595 1465 110 18 betänkande
717 1464 38 18 N:o
767 1465 18 17 5.
