1070 1795
239 103 28 20 24
418 101 244 22 Petitionsbetänkande
678 101 34 21 N:o
728 97 35 24 44.

281 165 75 28 Enligt
370 164 265 28 Kammarexpeditionens
651 164 31 21 till
698 163 69 22 denna
781 162 100 27 landtdag
891 161 78 28 afgifna

211 200 112 22 berättelse
338 200 64 21 hafva
418 201 63 27 några
497 199 142 28 ansökningar
654 206 34 14 om
704 196 197 28 skatteförmedling
915 196 7 21 i
938 195 31 22 så-

212 234 52 22 dant
280 234 54 28 syfte
350 234 67 21 under
432 234 26 21 de
473 236 83 19 senaste
571 236 32 19 tre
618 233 50 21 åren
684 233 47 21 icke
747 231 71 22 blifvit
833 231 32 22 till
876 230 93 23 Senaten

212 269 131 21 inlemnade.

283 372 34 21 De
328 371 203 26 missförhållanden,
547 379 43 14 som
605 378 73 21 genom
690 370 61 21 ofvan
763 369 86 28 intagna
859 368 110 29 petitions-

213 404 161 24 memorial
338 399 40 39 vid
390 406 68 21 denna
474 406 99 27 landtdag
588 405 70 22 blifvit
673 405 53 28 ånyo
739 403 132 26 framhållna,
883 407 41 24 äro,
935 411 35 13 en-

213 442 38 27 ligt
272 442 37 20 allt
331 441 55 20 hvad
408 440 162 22 Statsutskottet
589 440 82 21 kunnat
686 440 100 23 inhemta,
802 438 23 21 så
839 437 132 28 behjertans-

214 475 72 24 värda,
302 476 30 19 att
348 474 59 21 deras
422 473 135 29 afhjelpande
573 473 97 22 framstår
683 473 66 21 såsom
766 480 25 13 en
807 471 164 28 nödvändighet.

284 508 35 22 Då
342 508 149 28 lägenheterna
510 508 7 21 i
536 508 59 21 dessa
618 507 68 29 gamla
711 507 171 28 kulturbyggder,
904 506 67 21 såsom

214 543 63 22 äfven
301 543 22 21 af
344 542 91 22 Senaten
458 542 108 29 påpekats,
583 541 18 29 ej
617 543 82 20 kunuat
713 541 7 22 i
736 541 116 21 nämnvärd
866 541 50 28 grad
932 540 39 21 öka

214 578 32 21 sin
270 577 74 22 odlade
366 577 59 21 mark
448 577 63 21 sedan
531 577 58 22 tiden
609 577 31 20 för
659 577 59 20 deras
734 575 161 28 skattläggning,
911 575 59 22 hvar-

215 615 57 18 emot
283 611 157 22 arbetskostnad
452 611 37 21 och
501 611 135 21 kommunala
652 610 110 29 utskylder
772 609 122 28 ansenligen
905 610 66 25 ökats,

214 647 39 20 och
278 646 26 21 då
325 645 68 26 fisket,
415 653 44 14 som
478 645 33 22 till
526 646 53 28 dryg
594 645 33 22 del
642 648 45 25 togs
703 645 6 21 i
725 644 117 28 beräkning
857 643 35 22 vid
908 644 63 21 skatt-

215 681 134 28 läggningen,
364 681 32 22 för
412 689 25 14 en
454 682 75 27 mängd
545 681 23 21 af
579 680 236 29 skärgårdshemmanen
828 679 143 28 väsendtligen

216 715 127 26 försämrats,
367 716 99 28 föreligga
482 716 6 21 i
505 716 59 21 dessa
579 715 178 28 omständigheter
772 713 47 22 icke
838 714 52 21 blott
907 713 66 28 billig-

215 750 146 27 hetsgrunder,
382 753 49 18 utan
451 749 6 22 i
479 749 75 29 många
574 749 36 22 fall
630 749 61 22 äfven
712 749 46 28 laga
773 748 44 21 skäl
834 748 32 22 till
882 748 91 28 lindring

216 783 23 22 af
252 784 91 22 skatten.

286 819 57 21 Från
366 821 78 20 statens
462 818 45 22 sida
527 819 40 20 kan
588 818 68 21 denna
677 818 57 28 fråga
749 818 7 21 i
771 817 68 29 någon
859 817 47 22 mån
920 817 53 28 jem-

216 852 56 22 föras
288 853 48 21 med
351 861 25 13 en
393 852 145 29 ackordsfråga
554 853 76 20 mellan
649 852 83 22 enskild
753 853 166 27 fordringsegare
934 852 39 21 och

216 887 54 21 hans
292 887 105 28 gäldenär,
420 887 62 21 hvars
505 887 46 21 ruin
576 887 46 21 icke
645 887 41 21 kan
709 887 54 28 ligga
778 887 7 20 i
801 887 40 21 den
862 886 65 21 förras
942 886 31 21 in-

216 924 74 19 tresse.
326 921 42 22 Det
394 922 39 21 kan
461 921 31 22 för
517 924 66 19 staten
607 929 49 14 vara
678 921 161 28 fördelaktigare
863 924 30 19 att
914 921 59 21 efter-

216 955 60 28 gifva
299 964 24 13 en
348 956 32 21 del
403 956 23 21 af
446 955 89 28 skatten,
559 960 26 17 än
606 958 30 19 att
654 955 93 22 vidhålla
767 955 31 22 sin
820 955 153 22 skattefordran

217 990 143 21 oförminskad
384 991 37 20 och
444 989 88 22 sålunda
554 990 55 21 vålla
630 990 100 21 obestånd
750 990 62 21 bland
831 997 25 14 en
877 989 47 28 idog
940 990 35 20 be-

218 1025 103 27 folkning.

289 1059 31 21 På
343 1052 68 27 Åland
430 1059 37 21 och
483 1059 7 20 i
507 1059 24 21 de
551 1059 82 28 sydliga
654 1059 86 21 delarna
755 1059 22 20 af
791 1051 45 28 Åbo
851 1058 34 21 län
902 1058 73 28 belöpa

218 1093 31 28 sig
266 1093 31 22 för
313 1101 25 13 en
355 1093 75 28 mängd
446 1093 98 21 hemman
561 1093 34 27 50,
611 1094 34 24 60,
662 1094 27 21 70
702 1093 23 28 ja
737 1093 54 21 ända
801 1093 32 21 till
845 1093 42 22 100
898 1093 79 21 skatte-

219 1128 61 21 rubel
304 1127 26 29 pä
350 1128 108 26 mantalet,
479 1128 74 21 medan
569 1128 34 25 30,
620 1128 27 21 35
662 1130 12 19 &
689 1128 28 21 40
732 1127 60 21 rubel
808 1135 37 19 per
859 1127 79 21 mantal
954 1131 23 17 är

219 1162 36 21 det
273 1162 82 28 vanliga
370 1161 6 21 i
393 1161 65 28 öfriga
481 1161 57 22 delar
561 1161 23 22 af
605 1162 75 27 landet,
696 1162 37 21 der
749 1161 52 22 dock
817 1163 44 20 mot
876 1161 101 22 mantalet

219 1204 73 13 svarar
308 1205 24 12 en
349 1196 49 21 vida
413 1199 66 19 större
492 1195 104 29 jordareal
612 1201 25 16 än
654 1196 6 20 i
676 1195 143 22 förstnämnda
831 1195 85 22 trakter.
933 1195 44 22 Det

219 1235 23 16 är
258 1231 53 21 dock
327 1230 18 29 ej
361 1230 32 21 för
408 1233 30 19 att
454 1230 106 28 tillstyrka
576 1238 25 13 en
618 1230 128 21 allmännare
760 1229 117 29 jemkning,
891 1229 86 22 Utskot-

219 1268 31 18 tet
266 1265 70 21 anfört
351 1265 59 21 dessa
425 1265 74 25 siffror,
516 1267 50 19 utan
583 1265 51 21 blott
645 1264 67 22 såsom
722 1264 59 21 bevis
792 1263 64 29 derpå
867 1266 31 19 att
909 1264 68 21 denna

220 1299 142 28 beskattning,
381 1299 86 21 hvilken
488 1307 87 13 numera
592 1299 46 21 icke
655 1299 103 28 uppbäres
773 1298 24 21 af
810 1298 43 21 lika
868 1299 52 27 goda
936 1299 41 21 för-

221 1341 81 17 moner,
318 1341 42 13 som
385 1333 34 21 vid
443 1333 46 21 dess
512 1333 116 25 införande,
646 1332 80 28 jemväl
746 1333 161 27 ursprungligen
923 1333 54 21 varit

220 1367 91 28 drygare
326 1372 25 16 än
368 1367 46 26 den,
429 1375 42 14 som
484 1367 66 28 enligt
560 1367 64 22 andra
634 1366 261 29 skattläggningsmetoder
905 1374 72 14 senare

221 1401 92 22 kommit
327 1401 32 22 till
375 1401 60 22 stånd
452 1401 6 21 i
473 1402 26 21 de
514 1402 59 21 flesta
589 1401 65 28 öfriga
669 1402 57 20 delar
742 1401 23 21 af
778 1401 75 21 landet.

293 1441 143 18 Statsutekottete
448 1441 108 17 betänkande
571 1441 32 15 N:o
618 1441 24 16 13.
