1070 1795
262 155 277 22 Petitionsbetänkande
554 156 45 22 N:o
616 156 38 22 29.
795 157 12 20 5

79 223 63 21 fällor
164 223 41 22 och
226 231 74 13 snaror
319 223 73 22 blifvit
407 224 86 28 mycket
509 225 93 20 allmänt.
631 224 67 21 Detta
713 225 7 20 i
736 225 101 28 förening

78 257 49 21 med
146 257 154 28 skjutvapnens
316 257 72 28 billiga
404 259 44 27 pris
463 258 55 21 hade
535 258 93 21 medfört
644 266 26 13 en
685 258 24 22 så
725 259 58 21 stark
800 259 36 21 be-

79 291 110 28 skattning
211 291 23 22 af
256 291 41 22 den
318 293 82 27 nyttiga
420 292 116 21 vildnaden
558 293 7 20 i
580 293 78 26 landet,
674 295 31 19 att
720 296 115 18 stammens

80 325 85 22 trefnad
189 326 40 21 och
253 326 91 21 bestånd
366 327 6 20 i
396 327 43 28 hög
457 326 52 29 grad
526 327 159 28 äfventyrades,
700 327 73 22 derest
787 327 49 22 icke

79 360 180 28 ändamålsenliga
274 360 100 29 åtgärder
388 361 96 21 deremot
500 361 7 21 i
522 361 32 21 tid
569 361 105 28 vidtoges.

147 394 52 22 Med
222 395 115 28 anledning
357 395 23 21 af
394 395 70 21 denna
479 395 157 29 framställning
651 395 108 22 förelades
772 395 63 22 Stän-

79 429 66 21 derna
167 429 37 21 vid
224 431 54 20 1882
294 430 34 20 års
342 429 104 28 landtdag
460 430 66 27 nådig
541 431 132 27 proposition
689 430 49 21 med
754 430 81 27 förslag

79 463 32 21 till
125 471 28 20 ny
168 463 126 28 förordning
309 464 6 20 i
331 465 76 25 ämnet,
422 463 87 22 hvilken
525 464 35 21 väl
576 465 6 20 i
598 464 123 21 hufvudsak
733 471 38 14 var
781 471 55 21 upp-

79 497 60 29 gjord
162 498 7 20 i
192 497 221 22 öfverensstämmelse
436 498 49 21 med
509 499 54 21 1868
587 499 33 20 års
639 498 132 28 förordning,
786 505 48 14 men

79 531 56 22 dock
157 531 94 22 innehöll
274 539 26 14 en
316 532 33 21 del
367 533 104 27 vigtigare
486 533 154 28 förändringar.
670 532 95 21 Sålunda
779 532 56 21 hade

79 566 45 21 deri
147 566 66 21 bland
234 566 52 28 djur,
304 567 84 21 hvilkas
403 567 114 21 utrotande
532 567 67 21 borde
614 567 88 28 åsyftas,
717 567 80 28 tillagts
813 567 19 27 ej

79 600 81 21 mindre
175 603 57 18 utter
247 603 26 18 än
289 601 51 26 falk,
355 601 59 26 vråk,
430 601 60 28 korp,
505 601 73 26 kråka,
593 601 62 21 skata
666 601 40 22 och
716 601 118 26 nötskrika,

79 634 111 21 hvarutom
214 635 6 20 i
243 634 103 29 förslaget
366 635 73 28 ingick
460 638 31 18 ett
506 635 118 28 stadgande
640 635 79 26 derom,
735 638 32 18 att
782 635 51 26 katt,

79 676 46 13 som
146 669 126 22 anträffades
294 669 125 22 ströfvande
442 670 98 28 omkring
555 671 7 20 i
577 670 54 28 skog
646 669 41 22 och
702 669 61 28 hage,
777 669 56 28 finge

79 703 81 21 saklöst
175 703 73 26 dödas,
264 703 82 22 hvilket
361 703 143 22 motiverades
520 704 93 27 dermed,
629 707 31 18 att
675 703 59 22 detta
745 703 89 28 husdjur

79 737 28 28 på
128 737 70 28 grund
213 737 23 21 af
251 737 48 22 dess
315 737 135 28 benägenhet
465 741 31 18 att
511 738 92 21 förstöra
616 740 41 26 ägg
673 738 40 21 och
728 745 68 20 ungar
811 737 23 21 af

79 771 104 28 småfågel
204 771 111 22 äfvensom
336 772 67 21 andra
425 773 82 27 nyttiga
530 772 69 28 fåglar
622 772 39 21 och
682 772 48 28 djur
745 771 88 22 borde
821 767 15 37 i

79 805 76 28 antydt
176 805 39 22 fall
238 806 106 21 betraktas
368 806 70 21 såsom
458 807 121 28 skadedjur.
610 807 67 21 Snara
692 806 77 28 ansågs
785 806 48 21 icke

80 839 73 22 vidare
169 839 51 22 böra
236 840 69 21 såsom
320 840 145 29 fångstmedel
479 841 80 21 tillåtas
574 844 59 18 utom
649 841 37 21 vid
703 841 108 28 ripfångst
826 841 7 20 i

79 874 161 28 Lappmarkens
263 875 72 26 härad,
356 875 87 21 hvarest
463 875 68 22 sådan
553 875 74 28 fångst
645 875 97 28 utgjorde
758 883 26 13 en
799 875 35 20 för

79 908 154 29 befolkningen
249 909 91 28 behöflig
355 909 157 22 förvärfskälla.
532 909 176 23 Vidkommande
724 909 45 21 åter
779 909 54 21 frid-

79 943 162 28 lysningstiden,
264 943 23 22 sä
302 943 105 29 föreslogs
423 946 32 19 att
470 944 129 26 densamma,
614 951 45 14 som
676 944 68 27 enligt
758 943 75 28 nugäl-

79 977 63 21 lande
164 977 127 29 förordning
305 978 77 21 räknas
398 978 34 21 för
445 986 59 19 svan,
520 978 115 29 ejderhona
650 978 52 21 eller
717 977 47 27 äda,
779 977 56 22 vild-

79 1011 44 28 gäs,
145 1011 110 27 morkulla,
274 1012 41 21 alla
330 1015 56 18 arter
401 1013 23 20 af
439 1012 127 29 andslägtet,
581 1012 79 21 dubbel
676 1012 102 21 beckasin
794 1011 40 22 och

79 1045 106 22 brushane
200 1046 33 21 till
248 1046 40 21 och
304 1046 48 21 med
368 1046 41 21 den
426 1047 27 20 14
467 1047 44 21 Juli
528 1050 55 18 samt
597 1047 34 21 för
646 1047 50 20 hare
708 1046 40 21 och
759 1046 76 28 skogs-

79 1079 58 29 fågel
159 1080 32 21 till
214 1080 41 21 och
276 1081 49 21 med
348 1081 42 21 den
414 1082 12 20 9
446 1082 99 27 Augusti,
560 1081 68 21 skulle
645 1081 65 28 något
724 1081 110 27 förlängas

80 1114 40 21 och
142 1114 52 28 utgä
215 1115 35 20 för
271 1115 26 21 de
313 1115 57 21 förra
385 1115 48 21 med
450 1115 41 21 den
507 1117 26 20 20
549 1115 44 21 Juli
609 1118 55 19 samt
678 1115 34 21 för
726 1115 51 21 hare
793 1114 42 22 och

80 1148 124 28 skogsfägel
219 1149 49 21 med
283 1149 41 21 den
341 1151 26 20 20
383 1150 100 27 Augusti.

148 1183 46 21 Vid
213 1183 158 28 behandlingen
387 1183 23 22 af
425 1183 71 22 denna
511 1184 131 28 proposition
659 1183 75 22 visade
750 1183 36 21 det
801 1184 34 27 sig

79 1217 63 26 dock,
162 1220 32 18 att
215 1217 60 22 tiden
290 1218 34 21 för
338 1218 104 21 reformer
457 1219 6 20 i
479 1217 64 22 dessa
557 1217 117 22 afseenden
690 1219 57 19 ännu
762 1218 18 27 ej
796 1225 39 14 var

79 1251 105 22 kommen.
213 1244 115 36 Äsigterna
347 1251 91 22 rörande
461 1251 173 22 enskildheterna
656 1252 6 21 i
680 1251 154 28 förordningen

79 1286 64 27 gingo
165 1286 87 28 mycket
266 1286 81 28 ätskils,
363 1287 40 21 och
418 1286 78 28 frägan
510 1286 38 21 föll
564 1286 35 21 för
613 1286 41 21 den
670 1285 91 28 gängen,
776 1287 6 19 i
798 1285 37 22 det

80 1319 120 22 Ständerna
220 1320 89 28 ansägo,
330 1323 32 18 att
386 1320 68 21 under
479 1320 42 21 den
543 1320 32 21 tid
600 1320 155 27 förordningen
779 1320 56 21 varit

79 1354 98 28 gällande
190 1354 115 28 tillräcklig
315 1354 121 22 erfarenhet
451 1356 57 20 ännu
523 1355 19 27 ej
558 1355 86 21 vunnits
661 1353 130 22 beträffande
807 1353 28 21 de

79 1388 155 29 förändringar,
249 1396 45 14 som
309 1397 51 13 vore
376 1388 23 22 af
413 1388 105 22 behofvet
533 1388 117 29 päkallade.

148 1423 46 22 Vid
217 1424 55 21 1888
295 1423 33 21 ärs
350 1423 104 28 landtdag
477 1426 92 25 upptogs
585 1423 88 21 ärendet
688 1423 61 28 änyo,
763 1422 72 21 denna

79 1457 57 29 gäng
156 1458 7 20 i
185 1457 56 22 form
257 1457 23 21 af
294 1457 179 28 motionsförslag.
503 1457 54 21 Häri
573 1457 100 21 anfördes
689 1456 64 22 bland
769 1459 66 18 annat

147 1497 48 22 Lag-
208 1497 33 18 och
253 1497 181 18 Ekonomiutskottets
447 1497 111 18 betänkande
570 1497 38 18 N:o
624 1497 14 17 7.
