1070 1795
273 160 277 23 Petitionsbetänkande
571 160 43 22 N:o
629 160 39 22 43.
809 161 12 20 7

90 231 76 23 städer,
183 231 35 19 der
232 231 110 23 maximum,
355 231 44 18 med
414 230 109 25 styrelsens
545 229 107 25 samtycke,
675 230 90 19 nedsatts
787 229 65 20 under

90 259 29 20 25
142 261 72 22 röster,
230 259 106 20 detsamma
357 259 95 19 bestämts
471 259 30 19 till
517 258 34 20 10.
580 258 82 19 Antalet
678 257 27 20 10
721 263 42 14 som
776 258 72 24 jemväl

89 288 119 25 godkändes
232 287 21 20 af
269 287 78 20 Preste-
364 288 36 19 och
416 287 154 20 Bondestånden
586 287 33 19 vid
635 286 55 20 1885
706 287 33 19 års
754 287 97 24 landtdag

91 317 48 23 kan,
162 317 78 19 derföre
262 317 97 18 måhända
383 321 58 14 anses
464 316 64 19 såsom
551 315 90 25 lämpligt
658 316 71 23 högsta
744 315 106 20 röstetal
841 311 14 33 i

90 345 132 20 förevarande
244 345 99 19 afseende.
373 345 40 19 Det
428 347 23 17 är
466 345 114 22 visserligen
597 346 65 21 sannt,
678 347 29 16 att
722 344 67 24 hvarje
805 349 44 18 gra-

89 374 78 19 duerad
190 374 106 23 röstskala,
317 373 77 20 således
414 373 58 20 äfven
489 373 37 19 den
541 379 42 13 som
598 373 36 19 har
650 373 30 18 till
694 373 104 18 maximum
815 372 34 24 10,

90 403 106 24 möjliggör
217 403 150 23 minoritetsval,
384 407 32 15 om
431 401 141 20 innehafvarne
588 401 22 20 af
624 402 24 19 de
663 401 61 24 högre
740 401 109 20 röstetalen

94 432 70 19 förena
180 431 36 26 sig.
247 431 46 19 Men
308 431 54 19 klart
376 433 23 17 är
412 433 30 17 att
462 436 68 18 genom
549 430 87 24 antydda
652 430 96 23 sänkning
764 430 21 19 af
798 432 53 17 röst-

90 461 105 18 maximum
211 459 150 20 sannolikheten
378 459 20 20 af
412 459 67 24 dylika
495 459 30 19 val
541 459 97 24 betydligt
653 459 92 22 minskas,
760 460 50 17 samt
820 460 29 17 att

91 489 39 18 den
150 488 100 19 minoritet
272 488 21 19 af
311 489 80 23 väljare,
411 493 41 14 som
468 488 51 19 skall
535 487 66 20 kunna
616 487 136 24 genomdrifva
767 489 29 17 ett
811 487 38 23 val,

89 517 64 20 måste
176 518 6 17 i
198 518 117 22 genomsnitt
335 522 47 13 vara
402 517 79 22 mycket
504 518 65 18 större
585 518 23 17 än
625 517 37 18 den
678 515 31 20 för
724 516 124 19 närvarande

91 545 95 20 behöfver
202 551 46 14 vara
264 546 39 18 det.
332 545 47 19 Med
395 545 63 19 andra
473 545 36 19 ord
525 545 23 19 de
564 545 76 19 mindre
656 545 111 23 förmögnes
784 545 65 18 inver-

90 575 41 18 kan
147 574 26 25 på
188 575 55 18 valen
260 574 50 19 skall
326 574 80 19 relativt
423 574 97 24 betydligt
535 574 57 23 stiga.

160 602 44 19 Mot
220 603 33 19 det
267 603 125 18 kommunala
407 603 108 18 skattörets
531 602 113 24 lämplighet
659 603 30 18 att
704 603 70 22 utgöra
785 601 63 24 grund

90 631 33 20 för
138 632 36 19 den
191 631 95 24 politiska
301 633 108 18 rösträtten
428 632 51 18 talar
501 631 115 23 visserligen
632 631 45 18 dess
692 629 157 24 föränderlighet

88 661 104 18 äfvensom
207 663 29 16 att
250 660 156 19 bestämmandet
426 659 22 19 af
462 660 45 28 dess
523 660 72 23 belopp
612 659 31 19 för
658 659 68 24 hvarje
742 659 51 24 gång
808 659 39 19 kan

90 689 49 19 bero
154 689 22 19 af
190 688 98 24 tillfälliga
304 688 173 23 omständigheter.
493 689 17 18 Å
525 688 62 19 andra
603 688 57 19 sidan
675 688 38 19 kan
730 687 52 20 dock
793 687 55 20 anfö-

90 723 41 18 ras,
154 719 30 18 att
206 717 33 19 det
262 719 58 22 utgör
342 723 24 13 en
381 717 61 23 något
463 717 21 19 så
499 720 36 16 när
557 717 59 19 säker
631 716 106 19 måttstock
753 716 30 19 för
799 716 24 19 de
836 716 12 19 å

88 746 68 19 skilda
170 749 54 16 orter
239 746 87 19 rådande
342 745 303 24 förmögenhetsförhållandena.
667 745 27 19 Af
708 745 65 18 denna
788 745 60 19 orsak

89 775 58 19 torde
163 775 34 18 det
212 775 123 19 kommunala
356 775 99 18 skattöret
469 774 49 19 böra
534 774 108 19 tillsvidare
658 773 108 20 bibehälias
783 773 64 20 såsom

88 804 65 23 grand
169 804 31 19 för
216 803 103 24 valrätten,
333 803 52 19 helst
400 809 44 13 man
460 803 83 19 sälunda
564 803 63 18 skulle
642 803 58 18 minst
716 801 87 24 aflägsna
819 802 29 23 sig

89 831 45 20 frän
150 832 34 19 det
199 837 25 14 nu
240 832 113 19 bestäende.
384 832 39 19 Det
439 831 158 20 hittillsvarande
613 831 97 19 minimum
726 831 22 19 af
758 829 13 20 2
785 831 62 19 skatt-

88 863 51 16 ören
154 861 65 18 såsom
235 861 65 18 vilkor
315 860 30 19 för
361 860 11 19 1
389 862 43 17 röst
447 860 33 19 vid
495 860 207 23 landtdagsmannava!
718 859 61 19 borde
792 859 56 19 bibe-

88 889 71 25 hällas,
176 889 31 19 för
221 891 29 17 att
265 889 44 19 icke
323 889 93 24 borttaga
431 889 97 19 valrätten
544 888 44 19 frän
603 894 103 19 personer,
721 893 41 14 som
776 887 71 20 hittills

88 918 92 19 innehaft
195 918 45 19 den.
270 918 86 19 Sälunda
372 918 63 19 skulle
451 917 13 19 2
480 918 102 19 skattören
597 917 53 24 gifva
666 916 11 19 1
694 919 49 22 röst,
756 916 12 19 3
784 916 63 19 skatt-

88 948 50 17 ören
154 945 13 20 2
183 947 71 23 röster,
270 945 13 20 4
299 947 102 18 skattören
416 946 13 19 4
444 948 73 21 röster,
533 945 12 20 5
559 946 101 19 skattören
672 946 12 18 5
696 947 65 18 röster
771 950 18 14 o.
801 951 15 13 s.
828 951 19 13 v.

87 981 42 18 upp
145 975 29 19 till
191 974 33 20 10.

158 1003 40 20 Det
212 1004 36 19 har
263 1004 51 19 dock
329 1003 44 20 med
388 1003 61 24 nägot
465 1003 44 19 skäl
524 1003 107 22 anmärkts,
648 1004 29 18 att
692 1003 24 18 de
732 1002 65 19 skilda
807 1005 40 16 ste-

87 1039 46 18 gen,
149 1033 21 19 sä
191 1034 30 17 att
243 1035 53 21 säga,
318 1033 26 23 pä
366 1032 37 19 den
426 1032 110 23 graderade
558 1031 113 20 röstskalan
687 1031 61 19 blifva
763 1031 36 19 allt
814 1030 33 20 för

89 1061 48 24 smä,
153 1061 25 20 dä
194 1061 60 19 redan
270 1061 89 24 tillägget
375 1060 21 19 af
410 1059 12 20 1
439 1061 96 23 skattöre,
551 1066 41 13 som
607 1060 31 19 till
653 1060 95 24 beloppet
758 1060 89 19 varierar

87 1090 46 19 frän
149 1089 41 20 200
205 1090 31 19 till
251 1089 42 20 400
309 1089 61 24 mark,
386 1089 39 19 kan
442 1089 52 24 gifva
510 1089 8 19 ]
538 1091 52 17 rösts
605 1089 93 19 tillskott.
716 1088 47 19 Man
779 1088 66 19 kunde

87 1119 81 19 derföre
184 1119 60 18 tänka
259 1119 30 23 sig
304 1120 28 17 ett
348 1118 72 19 sädant
435 1118 112 23 alternativ,
563 1120 36 21 att,
615 1118 43 18 med
674 1117 139 19 bibehällande
826 1116 22 20 af

86 1148 102 19 skattöret
203 1147 63 19 säsom
282 1147 62 24 grund
364 1146 32 19 för
415 1147 186 23 röstberäkningen,
623 1149 67 20 stegen
706 1148 56 21 toges
778 1145 68 24 längre

87 1178 29 21 ut,
133 1179 14 16 t.
163 1181 30 14 ex.
209 1175 83 20 sälunda
310 1177 30 18 att
360 1174 13 20 2
392 1175 104 19 skattören
515 1175 56 23 gäfve
593 1175 11 18 1
620 1177 49 21 röst,
685 1174 13 19 4
714 1174 103 19 skattören
833 1173 12 20 2

87 1207 73 21 röster,
184 1205 12 18 6
217 1204 101 19 skattören
341 1203 13 20 3
377 1206 66 17 röster
465 1209 18 14 o.
500 1209 16 14 s.
532 1209 25 18 v.,
572 1203 44 19 med
632 1205 29 17 ett
676 1203 36 19 ord
728 1206 30 16 att
772 1203 45 19 icke
833 1202 11 19 1

87 1237 48 16 utan
157 1232 13 20 2
186 1233 88 19 skattöre
298 1233 62 19 skulle
384 1232 52 24 gifva
452 1231 12 20 1
487 1234 42 17 röst
544 1232 29 19 till
589 1232 25 24 pä
630 1232 37 19 den
683 1231 94 24 politiska
793 1233 52 17 röst-

87 1263 77 18 skalan.
194 1261 56 20 Dock
274 1261 60 20 måste
357 1261 134 24 ifrågasättas,
515 1267 30 13 om
567 1261 45 19 icke
631 1261 6 18 i
658 1260 71 19 sådant
744 1259 34 20 fall
793 1261 53 18 röst-

86 1291 104 19 maximum
206 1290 61 19 borde
283 1292 62 17 sättas
360 1290 68 23 längre
444 1292 25 17 än
487 1289 32 24 10,
535 1290 26 23 pä
572 1289 33 20 det
617 1289 43 20 icke
673 1289 172 24 förmögenhetens

85 1319 111 24 inflytande
212 1319 43 19 åter
270 1319 64 19 blefve
350 1317 130 21 öfverhöfvan
497 1321 56 16 stort.

156 1348 40 18 Det
218 1347 58 19 faller
295 1346 21 20 af
334 1348 29 23 sig
379 1346 59 24 sjelft,
460 1349 30 17 att
505 1352 30 14 om
551 1352 24 13 en
591 1346 165 24 ständerpetition
771 1345 7 19 i
793 1345 52 19 före-

87 1376 87 19 varande
189 1376 73 19 ärende
278 1376 64 19 denna
357 1376 51 23 gång
424 1375 87 20 kommer
526 1375 29 19 till
567 1374 65 26 stånd,
646 1374 37 19 den
694 1374 62 19 borde
767 1373 79 20 anhålla

85 1411 33 13 om
134 1405 173 24 undanrödjandet
321 1405 21 19 af
356 1405 38 18 den
410 1404 137 19 obestämähet
562 1409 42 14 som
618 1403 90 20 vidläder
717 1403 23 18 L.
752 1402 33 19 O:s
796 1402 10 25 $
819 1401 26 20 12

86 1433 45 20 med
152 1433 93 20 afseende
266 1433 12 20 &
299 1433 23 19 de
345 1433 43 20 frän
411 1433 75 19 valrätt
508 1432 99 19 uteslutne
628 1432 115 23 kategorier
758 1431 21 19 af
792 1431 53 18 med-

86 1462 92 24 borgare.
213 1461 40 20 Det
273 1462 81 25 förslag,
377 1467 41 14 som
442 1461 122 20 beträffande
587 1461 64 19 denna
673 1460 63 25 punkt
756 1459 89 24 ingick
829 1455 18 36 i

155 1505 130 23 Lagutskottets
298 1505 112 18 betänkande
421 1505 38 18 N:o
472 1505 28 18 14.
