1070 1795
252 127 13 21 2
404 126 279 23 Petitionsbetänkande
698 125 46 23 N:o
759 125 39 22 10.

224 197 108 19 traktande
348 197 37 18 den
402 195 96 24 ofantliga
513 196 131 22 verksamhet,
660 201 41 14 som
718 201 26 13 nu
760 195 32 19 för
807 195 54 19 tiden
872 195 6 19 i
889 195 45 20 hela
945 195 38 19 den

223 226 79 19 kristna
324 225 82 19 verlden
428 225 102 19 utvecklas
545 225 97 19 särskildt
656 224 52 19 hvad
724 223 96 20 beträffar
835 224 64 23 gamla
913 224 67 19 Testa-

223 256 86 17 mentets
324 253 99 25 exegetik,
438 253 26 24 på
479 253 75 19 hvilket
570 253 79 19 område
664 253 108 24 hypoteser
796 252 36 20 och
855 255 79 21 system,
958 253 25 18 de

224 289 38 13 ena
284 282 100 24 djärfvare
407 284 25 17 än
448 282 24 19 de
487 282 69 23 andra,
572 282 47 19 hota
634 284 30 16 att
679 281 134 20 omkullkasta
829 281 36 19 allt
880 281 50 20 hvad
944 281 39 19 hit-

224 311 42 20 tills
282 311 36 19 har
330 312 76 18 ansetts
422 316 41 13 som
479 311 64 18 denna
559 310 119 24 vetenskaps
694 310 93 23 grunder,
803 309 74 20 förstår
889 316 43 13 man
946 310 37 18 lätt

224 343 31 16 att
266 340 34 19 det
311 339 31 20 för
357 345 24 13 en
397 339 51 19 enda
463 339 108 24 professor,
587 339 38 18 han
642 339 30 18 må
688 345 48 13 vara
752 340 28 17 ett
795 339 50 18 huru
861 341 50 16 stort
926 338 57 20 snille

224 375 42 13 som
282 368 58 23 helst,
356 370 21 17 är
393 368 82 19 alldeles
486 367 89 24 omöjligt
587 370 29 17 att
626 367 49 24 följa
686 367 44 19 med
742 368 29 18 sin
784 367 29 19 tid
824 367 26 24 på
860 367 40 20 alla
911 367 72 24 ifråga-

224 397 88 20 varande
327 397 100 19 områden.
460 397 59 19 Detta
543 399 22 17 är
581 396 22 20 så
625 397 81 18 allmänt
732 396 85 19 erkändt
842 397 35 22 att,
906 396 21 19 så
942 395 43 19 vidt

222 427 35 23 jag
281 427 39 21 vet,
342 426 34 18 det
399 429 53 15 utom
474 426 85 18 Finland
581 425 45 19 icke
641 424 63 20 finnes
720 427 29 17 ett
764 425 51 19 enda
829 424 155 25 protestantiskt

224 453 126 23 universitet,
366 459 41 14 som
422 453 63 20 skulle
501 453 58 20 hafva
575 453 71 20 endast
661 459 24 14 en
700 453 104 24 professur
819 453 6 18 i
842 453 98 24 exegetik.

294 482 68 19 Under
385 483 74 18 sådana
474 482 137 19 förhållanden
628 485 22 16 är
666 483 33 18 det
714 482 72 23 tydligt
801 483 30 18 att
846 482 136 19 undervisnin-

224 517 38 18 gen
278 511 62 19 måste
355 511 41 19 lida
411 511 6 18 i
432 511 41 19 lika
483 511 39 24 hög
537 511 38 19 och
591 513 52 17 ännu
654 511 60 23 högre
725 511 55 23 grad.
811 511 30 18 De
853 511 43 23 fyra
907 511 77 18 timmar

224 540 7 19 i
254 540 82 23 veckan,
362 540 62 19 under
448 539 68 20 hvilka
540 539 115 24 professorn
680 539 97 20 föreläser
803 539 61 19 turvis
889 540 6 17 i
920 538 65 24 gamla

225 569 39 19 och
286 574 39 19 nya
340 569 143 18 Testamentets
504 568 98 24 exegetik,
627 571 35 16 äro
687 568 45 19 icke
756 573 34 14 ens
806 567 87 24 tillfylles
909 567 31 20 för
954 569 30 17 att

225 599 50 22 göra
294 597 128 19 studenterne
438 597 86 19 bekanta
539 597 44 18 med
599 597 24 18 de
638 597 87 23 mäktiga
740 597 161 23 läroriktningar,
917 596 68 19 hvilka

224 632 28 13 nu
267 626 32 19 för
314 626 53 19 tiden
384 625 108 20 framträda
507 626 36 19 och
559 626 75 23 hastigt
649 626 85 19 utbreda
749 626 28 23 sig
793 625 6 18 i
815 625 39 19 alla
869 627 113 22 protestan-

225 655 54 19 tiska
294 655 76 24 länder,
389 654 94 19 särskildt
496 654 122 19 beträffande
632 655 64 22 gamla
714 654 141 19 Testamentet.
885 653 31 19 En
934 653 49 23 följd

225 683 59 20 häraf
299 685 21 17 är
335 685 30 17 att
380 683 45 23 den,
441 689 41 13 som
497 683 101 23 företager
613 683 29 24 sig
653 685 29 17 att
693 685 90 17 närmare
795 683 80 18 studera
886 682 97 25 exegetik,

226 715 23 16 är
264 715 47 16 utan
327 712 64 23 grund
406 712 37 19 och
458 712 45 19 stöd
517 712 7 18 i
541 712 37 19 den
594 717 64 14 massa
674 711 22 19 af
709 711 163 24 läroriktningar,
888 710 21 19 af
917 711 68 18 hvilka

225 741 51 19 hvar
291 740 37 20 och
338 745 23 14 en
377 740 27 24 på
420 742 28 17 ett
463 740 53 19 klart
526 742 41 17 sätt
577 740 109 19 framställa
696 741 44 18 sina
751 740 95 19 skenbart
857 739 126 24 ovederlägg-

225 769 41 24 liga
279 769 128 24 påståenden.
437 768 79 20 Bristen
531 769 27 24 på
569 769 79 24 ledning
659 771 22 17 är
692 769 97 19 kännbar.
820 769 63 18 Faran
896 770 28 17 att
935 768 50 19 råka

225 798 27 24 på
268 798 82 23 afvägar
365 800 23 17 är
403 799 48 21 stor,
467 798 37 19 och
519 798 65 19 denna
600 798 61 19 borde
677 797 26 24 på
714 800 29 16 ett
754 797 99 20 verksamt
864 799 39 17 sätt
913 798 71 21 motas,

226 827 26 19 då
275 827 34 18 det
330 829 23 16 är
373 827 31 18 väl
425 826 64 19 kändt
509 828 30 17 att
555 827 23 18 de
594 826 79 24 andliga
688 826 159 23 strömnvingarna
863 825 44 20 icke
922 825 63 19 heller

226 855 67 20 lemna
315 855 44 19 vårt
381 855 47 18 land
448 855 101 20 oberördt.
579 855 53 19 Utan
648 857 29 17 att
693 861 34 12 ens
744 855 41 18 tala
800 860 31 13 om
846 854 139 23 omöjligheten

226 884 22 19 af
270 886 30 16 att
321 883 90 24 bibringa
434 889 23 13 en
479 883 183 19 tillfredsställande
678 883 91 24 kunskap
785 883 6 19 i
807 883 97 23 exegetik,
920 882 65 23 hafva,

227 913 63 23 enligt
305 912 51 20 hvad
370 912 34 24 jag
419 915 39 20 vet,
473 913 63 23 aldrig
551 912 67 19 hållits
628 912 145 23 föreläsningar
784 913 6 17 i
801 912 96 23 isagogik,
906 911 78 18 hvilken

226 941 93 24 kunskap
343 941 61 19 likväl
426 941 26 24 på
475 941 48 19 sista
546 941 54 18 tiden
622 941 85 24 uppuätt
722 946 24 13 en
763 944 42 15 stor
820 940 112 23 utveckling
948 939 37 20 och

227 970 131 23 ovilkorligen
377 969 64 19 blifvit
461 975 23 13 en
506 970 173 23 vetenskapsgren.
711 969 39 19 Vid
765 969 81 19 Bibelns
862 969 123 18 autenticitet

229 999 37 19 och
288 999 108 23 integritet,
420 998 66 19 hvilka
502 998 54 19 förut
570 998 65 19 höllos
650 998 32 19 för
697 999 71 22 axiom,
784 998 25 19 ha
824 1003 27 14 nu
866 999 49 18 satts
931 1000 55 16 stora

228 1027 138 24 frågetecken.
395 1027 40 19 Det
456 1029 22 17 är
498 1027 83 19 alldeles
602 1027 122 24 nödvändigt
740 1029 28 17 att
784 1026 115 24 professorn
915 1026 71 19 hinner

228 1062 51 18 egna
298 1056 59 23 nödig
372 1056 173 24 uppmärksamhet
560 1056 21 19 ät
595 1056 167 23 uodervisningen
777 1055 8 19 i
800 1055 95 24 isagogik,
911 1054 77 20 hvilket

226 1085 73 19 hittills
315 1085 17 22 ej
348 1084 51 19 varit
413 1084 82 24 möjligt.

298 1113 78 19 Bristen
399 1113 7 18 i
428 1113 149 24 ifrägavarande
601 1113 92 19 afscende
716 1113 36 18 har
774 1113 17 24 ej
808 1112 97 19 förblifvit
920 1111 65 20 okänd

228 1142 38 19 och
283 1143 17 23 ej
316 1142 62 19 heller
394 1141 94 20 outtalad.
519 1141 56 20 Efter
594 1141 50 24 prof.
660 1141 24 20 A.
701 1141 30 20 W.
746 1141 90 24 Ingmans
847 1141 39 19 död
897 1141 22 18 är
930 1139 57 21 1877

228 1171 116 19 framstälde
367 1171 110 23 teologiska
498 1170 109 19 fakulteten
630 1170 32 19 för
683 1171 147 18 universitetets
845 1169 142 20 konsistorium

228 1202 30 17 ett
273 1199 75 24 förslag
363 1200 29 18 att
407 1199 136 24 professionen
559 1199 7 19 i
578 1199 91 24 exegetik
682 1199 61 19 måtte
760 1199 53 18 delas
825 1199 5 18 i
841 1199 34 18 två
885 1198 100 19 ordinarie

227 1228 145 25 professioner,
389 1227 20 19 af
423 1227 68 20 hvilka
501 1228 38 19 den
550 1233 37 14 ena
599 1228 63 19 skulle
673 1227 83 20 omfatta
767 1228 63 23 gamla
841 1227 145 19 Testamentets

228 1262 72 18 exeges
316 1257 36 19 och
367 1257 89 23 isagogik
473 1256 36 19 och
525 1257 37 18 den
578 1257 62 18 andra
656 1262 38 18 nay
710 1256 144 19 Testamentets
868 1261 70 18 exeges
949 1255 37 19 och

227 1285 97 24 isagogik,
356 1285 146 19 Konsistorium
524 1285 83 19 tillsatte
623 1288 29 16 ett
666 1285 78 19 utskott
760 1285 21 18 af
795 1285 28 18 tio
838 1289 102 19 personer,
955 1283 33 18 till

228 1314 77 20 hvilket
313 1314 77 19 utskott
397 1313 61 20 hörde
467 1313 60 24 proff.
535 1314 71 23 Lagus,
614 1320 16 13 v.
639 1314 83 24 Becker,
729 1313 144 24 Montgomery,
880 1312 108 22 Mechelin,

228 1343 121 21 Johansson,
370 1343 115 21 Lemström,
501 1342 113 23 Estlander,
630 1342 98 24 Råbergh,
745 1340 92 20 Hällstén
853 1342 37 18 och
905 1341 81 22 Mittag-

227 1372 81 19 Leffler.
340 1370 60 20 Detta
420 1371 77 19 utskott
519 1371 95 19 stannade
637 1372 31 18 vid
684 1370 88 24 följande
788 1370 73 19 beslut:
878 1369 110 26 ,utskottet

228 1401 37 19 har
288 1402 46 17 utan
350 1399 225 24 meningsskiljaktighet
590 1401 66 18 ansett
670 1400 30 23 sig
716 1400 49 19 böra
780 1399 82 19 förorda
877 1399 37 18 den
930 1399 6 18 i
952 1403 34 14 an-

228 1429 46 20 förd
297 1429 61 18 måtto
381 1427 112 25 föreslagna
517 1428 104 23 delningen
645 1428 21 19 af
687 1428 138 24 professionen
847 1428 6 19 i
875 1427 113 24 exegetik".

299 1472 103 18 Allmänna
414 1472 170 17 Besvärsutskottets
597 1471 110 19 betänkande
718 1472 37 18 N:o
772 1473 15 17 7.
