1070 1795
175 136 80 23 Ständ.
272 137 52 21 Pet.
343 150 25 3 —
382 137 173 22 Petitionsbet.
571 137 40 21 N:o
626 137 36 21 44.
759 138 12 20 3

44 199 107 22 enskilda
172 199 141 28 lägenheter,
328 198 88 28 hvilka,
435 199 9 21 i
462 198 115 22 anseende
596 198 37 22 till
652 199 149 28 ojemnheten

43 234 9 21 i
65 233 183 28 beskattningen
264 233 42 22 och
320 233 139 22 förändrade
475 233 153 22 ekonomiska
638 233 163 21 förhållanden

44 269 60 20 samt
125 268 169 28 minskningen
316 267 26 22 af
358 267 121 28 särskilda,
499 267 166 29 lägenheterna
680 267 40 22 vid
736 267 64 22 tiden

43 302 38 21 för
97 302 207 29 skattläggningen
319 301 202 29 tillgodoräknade
537 301 185 28 inkomstkällor,
735 301 66 22 torde

44 337 37 21 för
103 336 153 29 möjligheten
278 336 25 21 af
323 337 65 21 deras
412 336 153 21 ekonomiska
583 335 121 22 förkofran
722 336 79 21 vara
790 331 16 39 i

44 371 74 21 behof
132 371 25 21 af
170 371 187 28 skattelindring,
369 371 128 21 hemstälde
509 371 107 27 Senaten,
625 371 117 21 huruvida
750 370 51 22 icke

45 406 102 21 Senaten
162 405 78 22 kunde
256 405 86 21 tillåtas
358 405 8 21 i
382 405 190 21 förekommande
587 405 47 27 fall,
646 405 30 28 på
686 408 116 25 guvernö-

45 448 53 13 rens
115 440 77 21 derom
208 440 82 29 gjorda
305 440 174 28 framställning:
495 440 42 21 och
553 441 56 19 utan
624 441 35 19 att
674 439 28 21 de
717 440 8 20 i
740 441 61 26 1598

45 475 26 21 af
84 474 302 28 landtmäterireglementet
401 474 27 21 af
441 473 44 22 den
497 475 27 21 15
532 473 45 29 Maj
593 474 53 21 1848
656 474 145 28 omnämnda,

47 509 75 22 såsom
148 509 52 28 laga
226 509 51 20 skäl
302 508 143 21 betecknade
471 508 199 29 omständigheter
692 507 109 30 förelåge,

47 543 109 22 förordna
174 543 37 22 till
230 543 256 28 skatteförmedlingars
502 542 171 23 verkställande
689 543 13 20 å
717 542 86 22 sådana

47 577 107 22 enskilda
168 577 135 29 lägenheter
318 578 29 28 på
361 570 78 29 Åland
455 577 43 22 och
510 578 9 21 i
530 577 147 22 kustorterna
685 577 25 21 af
715 577 88 28 Egent-

47 613 49 28 liga
117 613 107 27 Finland,
241 613 80 21 hvilka
339 613 8 20 i
362 612 146 22 förhållande
524 612 37 21 till
577 612 50 21 sina
642 612 162 28 egoförmåner

48 647 43 22 och
106 647 9 21 i
127 646 135 29 jemförelse
277 647 53 21 med
345 647 71 21 andra
427 647 136 28 lägenheter
574 647 62 21 inom
645 654 86 14 samma
740 647 64 21 kom-

48 689 56 14 mun
118 681 114 22 befunnes
248 689 54 14 vara
314 681 154 22 öfverhöfvan
481 681 70 29 drygt
558 681 140 22 beskattade.
723 681 81 22 Såsom

49 716 44 21 den
116 716 25 21 af
162 715 119 29 Styrelsen
304 716 38 21 till
364 716 131 21 Ständerna
513 716 41 21 vid
570 717 53 21 1891
640 716 37 21 års
692 716 113 28 landtdag

49 751 90 28 afgifna
153 751 124 21 berättelse
293 758 36 13 om
344 750 62 22 hvad
422 758 50 14 som
487 751 80 21 blifvit
581 750 117 29 tillgjordt
710 751 8 20 i
728 750 77 22 anled-

49 785 58 28 ning
127 785 25 21 af
166 785 27 21 de
208 785 26 21 af
248 785 130 21 Ständerna
393 785 40 21 vid
448 785 142 28 landtdagen
606 785 24 21 år
648 786 53 21 1888
716 785 89 21 fattade

49 820 78 21 beslut
149 827 41 20 ger
208 819 40 22 vid
266 819 98 28 handen,
380 819 42 22 har
437 819 74 22 Eders
525 819 134 29 Kejserliga
673 819 110 29 Majestät
798 820 8 21 i

50 854 127 28 anledning
192 853 26 22 af
230 854 151 21 omförmälda
396 854 100 29 petition
513 854 103 21 anbefalt
632 854 100 21 Senaten
748 856 35 19 att
798 855 8 20 i

50 889 80 28 hvarje
146 888 111 22 särskildt
271 889 42 21 fall
328 889 118 21 inkomma
462 889 52 21 med
526 889 146 28 underdånig
682 889 125 21 framställ-

50 923 59 28 ning
131 930 37 14 om
190 923 257 29 skatteförmedlingars
471 923 172 22 verkställande
662 924 13 21 &
694 923 111 28 enskilda,

50 957 70 22 altför
142 957 69 28 drygt
233 957 136 22 beskattade
391 958 137 28 lägenheter
550 958 62 21 inom
632 957 175 29 ifrägavarande

50 991 138 22 landsdelar.

121 1026 91 21 Samma
227 1026 225 29 missförhällanden,
469 1027 81 21 hvilka
565 1027 63 29 legat
639 1027 37 22 till
687 1028 76 28 grund
771 1027 37 22 för

53 1061 54 21 1888
131 1061 36 22 ärs
190 1060 110 22 Ständers
323 1061 123 21 omordade
470 1061 100 28 petition
589 1061 43 22 och
650 1062 7 21 i
676 1061 133 22 densamma

51 1094 147 28 framhällits,
215 1095 70 21 hafva
295 1095 35 21 uti
338 1095 46 21 fem
394 1095 115 22 särskilda
517 1096 63 21 inom
588 1096 97 28 Preste-,
694 1096 114 29 Borgare-

53 1129 43 21 och
111 1129 180 22 Bondeständen
302 1129 135 22 framstälda
445 1131 232 27 petitionsmemorial
685 1131 40 21 vid
734 1131 75 21 denna

52 1163 112 28 landtdag
186 1163 80 22 blifvit
290 1164 58 28 ånyo
367 1164 146 29 framhällna,
531 1165 44 22 och
590 1169 44 24 äro,
652 1165 74 29 enligt
742 1165 67 22 Stän-

53 1198 83 21 dernas
152 1198 76 28 tanke,
246 1198 68 22 äfven
330 1200 25 20 sä
370 1199 212 29 behjertansvärda,
599 1202 34 19 att
646 1200 65 21 deras
724 1201 85 28 afhjel-

53 1232 75 29 pande
143 1232 109 21 framstär
268 1233 74 21 säsom
359 1241 29 13 en
403 1233 182 30 nödvändighet.

123 1267 35 20 Dä
180 1267 166 28 lägenheterna
365 1268 8 21 i
388 1268 68 21 dessa
479 1269 94 28 bygder,
597 1270 74 21 säsom
695 1269 69 22 äfven
787 1269 26 22 af

54 1301 102 21 Senaten
172 1301 118 29 päpekats,
307 1302 20 29 ej
344 1302 91 22 kunnat
450 1303 71 22 sedan
536 1303 65 22 tiden
616 1304 37 21 för
664 1304 65 21 deras
738 1304 72 21 skatt-

54 1336 115 28 läggning
184 1336 8 20 i
207 1337 128 21 nämnvärd
349 1337 58 28 grad
418 1337 99 29 utvidga
529 1338 36 21 sin
574 1338 81 21 odlade
663 1339 71 27 mark,
744 1339 67 21 hvar-

55 1372 62 20 emot
133 1370 178 23 arbetskostnad
326 1372 42 21 och
384 1371 150 23 kommunala
545 1373 122 28 utskylder
675 1373 136 28 ansenligen

55 1405 74 27 ökats,
145 1405 44 22 och
207 1405 29 22 dä
254 1406 74 28 fisket,
345 1413 49 15 som
410 1407 38 21 till
463 1407 60 29 dryg
538 1407 37 22 del
591 1410 51 26 togs
658 1408 8 21 i
682 1408 130 29 beräkning

55 1439 40 22 vid
114 1439 214 30 skattläggningen,
348 1441 36 22 för
400 1449 28 14 en
444 1441 87 30 mängd
547 1442 26 22 af
586 1442 225 29 skärgärdshemma-
