1070 1795
290 137 229 23 Petitionsbetänkande
535 137 35 23 N:o
585 137 35 22 27.
780 138 11 21 7

118 196 25 21 är
163 196 55 21 1889
341 190 61 37 1890
521 190 54 37 1891
694 196 55 21 1892

160 230 32 27 6,4
198 229 26 28 9/0
329 230 45 27 12,8
383 229 26 28 90
515 230 32 27 9,8
556 229 26 29 %%
686 231 33 26 5,9
727 229 26 28 9/0

131 289 45 22 Det
191 288 99 22 ernädda
305 288 100 22 resultat
416 288 92 22 fästade
518 288 50 22 icke
579 288 60 22 blott
649 288 172 26 fackmännens,

62 325 58 20 utan
129 323 69 22 äfven
206 323 43 22 den
260 324 64 21 stora
334 323 170 22 allmänhetens
516 323 206 27 uppmärksamhet
733 323 38 21 vid
779 323 43 21 den

62 358 148 27 genomförda
228 357 120 27 reformen,
368 357 94 22 hvilken
481 357 114 22 alltsedan
614 358 54 21 dess
687 357 61 22 varit
766 357 55 21 före-

63 392 47 22 mål
125 392 36 22 för
175 392 69 28 lifliga
258 391 178 29 meningsbyten
451 392 7 22 i
474 393 85 21 nästan
574 392 45 22 alla
635 392 85 22 länder.
743 389 78 25 Exem-

64 427 47 27 plet
126 427 82 27 följdes
222 427 89 27 ganska
326 428 67 20 snart
408 427 7 21 i
431 423 125 30 Österrike,
567 427 40 21 der
621 427 43 21 den
675 427 12 21 1
703 427 53 21 Juni
767 426 56 21 1890

62 461 133 23 äfvenledes
210 461 100 22 infördes
324 467 29 16 en
368 461 113 27 zontariff,
502 461 2 21 i
519 461 132 22 hufvudsak
666 461 110 27 uppgjord
786 466 35 16 en-

64 495 42 28 ligt
121 496 118 21 enahanda
254 495 112 28 principer
381 502 51 15 som
447 496 44 22 den
505 495 122 28 ungerska,
642 501 53 16 men
711 495 111 27 skiljande

65 530 34 28 sig
115 530 98 22 derifrän
228 530 7 21 i
250 530 116 27 ätskilliga
381 531 103 26 detaljer.
507 530 91 22 Jemväl
614 530 6 21 i
631 526 118 26 Österrike
762 529 60 22 med-

63 565 63 22 förde
142 565 114 22 reformen
272 571 28 16 en
316 565 102 27 betydlig
428 565 103 28 stegring
542 565 26 21 af
575 564 246 28 passagerareantalet,

63 599 122 22 hvaremot
203 599 39 23 det
260 599 120 22 finansiela
398 599 127 22 resultatet
542 599 51 22 icke
612 599 62 22 varit
688 599 47 21 lika
753 605 69 21 gynn-

65 635 69 26 samt,
150 634 7 21 i
172 634 39 22 det
226 635 36 21 att
272 634 241 22 bruitoinkomsterna
523 634 26 21 af
557 633 185 28 personrörelsen
752 633 71 22 under

65 668 39 22 det
119 668 75 22 första
208 669 51 21 året
277 668 59 22 efter
351 669 128 22 reformens
495 668 177 28 genomförande
688 667 69 28 något
771 667 51 22 ned-

64 703 74 28 gingo,
153 703 118 22 hvarefter
286 703 27 22 de
328 703 50 22 åter
394 703 62 22 varit
471 703 7 21 i
494 703 111 27 stigande,
619 703 58 21 dock
694 703 20 26 ej
728 702 47 21 lika
785 702 36 21 ha-

65 738 57 27 stigt
137 744 50 15 som
202 738 6 21 i
224 738 77 27 regeln
318 738 71 22 under
404 738 137 27 föregående
557 737 64 22 tider.
651 737 53 22 Man
719 737 41 22 har
775 737 47 22 der-

64 771 35 22 för
115 772 71 22 också
200 774 48 20 sett
264 773 34 26 sig
313 774 103 25 tvungen
430 773 37 21 att
485 773 69 21 redan
570 772 25 21 år
611 771 56 22 1892
682 772 7 21 i
706 768 116 25 Österrike

65 806 50 23 åter
130 807 94 27 vidtaga
238 813 28 16 en
281 807 92 27 höjning
388 807 7 21 i
410 807 99 22 tariffen.

133 847 10 21 I
158 847 60 22 intet
237 849 71 20 annat
326 847 53 22 land
398 848 42 21 har
461 847 221 27 zontariffsystemet
700 848 60 20 ännu
776 846 47 21 fun-

65 881 35 22 nit
116 882 151 27 användning.
290 881 43 22 Vid
348 881 183 28 öfvervägandet
546 881 112 22 huruvida
673 882 45 26 det,
731 881 29 27 på
775 882 48 20 sätt

65 916 154 27 petitionären
242 916 102 27 föreslår,
364 916 76 22 kunde
460 922 57 15 vara
536 917 51 21 skäl
606 917 37 21 att
660 916 85 27 jemväl
765 915 14 22 å
797 915 26 22 de

65 950 76 22 finska
154 951 150 27 jernvägarne
320 951 105 27 tillämpa
440 951 66 22 detta
521 951 159 26 tariffsystem,
693 951 40 21 bör
744 949 81 28 frågan

65 985 139 22 skärskådas
219 985 65 22 såväl
299 985 51 22 med
366 985 92 28 hänsyn
473 985 36 22 till
524 985 168 22 allmänhetens
703 991 50 16 som
767 985 57 26 jern-

63 1019 239 28 vägsförvaltningens
317 1019 123 22 intressen.

135 1060 43 21 För
192 1060 44 22 den
252 1061 63 20 stora
326 1059 157 22 allmänheten
495 1061 26 20 är
535 1059 39 22 det
584 1059 178 28 uppenbarligen
772 1065 51 22 gan-

65 1094 43 22 ska
127 1094 114 28 likgiltigt,
261 1094 111 21 huruvida
395 1094 27 22 de
446 1095 47 26 pris
513 1100 49 15 som
581 1094 61 27 gälla
660 1094 35 21 för
714 1094 60 21 olika
793 1093 30 22 af-

68 1128 67 22 stånd
152 1131 38 20 äro
206 1129 47 21 lika
268 1129 54 22 eller
336 1129 72 27 något
424 1129 155 26 differerande,
593 1128 59 22 blott
663 1129 27 21 de
701 1130 39 20 äro
752 1129 7 20 i
770 1128 55 27 möj-

65 1163 83 27 ligaste
162 1163 77 22 måtto
252 1163 57 28 låga.
336 1163 49 22 Den
400 1163 133 27 jemförelse
549 1169 50 16 som
615 1163 6 21 i
637 1163 65 22 detta
717 1163 107 22 afseende

64 1197 73 27 gjorts
152 1198 51 21 med
218 1197 128 22 fördelarna
365 1198 27 21 af
404 1198 103 27 enhetlig
521 1198 65 21 tariff
599 1197 35 22 för
653 1198 172 21 brefbefordran

63 1233 26 20 är
108 1232 50 22 icke
177 1232 95 22 hållbar.
301 1232 43 21 För
362 1233 44 21 den
426 1232 225 27 korresponderande
670 1232 155 21 allmänheten

63 1266 90 22 medför
176 1267 38 22 det
236 1267 187 26 ovedersägligen
446 1267 130 26 väsentliga
599 1267 103 26 fördelar,
722 1272 37 16 om
782 1267 43 21 den

65 1301 103 27 ständigt
186 1301 45 22 kan
250 1307 56 16 vara
321 1301 92 22 försedd
428 1301 53 22 med
497 1301 165 22 frankotecken
678 1301 26 21 af
716 1302 36 21 ett
767 1301 57 21 fåtal

66 1335 88 21 valörer
170 1336 41 21 och
227 1336 100 24 sålunda,
343 1337 58 20 utan
417 1336 51 21 fara
487 1336 35 20 för
541 1336 98 26 misstag
658 1336 42 21 och
715 1337 58 20 utan
788 1337 37 19 att

64 1369 35 22 för
115 1370 79 27 hvarje
209 1370 59 28 gång
283 1370 98 22 behöfva
397 1370 77 22 vända
489 1370 34 28 sig
535 1370 35 22 till
584 1370 169 22 vederbörande
764 1372 60 25 post-

63 1405 166 27 myndigheter,
241 1405 46 21 kan
303 1405 108 22 frankera
426 1405 97 22 brefven
534 1405 42 22 och
592 1405 35 21 för
643 1405 182 22 frambefordran

65 1439 111 28 nedlägga
194 1440 117 21 desamma
329 1440 7 21 i
352 1445 29 16 en
399 1439 114 27 postlåda.
544 1439 56 22 Helt
615 1441 71 20 annat
702 1441 25 20 är
742 1439 83 22 förhål-

132 1497 180 22 Jernvägsutskottets
324 1497 113 18 betänkande
450 1496 35 18 N:o
497 1496 18 17 2.
