1070 1795
291 149 278 22 Petitionsbetänkande
585 149 45 22 N:o
646 149 20 22 7.
815 149 12 20 3

99 215 151 27 (Öfversättning).

244 260 51 19 Till
318 259 171 19 Hedervärda
510 259 207 19 Bondeståndet.

170 306 73 19 Helsan
265 307 22 18 är
309 305 140 19 männniskans
471 305 116 24 dyrbaraste
610 305 105 24 egendom;
738 305 63 18 denna
816 303 39 20 för-

101 337 48 17 utan
170 335 38 19 kan
230 334 114 19 människan
360 333 102 20 utvecklas
478 334 87 19 hvarken
581 334 6 18 i
603 333 77 24 andligt
695 333 49 19 eller
758 333 99 19 materielt

101 363 101 20 afseende.
232 362 60 19 Detta
315 363 23 19 är
360 367 38 18 nog
421 362 50 19 både
494 363 61 18 kändt
577 363 37 18 och
638 362 93 23 erkändt;
754 367 43 14 men
816 361 39 20 tills

101 392 69 19 vidare
193 392 35 18 bar
243 397 43 13 man
303 391 50 19 dock
370 391 72 18 skridit
458 391 29 18 till
501 391 143 24 jämförelsevis
661 391 20 18 få
696 391 102 23 ätgärders
814 391 41 18 vid-

101 420 85 24 tagande
206 420 31 19 för
252 420 120 19 bevarandet
387 420 21 18 af
423 420 64 18 denna
503 420 86 24 dyrbara
604 420 64 24 gäfva.
698 419 118 24 Isynnerhet
831 419 25 24 pä

101 449 135 23 landsbygden
252 450 22 17 är
289 448 189 19 helsoförhällandet
493 449 78 23 mycket
587 448 204 20 otilliredsställande.
817 448 38 18 Lä-

102 477 155 20 karedistrikten
281 478 34 17 äro
338 479 52 16 ännu
406 476 61 19 altför
482 477 129 23 vidsträckta,
628 477 5 18 i
650 477 107 24 synnerhet
772 477 5 18 i
793 482 64 13 norra

102 505 92 22 Finland,
214 505 36 20 där
265 505 138 23 befolkningen
416 507 22 17 är
449 505 48 24 gles.
520 505 185 20 Kommunalläkare
717 507 34 17 äro
765 505 92 19 anstälda

102 535 6 18 i
131 535 24 18 de
178 534 57 19 flesta
257 533 124 25 förmögnare
398 534 119 23 kommuner,
533 535 37 18 och
586 536 65 17 staten
667 534 35 19 har
718 534 55 23 gifvit
788 533 68 24 rikligt

102 563 70 24 bidrag
190 563 30 18 till
236 563 67 18 desses
318 561 110 20 aflönande.
459 562 46 19 Men
521 562 76 24 fattiga,
614 563 50 23 glest
680 562 105 19 befolkade
801 562 54 19 kom-

102 597 68 14 muner
185 591 67 19 kunna
267 591 17 24 ej
301 591 83 19 bekosta
400 597 50 18 egna
466 591 76 24 läkare;
559 592 24 19 de
599 591 57 19 hafva
672 591 57 19 äfven
741 590 115 20 därförutan

103 620 119 23 tillräckliga
244 619 80 24 utgifter
347 621 30 17 att
399 620 94 19 bestrida.
523 619 74 20 Därför
619 625 46 14 vore
687 621 33 18 det
748 619 107 24 styrelsens

102 649 52 24 plikt
176 651 30 16 att
228 649 68 23 bringa
318 649 85 22 lindring
427 649 6 18 i
455 649 24 18 de
499 649 78 19 mindre
600 649 83 24 lyckligt
705 649 74 18 lottade
803 648 52 19 med-

102 677 109 24 borgarnes
227 677 92 23 ställning
334 677 58 18 äfven
408 677 6 18 i
430 677 55 19 detta
501 677 99 20 afseende.

171 705 69 20 Redan
263 706 32 18 vid
318 704 54 20 1882
395 705 32 20 års
450 706 95 23 landtdag
567 706 65 19 anhöll
656 705 155 23 Bondeständet,
827 707 29 17 att

103 734 105 19 hvartdera
224 733 20 20 af
258 733 109 24 Uleåborgs
383 734 37 19 och
431 735 77 18 Torneå
518 734 263 25 provincialläkaredistrikt
795 734 60 19 måtte

103 762 56 19 delas
181 763 6 18 i
210 765 70 16 tvänne
304 763 86 23 distrikt,
407 767 50 14 samt
481 766 28 15 att
530 763 30 19 till
577 763 139 19 stationsorter
732 764 30 18 för
777 763 24 18 de
817 768 39 18 nya

103 791 202 24 provincialläkarene
328 791 60 19 mätte
411 791 116 20 bestämmas
547 792 114 19 Rovaniemi
687 792 36 19 och
750 792 105 18 Kuusamo.

103 820 65 23 Bägge
193 820 58 19 dessa
274 819 80 19 distrikt
369 819 58 20 hafva
444 820 57 19 äfven
517 821 63 18 blifvit
597 821 76 22 delade,
689 820 36 19 och
741 820 114 19 Rovaniemi

103 848 36 19 har
158 849 6 18 i
180 848 87 23 enlighet
282 849 43 18 med
342 849 118 18 ständernas
476 849 91 19 anhälian
584 849 93 19 bestämts
694 849 29 18 till
740 849 116 22 boningsort

103 877 32 19 för
156 883 24 13 en
204 877 78 23 läkare;
305 882 42 13 men
371 877 100 20 Kuusamo
494 878 50 19 hade
561 878 17 23 ej
594 878 71 23 lyckan
681 877 20 20 fä
716 883 49 18 egen
781 877 74 23 läkare,

103 905 126 19 alldenstund
251 905 117 24 Pudasjärvi
388 905 113 20 bestämdes
516 907 29 18 till
563 907 117 19 stationsort
695 906 31 19 för
742 907 36 18 den
795 906 60 19 andre

103 933 22 20 af
145 934 23 19 de
192 939 38 19 nya
248 934 88 19 läkarne.
367 935 46 18 Man
429 935 62 19 mäste
507 935 103 24 medgifva,
626 938 29 16 att
670 935 18 24 ej
704 935 62 19 heller
781 935 74 18 Pudas-

101 963 51 23 järvi
168 968 36 13 var
219 968 23 13 en
258 963 92 24 olämplig
366 963 117 23 boningsort
497 963 31 20 för
543 964 65 19 denna
623 969 37 18 nye
671 963 185 24 provincialläkare,

103 994 50 16 samt
169 994 30 16 att
214 991 56 19 äfven
287 992 102 19 därstädes
405 991 88 20 förefans
509 994 29 17 ett
553 993 109 23 trängande
678 992 61 19 behof
750 992 21 19 af
781 992 74 23 läkare,

101 1025 44 13 men
161 1020 99 19 Kuusamo
276 1020 122 19 vidsträckta
408 1021 102 19 kommuns
521 1021 130 19 läkarebehof
661 1021 41 19 blef
712 1021 16 24 ej
743 1021 112 23 därigenom

103 1048 89 24 afhjälpt.
224 1048 40 19 Och
287 1048 93 19 behofvet
402 1049 21 19 af
444 1049 69 20 läkare
528 1050 6 18 i
551 1050 63 19 denna
630 1050 90 19 kommun
738 1052 22 16 är
775 1055 80 18 synner-

102 1077 51 23 ligen
178 1077 108 23 trängande
309 1077 56 19 äfven
388 1077 22 20 af
431 1078 37 19 den
492 1078 66 23 orsak,
575 1081 29 16 att
619 1079 37 18 den
674 1081 53 16 stora
744 1078 111 23 strätvägen

102 1105 43 19 frän
169 1105 59 20 Hvita
250 1105 68 20 hafvet
339 1106 29 19 till
391 1106 102 24 Uleäborg
511 1107 34 23 gär
561 1107 115 24 därigenom
690 1107 37 19 och
743 1106 113 25 sjukdomar

102 1133 74 24 därför,
200 1134 64 19 säsom
286 1134 137 20 erfarenheten
440 1136 58 23 visar,
515 1135 66 20 kunna
596 1136 84 19 utbreda
695 1137 29 22 sig
740 1135 56 20 äfven
812 1134 43 20 frän

102 1163 62 18 andra
180 1163 56 18 sidan
251 1165 91 21 gränsen.

171 1191 28 19 Pä
214 1192 63 23 grund
293 1191 57 20 häraf
364 1191 30 20 fär
408 1192 34 24 jag
457 1192 113 24 ödmjukast
585 1193 85 23 anhälla,
687 1194 29 17 att
731 1193 34 18 det
780 1191 75 20 Heder-

102 1219 61 20 värda
186 1219 83 20 Ständet
292 1220 46 19 ville
354 1220 71 19 förena
440 1221 29 23 sig
485 1221 5 18 i
507 1227 23 13 en
546 1221 92 20 anhållan
654 1221 35 19 hos
706 1221 54 19 Hans
776 1220 79 25 Kejser-

100 1248 40 23 liga
154 1248 95 24 Majestät

375 1290 32 19 att
430 1289 35 20 till
483 1288 114 21 Kuusamo
613 1289 100 21 kommun
730 1289 65 20 mätte
805 1288 51 27 för-

307 1317 75 27 läggas
406 1324 26 13 en
452 1317 31 28 af
501 1320 70 18 staten
590 1318 90 27 aflönad
695 1320 62 19 extra
773 1317 81 21 läkare.

169 1362 133 26 Helsingfors,
318 1363 37 19 den
371 1362 13 20 9
400 1364 96 19 Februari
513 1364 60 20 1894.

565 1415 28 22 P.
609 1415 81 28 Aulin,

452 1453 130 24 Representant
593 1455 28 17 för
633 1455 53 18 Kemi
698 1455 88 23 domsaga.

168 1492 104 19 Allmänna
284 1493 168 18 Besvärsutskottets
465 1494 111 18 betänkande
588 1495 37 18 N:o
638 1496 19 17 5.
