1070 1795
254 161 278 22 Petitionsbetänkande
553 161 45 22 N:o
613 161 39 22 10.
791 163 12 20 5

73 229 101 22 varande
197 229 35 22 tid
255 229 26 22 af
301 229 131 28 synnerligt
453 229 51 21 vikt
526 229 36 21 för
585 229 44 20 den
644 229 75 21 finska
735 229 97 28 kyrkan,

73 263 96 22 emedan
200 263 134 22 därförutan
364 263 40 21 det
430 263 121 28 pågående
576 263 256 28 bibelöfversättnings-

73 298 89 22 arbetet
186 298 51 21 icke
260 297 64 22 torde
349 297 30 28 på
404 299 34 19 ett
463 297 204 22 tillfredställande
690 299 46 19 sätt
751 297 80 22 kunna

72 332 115 22 slutföras.
219 332 30 21 Så
270 332 68 28 länge
362 331 44 22 den
430 331 134 28 exegetiska
586 331 158 29 vetenskapen
771 332 60 21 blott

71 374 56 15 vore
142 365 173 29 representerad
331 366 26 21 af
370 373 26 14 en
412 365 116 22 ordinarie
551 365 73 22 lärare
640 365 40 22 vid
694 366 137 21 universite-

72 403 41 23 tet,
135 400 77 22 blefve
236 403 33 19 ett
291 407 162 22 noggrannare
476 400 43 22 och
542 400 133 28 allsidigare
691 401 100 21 studium
807 400 26 22 af

73 436 133 21 densamma
222 435 51 21 icke
296 435 90 28 möjligt
410 436 20 25 a)
447 434 36 21 till
499 434 58 29 följd
573 434 26 21 af
612 434 44 21 den
672 435 105 21 växande
793 437 38 19 ut-

73 469 135 28 sträckning
224 469 76 22 denna
315 469 135 28 vetenskap,
463 469 72 28 jämte
552 469 28 20 de
596 469 37 20 till
648 469 132 22 densamma
790 469 40 22 hö-

72 504 71 21 rande
159 504 113 28 isagogik,
295 503 123 22 textkritik
442 503 43 21 och
509 503 85 22 biblisk
610 503 125 29 arkeologi,
751 505 8 20 i
774 505 55 21 våra

73 539 73 28 dagar
160 539 90 26 vunnit,
266 539 23 26 b)
310 539 30 28 på
362 538 76 29 grund
454 538 26 21 af
493 538 28 21 de
537 538 147 29 mångsidiga
699 539 131 28 filologiska

73 573 43 22 och
124 573 124 22 historiska
257 573 136 28 kunskaper,
402 580 45 14 som
457 573 36 20 för
502 580 28 13 en
539 578 80 23 exeget
629 576 38 18 äro
675 573 154 28 nödvändiga.

72 608 37 21 Då
123 615 39 20 nu,
178 607 34 21 till
227 607 58 29 följd
302 607 25 21 af
346 615 74 20 yngre
442 607 236 21 universitetslärares
693 608 67 27 ringa
776 607 54 22 aflö-

73 643 57 27 ning
145 642 8 21 i
165 641 134 30 jämförelse
315 641 51 22 med
382 641 28 21 de
426 643 73 19 större
510 641 151 21 ekonomiska
672 641 100 22 fördelar
783 641 44 22 den

72 677 121 28 praktiska
200 677 154 28 prestabanan
368 675 112 29 erbjuder,
491 683 74 20 yngre
575 675 192 29 lärareförmågor
779 676 52 21 icke

72 711 90 21 kunnat
177 711 71 20 fästas
261 710 40 21 vid
322 710 131 21 fakulteten
474 711 75 20 såsom
571 709 108 22 docenter
695 710 55 21 eller
765 713 64 18 extra

73 745 115 21 ordinarie
210 745 146 28 professorer,
377 744 96 21 föreslås
492 752 29 13 en
537 744 96 29 delning
649 745 26 20 af
688 744 43 21 den
748 752 81 21 exege-

71 779 62 22 tiska
157 779 159 28 professionen
340 779 8 20 i
370 782 86 18 tvänne
483 779 114 21 ordinarie
624 779 128 27 lärostolar,
778 787 28 13 en
822 779 8 21 i

72 813 260 29 gammaltestamentlig
348 813 42 21 och
407 821 28 13 en
451 813 8 20 i
475 813 193 28 nytestamentlig
684 813 113 28 exegetik.

140 848 36 21 Då
197 848 124 21 utskottets
346 847 88 28 förslag
459 847 74 22 under
555 847 117 29 förloppet
687 847 25 22 af
733 849 25 20 år
773 849 54 20 1879

72 883 49 20 blef
131 882 96 21 föremål
236 882 36 21 för
280 881 124 29 afgörande
420 882 8 20 i
444 882 165 21 konsistorium
624 882 42 21 och
684 882 146 29 majoriteten

72 917 26 21 af
117 917 135 21 konsistorii
275 917 126 20 ledamöter
416 923 42 14 var
473 916 36 21 för
528 916 44 21 den
587 916 179 29 ifrågavarande
783 917 46 21 del-

71 951 94 28 ningen,
181 951 79 28 ingick
282 951 163 21 konsistorium
461 951 53 20 med
529 951 146 28 underdånig
690 951 138 21 hemställan

71 986 9 21 i
95 988 78 19 ämnet
189 985 52 27 (den
259 987 25 21 10
300 986 53 21 Dec.
372 987 70 24 1879).
476 986 63 20 Efter
555 985 126 22 anförande
698 985 25 22 af
740 985 89 22 utskot-

73 1023 44 18 tets
133 1020 73 21 motiv
221 1020 36 21 för
279 1020 172 29 professionens
471 1020 8 21 i
495 1020 107 28 exegetik
618 1020 102 28 delning,
737 1019 90 22 fortsät-

72 1057 35 19 ter
131 1054 165 22 konsistorium
313 1055 6 20 i
336 1055 75 20 denna
436 1055 76 28 punkt
538 1054 25 21 af
577 1055 35 20 sin
638 1054 138 21 hemställan
798 1055 31 28 på

71 1089 103 28 följande
190 1091 54 19 sätt:
262 1089 64 28 ,Med
342 1089 108 21 afseende
467 1089 13 21 å
495 1089 61 21 hvad
578 1089 97 21 sålunda
690 1089 139 21 framhållits

71 1123 143 22 beträffande
230 1124 44 21 den
290 1123 133 22 nuvarande
439 1123 134 28 exegetiska
595 1123 169 28 professionens
780 1123 49 22 vid-

71 1157 101 22 sträckta
195 1157 143 22 läroområde
359 1157 43 22 har
425 1157 19 29 ej
469 1157 72 22 heller
558 1157 166 22 Consistorium
741 1157 35 22 för
791 1158 36 21 sin

71 1192 38 21 del
123 1192 90 21 kunnat
228 1193 58 27 hysa
298 1193 77 28 någon
388 1192 87 21 tvekan
489 1199 35 14 om
536 1192 206 29 nödvändigheten
756 1192 71 25 däraf,

71 1228 34 19 att
121 1226 126 21 detsamma
263 1226 76 21 blefve
354 1226 117 22 fördeladt
493 1227 30 28 på
539 1229 86 18 tvänne
641 1226 75 21 skilda
731 1227 96 21 lärosto-

69 1261 41 25 lar,
126 1260 61 21 helst
202 1260 39 21 det
263 1261 149 28 grundligare
434 1260 103 21 studium
553 1261 26 20 af
592 1261 28 20 de
636 1261 36 20 till
688 1261 72 27 sagda
774 1268 54 21 pro-

69 1295 87 21 fession
179 1295 103 21 hörande
305 1295 206 28 maktpåliggande
535 1295 140 28 discipliner,
695 1302 49 14 som
760 1296 25 20 af
797 1303 30 13 en

69 1329 72 21 sådan
149 1329 94 27 delning
252 1329 180 29 möjliggjordes,
445 1329 152 21 tvifvelsutan
612 1329 117 21 verksamt
738 1330 90 20 komme

69 1366 35 19 att
126 1364 96 28 bidraga
247 1364 36 21 till
305 1364 111 28 höjandet
439 1363 26 21 af
486 1364 44 21 den
547 1364 129 28 teologiska
693 1364 136 28 bildningen

68 1398 42 22 hos
133 1398 91 21 landets
247 1398 119 21 blifvande
389 1401 102 25 prester;
513 1399 43 21 och
580 1399 34 25 då,
634 1399 38 21 till
687 1399 58 28 följd
761 1399 25 20 af
799 1398 28 21 de

69 1432 173 28 öfvervägande
258 1433 152 21 ekonomiska
431 1432 102 22 fördelar
548 1433 44 21 den
609 1433 118 28 praktiska
743 1434 86 27 presta-

67 1467 76 21 banan
167 1468 107 28 erbjuder
298 1475 106 20 personer
420 1468 53 21 med
489 1467 28 22 de
532 1468 178 28 vetenskapliga
724 1467 103 27 insikter,

135 1508 103 17 Allmänna
251 1508 169 18 Besvirsutskottets
432 1508 112 18 betänkande
556 1508 37 18 N:o
609 1509 13 17 7.
