<?xml version="1.0" encoding="UTF-8"?>
<alto xmlns="http://www.loc.gov/standards/alto/ns-v3#" xmlns:xlink="http://www.w3.org/1999/xlink" xmlns:xsi="http://www.w3.org/2001/XMLSchema-instance" xsi:schemaLocation="http://www.loc.gov/standards/alto/ns-v3# http://www.loc.gov/alto/v3/alto-3-0.xsd">
	<Description>
		<MeasurementUnit>pixel</MeasurementUnit>
		<sourceImageInformation>
			<fileName>/tmp/tess_sem9iv4y_input.PNG</fileName>
		</sourceImageInformation>
		<OCRProcessing ID="OCR_0">
			<ocrProcessingStep>
				<processingSoftware>
					<softwareName>tesseract 5.3.4</softwareName>
				</processingSoftware>
			</ocrProcessingStep>
		</OCRProcessing>
	</Description>
	<Layout>
		<Page WIDTH="1070" HEIGHT="1795" PHYSICAL_IMG_NR="0" ID="page_0">
			<PrintSpace HPOS="0" VPOS="0" WIDTH="1070" HEIGHT="1795">
				<ComposedBlock ID="cblock_0" HPOS="257" VPOS="122" WIDTH="548" HEIGHT="23">
					<TextBlock ID="block_0" HPOS="257" VPOS="122" WIDTH="548" HEIGHT="23">
						<TextLine ID="line_0" HPOS="257" VPOS="122" WIDTH="548" HEIGHT="23">
							<String ID="string_0" HPOS="257" VPOS="123" WIDTH="25" HEIGHT="21" WC="0.96" CONTENT="12"/><SP WIDTH="129" VPOS="123" HPOS="282"/>
							<String ID="string_1" HPOS="411" VPOS="122" WIDTH="280" HEIGHT="23" WC="0.82" CONTENT="Petitionsbetänkande"/><SP WIDTH="15" VPOS="122" HPOS="691"/>
							<String ID="string_2" HPOS="706" VPOS="123" WIDTH="46" HEIGHT="22" WC="0.96" CONTENT="N:o"/><SP WIDTH="15" VPOS="123" HPOS="752"/>
							<String ID="string_3" HPOS="767" VPOS="122" WIDTH="38" HEIGHT="23" WC="0.94" CONTENT="21."/>
						</TextLine>
					</TextBlock>
				</ComposedBlock>
				<ComposedBlock ID="cblock_1" HPOS="229" VPOS="191" WIDTH="766" HEIGHT="1294">
					<TextBlock ID="block_1" HPOS="229" VPOS="191" WIDTH="764" HEIGHT="674">
						<TextLine ID="line_1" HPOS="297" VPOS="191" WIDTH="692" HEIGHT="27">
							<String ID="string_4" HPOS="297" VPOS="191" WIDTH="149" HEIGHT="22" WC="0.88" CONTENT="Beträffande"/><SP WIDTH="14" VPOS="191" HPOS="446"/>
							<String ID="string_5" HPOS="460" VPOS="191" WIDTH="270" HEIGHT="22" WC="0.91" CONTENT="fruntimmersskolorna"/><SP WIDTH="15" VPOS="191" HPOS="730"/>
							<String ID="string_6" HPOS="745" VPOS="191" WIDTH="43" HEIGHT="22" WC="0.96" CONTENT="har"/><SP WIDTH="15" VPOS="191" HPOS="788"/>
							<String ID="string_7" HPOS="803" VPOS="191" WIDTH="44" HEIGHT="22" WC="0.93" CONTENT="den"/><SP WIDTH="11" VPOS="191" HPOS="847"/>
							<String ID="string_8" HPOS="858" VPOS="193" WIDTH="83" HEIGHT="25" WC="0.92" CONTENT="satsen,"/><SP WIDTH="14" VPOS="193" HPOS="941"/>
							<String ID="string_9" HPOS="955" VPOS="193" WIDTH="34" HEIGHT="19" WC="0.96" CONTENT="att"/>
						</TextLine>
						<TextLine ID="line_2" HPOS="229" VPOS="224" WIDTH="760" HEIGHT="30">
							<String ID="string_10" HPOS="229" VPOS="224" WIDTH="30" HEIGHT="22" WC="0.89" CONTENT="de"/><SP WIDTH="22" VPOS="224" HPOS="259"/>
							<String ID="string_11" HPOS="281" VPOS="225" WIDTH="125" HEIGHT="28" WC="0.89" CONTENT="tillgodose"/><SP WIDTH="22" VPOS="225" HPOS="406"/>
							<String ID="string_12" HPOS="428" VPOS="228" WIDTH="33" HEIGHT="19" WC="0.96" CONTENT="ett"/><SP WIDTH="22" VPOS="228" HPOS="461"/>
							<String ID="string_13" HPOS="483" VPOS="226" WIDTH="79" HEIGHT="28" WC="0.93" CONTENT="privat"/><SP WIDTH="14" VPOS="226" HPOS="562"/>
							<String ID="string_14" HPOS="576" VPOS="225" WIDTH="198" HEIGHT="29" WC="0.91" CONTENT="bildningsbehof,"/><SP WIDTH="16" VPOS="225" HPOS="774"/>
							<String ID="string_15" HPOS="790" VPOS="225" WIDTH="106" HEIGHT="29" WC="0.92" CONTENT="ständigt"/><SP WIDTH="15" VPOS="225" HPOS="896"/>
							<String ID="string_16" HPOS="911" VPOS="225" WIDTH="78" HEIGHT="22" WC="0.93" CONTENT="blifvit"/>
						</TextLine>
						<TextLine ID="line_3" HPOS="230" VPOS="259" WIDTH="759" HEIGHT="29">
							<String ID="string_17" HPOS="230" VPOS="259" WIDTH="122" HEIGHT="29" WC="0.76" CONTENT="&amp;beropad."/><SP WIDTH="32" VPOS="259" HPOS="352"/>
							<String ID="string_18" HPOS="384" VPOS="260" WIDTH="41" HEIGHT="21" WC="0.96" CONTENT="Om"/><SP WIDTH="17" VPOS="260" HPOS="425"/>
							<String ID="string_19" HPOS="442" VPOS="260" WIDTH="39" HEIGHT="21" WC="0.93" CONTENT="det"/><SP WIDTH="15" VPOS="260" HPOS="481"/>
							<String ID="string_20" HPOS="496" VPOS="260" WIDTH="70" HEIGHT="21" WC="0.96" CONTENT="äfven"/><SP WIDTH="15" VPOS="260" HPOS="566"/>
							<String ID="string_21" HPOS="581" VPOS="261" WIDTH="74" HEIGHT="20" WC="0.96" CONTENT="måste"/><SP WIDTH="16" VPOS="261" HPOS="655"/>
							<String ID="string_22" HPOS="671" VPOS="260" WIDTH="122" HEIGHT="27" WC="0.96" CONTENT="erkännas,"/><SP WIDTH="16" VPOS="260" HPOS="793"/>
							<String ID="string_23" HPOS="809" VPOS="262" WIDTH="36" HEIGHT="19" WC="0.96" CONTENT="att"/><SP WIDTH="9" VPOS="262" HPOS="845"/>
							<String ID="string_24" HPOS="854" VPOS="259" WIDTH="66" HEIGHT="22" WC="0.93" CONTENT="dessa"/><SP WIDTH="10" VPOS="259" HPOS="920"/>
							<String ID="string_25" HPOS="930" VPOS="259" WIDTH="59" HEIGHT="22" WC="0.93" CONTENT="läro-"/>
						</TextLine>
						<TextLine ID="line_4" HPOS="230" VPOS="293" WIDTH="759" HEIGHT="30">
							<String ID="string_26" HPOS="230" VPOS="294" WIDTH="113" HEIGHT="21" WC="0.91" CONTENT="anstalter"/><SP WIDTH="14" VPOS="294" HPOS="343"/>
							<String ID="string_27" HPOS="357" VPOS="294" WIDTH="71" HEIGHT="21" WC="0.93" CONTENT="hafva"/><SP WIDTH="15" VPOS="294" HPOS="428"/>
							<String ID="string_28" HPOS="443" VPOS="302" WIDTH="28" HEIGHT="13" WC="0.93" CONTENT="en"/><SP WIDTH="20" VPOS="302" HPOS="471"/>
							<String ID="string_29" HPOS="491" VPOS="295" WIDTH="73" HEIGHT="28" WC="0.92" CONTENT="nägot"/><SP WIDTH="15" VPOS="295" HPOS="564"/>
							<String ID="string_30" HPOS="579" VPOS="301" WIDTH="77" HEIGHT="14" WC="0.93" CONTENT="annan"/><SP WIDTH="15" VPOS="301" HPOS="656"/>
							<String ID="string_31" HPOS="671" VPOS="294" WIDTH="96" HEIGHT="29" WC="0.92" CONTENT="uppgift"/><SP WIDTH="14" VPOS="294" HPOS="767"/>
							<String ID="string_32" HPOS="781" VPOS="294" WIDTH="37" HEIGHT="28" WC="0.93" CONTENT="sig"/><SP WIDTH="15" VPOS="294" HPOS="818"/>
							<String ID="string_33" HPOS="833" VPOS="293" WIDTH="111" HEIGHT="30" WC="0.91" CONTENT="förelagd,"/><SP WIDTH="15" VPOS="293" HPOS="944"/>
							<String ID="string_34" HPOS="959" VPOS="297" WIDTH="30" HEIGHT="18" WC="0.97" CONTENT="än"/>
						</TextLine>
						<TextLine ID="line_5" HPOS="229" VPOS="327" WIDTH="760" HEIGHT="30">
							<String ID="string_35" HPOS="229" VPOS="327" WIDTH="160" HEIGHT="29" WC="0.91" CONTENT="gosskolorna,"/><SP WIDTH="23" VPOS="327" HPOS="389"/>
							<String ID="string_36" HPOS="412" VPOS="329" WIDTH="26" HEIGHT="20" WC="0.95" CONTENT="sä"/><SP WIDTH="21" VPOS="329" HPOS="438"/>
							<String ID="string_37" HPOS="459" VPOS="328" WIDTH="68" HEIGHT="29" WC="0.93" CONTENT="följer"/><SP WIDTH="22" VPOS="328" HPOS="527"/>
							<String ID="string_38" HPOS="549" VPOS="328" WIDTH="69" HEIGHT="21" WC="0.93" CONTENT="häraf"/><SP WIDTH="12" VPOS="328" HPOS="618"/>
							<String ID="string_39" HPOS="630" VPOS="328" WIDTH="130" HEIGHT="29" WC="0.92" CONTENT="ingalunda"/><SP WIDTH="8" VPOS="328" HPOS="760"/>
							<String ID="string_40" HPOS="768" VPOS="329" WIDTH="75" HEIGHT="28" WC="0.92" CONTENT="enligt"/><SP WIDTH="14" VPOS="329" HPOS="843"/>
							<String ID="string_41" HPOS="857" VPOS="328" WIDTH="132" HEIGHT="22" WC="0.92" CONTENT="Utskottets"/>
						</TextLine>
						<TextLine ID="line_6" HPOS="229" VPOS="362" WIDTH="760" HEIGHT="29">
							<String ID="string_42" HPOS="229" VPOS="362" WIDTH="78" HEIGHT="26" WC="0.96" CONTENT="tanke,"/><SP WIDTH="17" VPOS="362" HPOS="307"/>
							<String ID="string_43" HPOS="324" VPOS="365" WIDTH="35" HEIGHT="18" WC="0.96" CONTENT="att"/><SP WIDTH="15" VPOS="365" HPOS="359"/>
							<String ID="string_44" HPOS="374" VPOS="362" WIDTH="39" HEIGHT="21" WC="0.93" CONTENT="det"/><SP WIDTH="15" VPOS="362" HPOS="413"/>
							<String ID="string_45" HPOS="428" VPOS="370" WIDTH="54" HEIGHT="14" WC="0.92" CONTENT="vore"/><SP WIDTH="16" VPOS="370" HPOS="482"/>
							<String ID="string_46" HPOS="498" VPOS="366" WIDTH="34" HEIGHT="18" WC="0.97" CONTENT="ett"/><SP WIDTH="15" VPOS="366" HPOS="532"/>
							<String ID="string_47" HPOS="547" VPOS="363" WIDTH="78" HEIGHT="28" WC="0.93" CONTENT="privat"/><SP WIDTH="15" VPOS="363" HPOS="625"/>
							<String ID="string_48" HPOS="640" VPOS="362" WIDTH="197" HEIGHT="29" WC="0.92" CONTENT="bildningsbehof,"/><SP WIDTH="10" VPOS="362" HPOS="837"/>
							<String ID="string_49" HPOS="847" VPOS="369" WIDTH="48" HEIGHT="14" WC="0.96" CONTENT="som"/><SP WIDTH="12" VPOS="369" HPOS="895"/>
							<String ID="string_50" HPOS="907" VPOS="369" WIDTH="82" HEIGHT="22" WC="0.96" CONTENT="genom"/>
						</TextLine>
						<TextLine ID="line_7" HPOS="230" VPOS="396" WIDTH="760" HEIGHT="30">
							<String ID="string_51" HPOS="230" VPOS="396" WIDTH="52" HEIGHT="22" WC="0.93" CONTENT="dem"/><SP WIDTH="25" VPOS="396" HPOS="282"/>
							<String ID="string_52" HPOS="307" VPOS="397" WIDTH="76" HEIGHT="21" WC="0.81" CONTENT="blefve"/><SP WIDTH="22" VPOS="397" HPOS="383"/>
							<String ID="string_53" HPOS="405" VPOS="397" WIDTH="157" HEIGHT="29" WC="0.91" CONTENT="tillgodosedt."/><SP WIDTH="31" VPOS="397" HPOS="562"/>
							<String ID="string_54" HPOS="593" VPOS="397" WIDTH="46" HEIGHT="21" WC="0.96" CONTENT="Det"/><SP WIDTH="21" VPOS="397" HPOS="639"/>
							<String ID="string_55" HPOS="660" VPOS="397" WIDTH="82" HEIGHT="21" WC="0.93" CONTENT="länder"/><SP WIDTH="15" VPOS="397" HPOS="742"/>
							<String ID="string_56" HPOS="757" VPOS="397" WIDTH="52" HEIGHT="21" WC="0.96" CONTENT="icke"/><SP WIDTH="16" VPOS="397" HPOS="809"/>
							<String ID="string_57" HPOS="825" VPOS="397" WIDTH="44" HEIGHT="21" WC="0.96" CONTENT="den"/><SP WIDTH="16" VPOS="397" HPOS="869"/>
							<String ID="string_58" HPOS="885" VPOS="396" WIDTH="105" HEIGHT="22" WC="0.96" CONTENT="enskilda"/>
						</TextLine>
						<TextLine ID="line_8" HPOS="229" VPOS="430" WIDTH="761" HEIGHT="29">
							<String ID="string_59" HPOS="229" VPOS="430" WIDTH="106" HEIGHT="29" WC="0.95" CONTENT="familjen"/><SP WIDTH="23" VPOS="430" HPOS="335"/>
							<String ID="string_60" HPOS="358" VPOS="431" WIDTH="64" HEIGHT="26" WC="0.95" CONTENT="blott,"/><SP WIDTH="16" VPOS="431" HPOS="422"/>
							<String ID="string_61" HPOS="438" VPOS="434" WIDTH="56" HEIGHT="19" WC="0.96" CONTENT="utan"/><SP WIDTH="15" VPOS="434" HPOS="494"/>
							<String ID="string_62" HPOS="509" VPOS="432" WIDTH="81" HEIGHT="20" WC="0.96" CONTENT="landet"/><SP WIDTH="15" VPOS="432" HPOS="590"/>
							<String ID="string_63" HPOS="605" VPOS="432" WIDTH="8" HEIGHT="20" WC="0.96" CONTENT="i"/><SP WIDTH="16" VPOS="432" HPOS="613"/>
							<String ID="string_64" HPOS="629" VPOS="431" WIDTH="51" HEIGHT="21" WC="0.93" CONTENT="dess"/><SP WIDTH="16" VPOS="431" HPOS="680"/>
							<String ID="string_65" HPOS="696" VPOS="431" WIDTH="81" HEIGHT="21" WC="0.96" CONTENT="helhet"/><SP WIDTH="15" VPOS="431" HPOS="777"/>
							<String ID="string_66" HPOS="792" VPOS="431" WIDTH="38" HEIGHT="21" WC="0.93" CONTENT="till"/><SP WIDTH="17" VPOS="431" HPOS="830"/>
							<String ID="string_67" HPOS="847" VPOS="431" WIDTH="92" HEIGHT="26" WC="0.92" CONTENT="bätnad,"/><SP WIDTH="17" VPOS="431" HPOS="939"/>
							<String ID="string_68" HPOS="956" VPOS="433" WIDTH="34" HEIGHT="19" WC="0.96" CONTENT="att"/>
						</TextLine>
						<TextLine ID="line_9" HPOS="230" VPOS="465" WIDTH="761" HEIGHT="29">
							<String ID="string_69" HPOS="230" VPOS="473" WIDTH="29" HEIGHT="13" WC="0.96" CONTENT="en"/><SP WIDTH="17" VPOS="473" HPOS="259"/>
							<String ID="string_70" HPOS="276" VPOS="466" WIDTH="25" HEIGHT="20" WC="0.96" CONTENT="sä"/><SP WIDTH="15" VPOS="466" HPOS="301"/>
							<String ID="string_71" HPOS="316" VPOS="468" WIDTH="48" HEIGHT="19" WC="0.96" CONTENT="stor"/><SP WIDTH="16" VPOS="468" HPOS="364"/>
							<String ID="string_72" HPOS="380" VPOS="465" WIDTH="37" HEIGHT="22" WC="0.96" CONTENT="del"/><SP WIDTH="16" VPOS="465" HPOS="417"/>
							<String ID="string_73" HPOS="433" VPOS="465" WIDTH="25" HEIGHT="22" WC="0.96" CONTENT="af"/><SP WIDTH="13" VPOS="465" HPOS="458"/>
							<String ID="string_74" HPOS="471" VPOS="465" WIDTH="39" HEIGHT="22" WC="0.96" CONTENT="det"/><SP WIDTH="15" VPOS="465" HPOS="510"/>
							<String ID="string_75" HPOS="525" VPOS="473" WIDTH="63" HEIGHT="21" WC="0.93" CONTENT="unga"/><SP WIDTH="15" VPOS="473" HPOS="588"/>
							<String ID="string_76" HPOS="603" VPOS="466" WIDTH="123" HEIGHT="28" WC="0.92" CONTENT="gvinnliga"/><SP WIDTH="16" VPOS="466" HPOS="726"/>
							<String ID="string_77" HPOS="742" VPOS="466" WIDTH="87" HEIGHT="28" WC="0.92" CONTENT="slägtet"/><SP WIDTH="10" VPOS="466" HPOS="829"/>
							<String ID="string_78" HPOS="839" VPOS="473" WIDTH="48" HEIGHT="14" WC="0.96" CONTENT="som"/><SP WIDTH="12" VPOS="473" HPOS="887"/>
							<String ID="string_79" HPOS="899" VPOS="465" WIDTH="92" HEIGHT="28" WC="0.96" CONTENT="möjligt"/>
						</TextLine>
						<TextLine ID="line_10" HPOS="230" VPOS="499" WIDTH="760" HEIGHT="29">
							<String ID="string_80" HPOS="230" VPOS="499" WIDTH="100" HEIGHT="21" WC="0.92" CONTENT="erhäller"/><SP WIDTH="23" VPOS="499" HPOS="330"/>
							<String ID="string_81" HPOS="353" VPOS="499" WIDTH="44" HEIGHT="22" WC="0.93" CONTENT="den"/><SP WIDTH="18" VPOS="499" HPOS="397"/>
							<String ID="string_82" HPOS="415" VPOS="500" WIDTH="130" HEIGHT="28" WC="0.92" CONTENT="dugligaste"/><SP WIDTH="19" VPOS="500" HPOS="545"/>
							<String ID="string_83" HPOS="564" VPOS="499" WIDTH="144" HEIGHT="29" WC="0.88" CONTENT="uppfostran."/><SP WIDTH="32" VPOS="499" HPOS="708"/>
							<String ID="string_84" HPOS="740" VPOS="500" WIDTH="42" HEIGHT="28" WC="0.92" CONTENT="Ty,"/><SP WIDTH="17" VPOS="500" HPOS="782"/>
							<String ID="string_85" HPOS="799" VPOS="499" WIDTH="69" HEIGHT="22" WC="0.92" CONTENT="äfven"/><SP WIDTH="17" VPOS="499" HPOS="868"/>
							<String ID="string_86" HPOS="885" VPOS="507" WIDTH="36" HEIGHT="14" WC="0.96" CONTENT="om"/><SP WIDTH="16" VPOS="507" HPOS="921"/>
							<String ID="string_87" HPOS="937" VPOS="507" WIDTH="53" HEIGHT="14" WC="0.96" CONTENT="man"/>
						</TextLine>
						<TextLine ID="line_11" HPOS="230" VPOS="534" WIDTH="761" HEIGHT="28">
							<String ID="string_88" HPOS="230" VPOS="541" WIDTH="75" HEIGHT="20" WC="0.96" CONTENT="anser,"/><SP WIDTH="23" VPOS="541" HPOS="305"/>
							<String ID="string_89" HPOS="328" VPOS="537" WIDTH="36" HEIGHT="18" WC="0.93" CONTENT="att"/><SP WIDTH="22" VPOS="537" HPOS="364"/>
							<String ID="string_90" HPOS="386" VPOS="534" WIDTH="115" HEIGHT="28" WC="0.92" CONTENT="gvinnans"/><SP WIDTH="21" VPOS="534" HPOS="501"/>
							<String ID="string_91" HPOS="522" VPOS="534" WIDTH="79" HEIGHT="21" WC="0.96" CONTENT="arbete"/><SP WIDTH="23" VPOS="534" HPOS="601"/>
							<String ID="string_92" HPOS="624" VPOS="534" WIDTH="82" HEIGHT="21" WC="0.96" CONTENT="främst"/><SP WIDTH="20" VPOS="534" HPOS="706"/>
							<String ID="string_93" HPOS="726" VPOS="535" WIDTH="42" HEIGHT="20" WC="0.96" CONTENT="bör"/><SP WIDTH="15" VPOS="535" HPOS="768"/>
							<String ID="string_94" HPOS="783" VPOS="541" WIDTH="56" HEIGHT="14" WC="0.93" CONTENT="vara"/><SP WIDTH="15" VPOS="541" HPOS="839"/>
							<String ID="string_95" HPOS="854" VPOS="534" WIDTH="137" HEIGHT="21" WC="0.90" CONTENT="koncentre-"/>
						</TextLine>
						<TextLine ID="line_12" HPOS="230" VPOS="568" WIDTH="760" HEIGHT="29">
							<String ID="string_96" HPOS="230" VPOS="568" WIDTH="54" HEIGHT="21" WC="0.93" CONTENT="radt"/><SP WIDTH="22" VPOS="568" HPOS="284"/>
							<String ID="string_97" HPOS="306" VPOS="569" WIDTH="62" HEIGHT="21" WC="0.93" CONTENT="inom"/><SP WIDTH="24" VPOS="569" HPOS="368"/>
							<String ID="string_98" HPOS="392" VPOS="569" WIDTH="111" HEIGHT="21" WC="0.92" CONTENT="hemmets"/><SP WIDTH="22" VPOS="569" HPOS="503"/>
							<String ID="string_99" HPOS="525" VPOS="569" WIDTH="84" HEIGHT="28" WC="0.92" CONTENT="tränga"/><SP WIDTH="19" VPOS="569" HPOS="609"/>
							<String ID="string_100" HPOS="628" VPOS="569" WIDTH="70" HEIGHT="26" WC="0.92" CONTENT="krets,"/><SP WIDTH="15" VPOS="569" HPOS="698"/>
							<String ID="string_101" HPOS="713" VPOS="572" WIDTH="26" HEIGHT="17" WC="0.97" CONTENT="är"/><SP WIDTH="15" VPOS="572" HPOS="739"/>
							<String ID="string_102" HPOS="754" VPOS="568" WIDTH="41" HEIGHT="21" WC="0.96" CONTENT="det"/><SP WIDTH="14" VPOS="568" HPOS="795"/>
							<String ID="string_103" HPOS="809" VPOS="568" WIDTH="37" HEIGHT="21" WC="0.93" CONTENT="för"/><SP WIDTH="15" VPOS="568" HPOS="846"/>
							<String ID="string_104" HPOS="861" VPOS="568" WIDTH="129" HEIGHT="27" WC="0.91" CONTENT="samhället,"/>
						</TextLine>
						<TextLine ID="line_13" HPOS="230" VPOS="602" WIDTH="761" HEIGHT="29">
							<String ID="string_105" HPOS="230" VPOS="602" WIDTH="20" HEIGHT="29" WC="0.92" CONTENT="ej"/><SP WIDTH="23" VPOS="602" HPOS="250"/>
							<String ID="string_106" HPOS="273" VPOS="602" WIDTH="38" HEIGHT="22" WC="0.92" CONTENT="för"/><SP WIDTH="21" VPOS="602" HPOS="311"/>
							<String ID="string_107" HPOS="332" VPOS="602" WIDTH="104" HEIGHT="29" WC="0.92" CONTENT="familjen"/><SP WIDTH="22" VPOS="602" HPOS="436"/>
							<String ID="string_108" HPOS="458" VPOS="603" WIDTH="99" HEIGHT="20" WC="0.92" CONTENT="allenast"/><SP WIDTH="20" VPOS="603" HPOS="557"/>
							<String ID="string_109" HPOS="577" VPOS="603" WIDTH="27" HEIGHT="21" WC="0.93" CONTENT="af"/><SP WIDTH="20" VPOS="603" HPOS="604"/>
							<String ID="string_110" HPOS="624" VPOS="603" WIDTH="56" HEIGHT="28" WC="0.92" CONTENT="vigt,"/><SP WIDTH="24" VPOS="603" HPOS="680"/>
							<String ID="string_111" HPOS="704" VPOS="605" WIDTH="36" HEIGHT="19" WC="0.96" CONTENT="att"/><SP WIDTH="23" VPOS="605" HPOS="740"/>
							<String ID="string_112" HPOS="763" VPOS="603" WIDTH="28" HEIGHT="21" WC="0.92" CONTENT="de"/><SP WIDTH="17" VPOS="603" HPOS="791"/>
							<String ID="string_113" HPOS="808" VPOS="602" WIDTH="119" HEIGHT="22" WC="0.92" CONTENT="blifvande"/><SP WIDTH="16" VPOS="602" HPOS="927"/>
							<String ID="string_114" HPOS="943" VPOS="605" WIDTH="48" HEIGHT="18" WC="0.93" CONTENT="mö-"/>
						</TextLine>
						<TextLine ID="line_14" HPOS="230" VPOS="636" WIDTH="761" HEIGHT="29">
							<String ID="string_115" HPOS="230" VPOS="637" WIDTH="87" HEIGHT="21" WC="0.92" CONTENT="drarna"/><SP WIDTH="22" VPOS="637" HPOS="317"/>
							<String ID="string_116" HPOS="339" VPOS="637" WIDTH="36" HEIGHT="21" WC="0.93" CONTENT="för"/><SP WIDTH="15" VPOS="637" HPOS="375"/>
							<String ID="string_117" HPOS="390" VPOS="637" WIDTH="139" HEIGHT="21" WC="0.92" CONTENT="kommande"/><SP WIDTH="16" VPOS="637" HPOS="529"/>
							<String ID="string_118" HPOS="545" VPOS="637" WIDTH="168" HEIGHT="28" WC="0.90" CONTENT="generationer,"/><SP WIDTH="17" VPOS="637" HPOS="713"/>
							<String ID="string_119" HPOS="730" VPOS="637" WIDTH="28" HEIGHT="21" WC="0.93" CONTENT="de"/><SP WIDTH="16" VPOS="637" HPOS="758"/>
							<String ID="string_120" HPOS="774" VPOS="637" WIDTH="120" HEIGHT="21" WC="0.92" CONTENT="blifvande"/><SP WIDTH="16" VPOS="637" HPOS="894"/>
							<String ID="string_121" HPOS="910" VPOS="636" WIDTH="81" HEIGHT="29" WC="0.92" CONTENT="uppfo-"/>
						</TextLine>
						<TextLine ID="line_15" HPOS="230" VPOS="670" WIDTH="761" HEIGHT="30">
							<String ID="string_122" HPOS="230" VPOS="671" WIDTH="162" HEIGHT="22" WC="0.92" CONTENT="strarinnorna"/><SP WIDTH="15" VPOS="671" HPOS="392"/>
							<String ID="string_123" HPOS="407" VPOS="671" WIDTH="36" HEIGHT="21" WC="0.96" CONTENT="för"/><SP WIDTH="15" VPOS="671" HPOS="443"/>
							<String ID="string_124" HPOS="458" VPOS="671" WIDTH="39" HEIGHT="21" WC="0.93" CONTENT="det"/><SP WIDTH="15" VPOS="671" HPOS="497"/>
							<String ID="string_125" HPOS="512" VPOS="671" WIDTH="154" HEIGHT="28" WC="0.92" CONTENT="uppväxande"/><SP WIDTH="17" VPOS="671" HPOS="666"/>
							<String ID="string_126" HPOS="683" VPOS="671" WIDTH="86" HEIGHT="29" WC="0.93" CONTENT="slägtet"/><SP WIDTH="16" VPOS="671" HPOS="769"/>
							<String ID="string_127" HPOS="785" VPOS="671" WIDTH="88" HEIGHT="21" WC="0.92" CONTENT="erhälla"/><SP WIDTH="15" VPOS="671" HPOS="873"/>
							<String ID="string_128" HPOS="888" VPOS="679" WIDTH="29" HEIGHT="13" WC="0.93" CONTENT="en"/><SP WIDTH="16" VPOS="679" HPOS="917"/>
							<String ID="string_129" HPOS="933" VPOS="670" WIDTH="58" HEIGHT="22" WC="0.93" CONTENT="bild-"/>
						</TextLine>
						<TextLine ID="line_16" HPOS="230" VPOS="705" WIDTH="761" HEIGHT="29">
							<String ID="string_130" HPOS="230" VPOS="705" WIDTH="66" HEIGHT="28" WC="0.95" CONTENT="ning,"/><SP WIDTH="16" VPOS="705" HPOS="296"/>
							<String ID="string_131" HPOS="312" VPOS="713" WIDTH="47" HEIGHT="13" WC="0.96" CONTENT="som"/><SP WIDTH="18" VPOS="713" HPOS="359"/>
							<String ID="string_132" HPOS="377" VPOS="709" WIDTH="42" HEIGHT="25" WC="0.96" CONTENT="gör"/><SP WIDTH="15" VPOS="709" HPOS="419"/>
							<String ID="string_133" HPOS="434" VPOS="705" WIDTH="50" HEIGHT="22" WC="0.96" CONTENT="dem"/><SP WIDTH="17" VPOS="705" HPOS="484"/>
							<String ID="string_134" HPOS="501" VPOS="706" WIDTH="7" HEIGHT="20" WC="0.95" CONTENT="i"/><SP WIDTH="17" VPOS="706" HPOS="508"/>
							<String ID="string_135" HPOS="525" VPOS="708" WIDTH="84" HEIGHT="19" WC="0.93" CONTENT="största"/><SP WIDTH="9" VPOS="708" HPOS="609"/>
							<String ID="string_136" HPOS="618" VPOS="705" WIDTH="95" HEIGHT="29" WC="0.92" CONTENT="möjliga"/><SP WIDTH="8" VPOS="705" HPOS="713"/>
							<String ID="string_137" HPOS="721" VPOS="705" WIDTH="58" HEIGHT="29" WC="0.96" CONTENT="grad"/><SP WIDTH="9" VPOS="705" HPOS="779"/>
							<String ID="string_138" HPOS="788" VPOS="713" WIDTH="79" HEIGHT="14" WC="0.96" CONTENT="vuxna"/><SP WIDTH="8" VPOS="713" HPOS="867"/>
							<String ID="string_139" HPOS="875" VPOS="706" WIDTH="41" HEIGHT="21" WC="0.96" CONTENT="sitt"/><SP WIDTH="8" VPOS="706" HPOS="916"/>
							<String ID="string_140" HPOS="924" VPOS="705" WIDTH="67" HEIGHT="28" WC="0.96" CONTENT="höga,"/>
						</TextLine>
						<TextLine ID="line_17" HPOS="231" VPOS="740" WIDTH="762" HEIGHT="28">
							<String ID="string_141" HPOS="231" VPOS="740" WIDTH="155" HEIGHT="21" WC="0.91" CONTENT="ansvarsfulla"/><SP WIDTH="22" VPOS="740" HPOS="386"/>
							<String ID="string_142" HPOS="408" VPOS="740" WIDTH="53" HEIGHT="21" WC="0.90" CONTENT="kall."/><SP WIDTH="31" VPOS="740" HPOS="461"/>
							<String ID="string_143" HPOS="492" VPOS="740" WIDTH="54" HEIGHT="21" WC="0.92" CONTENT="Men"/><SP WIDTH="24" VPOS="740" HPOS="546"/>
							<String ID="string_144" HPOS="570" VPOS="740" WIDTH="78" HEIGHT="21" WC="0.92" CONTENT="härtill"/><SP WIDTH="24" VPOS="740" HPOS="648"/>
							<String ID="string_145" HPOS="672" VPOS="740" WIDTH="104" HEIGHT="21" WC="0.96" CONTENT="kommer"/><SP WIDTH="22" VPOS="740" HPOS="776"/>
							<String ID="string_146" HPOS="798" VPOS="740" WIDTH="143" HEIGHT="28" WC="0.96" CONTENT="ytterligare,"/><SP WIDTH="16" VPOS="740" HPOS="941"/>
							<String ID="string_147" HPOS="957" VPOS="742" WIDTH="36" HEIGHT="18" WC="0.96" CONTENT="att"/>
						</TextLine>
						<TextLine ID="line_18" HPOS="230" VPOS="773" WIDTH="762" HEIGHT="29">
							<String ID="string_148" HPOS="230" VPOS="773" WIDTH="43" HEIGHT="22" WC="0.96" CONTENT="hos"/><SP WIDTH="23" VPOS="773" HPOS="273"/>
							<String ID="string_149" HPOS="296" VPOS="781" WIDTH="36" HEIGHT="14" WC="0.96" CONTENT="oss"/><SP WIDTH="16" VPOS="781" HPOS="332"/>
							<String ID="string_150" HPOS="348" VPOS="774" WIDTH="44" HEIGHT="21" WC="0.93" CONTENT="den"/><SP WIDTH="16" VPOS="774" HPOS="392"/>
							<String ID="string_151" HPOS="408" VPOS="774" WIDTH="92" HEIGHT="21" WC="0.92" CONTENT="bildade"/><SP WIDTH="17" VPOS="774" HPOS="500"/>
							<String ID="string_152" HPOS="517" VPOS="775" WIDTH="115" HEIGHT="27" WC="0.92" CONTENT="gvinnans"/><SP WIDTH="16" VPOS="775" HPOS="632"/>
							<String ID="string_153" HPOS="648" VPOS="775" WIDTH="79" HEIGHT="20" WC="0.96" CONTENT="arbete"/><SP WIDTH="15" VPOS="775" HPOS="727"/>
							<String ID="string_154" HPOS="742" VPOS="775" WIDTH="8" HEIGHT="20" WC="0.96" CONTENT="i"/><SP WIDTH="17" VPOS="775" HPOS="750"/>
							<String ID="string_155" HPOS="767" VPOS="774" WIDTH="42" HEIGHT="21" WC="0.93" CONTENT="allt"/><SP WIDTH="15" VPOS="774" HPOS="809"/>
							<String ID="string_156" HPOS="824" VPOS="774" WIDTH="168" HEIGHT="21" WC="0.92" CONTENT="vidsträcktare"/>
						</TextLine>
						<TextLine ID="line_19" HPOS="230" VPOS="807" WIDTH="762" HEIGHT="30">
							<String ID="string_157" HPOS="230" VPOS="808" WIDTH="60" HEIGHT="28" WC="0.93" CONTENT="grad"/><SP WIDTH="23" VPOS="808" HPOS="290"/>
							<String ID="string_158" HPOS="313" VPOS="809" WIDTH="88" HEIGHT="28" WC="0.92" CONTENT="begynt"/><SP WIDTH="22" VPOS="809" HPOS="401"/>
							<String ID="string_159" HPOS="423" VPOS="812" WIDTH="65" HEIGHT="25" WC="0.92" CONTENT="tagas"/><SP WIDTH="24" VPOS="812" HPOS="488"/>
							<String ID="string_160" HPOS="512" VPOS="809" WIDTH="8" HEIGHT="21" WC="0.93" CONTENT="i"/><SP WIDTH="23" VPOS="809" HPOS="520"/>
							<String ID="string_161" HPOS="543" VPOS="809" WIDTH="99" HEIGHT="27" WC="0.92" CONTENT="anspräk"/><SP WIDTH="16" VPOS="809" HPOS="642"/>
							<String ID="string_162" HPOS="658" VPOS="809" WIDTH="36" HEIGHT="21" WC="0.96" CONTENT="för"/><SP WIDTH="16" VPOS="809" HPOS="694"/>
							<String ID="string_163" HPOS="710" VPOS="809" WIDTH="150" HEIGHT="21" WC="0.96" CONTENT="verksamhet"/><SP WIDTH="15" VPOS="809" HPOS="860"/>
							<String ID="string_164" HPOS="875" VPOS="809" WIDTH="30" HEIGHT="27" WC="0.96" CONTENT="pä"/><SP WIDTH="15" VPOS="809" HPOS="905"/>
							<String ID="string_165" HPOS="920" VPOS="807" WIDTH="72" HEIGHT="22" WC="0.96" CONTENT="andra"/>
						</TextLine>
						<TextLine ID="line_20" HPOS="231" VPOS="843" WIDTH="296" HEIGHT="22">
							<String ID="string_166" HPOS="231" VPOS="843" WIDTH="112" HEIGHT="21" WC="0.90" CONTENT="omräden"/><SP WIDTH="16" VPOS="843" HPOS="343"/>
							<String ID="string_167" HPOS="359" VPOS="847" WIDTH="29" HEIGHT="17" WC="0.93" CONTENT="än"/><SP WIDTH="16" VPOS="847" HPOS="388"/>
							<String ID="string_168" HPOS="404" VPOS="843" WIDTH="123" HEIGHT="22" WC="0.92" CONTENT="tillförene."/>
						</TextLine>
					</TextBlock>
					<TextBlock ID="block_2" HPOS="231" VPOS="877" WIDTH="764" HEIGHT="577">
						<TextLine ID="line_21" HPOS="302" VPOS="877" WIDTH="690" HEIGHT="29">
							<String ID="string_169" HPOS="302" VPOS="877" WIDTH="45" HEIGHT="21" WC="0.96" CONTENT="Det"/><SP WIDTH="23" VPOS="877" HPOS="347"/>
							<String ID="string_170" HPOS="370" VPOS="881" WIDTH="25" HEIGHT="17" WC="0.96" CONTENT="är"/><SP WIDTH="18" VPOS="881" HPOS="395"/>
							<String ID="string_171" HPOS="413" VPOS="877" WIDTH="115" HEIGHT="22" WC="0.93" CONTENT="dessutom"/><SP WIDTH="17" VPOS="877" HPOS="528"/>
							<String ID="string_172" HPOS="545" VPOS="878" WIDTH="20" HEIGHT="28" WC="0.91" CONTENT="ej"/><SP WIDTH="17" VPOS="878" HPOS="565"/>
							<String ID="string_173" HPOS="582" VPOS="877" WIDTH="52" HEIGHT="22" WC="0.96" CONTENT="med"/><SP WIDTH="15" VPOS="877" HPOS="634"/>
							<String ID="string_174" HPOS="649" VPOS="877" WIDTH="44" HEIGHT="22" WC="0.93" CONTENT="full"/><SP WIDTH="15" VPOS="877" HPOS="693"/>
							<String ID="string_175" HPOS="708" VPOS="877" WIDTH="101" HEIGHT="22" WC="0.92" CONTENT="rättvisa"/><SP WIDTH="15" VPOS="877" HPOS="809"/>
							<String ID="string_176" HPOS="824" VPOS="877" WIDTH="118" HEIGHT="28" WC="0.92" CONTENT="förenligt,"/><SP WIDTH="15" VPOS="877" HPOS="942"/>
							<String ID="string_177" HPOS="957" VPOS="879" WIDTH="35" HEIGHT="19" WC="0.96" CONTENT="att"/>
						</TextLine>
						<TextLine ID="line_22" HPOS="232" VPOS="911" WIDTH="760" HEIGHT="29">
							<String ID="string_178" HPOS="232" VPOS="911" WIDTH="46" HEIGHT="21" WC="0.92" CONTENT="den"/><SP WIDTH="23" VPOS="911" HPOS="278"/>
							<String ID="string_179" HPOS="301" VPOS="911" WIDTH="121" HEIGHT="29" WC="0.92" CONTENT="gvinnliga"/><SP WIDTH="16" VPOS="911" HPOS="422"/>
							<String ID="string_180" HPOS="438" VPOS="912" WIDTH="133" HEIGHT="28" WC="0.92" CONTENT="ungdomen"/><SP WIDTH="16" VPOS="912" HPOS="571"/>
							<String ID="string_181" HPOS="587" VPOS="915" WIDTH="82" HEIGHT="25" WC="0.92" CONTENT="vägras"/><SP WIDTH="22" VPOS="915" HPOS="669"/>
							<String ID="string_182" HPOS="691" VPOS="919" WIDTH="28" HEIGHT="14" WC="0.93" CONTENT="en"/><SP WIDTH="16" VPOS="919" HPOS="719"/>
							<String ID="string_183" HPOS="735" VPOS="911" WIDTH="100" HEIGHT="28" WC="0.92" CONTENT="förmän,"/><SP WIDTH="16" VPOS="911" HPOS="835"/>
							<String ID="string_184" HPOS="851" VPOS="918" WIDTH="49" HEIGHT="15" WC="0.96" CONTENT="som"/><SP WIDTH="16" VPOS="918" HPOS="900"/>
							<String ID="string_185" HPOS="916" VPOS="913" WIDTH="76" HEIGHT="19" WC="0.96" CONTENT="staten"/>
						</TextLine>
						<TextLine ID="line_23" HPOS="231" VPOS="945" WIDTH="761" HEIGHT="30">
							<String ID="string_186" HPOS="231" VPOS="945" WIDTH="109" HEIGHT="29" WC="0.91" CONTENT="erbjuder"/><SP WIDTH="22" VPOS="945" HPOS="340"/>
							<String ID="string_187" HPOS="362" VPOS="946" WIDTH="45" HEIGHT="21" WC="0.93" CONTENT="den"/><SP WIDTH="16" VPOS="946" HPOS="407"/>
							<String ID="string_188" HPOS="423" VPOS="947" WIDTH="108" HEIGHT="28" WC="0.91" CONTENT="manliga,"/><SP WIDTH="17" VPOS="947" HPOS="531"/>
							<String ID="string_189" HPOS="548" VPOS="954" WIDTH="84" HEIGHT="21" WC="0.96" CONTENT="genom"/><SP WIDTH="16" VPOS="954" HPOS="632"/>
							<String ID="string_190" HPOS="648" VPOS="949" WIDTH="36" HEIGHT="18" WC="0.96" CONTENT="att"/><SP WIDTH="14" VPOS="949" HPOS="684"/>
							<String ID="string_191" HPOS="698" VPOS="946" WIDTH="37" HEIGHT="21" WC="0.96" CONTENT="för"/><SP WIDTH="16" VPOS="946" HPOS="735"/>
							<String ID="string_192" HPOS="751" VPOS="946" WIDTH="47" HEIGHT="21" WC="0.96" CONTENT="den"/><SP WIDTH="16" VPOS="946" HPOS="798"/>
							<String ID="string_193" HPOS="814" VPOS="953" WIDTH="80" HEIGHT="14" WC="0.93" CONTENT="senare"/><SP WIDTH="16" VPOS="953" HPOS="894"/>
							<String ID="string_194" HPOS="910" VPOS="945" WIDTH="82" HEIGHT="22" WC="0.91" CONTENT="under-"/>
						</TextLine>
						<TextLine ID="line_24" HPOS="231" VPOS="979" WIDTH="761" HEIGHT="30">
							<String ID="string_195" HPOS="231" VPOS="979" WIDTH="65" HEIGHT="22" WC="0.95" CONTENT="hålla"/><SP WIDTH="22" VPOS="979" HPOS="296"/>
							<String ID="string_196" HPOS="318" VPOS="980" WIDTH="78" HEIGHT="21" WC="0.96" CONTENT="skolor"/><SP WIDTH="21" VPOS="980" HPOS="396"/>
							<String ID="string_197" HPOS="417" VPOS="981" WIDTH="51" HEIGHT="20" WC="0.96" CONTENT="med"/><SP WIDTH="16" VPOS="981" HPOS="468"/>
							<String ID="string_198" HPOS="484" VPOS="981" WIDTH="25" HEIGHT="21" WC="0.93" CONTENT="sä"/><SP WIDTH="15" VPOS="981" HPOS="509"/>
							<String ID="string_199" HPOS="524" VPOS="981" WIDTH="54" HEIGHT="28" WC="0.93" CONTENT="låga"/><SP WIDTH="16" VPOS="981" HPOS="578"/>
							<String ID="string_200" HPOS="594" VPOS="981" WIDTH="101" HEIGHT="28" WC="0.79" CONTENT="afgifter,"/><SP WIDTH="17" VPOS="981" HPOS="695"/>
							<String ID="string_201" HPOS="712" VPOS="983" WIDTH="35" HEIGHT="19" WC="0.93" CONTENT="att"/><SP WIDTH="16" VPOS="983" HPOS="747"/>
							<String ID="string_202" HPOS="763" VPOS="980" WIDTH="69" HEIGHT="22" WC="0.96" CONTENT="äfven"/><SP WIDTH="17" VPOS="980" HPOS="832"/>
							<String ID="string_203" HPOS="849" VPOS="979" WIDTH="90" HEIGHT="22" WC="0.96" CONTENT="mindre"/><SP WIDTH="15" VPOS="979" HPOS="939"/>
							<String ID="string_204" HPOS="954" VPOS="980" WIDTH="38" HEIGHT="21" WC="0.96" CONTENT="väl"/>
						</TextLine>
						<TextLine ID="line_25" HPOS="232" VPOS="1014" WIDTH="760" HEIGHT="28">
							<String ID="string_205" HPOS="232" VPOS="1014" WIDTH="137" HEIGHT="21" WC="0.92" CONTENT="bemedlade"/><SP WIDTH="23" VPOS="1014" HPOS="369"/>
							<String ID="string_206" HPOS="392" VPOS="1015" WIDTH="85" HEIGHT="27" WC="0.96" CONTENT="kunna,"/><SP WIDTH="22" VPOS="1015" HPOS="477"/>
							<String ID="string_207" HPOS="499" VPOS="1017" WIDTH="57" HEIGHT="19" WC="0.96" CONTENT="utan"/><SP WIDTH="23" VPOS="1017" HPOS="556"/>
							<String ID="string_208" HPOS="579" VPOS="1018" WIDTH="35" HEIGHT="18" WC="0.96" CONTENT="att"/><SP WIDTH="22" VPOS="1018" HPOS="614"/>
							<String ID="string_209" HPOS="636" VPOS="1023" WIDTH="56" HEIGHT="13" WC="0.93" CONTENT="vara"/><SP WIDTH="21" VPOS="1023" HPOS="692"/>
							<String ID="string_210" HPOS="713" VPOS="1015" WIDTH="116" HEIGHT="25" WC="0.92" CONTENT="frielever,"/><SP WIDTH="24" VPOS="1015" HPOS="829"/>
							<String ID="string_211" HPOS="853" VPOS="1014" WIDTH="83" HEIGHT="22" WC="0.93" CONTENT="besöka"/><SP WIDTH="19" VPOS="1014" HPOS="936"/>
							<String ID="string_212" HPOS="955" VPOS="1014" WIDTH="37" HEIGHT="21" WC="0.93" CONTENT="de-"/>
						</TextLine>
						<TextLine ID="line_26" HPOS="232" VPOS="1048" WIDTH="761" HEIGHT="30">
							<String ID="string_213" HPOS="232" VPOS="1055" WIDTH="94" HEIGHT="15" WC="0.95" CONTENT="samma."/><SP WIDTH="24" VPOS="1055" HPOS="326"/>
							<String ID="string_214" HPOS="350" VPOS="1049" WIDTH="46" HEIGHT="21" WC="0.82" CONTENT="Det"/><SP WIDTH="12" VPOS="1049" HPOS="396"/>
							<String ID="string_215" HPOS="408" VPOS="1053" WIDTH="25" HEIGHT="17" WC="0.82" CONTENT="är"/><SP WIDTH="15" VPOS="1053" HPOS="433"/>
							<String ID="string_216" HPOS="448" VPOS="1049" WIDTH="98" HEIGHT="29" WC="0.88" CONTENT="obilligt,"/><SP WIDTH="10" VPOS="1049" HPOS="546"/>
							<String ID="string_217" HPOS="556" VPOS="1053" WIDTH="35" HEIGHT="18" WC="0.93" CONTENT="att"/><SP WIDTH="14" VPOS="1053" HPOS="591"/>
							<String ID="string_218" HPOS="605" VPOS="1049" WIDTH="114" HEIGHT="22" WC="0.96" CONTENT="föräldrar"/><SP WIDTH="15" VPOS="1049" HPOS="719"/>
							<String ID="string_219" HPOS="734" VPOS="1049" WIDTH="67" HEIGHT="22" WC="0.96" CONTENT="skola"/><SP WIDTH="15" VPOS="1049" HPOS="801"/>
							<String ID="string_220" HPOS="816" VPOS="1049" WIDTH="37" HEIGHT="21" WC="0.96" CONTENT="för"/><SP WIDTH="14" VPOS="1049" HPOS="853"/>
							<String ID="string_221" HPOS="867" VPOS="1049" WIDTH="51" HEIGHT="21" WC="0.93" CONTENT="sina"/><SP WIDTH="16" VPOS="1049" HPOS="918"/>
							<String ID="string_222" HPOS="934" VPOS="1048" WIDTH="59" HEIGHT="22" WC="0.92" CONTENT="dött-"/>
						</TextLine>
						<TextLine ID="line_27" HPOS="232" VPOS="1083" WIDTH="761" HEIGHT="30">
							<String ID="string_223" HPOS="232" VPOS="1090" WIDTH="50" HEIGHT="14" WC="0.91" CONTENT="rars"/><SP WIDTH="23" VPOS="1090" HPOS="282"/>
							<String ID="string_224" HPOS="305" VPOS="1083" WIDTH="115" HEIGHT="29" WC="0.96" CONTENT="skolgång"/><SP WIDTH="16" VPOS="1083" HPOS="420"/>
							<String ID="string_225" HPOS="436" VPOS="1084" WIDTH="93" HEIGHT="28" WC="0.96" CONTENT="erlägga"/><SP WIDTH="16" VPOS="1084" HPOS="529"/>
							<String ID="string_226" HPOS="545" VPOS="1092" WIDTH="29" HEIGHT="13" WC="0.96" CONTENT="en"/><SP WIDTH="18" VPOS="1092" HPOS="574"/>
							<String ID="string_227" HPOS="592" VPOS="1085" WIDTH="40" HEIGHT="20" WC="0.93" CONTENT="100"/><SP WIDTH="15" VPOS="1085" HPOS="632"/>
							<String ID="string_228" HPOS="647" VPOS="1085" WIDTH="27" HEIGHT="26" WC="0.90" CONTENT="9/,"/><SP WIDTH="16" VPOS="1085" HPOS="674"/>
							<String ID="string_229" HPOS="690" VPOS="1084" WIDTH="73" HEIGHT="29" WC="0.93" CONTENT="högre"/><SP WIDTH="17" VPOS="1084" HPOS="763"/>
							<String ID="string_230" HPOS="780" VPOS="1083" WIDTH="168" HEIGHT="28" WC="0.92" CONTENT="terminsafgift"/><SP WIDTH="15" VPOS="1083" HPOS="948"/>
							<String ID="string_231" HPOS="963" VPOS="1087" WIDTH="30" HEIGHT="17" WC="0.97" CONTENT="än"/>
						</TextLine>
						<TextLine ID="line_28" HPOS="232" VPOS="1117" WIDTH="761" HEIGHT="30">
							<String ID="string_232" HPOS="232" VPOS="1117" WIDTH="38" HEIGHT="21" WC="0.95" CONTENT="för"/><SP WIDTH="22" VPOS="1117" HPOS="270"/>
							<String ID="string_233" HPOS="292" VPOS="1118" WIDTH="51" HEIGHT="21" WC="0.93" CONTENT="sina"/><SP WIDTH="23" VPOS="1118" HPOS="343"/>
							<String ID="string_234" HPOS="366" VPOS="1121" WIDTH="72" HEIGHT="18" WC="0.92" CONTENT="söner."/><SP WIDTH="32" VPOS="1121" HPOS="438"/>
							<String ID="string_235" HPOS="470" VPOS="1118" WIDTH="48" HEIGHT="21" WC="0.93" CONTENT="Och"/><SP WIDTH="23" VPOS="1118" HPOS="518"/>
							<String ID="string_236" HPOS="541" VPOS="1119" WIDTH="73" HEIGHT="21" WC="0.92" CONTENT="likväl"/><SP WIDTH="22" VPOS="1119" HPOS="614"/>
							<String ID="string_237" HPOS="636" VPOS="1123" WIDTH="25" HEIGHT="16" WC="0.90" CONTENT="är"/><SP WIDTH="13" VPOS="1123" HPOS="661"/>
							<String ID="string_238" HPOS="674" VPOS="1119" WIDTH="26" HEIGHT="28" WC="0.90" CONTENT="ju"/><SP WIDTH="20" VPOS="1119" HPOS="700"/>
							<String ID="string_239" HPOS="720" VPOS="1119" WIDTH="19" HEIGHT="28" WC="0.92" CONTENT="ej"/><SP WIDTH="18" VPOS="1119" HPOS="739"/>
							<String ID="string_240" HPOS="757" VPOS="1118" WIDTH="45" HEIGHT="21" WC="0.96" CONTENT="den"/><SP WIDTH="16" VPOS="1118" HPOS="802"/>
							<String ID="string_241" HPOS="818" VPOS="1117" WIDTH="175" HEIGHT="28" WC="0.96" CONTENT="undervisning,"/>
						</TextLine>
						<TextLine ID="line_29" HPOS="232" VPOS="1151" WIDTH="762" HEIGHT="30">
							<String ID="string_242" HPOS="232" VPOS="1153" WIDTH="78" HEIGHT="20" WC="0.96" CONTENT="staten"/><SP WIDTH="22" VPOS="1153" HPOS="310"/>
							<String ID="string_243" HPOS="332" VPOS="1152" WIDTH="8" HEIGHT="21" WC="0.96" CONTENT="i"/><SP WIDTH="22" VPOS="1152" HPOS="340"/>
							<String ID="string_244" HPOS="362" VPOS="1153" WIDTH="50" HEIGHT="20" WC="0.93" CONTENT="sina"/><SP WIDTH="24" VPOS="1153" HPOS="412"/>
							<String ID="string_245" HPOS="436" VPOS="1153" WIDTH="77" HEIGHT="21" WC="0.92" CONTENT="skolor"/><SP WIDTH="22" VPOS="1153" HPOS="513"/>
							<String ID="string_246" HPOS="535" VPOS="1153" WIDTH="106" HEIGHT="28" WC="0.92" CONTENT="erbjuder"/><SP WIDTH="21" VPOS="1153" HPOS="641"/>
							<String ID="string_247" HPOS="662" VPOS="1153" WIDTH="141" HEIGHT="28" WC="0.92" CONTENT="ungdomen,"/><SP WIDTH="17" VPOS="1153" HPOS="803"/>
							<String ID="string_248" HPOS="820" VPOS="1152" WIDTH="49" HEIGHT="21" WC="0.96" CONTENT="lika"/><SP WIDTH="15" VPOS="1152" HPOS="869"/>
							<String ID="string_249" HPOS="884" VPOS="1152" WIDTH="36" HEIGHT="21" WC="0.93" CONTENT="för"/><SP WIDTH="14" VPOS="1152" HPOS="920"/>
							<String ID="string_250" HPOS="934" VPOS="1151" WIDTH="60" HEIGHT="22" WC="0.93" CONTENT="bäda"/>
						</TextLine>
						<TextLine ID="line_30" HPOS="232" VPOS="1186" WIDTH="761" HEIGHT="29">
							<String ID="string_251" HPOS="232" VPOS="1186" WIDTH="85" HEIGHT="21" WC="0.91" CONTENT="könen."/><SP WIDTH="31" VPOS="1186" HPOS="317"/>
							<String ID="string_252" HPOS="348" VPOS="1187" WIDTH="157" HEIGHT="21" WC="0.88" CONTENT="Gosskolorna"/><SP WIDTH="23" VPOS="1187" HPOS="505"/>
							<String ID="string_253" HPOS="528" VPOS="1191" WIDTH="39" HEIGHT="18" WC="0.89" CONTENT="äro"/><SP WIDTH="16" VPOS="1191" HPOS="567"/>
							<String ID="string_254" HPOS="583" VPOS="1187" WIDTH="125" HEIGHT="28" WC="0.92" CONTENT="8-klassiga"/><SP WIDTH="16" VPOS="1187" HPOS="708"/>
							<String ID="string_255" HPOS="724" VPOS="1187" WIDTH="44" HEIGHT="21" WC="0.93" CONTENT="och"/><SP WIDTH="16" VPOS="1187" HPOS="768"/>
							<String ID="string_256" HPOS="784" VPOS="1189" WIDTH="105" HEIGHT="26" WC="0.93" CONTENT="mottaga"/><SP WIDTH="16" VPOS="1189" HPOS="889"/>
							<String ID="string_257" HPOS="905" VPOS="1186" WIDTH="88" HEIGHT="28" WC="0.92" CONTENT="9-äriga"/>
						</TextLine>
						<TextLine ID="line_31" HPOS="232" VPOS="1220" WIDTH="762" HEIGHT="28">
							<String ID="string_258" HPOS="232" VPOS="1220" WIDTH="85" HEIGHT="27" WC="0.90" CONTENT="elever,"/><SP WIDTH="22" VPOS="1220" HPOS="317"/>
							<String ID="string_259" HPOS="339" VPOS="1221" WIDTH="84" HEIGHT="21" WC="0.93" CONTENT="medan"/><SP WIDTH="21" VPOS="1221" HPOS="423"/>
							<String ID="string_260" HPOS="444" VPOS="1221" WIDTH="268" HEIGHT="22" WC="0.91" CONTENT="fruntimmersskolorna"/><SP WIDTH="24" VPOS="1221" HPOS="712"/>
							<String ID="string_261" HPOS="736" VPOS="1225" WIDTH="39" HEIGHT="18" WC="0.89" CONTENT="äro"/><SP WIDTH="24" VPOS="1225" HPOS="775"/>
							<String ID="string_262" HPOS="799" VPOS="1220" WIDTH="133" HEIGHT="28" WC="0.90" CONTENT="5-klassiga,"/><SP WIDTH="19" VPOS="1220" HPOS="932"/>
							<String ID="string_263" HPOS="951" VPOS="1220" WIDTH="43" HEIGHT="21" WC="0.96" CONTENT="och"/>
						</TextLine>
						<TextLine ID="line_32" HPOS="233" VPOS="1255" WIDTH="761" HEIGHT="29">
							<String ID="string_264" HPOS="233" VPOS="1255" WIDTH="109" HEIGHT="21" WC="0.91" CONTENT="eleverna"/><SP WIDTH="23" VPOS="1255" HPOS="342"/>
							<String ID="string_265" HPOS="365" VPOS="1255" WIDTH="40" HEIGHT="22" WC="0.93" CONTENT="vid"/><SP WIDTH="22" VPOS="1255" HPOS="405"/>
							<String ID="string_266" HPOS="427" VPOS="1256" WIDTH="91" HEIGHT="21" WC="0.92" CONTENT="inträde"/><SP WIDTH="19" VPOS="1256" HPOS="518"/>
							<String ID="string_267" HPOS="537" VPOS="1256" WIDTH="8" HEIGHT="21" WC="0.96" CONTENT="i"/><SP WIDTH="16" VPOS="1256" HPOS="545"/>
							<String ID="string_268" HPOS="561" VPOS="1256" WIDTH="66" HEIGHT="21" WC="0.93" CONTENT="dessa"/><SP WIDTH="16" VPOS="1256" HPOS="627"/>
							<String ID="string_269" HPOS="643" VPOS="1257" WIDTH="55" HEIGHT="21" WC="0.92" CONTENT="böra"/><SP WIDTH="16" VPOS="1257" HPOS="698"/>
							<String ID="string_270" HPOS="714" VPOS="1255" WIDTH="72" HEIGHT="22" WC="0.93" CONTENT="hafva"/><SP WIDTH="15" VPOS="1255" HPOS="786"/>
							<String ID="string_271" HPOS="801" VPOS="1255" WIDTH="102" HEIGHT="29" WC="0.92" CONTENT="uppnätt"/><SP WIDTH="15" VPOS="1255" HPOS="903"/>
							<String ID="string_272" HPOS="918" VPOS="1262" WIDTH="28" HEIGHT="13" WC="0.93" CONTENT="en"/><SP WIDTH="17" VPOS="1262" HPOS="946"/>
							<String ID="string_273" HPOS="963" VPOS="1255" WIDTH="31" HEIGHT="20" WC="0.92" CONTENT="äl-"/>
						</TextLine>
						<TextLine ID="line_33" HPOS="233" VPOS="1289" WIDTH="761" HEIGHT="28">
							<String ID="string_274" HPOS="233" VPOS="1289" WIDTH="42" HEIGHT="21" WC="0.96" CONTENT="der"/><SP WIDTH="15" VPOS="1289" HPOS="275"/>
							<String ID="string_275" HPOS="290" VPOS="1289" WIDTH="27" HEIGHT="21" WC="0.96" CONTENT="af"/><SP WIDTH="15" VPOS="1289" HPOS="317"/>
							<String ID="string_276" HPOS="332" VPOS="1291" WIDTH="22" HEIGHT="20" WC="0.93" CONTENT="11"/><SP WIDTH="19" VPOS="1291" HPOS="354"/>
							<String ID="string_277" HPOS="373" VPOS="1290" WIDTH="31" HEIGHT="21" WC="0.93" CONTENT="år."/><SP WIDTH="26" VPOS="1290" HPOS="404"/>
							<String ID="string_278" HPOS="430" VPOS="1290" WIDTH="286" HEIGHT="26" WC="0.91" CONTENT="(Fruntimmersskolorna"/><SP WIDTH="15" VPOS="1290" HPOS="716"/>
							<String ID="string_279" HPOS="731" VPOS="1291" WIDTH="7" HEIGHT="20" WC="0.96" CONTENT="i"/><SP WIDTH="14" VPOS="1291" HPOS="738"/>
							<String ID="string_280" HPOS="752" VPOS="1289" WIDTH="149" HEIGHT="28" WC="0.96" CONTENT="Helsingfors"/><SP WIDTH="11" VPOS="1289" HPOS="901"/>
							<String ID="string_281" HPOS="912" VPOS="1291" WIDTH="82" HEIGHT="26" WC="0.96" CONTENT="utgöra"/>
						</TextLine>
						<TextLine ID="line_34" HPOS="233" VPOS="1323" WIDTH="762" HEIGHT="29">
							<String ID="string_282" HPOS="233" VPOS="1323" WIDTH="61" HEIGHT="22" WC="0.93" CONTENT="dock"/><SP WIDTH="13" VPOS="1323" HPOS="294"/>
							<String ID="string_283" HPOS="307" VPOS="1323" WIDTH="50" HEIGHT="22" WC="0.92" CONTENT="häri"/><SP WIDTH="11" VPOS="1323" HPOS="357"/>
							<String ID="string_284" HPOS="368" VPOS="1327" WIDTH="34" HEIGHT="18" WC="0.92" CONTENT="ett"/><SP WIDTH="10" VPOS="1327" HPOS="402"/>
							<String ID="string_285" HPOS="412" VPOS="1324" WIDTH="125" HEIGHT="28" WC="0.91" CONTENT="undantag,"/><SP WIDTH="13" VPOS="1324" HPOS="537"/>
							<String ID="string_286" HPOS="550" VPOS="1325" WIDTH="7" HEIGHT="20" WC="0.96" CONTENT="i"/><SP WIDTH="12" VPOS="1325" HPOS="557"/>
							<String ID="string_287" HPOS="569" VPOS="1327" WIDTH="26" HEIGHT="25" WC="0.96" CONTENT="ty"/><SP WIDTH="10" VPOS="1327" HPOS="595"/>
							<String ID="string_288" HPOS="605" VPOS="1327" WIDTH="35" HEIGHT="18" WC="0.96" CONTENT="att"/><SP WIDTH="10" VPOS="1327" HPOS="640"/>
							<String ID="string_289" HPOS="650" VPOS="1325" WIDTH="37" HEIGHT="20" WC="0.96" CONTENT="till"/><SP WIDTH="11" VPOS="1325" HPOS="687"/>
							<String ID="string_290" HPOS="698" VPOS="1325" WIDTH="51" HEIGHT="21" WC="0.93" CONTENT="dem"/><SP WIDTH="13" VPOS="1325" HPOS="749"/>
							<String ID="string_291" HPOS="762" VPOS="1328" WIDTH="39" HEIGHT="17" WC="0.92" CONTENT="äro"/><SP WIDTH="12" VPOS="1328" HPOS="801"/>
							<String ID="string_292" HPOS="813" VPOS="1323" WIDTH="85" HEIGHT="29" WC="0.92" CONTENT="fogade"/><SP WIDTH="11" VPOS="1323" HPOS="898"/>
							<String ID="string_293" HPOS="909" VPOS="1326" WIDTH="86" HEIGHT="18" WC="0.92" CONTENT="tvänne"/>
						</TextLine>
						<TextLine ID="line_35" HPOS="233" VPOS="1352" WIDTH="762" HEIGHT="32">
							<String ID="string_294" HPOS="233" VPOS="1358" WIDTH="169" HEIGHT="21" WC="0.92" CONTENT="förberedande"/><SP WIDTH="16" VPOS="1358" HPOS="402"/>
							<String ID="string_295" HPOS="418" VPOS="1358" WIDTH="103" HEIGHT="26" WC="0.92" CONTENT="klasser)."/><SP WIDTH="18" VPOS="1358" HPOS="521"/>
							<String ID="string_296" HPOS="539" VPOS="1352" WIDTH="32" HEIGHT="28" WC="0.93" CONTENT="Ät"/><SP WIDTH="15" VPOS="1352" HPOS="571"/>
							<String ID="string_297" HPOS="586" VPOS="1358" WIDTH="156" HEIGHT="22" WC="0.91" CONTENT="föräldrarnas"/><SP WIDTH="17" VPOS="1358" HPOS="742"/>
							<String ID="string_298" HPOS="759" VPOS="1357" WIDTH="145" HEIGHT="23" WC="0.92" CONTENT="omvärdnad"/><SP WIDTH="15" VPOS="1357" HPOS="904"/>
							<String ID="string_299" HPOS="919" VPOS="1360" WIDTH="25" HEIGHT="18" WC="0.93" CONTENT="är"/><SP WIDTH="15" VPOS="1360" HPOS="944"/>
							<String ID="string_300" HPOS="959" VPOS="1357" WIDTH="36" HEIGHT="21" WC="0.93" CONTENT="sä-"/>
						</TextLine>
						<TextLine ID="line_36" HPOS="233" VPOS="1391" WIDTH="762" HEIGHT="30">
							<String ID="string_301" HPOS="233" VPOS="1392" WIDTH="73" HEIGHT="21" WC="0.91" CONTENT="lunda"/><SP WIDTH="11" VPOS="1392" HPOS="306"/>
							<String ID="string_302" HPOS="317" VPOS="1393" WIDTH="168" HEIGHT="21" WC="0.92" CONTENT="öfverlemnadt"/><SP WIDTH="11" VPOS="1393" HPOS="485"/>
							<String ID="string_303" HPOS="496" VPOS="1396" WIDTH="34" HEIGHT="18" WC="0.96" CONTENT="att"/><SP WIDTH="10" VPOS="1396" HPOS="530"/>
							<String ID="string_304" HPOS="540" VPOS="1401" WIDTH="84" HEIGHT="20" WC="0.96" CONTENT="genom"/><SP WIDTH="12" VPOS="1401" HPOS="624"/>
							<String ID="string_305" HPOS="636" VPOS="1393" WIDTH="171" HEIGHT="28" WC="0.96" CONTENT="undervisning"/><SP WIDTH="11" VPOS="1393" HPOS="807"/>
							<String ID="string_306" HPOS="818" VPOS="1393" WIDTH="8" HEIGHT="20" WC="0.96" CONTENT="i"/><SP WIDTH="11" VPOS="1393" HPOS="826"/>
							<String ID="string_307" HPOS="837" VPOS="1392" WIDTH="91" HEIGHT="28" WC="0.93" CONTENT="privata"/><SP WIDTH="8" VPOS="1392" HPOS="928"/>
							<String ID="string_308" HPOS="936" VPOS="1391" WIDTH="59" HEIGHT="22" WC="0.90" CONTENT="läro-"/>
						</TextLine>
						<TextLine ID="line_37" HPOS="234" VPOS="1427" WIDTH="761" HEIGHT="27">
							<String ID="string_309" HPOS="234" VPOS="1427" WIDTH="114" HEIGHT="21" WC="0.92" CONTENT="anstalter"/><SP WIDTH="23" VPOS="1427" HPOS="348"/>
							<String ID="string_310" HPOS="371" VPOS="1427" WIDTH="110" HEIGHT="22" WC="0.92" CONTENT="förskaffa"/><SP WIDTH="22" VPOS="1427" HPOS="481"/>
							<String ID="string_311" HPOS="503" VPOS="1427" WIDTH="51" HEIGHT="22" WC="0.90" CONTENT="sina"/><SP WIDTH="23" VPOS="1427" HPOS="554"/>
							<String ID="string_312" HPOS="577" VPOS="1427" WIDTH="89" HEIGHT="22" WC="0.90" CONTENT="döttrar"/><SP WIDTH="23" VPOS="1427" HPOS="666"/>
							<String ID="string_313" HPOS="689" VPOS="1427" WIDTH="39" HEIGHT="21" WC="0.93" CONTENT="det"/><SP WIDTH="15" VPOS="1427" HPOS="728"/>
							<String ID="string_314" HPOS="743" VPOS="1427" WIDTH="187" HEIGHT="27" WC="0.92" CONTENT="kunskapsmätt,"/><SP WIDTH="16" VPOS="1427" HPOS="930"/>
							<String ID="string_315" HPOS="946" VPOS="1433" WIDTH="49" HEIGHT="14" WC="0.96" CONTENT="som"/>
						</TextLine>
					</TextBlock>
					<TextBlock ID="block_3" HPOS="305" VPOS="1466" WIDTH="502" HEIGHT="19">
						<TextLine ID="line_38" HPOS="305" VPOS="1466" WIDTH="502" HEIGHT="19">
							<String ID="string_316" HPOS="305" VPOS="1467" WIDTH="103" HEIGHT="18" WC="0.93" CONTENT="Allmänna"/><SP WIDTH="14" VPOS="1467" HPOS="408"/>
							<String ID="string_317" HPOS="422" VPOS="1467" WIDTH="169" HEIGHT="18" WC="0.87" CONTENT="Besvärsutskottets"/><SP WIDTH="13" VPOS="1467" HPOS="591"/>
							<String ID="string_318" HPOS="604" VPOS="1467" WIDTH="110" HEIGHT="18" WC="0.96" CONTENT="betänkande"/><SP WIDTH="12" VPOS="1467" HPOS="714"/>
							<String ID="string_319" HPOS="726" VPOS="1469" WIDTH="38" HEIGHT="15" WC="0.96" CONTENT="N:o"/><SP WIDTH="13" VPOS="1469" HPOS="764"/>
							<String ID="string_320" HPOS="777" VPOS="1466" WIDTH="30" HEIGHT="18" WC="0.96" CONTENT="10."/>
						</TextLine>
					</TextBlock>
				</ComposedBlock>
			</PrintSpace>
		</Page>
	</Layout>
</alto>
