1070 1795
273 158 278 23 Petitionsbetänkande
566 158 46 23 N:o
627 159 37 21 14.
804 159 12 21 9

88 229 90 19 lemnade
195 230 29 18 att
239 229 7 18 i
262 228 125 19 ekonomiskt
402 227 113 20 hänseende
531 228 59 19 sköta
606 229 28 23 sig
651 228 77 25 själfva.
758 228 24 19 Vi
798 228 49 24 våga

89 256 69 20 därför
173 259 45 22 taga
234 257 34 19 det
282 257 130 19 Hedervärda
427 256 161 20 Bondeståndets
600 257 175 24 uppmärksamhet
790 257 7 18 i
812 262 34 14 an-

90 285 60 25 språk
165 285 31 20 för
212 286 64 19 denna
291 285 149 24 angelägenhet.

158 315 68 18 Redan
250 315 33 18 vid
305 317 79 16 senaste
407 314 96 24 landtdag
517 313 123 20 inlemnades
656 315 5 18 i
678 315 56 18 detta
749 314 58 19 stånd
822 319 24 14 en

90 343 84 24 petition
190 343 102 24 angående
307 343 113 24 beviljande
436 342 22 20 af
471 343 109 20 understöd
596 343 20 19 åt
628 343 152 24 ifrågavarande
793 342 53 19 läro-

91 372 95 19 anstalter
208 371 37 20 och
264 372 34 19 det
313 374 22 17 är
350 371 64 20 kändt
428 373 30 18 att
473 371 66 20 denna
553 371 87 24 petition
655 377 52 14 vann
724 371 39 20 alla
778 371 69 20 stånds

91 400 114 24 understöd,
228 401 61 19 ehuru
312 401 37 19 den
372 400 173 24 ständerpetition,
567 405 42 15 som
631 400 42 20 blef
692 400 75 24 följden
782 399 65 25 häraf,

91 430 18 23 ej
125 430 112 18 sedermera
252 430 57 18 ledde
324 429 31 19 till
371 429 87 19 önskadt
472 429 90 19 resultat.
593 429 38 19 Vid
647 430 55 18 tiden
718 430 31 18 för
769 431 78 17 senaste

91 458 94 23 landtdag
207 463 49 14 voro
278 457 61 20 likväl
359 459 52 18 ännu
426 457 7 19 i
449 457 44 20 vårt
511 457 46 20 land
573 458 18 23 ej
607 457 47 20 flere
670 460 25 17 än
712 459 29 18 tre
757 457 90 24 folkhög-

91 486 90 20 skolor
172 481 14 35 i
199 486 131 25 verksamhet,
353 486 22 19 så
398 488 30 17 att
450 486 35 19 det
506 485 32 20 för
558 486 83 24 mången
664 486 67 20 kunde
755 486 92 20 förefalla

91 515 69 23 ovisst,
175 515 7 19 i
198 515 78 20 hvilken
298 515 48 24 grad
369 515 59 19 dessa
450 515 97 19 anstalter
569 515 65 19 skulle
652 515 42 19 visa
710 515 30 24 sig
754 515 93 24 lämpliga

91 543 32 20 för
137 544 48 19 våra
200 543 135 20 förhållanden
352 543 37 20 och
406 549 36 18 ega
458 543 87 20 lifskraft
560 543 36 20 hos
612 549 39 14 oss.
682 544 46 19 Men
744 543 44 20 från
809 543 38 20 den

91 572 36 23 tid,
151 573 25 18 då
198 573 111 19 Ständerna
332 575 68 16 senast
420 577 49 14 voro
493 572 95 25 samlade,
607 572 36 19 har
659 572 187 24 folkhögskolornas

91 601 54 19 antal
168 601 57 20 ökats
241 602 5 18 i
263 601 37 19 den
323 601 55 24 grad,
402 603 29 17 att
452 601 62 19 redan
531 600 26 19 12
573 601 75 19 sådana
664 603 34 17 äro
714 601 7 19 i
738 601 35 19 full
788 601 58 19 verk-

91 630 76 19 samhet
189 630 48 19 eller
259 630 119 19 åtminstone
394 630 6 18 i
416 629 62 20 beråd
493 631 30 18 att
537 629 58 24 börja
610 630 34 19 sitt
659 630 75 19 arbete.
763 629 29 20 På
807 629 41 19 alla

90 658 41 20 håll
153 658 59 20 hafva
234 659 44 18 dem
301 659 99 18 dessutom
423 658 83 19 kommit
529 658 30 19 till
575 658 32 19 del
622 659 34 18 det
672 660 74 18 största
760 659 87 18 intresse

91 687 38 20 och
151 687 101 24 rikligaste
276 687 115 24 understöd,
413 687 37 19 och
465 687 35 19 det
515 687 57 19 torde
589 687 16 24 ej
622 687 61 20 räcka
698 687 68 19 alltför
781 687 65 24 länge,

91 716 60 19 innan
172 715 74 20 dubbla
267 716 75 19 antalet
362 715 22 20 af
406 716 24 19 de
452 715 31 20 för
503 716 123 19 närvarande
648 716 125 19 existerande
795 715 51 20 folk-

91 744 134 24 högskolorna
239 745 99 19 inrättats.
368 744 84 19 Ensamt
467 745 58 18 dessa
542 744 55 19 fakta
612 747 34 16 äro
662 745 76 23 egnade
753 746 29 18 att
797 744 49 23 visa,

91 775 30 17 att
142 773 151 24 ifrågavarande
315 773 142 20 läroanstalter
479 773 100 24 uppbäras
605 773 21 20 af
648 775 29 17 ett
699 773 42 19 vidt
765 773 82 19 utbredt

91 801 166 24 bildningsbehof,
280 801 37 20 och
335 804 29 17 att
380 802 21 19 åt
416 802 44 19 dem
476 802 60 19 redan
553 801 67 20 därför
636 802 36 19 bör
687 801 61 24 gifvas
765 807 23 14 en
804 804 43 16 stor

91 831 144 24 medborgerlig
250 831 108 24 betydelse.

160 859 8 19 I
192 859 49 20 strid
261 859 81 20 härmed
365 861 22 17 är
410 859 188 24 folkhögskolornas
620 859 128 19 ekonomiska
769 859 43 23 läge
828 858 18 24 ej

91 888 26 24 på
132 887 54 24 långt
202 890 36 17 när
253 888 77 23 sådant,
346 890 29 17 att
390 893 44 14 man
450 887 66 20 kunde
533 893 47 14 anse
597 888 57 19 deras
670 887 80 20 framtid
767 887 79 24 betryg-

91 916 45 24 gad.
159 916 30 19 En
206 917 61 19 sådan
282 917 164 23 läroinrättnings
462 916 111 24 utgiftsstat
588 917 62 23 stiger
661 916 75 23 årligen
747 915 31 20 till
789 916 59 18 minst

93 944 61 24 7,000
176 945 64 20 finska
263 945 61 20 mark,
354 945 32 19 Då
404 945 34 19 det
460 945 45 20 icke
528 948 23 16 är
569 945 78 24 möjligt
669 947 29 17 att
720 944 22 19 af
756 945 92 18 eleverna

91 973 69 20 fordra
174 974 52 24 höga
241 973 85 25 afgifter,
342 974 76 19 hvilket
434 974 17 23 ej
467 974 63 19 heller
541 979 46 14 vore
601 974 93 23 önskligt,
705 973 21 20 så
739 973 109 19 inskränka

92 1003 29 22 sig
142 1002 24 19 de
188 1003 116 23 inkomster,
326 1008 41 13 som
382 1001 70 25 inflyta
467 1002 26 24 på
509 1003 64 18 denna
589 1005 43 21 väg,
648 1002 30 19 till
694 1002 61 23 några
769 1001 78 19 hundra

91 1031 56 19 mark
172 1031 36 19 och
232 1031 57 20 torde
305 1031 5 19 i
326 1031 57 19 bästa
406 1031 36 18 fall
465 1031 44 20 icke
532 1031 67 19 kunna
621 1031 51 24 stiga
695 1031 78 24 mycket
792 1029 55 20 öfver

91 1061 58 17 tusen
168 1060 62 19 mark.
261 1060 62 19 Minst
345 1060 90 23 omkring
458 1059 63 24 6,000
544 1060 56 19 mark
620 1059 50 20 böra
694 1059 58 20 alltså
771 1059 76 23 årligen

91 1088 121 24 hopbringas
234 1094 69 18 genom
318 1088 95 24 frivilliga
428 1088 76 24 bidrag.
535 1088 46 19 Men
597 1089 6 18 i
619 1089 48 18 våra
682 1088 41 19 små
739 1087 108 20 förhållan-

92 1117 37 19 den
145 1119 22 17 är
182 1117 112 24 uppoffring
309 1117 43 19 från
369 1117 101 19 enskildes
487 1117 43 19 sida
546 1117 17 24 ej
579 1117 7 19 i
601 1117 84 24 längden
701 1117 73 23 möjlig,
790 1116 57 19 desto

91 1145 75 19 mindre
188 1151 41 14 som
250 1146 102 24 exemplen
375 1145 44 20 från
438 1146 91 19 utlandet
553 1146 72 23 tydligt
646 1146 48 22 visa,
716 1147 30 18 att
767 1144 80 19 äfven
837 1140 13 34 i

91 1174 76 23 länder,
192 1174 77 19 hvilkas
294 1174 286 23 förmögenhetsförhällanden
606 1177 34 16 äro
662 1179 134 19 gynsammare
822 1175 25 17 än

92 1203 53 23 våra,
162 1203 58 19 dessa
235 1203 132 24 inrättningar
383 1203 17 24 ej
417 1203 77 19 kunnat
510 1203 144 24 upprättbållas
670 1205 46 17 utan
738 1201 109 20 understöd

91 1230 22 21 af
127 1233 70 18 staten.
228 1231 61 20 Detta
304 1233 22 18 är
341 1231 96 20 särskildt
452 1231 135 20 förhållandet
601 1232 7 18 i
624 1231 153 23 Skandinavien,
796 1230 50 19 folk-

92 1260 143 23 högskolornas
258 1259 123 25 moderland,
404 1260 36 19 och
465 1261 36 18 hos
524 1265 32 14 oss
579 1260 39 19 kan
642 1261 33 18 det
697 1260 90 23 gifvetvis
802 1259 45 20 icke

91 1294 48 13 vara
154 1289 130 23 annorlunda,

158 1317 29 20 På
205 1318 63 23 grund
286 1317 58 20 häraf
362 1317 37 20 och
414 1317 46 19 med
476 1317 75 24 hänsyn
567 1317 31 20 till
614 1318 38 19 den
668 1320 54 17 stora
738 1317 109 24 betydelse,

91 1351 41 14 som
155 1352 44 13 man
222 1346 61 19 måste
306 1345 98 24 medgifva
426 1346 61 19 dessa
509 1346 67 19 skolor
592 1352 36 17 ega
644 1346 63 19 såsom
722 1345 125 19 utbredande

91 1374 72 20 allmän
181 1374 145 25 medborgerlig
343 1374 97 25 bildning,
456 1374 59 20 hafva
531 1375 18 19 vi
565 1374 44 20 åter
623 1375 33 19 vid
672 1374 64 20 denna
751 1373 97 24 landtdag

91 1403 50 24 tagit
155 1403 31 19 till
202 1404 38 19 tals
256 1404 57 19 deras
328 1403 112 20 materiella
456 1403 166 20 understödande.
653 1403 41 20 Vår
709 1403 53 19 åsikt
777 1405 22 16 är
817 1404 31 17 att

91 1433 29 18 ett
142 1432 59 24 årligt
224 1432 159 19 statsunderstöd
405 1431 21 20 af
446 1431 65 24 3,000
525 1432 57 19 mark
597 1431 31 20 för
644 1432 140 24 folkhögskola
801 1435 46 14 vore

90 1461 157 24 oundgängligen
263 1461 21 19 af
298 1461 93 19 behofvet
405 1461 112 24 påkalladt,
533 1466 30 14 om
579 1466 43 14 man
638 1461 75 19 önskar
728 1459 119 21 säkerställa

157 1499 104 18 Allmänna
273 1499 169 18 Besärsvutskottets
456 1499 109 18 betänkande
579 1499 36 17 N:o
628 1499 16 17 9.
