1124 1768
284 131 27 21 28
421 140 16 26 +
461 123 227 33 Petitionshetänkande
705 135 33 21 N:o
757 125 32 31 12.
865 132 3 26 L
947 143 54 18 JOHN

255 189 102 22 kommer
373 191 37 21 att
425 190 92 22 ansluta.
532 191 34 21 till
582 181 87 38 Hangö
679 192 74 22 banan
767 180 39 34 vid
821 193 104 23 Gerknäs'
941 195 66 21 vexel

254 224 41 21 och
311 224 27 22 de
354 226 67 26 orter,
437 225 78 21 hvilka
531 226 100 27 omgifva
647 226 132 31 Hiidenvesi
795 228 39 26 sjö,
847 230 38 20 äro
903 229 104 21 framstä-

253 258 56 22 ende
332 258 65 22 såväl
418 260 52 21 med
492 260 91 27 hänsyn
596 254 44 40 till
656 262 38 20 rik
713 259 165 31 skogstilleäng
897 269 49 16 som
965 264 42 21 ock

253 290 51 24 med
319 293 107 22 afseende
441 294 14 21 å
471 294 73 27 odling
560 296 41 21 och
617 296 130 22 folktäthet.
774 296 130 28 Utskottet,
921 304 49 16 som
985 298 21 26 ej
1021 310 2 2 :

238 340 1 3 +
253 333 52 21 eger
326 330 106 20 närmare:
454 329 128 22 kännedom
597 330 5 20 i
620 330 77 27 saken;
715 336 53 16 men
789 332 70 21 likväl
877 338 68 16 anser
963 333 43 21 den

238 377 1 3 .
254 362 81 22 väckta
345 362 80 28 frågan
439 364 56 21 värd
505 364 126 27 utredning,
640 365 35 21 får
685 366 86 21 derföre
783 366 118 22 vördsamt
911 366 93 22 föreslå:

456 434 33 19 att
505 427 134 34 Ständerna,
651 433 38 22 hos
709 433 66 22 Hans
793 434 123 28 Kejserliga
931 435 72 27 Maje-

387 468 44 19 stät
442 466 51 21 ville
504 467 9 20 i
524 468 177 27 underdånighet
710 469 93 21 anhålla
817 476 36 14 om
863 470 141 21 anställande

388 501 29 27 af
431 502 166 27 undersökning
612 502 10 20 i
640 503 39 21 och
694 503 37 27 för
745 503 56 27 Lojo
817 504 39 21 och
874 504 131 22 Hiidenvesi

385 536 72 26 sjöars
475 536 91 27 möjliga
584 536 148 28 förbindande
751 538 49 20 med
819 538 139 22 hvarandra'
967 536 39 32 för

386 570 82 27 sjöfart
483 570 48 21 med
545 570 87 21 mindre
647 571 65 27 djupt
725 570 83 29 gäende
823 572 116 28 farkoster.

740 644 9 9 ,

606 783 32 17 11.

309 844 88 28 Frågan
405 851 36 15 om
449 844 215 25 ästadkommiandet
671 848 26 21 af
703 854 27 15 en
737 848 76 22 flötled
820 849 97 22 emellan
925 850 76 21 Säima

248 879 40 21 och
308 879 108 27 Päijänne
435 882 97 20 vattnen
551 881 41 22 har
612 882 75 22 blifvit
705 883 70 22 väckt
795 884 64 21 såväl
878 884 27 21 af
917 884 84 22 Guver-

247 915 76 20 nören:
333 914 64 22 öfver
412 915 88 27 Kuopio
515 916 38 21 län
567 917 35 21 uti
618 917 101 27 afgifven
733 919 215 22 embetsberättelse
964 925 37 15 an-

247 947 85 27 gäende
351 949 75 21 länets
441 949 110 28 tillständ,
567 957 50 15 som
637 952 26 21 af
675 953 86 21 enskilä
777 959 82 20 person
874 954 35 21 uti
924 954 76 21 derom

247 982 62 27 gjord
327 983 138 28 underdänig
485 985 108 27 ansökan,
603 986 50 21 och
672 987 61 22 -afse
740 987 112 22 hvardera
870 988 130 30 inrättande

247 1017 26 20 af
292 1023 28 15 en
343 1018 164 28 transportväg
529 1019 34 22 för
586 1016 75 25 stock
670 1021 5 20 i
695 1022 111 28 närheten
829 1023 26 20 af
875 1016 125 28 Orainlahti

246 1051 134 27 gästgifveri
398 1052 17 22 i.
424 1052 167 23 Suomenniemi
607 1055 84 22 socken
708 1056 35 21 till
758 1040 164 47 Kuolimojärvi
938 1059 72 20 samt
1002 1054 11 34 .

246 1085 97 22 derifrån
362 1087 77 21 vidare
458 1087 35 21 till
511 1088 109 22 Kalavesi
639 1089 41 22 och
699 1096 81 21 genom
795 1090 81 28 Kieppi
892 1092 57 21 sund'
965 1092 34 21 till

245 1119 115 28 Pyhävesi
382 1121 41 21 och
433 1121 143 30 Tarkavesi,
599 1123 116 22 hvarifrån
735 1125 70 21 redan
827 1125 72 22 finnes
921 1126 78 22 flötled

245 1155 51 20 med
311 1155 118 22 fastställd
447 1156 201 29 flottningsstadga
667 1158 34 22 till
718 1160 175 27 vattendragets
908 1161 68 21 utfall
991 1161 7 20 i

245 1189 129 26 Kymmene
389 1191 37 20 elf.
900 1217 2 2 .

313 1219 72 26 Inom
397 1225 122 22 Utskottet
537 1226 41 21 har
597 1227 134 27 visserligen
745 1229 100 21 uttalats
864 1229 83 22 tvifvel
961 1235 36 15 an-

244 1257 85 31 gäende
344 1260 84 26 nyttan
444 1260 41 21 och
495 1260 201 28 nödvändigheten
712 1262 26 21 af
751 1268 28 22 en
793 1263 72 21 sådan
877 1264 78 29 flötled
969 1264 29 21 dä

243 1292 173 23 konkurrensen
436 1294 97 21 emellan
552 1295 27 22 de
597 1296 38 21 vid
649 1296 78 21 Saima
741 1298 98 21 vattnen
854 1287 143 48 förefintliga,

243 1326 36 21 till
293 1326 54 23 flere
362 1327 66 22 tiotal
443 1329 132 26 uppgäende
591 1330 127 27 sägverken
733 1333 67 25 utgör
815 1335 30 18 en
857 1329 90 30 garänti
963 1333 34 20 för

222 1356 2 5 *
244 1360 154 28 skogsägärne
417 1364 62 20 emot
497 1365 36 20 ett
551 1363 99 28 oskäligt
665 1365 169 27 nedtryckande
850 1367 25 20 af
889 1367 107 27 stockpri-

245 1401 46 21 sen,
308 1396 39 22 och
363 1396 29 21 dä
410 1398 206 27 trävaruexporten
633 1399 77 22 bättre
726 1405 54 16 vore
796 1401 104 26 betjenad
915 1407 82 21 genom

244 1430 42 21 den
305 1429 84 28 färdigt
407 1431 83 27 sågade
509 1437 83 17 varans
610 1432 118 28 transport
746 1440 40 21 per
797 1434 101 29 jernväg
917 1437 29 20 än
961 1443 34 20 ge-

311 1481 201 25 Petitionsbetänkande
523 1489 38 17 N:o
573 1489 27 18 12.
