1070 1795
252 106 30 21 40
428 105 230 22 Petitionsbetänkande
674 106 35 21 N:o
725 106 21 21 2.

295 162 60 17 Häraf
370 162 54 17 torde
444 162 36 17 den
499 162 77 18 slutsats
592 162 64 18 kunna
668 163 68 22 dragas
749 164 32 20 att,
795 163 61 17 såsom
866 162 118 23 jernvägsut-

224 191 72 17 skottet
313 191 30 17 vid
362 191 45 18 1888
420 191 29 17 års
462 191 90 22 landtdag
564 193 57 20 yttrat
634 191 34 22 sig,
682 193 73 19 ,staten
768 191 42 18 icke
823 190 62 19 skulle
899 191 85 22 tillskyn-

224 219 34 18 das
276 220 61 21 nägon
355 219 64 18 direkt
435 219 68 18 förlust
517 224 68 18 genom
601 221 27 16 att
641 219 43 18 med
696 220 34 17 det
741 220 21 17 af
773 219 157 19 Fredrikshamns
943 219 41 18 stad

224 247 93 23 erbjudna
335 248 85 23 bidraget
438 247 61 19 utföra
517 248 81 17 bibanan
614 248 42 17 från
670 248 95 17 Tavastila
777 248 30 17 till
820 247 163 19 Fredrikshamn*.

294 277 28 17 Då
341 279 27 15 ett
385 277 64 17 vidare
468 276 83 23 uppskof
568 277 41 18 med
627 277 71 17 banans
711 277 98 22 byggande
823 277 24 22 pä
859 277 33 17 det
904 277 80 17 allvarli-

224 307 53 20 gaste
296 305 61 18 skulle
375 305 44 18 hota
437 305 158 18 Fredrikshamns
613 305 69 18 handel
701 305 35 18 och
754 305 103 22 förkofran,
870 305 72 17 tilläter
951 306 32 21 jag

224 333 44 22 mig,
288 333 62 18 derom
370 334 91 18 anmodad
480 333 20 18 af
517 334 73 21 staden,
607 336 27 15 att
645 334 95 18 vördsamt
753 334 78 17 anhälla
843 339 29 12 om
884 333 100 23 Vällofliga

224 362 170 22 Borgareständets
406 362 114 18 medverkan
533 363 30 17 till
577 368 22 12 en
612 363 119 22 underdänig
743 363 81 22 petition
837 363 64 17 derom

432 422 33 20 att
487 428 27 14 en
537 421 82 21 bibana
642 421 55 27 från
722 421 113 21 Tavastila
849 421 84 21 station
949 420 35 21 till

363 450 188 21 Fredrikshamns
569 450 50 20 stad
634 450 67 21 mätte
716 450 51 21 med
782 450 74 20 dertill
871 449 30 28 af
913 448 68 22 Stän-

363 478 69 21 derna
447 478 106 21 anvisade
568 478 69 21 medel
652 479 40 20 och
706 479 36 20 det
752 478 29 27 af
787 478 78 21 staden
876 477 109 28 erbjudna

364 507 97 27 bidraget
483 508 58 19 utan
563 507 103 27 uppskof
681 507 37 27 för
732 509 85 18 statens
832 507 97 26 räkning
945 507 37 20 ut-

363 535 68 28 föras.

296 597 118 23 Helsingfors
427 598 36 17 den
477 597 9 18 7
500 597 83 18 februari
596 598 50 17 1894.

744 633 61 21 Frith.
823 633 92 20 Neovius.

296 771 157 26 (Öfversättning)

589 815 38 17 16.

406 877 46 18 Till
469 877 128 23 Vällofliga
612 878 200 22 Borgareståndet.

297 935 41 17 Den
351 934 75 23 nyligen
439 934 28 18 för
480 934 55 18 trafik
549 935 85 22 öppnade
648 935 55 18 delen
717 935 20 18 af
747 935 86 18 Karelska
845 935 98 22 jernvägen
954 935 31 18 be-

226 965 30 16 rör
270 963 89 18 stranden
372 963 20 18 af
402 963 75 23 Ladoga
490 964 28 22 sjö
531 964 81 17 allenast
624 965 6 16 i
644 964 43 17 dess
700 964 86 23 nordliga
799 964 30 18 del
843 964 30 17 vid
886 964 99 17 Sordavala

226 992 48 21 stad,
294 992 76 17 oaktadt
389 992 59 17 banan
467 992 49 18 ända
534 992 42 18 från
593 993 85 17 Kaukola
690 993 54 22 löper
756 998 67 17 genom
836 993 85 22 Ladogas
934 993 51 17 kust-

227 1021 86 17 socknar.
332 1021 65 18 Redan
410 1021 31 17 vid
456 1021 45 18 1885
513 1021 31 18 års
557 1021 95 23 landtdag,
665 1021 55 18 alltså
733 1021 64 18 förrän
811 1021 91 18 Karelska
915 1021 69 18 banans

226 1049 110 22 sträckning
354 1048 62 19 blifvit
437 1049 91 18 definitift
549 1049 79 24 afgjord,
648 1050 67 23 ansågs
734 1049 115 19 förenandet
866 1049 21 18 af
902 1050 83 22 Ladogas

226 1077 57 18 södra
302 1078 63 17 strand
384 1078 41 17 med
441 1079 104 22 jernvägen
563 1092 9 7 ,
575 1079 59 20 såsom
652 1084 24 12 en
689 1079 107 22 nödvändig
809 1079 146 22 komplettering
967 1079 20 17 af

226 1106 63 17 denna
316 1107 96 22 —jernväg;*
445 1107 43 18 Med
517 1107 103 22 anledning
647 1107 55 18 deraf
724 1107 77 18 anhöllo
825 1107 110 22 Ständerna,
959 1109 27 16 att

226 1135 29 17 till
274 1135 107 22 påföljande
400 1135 89 23 landtdag
508 1136 56 17 måtte
577 1135 105 24 föreläggas
696 1136 59 22 nådig
767 1136 116 23 proposition
896 1141 28 13 om
938 1136 47 18 utfö-

227 1163 69 18 randet
308 1163 20 18 af
338 1164 128 23 kanalisering
478 1164 7 17 i
497 1165 99 17 Vuoksens
609 1164 59 18 nedra
681 1164 43 23 lopp
738 1165 29 17 till
780 1164 58 18 sådan
851 1165 134 22 utsträckning,

226 1194 28 16 att
267 1192 36 18 den
317 1193 150 22 segelbargjorda
480 1193 55 18 delen
549 1193 20 18 af
579 1193 129 22 vattendraget
720 1193 73 18 komme
807 1195 26 15 att
843 1193 72 18 sättas
910 1188 8 32 i
925 1193 62 18 direkt

226 1221 91 23 beröring
334 1221 42 18 med
395 1222 35 17 den
443 1221 94 18 blifvande
554 1222 92 18 Karelska
662 1222 127 17 stambanan."
815 1222 28 17 Då
855 1221 37 18 den
905 1222 82 23 begärda

227 1249 70 23 nådiga
315 1251 140 22 propositionen
474 1251 41 17 icke
529 1250 40 18 blef
580 1250 45 18 1888
638 1251 31 17 års
682 1251 80 17 Ständer
774 1250 90 23 förelagd,
877 1250 90 23 föreslogs
979 1251 7 17 i

227 1279 52 17 detta
292 1279 54 18 stånd
360 1285 22 11 en
396 1285 23 17 ny
432 1280 80 22 petition
525 1285 29 12 om
567 1279 129 23 kanalisering
709 1279 20 18 af
740 1279 99 18 Vuoksens
848 1279 85 22 nordliga
941 1285 45 17 gren

227 1307 29 18 till
270 1307 43 18 dess
323 1308 95 22 mynning.
437 1308 44 17 Med
489 1308 102 23 anledning
598 1308 55 17 häraf
657 1307 75 24 yttrade
741 1308 43 18 1888
792 1309 31 16 års
827 1308 160 23 jernvägsutskott

227 1336 58 17 bland
298 1339 64 14 annat:
376 1337 63 20 ,,Enär
452 1336 121 18 förevarande
587 1336 163 23 petitionsförslag
763 1337 66 17 endast
838 1341 93 18 upprepar
939 1337 48 17 hvad

227 1366 76 16 senaste
317 1364 79 18 Ständer
415 1365 6 17 i
440 1365 150 22 underdånighet
602 1364 102 18 framhållit
716 1365 35 17 och
764 1365 53 17 Hans
829 1365 107 22 Kejserliga
948 1365 39 17 Ma-

224 1394 70 22 jestäts
313 1393 75 23 slutliga
404 1393 100 23 afgörande
518 1394 6 17 i
538 1393 61 18 denna
611 1394 33 17 sak
658 1404 21 2 —
692 1404 21 2 —
727 1405 21 1 —
762 1405 15 1 --
795 1394 59 18 redan
867 1394 120 17 mellankom-

228 1422 40 21 mit,
288 1421 28 18 får
334 1422 90 17 utskottet
441 1422 94 17 vördsamt
547 1422 69 18 föreslå
628 1425 28 15 att
668 1423 52 17 detta
732 1422 161 23 petitionsärende
906 1422 42 18 icke
961 1428 26 12 nu

300 1461 201 18 Petitionsbetänkande
513 1461 38 18 N:o
563 1462 18 17 2.
