1070 1795
264 149 277 23 Petitionsbetänkande
557 149 43 22 N:o
615 149 41 22 40.
799 149 13 20 3

83 222 37 23 ter,
145 220 90 23 begagna
256 219 30 24 sig
308 219 21 19 af
347 219 35 19 det
396 219 7 19 i
418 219 92 23 gällande
528 218 118 24 författning
661 218 99 24 medgifna
775 220 68 21 sättet,

83 252 29 16 att
135 249 65 19 lämna
225 248 57 19 deras
298 247 103 20 underhåll
417 247 22 20 åt
454 247 65 24 någon
536 249 138 22 entreprenör.
703 246 29 19 Af
745 247 99 24 naturliga

83 277 44 20 skäl
143 277 67 19 kunna
226 276 241 25 entreprenadområdena
482 276 45 19 icke
543 277 59 22 göras
617 275 69 20 alltför
701 277 61 22 stora,
773 275 72 20 hvaraf

83 306 74 23 följden
181 305 39 20 blir
241 307 30 17 att
293 311 23 13 en
340 307 41 17 stor
403 305 70 22 mängd
497 306 156 23 entreprenörer
667 304 71 24 upgstå
753 304 7 19 i
775 304 68 24 hvarje

83 333 213 25 vägbygnadsdistrikt.

152 363 47 19 Men
215 363 117 19 observeras
347 362 43 23 bör,
406 363 30 18 att
452 363 156 22 entreprenören
624 361 62 24 enligt
700 361 91 24 gällande
801 360 40 21 för-

84 392 84 24 ordning
190 391 21 20 af
233 391 37 19 den
295 390 25 20 15
336 391 82 18 Januari
436 389 61 25 1883,
517 390 102 24 angående
635 392 69 22 vägars
720 390 37 19 och
772 390 70 19 broars

83 420 103 25 byggaude
210 421 36 19 ocb
270 419 103 20 underhåll
396 420 26 23 på
440 419 74 25 landet,
531 419 42 19 står
588 419 6 19 i
610 424 24 14 en
649 418 42 20 helt
706 424 64 14 annan
786 418 57 20 ställ-

84 449 46 24 ning
152 449 51 19 hvad
228 448 138 24 uppfyllandet
388 448 50 19 eller
460 448 155 19 underlåtandet
630 447 21 19 af
664 447 50 19 hans
730 448 113 23 skyldighet

84 477 101 26 beträffar,
209 479 26 17 än
257 477 137 24 vägbyggaren
413 476 52 23 själf.
497 475 26 20 10
540 476 11 25 $
567 477 7 18 i
593 476 71 19 nämda
679 476 116 23 förordning
809 476 35 19 be-

84 509 92 16 stämmer
199 505 98 24 nämligen
313 507 92 18 ansvaret
424 504 32 20 för
471 505 115 19 underlåtet
601 504 142 24 vägunderhåll
758 504 31 20 för
805 505 38 19 den

85 535 91 19 enskilde
193 535 157 23 väglottsegaren
366 533 30 20 till
411 539 34 14 sex
452 533 72 24 marks,
534 539 45 13 men
589 533 31 19 för
628 535 155 22 entreprenören
792 533 51 20 ända

85 563 30 19 till
130 563 74 25 fyratio
218 563 67 19 marks
299 563 63 19 böter.

153 591 31 20 Då
199 597 43 14 man
258 594 55 21 tager
328 591 6 19 i
350 591 131 19 betraktande
489 593 30 17 att
526 590 182 25 ansvarspåföljder
722 591 6 18 i
744 590 97 25 vägbygg-

84 620 118 24 nadsfrågor
226 623 35 16 äro
285 620 77 24 mycket
378 619 80 24 vanliga
473 620 37 19 och
526 621 30 18 att
571 619 20 20 få
606 619 130 24 vägbyggare,
751 625 46 13 vare
813 619 30 24 sig

84 649 78 20 enskild
178 649 49 19 eller
243 650 136 22 entreprenör,
395 649 57 18 alltid
462 648 69 24 lyckas
540 648 145 19 tillfredsställa
693 648 150 19 vederbörande

85 679 100 18 länsmäns
208 677 120 24 fordringar,
345 677 23 19 så
383 677 39 19 blir
438 677 34 19 det
487 677 60 23 klart,
563 678 30 17 att
608 677 24 19 de
648 676 194 26 vägbyggnadsskyl-

85 707 44 24 dige
147 707 19 18 få
182 706 21 19 åt
219 707 153 23 entreprenören
388 706 67 19 betala
471 705 58 20 dessa
543 705 93 24 förhöjda
653 705 63 24 böter,
732 705 64 19 såsom
812 705 31 19 för

85 736 37 18 den
146 735 48 23 risk,
218 736 153 23 entreprenören
393 734 133 19 underkastar
549 734 29 23 sig
593 734 33 19 vid
641 733 107 25 åtagandet
763 736 30 17 att
805 739 38 13 un-

78 763 97 28 -derhålla
191 769 23 13 en
230 763 72 24 mängd
317 763 103 24 väglotter.
453 763 29 19 Då
497 763 68 19 härtill
581 763 86 19 kommer
683 766 29 16 att
728 762 57 20 äfven
800 765 42 17 tor-

85 798 55 19 pare,
156 797 41 14 som
212 792 26 19 ha
254 792 29 23 sig
299 791 67 24 tillagd
382 797 24 14 en
422 791 33 20 del
467 791 22 20 af
503 791 179 24 stomlägenhetens
691 791 151 24 vägbyggnads-

85 821 115 24 skyldighet
221 821 7 18 i
244 821 67 18 stället
330 820 33 19 för
378 820 60 23 skatt,
455 821 60 23 enligt
531 820 65 23 varlig
611 820 97 23 tolkning,
724 820 72 19 räknas
812 819 30 20 till

85 851 186 23 entreprenörerna,
296 851 59 17 växer
377 849 24 19 de
424 849 119 20 sistnämdes
559 848 54 20 antal
629 851 52 16 ännu
696 854 54 14 mera
765 848 37 20 och
817 848 25 19 de

85 878 86 19 hotande
195 878 83 19 böterna
300 878 76 19 komma
399 879 29 18 att
443 877 78 20 betalas
536 877 22 20 af
572 877 24 19 de
612 877 229 24 vägbyggnadsskyldige

86 907 62 19 redan
164 907 60 18 innan
241 907 137 18 motsvarande
394 906 149 19 uraktlåtenhet
559 906 34 24 ägt
607 911 49 14 rum.

153 935 143 20 Förhållandet
317 935 107 20 förbättras
448 935 44 20 icke
515 935 7 18 i
538 935 107 23 tillräcklig
660 935 49 23 grad
724 940 35 13 ens
773 939 70 18 genom

86 965 37 18 den
139 964 7 19 i
161 963 143 24 författningen
318 963 100 24 medgifna
430 962 97 24 fördelen,
544 965 30 17 att
589 963 109 24 tingslagen
714 963 20 19 tå
750 963 53 19 bilda
813 965 30 16 ett

85 995 45 21 eget
147 992 177 24 vägbyggnadslag,
340 992 22 19 så
377 993 57 23 länge
450 993 39 18 den
504 992 150 23 bestämningen
669 992 42 19 står
726 992 55 23 kvar,
797 991 45 19 atti

85 1021 68 24 hvarje
176 1021 171 24 vägbyggnadslag
367 1020 104 25 befintliga
486 1023 61 22 vägar
561 1020 49 20 böra
626 1021 54 18 delas
696 1020 70 19 mellan
782 1023 60 16 samt-

85 1050 40 24 liga
140 1050 235 24 vägbyggnadsskyldige.

154 1079 48 18 Med
224 1078 93 20 afseende
340 1078 48 19 härå
409 1078 37 19 och
470 1078 25 19 då
518 1077 6 19 i
540 1077 132 20 betraktande
687 1080 55 21 tages
758 1077 33 19 det
806 1077 35 23 nit,

85 1107 93 20 hvarmed
202 1107 134 24 länsmännen,
352 1107 105 23 berömligt
471 1112 48 18 nog,
535 1106 64 19 beifra
614 1106 145 20 försummelser
773 1107 7 18 i
796 1108 45 21 väg-

85 1135 133 24 underhållet,
241 1135 37 20 och
294 1136 24 19 då
333 1136 61 23 något
408 1135 118 24 tillräckligt
542 1135 99 19 bindande
656 1135 95 19 rättsskäl
767 1134 31 19 för
813 1134 30 19 bi-

85 1164 127 20 behållandet
234 1164 22 19 af
270 1165 52 18 olika
337 1164 205 19 straffbestämmelser
558 1163 31 20 för
604 1169 72 14 samma
683 1163 159 23 underlåtenhet,

85 1199 46 14 vare
147 1194 29 23 sig
193 1193 147 19 försummelsen
356 1197 82 16 stannar
452 1193 159 23 väglottsegaren
628 1192 48 19 eller
687 1193 156 23 entreprenören

85 1222 30 19 till
126 1221 45 24 last,
188 1222 44 19 icke
248 1222 56 19 torde
319 1221 71 25 finnas,
406 1221 61 24 vågar
479 1221 34 24 jag
528 1221 36 20 hos
577 1221 129 19 Hedervärda
718 1220 124 20 Bondestån-

85 1251 34 18 det
142 1251 112 23 ödmjukast
276 1250 79 19 anhålla
370 1252 30 17 att
415 1250 84 19 Ständet
514 1249 130 24 godhctsfullt
660 1250 44 18 ville
720 1249 123 19 understöda

85 1285 24 13 en
124 1279 124 24 underdånig
263 1279 83 24 petition
363 1279 79 19 derom:

359 1344 27 17 att
409 1342 57 19 Hans
481 1342 106 25 Kejserliga
602 1341 90 26 Majestät
707 1342 68 19 täcktes
789 1341 52 25 före-

291 1370 56 26 lägga
360 1371 51 25 först
426 1370 185 20 sammanträdande
627 1370 82 20 Ständer
721 1370 61 25 nådig
792 1376 49 19 pro-

287 1400 87 25 position
389 1406 33 13 om
434 1399 86 26 ändring
534 1399 26 25 af
569 1399 89 25 gällande
672 1399 122 25 förordning,
805 1405 36 20 an-

288 1428 74 26 gäende
384 1429 70 24 vägars
477 1428 34 19 oeh
531 1428 67 19 broars
612 1427 96 26 byggande
723 1427 34 20 och
771 1427 70 20 under-

290 1456 41 20 håll
349 1457 13 19 &
377 1457 69 24 landet,
462 1457 9 19 i
485 1457 30 19 det
529 1457 49 24 syfte
592 1458 28 17 att
634 1456 45 19 däri
694 1455 97 20 bestämda
805 1462 36 13 an-

153 1495 51 22 Lag-
217 1495 33 18 och
262 1495 181 18 Ekonomiutskottets
456 1495 111 18 betänkande
579 1495 37 17 N:o
629 1496 27 16 14.
