1070 1795
300 132 230 21 Petitionsbetänkande
547 132 36 21 N:o
598 132 20 21 2.
783 134 27 21 13

77 189 112 23 erforderlig
202 189 58 22 mark,
274 195 38 12 som
326 189 29 18 för
367 189 173 22 vattenbyggnader
553 189 35 17 och
601 189 66 22 sjelfva
680 189 80 18 hamnen
773 189 66 18 behöf-

77 219 35 22 ligt
124 218 140 18 vattenområde
277 217 89 18 förenade
379 217 108 18 kostnader.
507 217 53 18 Dock
572 217 35 18 har
619 217 72 22 staden,
704 217 30 18 för
747 218 36 17 den
793 218 46 17 hän-

78 247 51 17 delse
143 248 27 16 att
181 247 7 17 i
200 246 48 23 följd
262 246 21 17 af
294 246 151 17 hamnområdets
458 251 79 12 numera
549 246 59 22 nödig
620 246 83 17 befunna
715 246 124 23 arrondering

78 275 35 18 och
131 275 111 22 utvidgning
258 275 72 18 utöfver
343 275 31 17 det
386 274 64 18 härför
463 275 106 22 uppgjorda
581 274 95 23 förslaget,
689 275 48 17 eller
749 275 20 17 af
780 275 59 17 andra

78 303 121 18 oförutsedda
217 304 82 20 orsaker,
318 303 82 18 nämnda
412 303 67 22 belopp
493 303 20 17 af
524 303 76 21 300,000
612 303 52 17 mark
678 305 50 16 emot
740 303 98 18 förmodan

77 332 42 18 icke
135 332 92 18 befunnes
242 331 44 18 fullt
298 332 115 22 tillräckligt,
426 333 63 16 ansett
501 332 29 22 sig
543 331 46 18 böra
602 333 45 21 göra
660 331 32 18 det
704 331 95 18 förbehåll
812 334 27 15 att

79 360 22 18 de
119 361 89 22 möjligen
227 360 123 23 erforderliga
368 360 166 18 tillskottsmedlen
554 361 56 17 måtte
629 360 104 23 tillskjutas
752 360 21 18 af
783 363 56 15 stats-

78 389 69 18 verket.

147 424 25 17 På
191 424 61 22 grund
270 423 20 18 af
306 423 47 18 hvad
370 424 33 22 jag
421 423 40 18 haft
479 425 46 16 äran
538 423 55 18 ofvan
605 423 99 18 framhålla
716 424 57 22 vågar
785 424 53 18 vörd-

79 455 46 15 samt
141 453 33 22 jag
192 453 76 17 anhålla
286 452 31 18 det
336 452 99 22 Vällofliga
450 452 159 23 Borgareståndet
621 452 43 17 ville
677 452 65 17 förena
755 453 29 22 sig
796 453 6 17 i
815 457 23 13 en

79 481 118 22 underdånig
208 481 82 23 petition
303 481 71 18 derom:

286 541 32 19 att
341 539 9 20 i
373 538 133 22 omedelbart
521 539 165 26 sammanhang
702 539 50 20 med
771 539 65 20 Tam-

216 567 117 28 merfors—
343 567 176 28 Björneborgska
553 567 136 27 järnvägens
719 567 120 27 utförande

217 603 26 14 en
260 596 128 21 hamnbana
404 596 93 21 emellan
513 595 137 28 Björneborg
663 596 50 20 stad
721 596 39 21 och
768 595 68 22 Män-

218 625 85 27 tyluoto
318 625 71 20 holme
404 625 65 20 invid
483 625 73 26 Räfsö
564 625 68 20 hamn
650 624 66 21 måtte
726 625 32 26 på
769 626 67 19 stats-

218 654 83 20 verkets
324 653 118 21 bekostnad
463 653 80 28 byggas
565 655 59 18 samt
645 655 77 18 senast
736 653 47 27 före
799 655 37 19 ut-

216 682 88 28 gången
318 682 29 27 af
359 682 27 21 år
401 683 62 20 1897
479 682 36 20 till
531 681 68 28 trafik
614 681 119 28 upplåtas;

286 712 57 20 samt
366 712 38 23 att,
428 712 57 19 emot
507 711 35 20 det
565 712 32 19 att
620 710 147 27 Björneborgs
789 711 50 20 stad

217 739 77 28 åtager
318 739 34 28 sig
377 741 33 19 att
430 739 101 27 förutom
553 739 138 27 upplåtande
714 739 26 27 af
761 739 78 20 staden

219 768 99 27 tillhörig
340 768 66 27 nödig
428 768 72 26 mark,
524 767 37 28 för
577 774 27 14 en
620 767 112 21 beräknad
746 768 93 20 kostnad

218 797 28 27 af
268 797 108 26 300,000
398 796 63 21 mark
484 796 77 27 utföra
581 795 73 28 öfriga
674 796 163 27 hamnanlägg-

218 825 164 27 ningsarbeten,
398 827 58 19 samt
471 825 145 27 expropriera
631 824 142 28 erforderligt
789 831 47 14 om-

216 853 60 26 råde,
299 855 72 19 staten
394 853 67 21 måtte
485 853 70 28 bygga
574 853 38 21 och
632 853 134 21 underhålla
782 854 57 20 molo

219 883 39 20 och
280 882 131 27 vägbrytare
434 881 115 28 äfvensom
575 881 112 28 tillskjuta
710 882 25 20 de
750 881 89 28 utöfver

218 911 29 27 af
258 911 76 21 staden
354 911 111 27 anslagna
483 911 110 26 300,000
607 911 64 20 mark
687 910 152 27 tilläfventyrs

217 939 128 28 ytterligare
366 939 82 27 nödiga
470 939 70 26 medel
563 939 116 27 äfvensom
702 941 32 18 att
755 939 84 20 landets

218 968 156 27 högvällofliga
395 968 91 20 ständer
505 968 39 20 vid
559 968 73 20 denna
648 968 101 27 landttag
764 967 29 28 af
805 967 36 21 till

218 997 63 20 deras
303 996 132 27 förfogande
457 996 91 21 stående
571 997 78 20 medel
662 996 38 27 för
721 996 116 27 ifrågava-

218 1025 70 21 rande
309 1025 107 20 ändamål
439 1025 52 20 ville
514 1025 65 20 anslå
596 1032 28 13 en
639 1025 26 20 så
681 1027 47 18 stor
743 1031 95 20 summa,

218 1061 47 14 som
295 1053 36 28 för
360 1053 118 28 företagets
508 1053 122 27 utförande
657 1053 93 28 pröfras
784 1060 55 14 vara

218 1082 73 27 nödig.

151 1150 117 23 Helsingfors
281 1151 35 17 den
328 1151 11 18 8
352 1151 91 17 Februari
458 1151 48 17 1894.

629 1179 19 21 F.
665 1179 21 21 H.
703 1179 65 21 Malin.

152 1476 203 17 Petitionsbetänkande
367 1475 37 18 N:o
417 1476 17 17 2.
