1070 1795
268 147 277 23 Petitionsbetänkande
560 147 46 22 N:o
621 147 36 22 19.
799 147 11 20 7

84 209 118 28 länderna,
217 209 42 22 har
274 209 121 22 Utskottet
410 209 79 22 funnit
506 209 222 29 ändamålsenligast
743 212 34 19 att
792 209 51 22 icke

82 247 105 18 närmare
202 243 96 29 angifva
309 243 39 22 det
360 244 160 29 pedagogiska
530 243 72 29 syftet
612 244 52 21 med
675 243 164 30 stipendierna.

82 278 149 22 Beträffande
247 278 77 21 dessas
340 279 64 21 antal
420 278 43 22 och
475 278 86 21 storlek
574 278 42 21 har
628 278 122 22 Utskottet
765 280 75 19 ansett

83 313 36 28 sig
133 313 51 21 icke
192 313 73 21 heller
274 312 54 22 böra
336 316 56 25 göra
400 313 73 28 något
480 316 106 18 närmare
597 312 117 22 bestämdt
728 312 111 28 yrkande.

82 347 66 22 Inom
170 347 122 22 Utskottet
313 347 41 22 har
381 347 60 22 dock
463 347 45 22 den
531 347 95 28 mening
648 347 63 29 gjort
733 347 36 28 sig
791 347 48 28 gäl-

83 381 75 28 lande,
181 384 34 19 att
237 384 86 19 tvänne
346 381 128 29 stipendier
497 382 13 21 &
534 383 41 20 150
597 381 46 28 mk,
666 384 76 20 event.
757 384 82 19 trenne

83 416 14 22 å
113 418 40 20 100
168 416 45 27 mk,
229 416 71 22 borde
319 416 89 29 årligen
423 416 91 22 utdelas
530 416 72 22 bland
616 416 90 22 lärarne
722 416 43 22 och
780 416 59 21 lära-

82 451 110 22 rinnorna
218 451 63 21 inom
304 450 80 29 hvarje
406 451 26 21 af
455 450 91 22 landets
565 451 273 28 folkskoleinspektions-

82 485 99 22 distrikt.

149 521 34 21 På
205 519 97 22 anförda
324 519 50 22 skäl
397 519 37 22 får
455 519 122 23 Utskottet
599 519 63 28 förty
684 519 42 22 hos
746 519 91 22 landets

82 554 98 22 Ständer
202 554 118 22 vördsamt
334 553 86 22 föreslå
435 561 28 14 en
478 553 147 29 underdånig
644 553 100 29 petition
758 553 79 22 därom

355 631 31 18 att
404 629 44 27 för
467 628 119 27 stipendier
602 629 8 20 i
622 629 142 28 pedagogiskt
779 628 58 28 syfte

286 663 22 20 åt
329 663 174 28 folkskollärare
526 663 39 21 och
586 663 139 21 -lärarinnor
740 664 8 19 i
762 663 75 21 lands-

286 697 155 21 kommunerna
456 697 65 21 måtte
541 696 41 29 för
604 698 127 21 kommande
750 698 87 27 finans-

283 732 78 27 period
376 739 27 13 ur
418 733 115 20 allmänna
548 733 68 20 medel
631 733 75 20 anslås
716 740 26 13 en
753 739 83 14 summa

286 766 29 28 af
333 768 66 24 3,600
421 767 36 20 mk
480 768 91 27 ärligen,
588 767 34 21 till
638 767 131 28 fördelning
785 767 52 21 mel-

286 801 38 21 lan
346 801 86 22 landets
459 802 103 27 samtliga
581 802 256 27 folkskoleinspektions-

286 835 98 27 distrikt;
399 839 60 18 samt

354 873 38 25 att,
404 871 44 28 för
461 871 40 21 den
510 871 102 21 händelse
620 878 25 14 en
649 872 92 27 petition
757 871 8 20 i
777 871 58 20 detta

285 905 57 28 syfte
364 906 80 20 varder
463 905 101 26 besluten,
586 906 172 21 Statsutskottets
779 906 56 20 utlä-

286 940 64 20 tande
376 939 135 28 beträffande
538 940 78 21 sakens
636 941 127 25 finansiella
785 939 50 21 sida

285 975 63 20 måtte
364 975 31 27 af
408 975 125 20 Ständerna
549 975 113 21 inhemtas.

148 1106 152 29 Helsingfors,
317 1106 26 21 af
360 1107 127 21 Allmänna
507 1107 221 27 Besvärsutskottet,
748 1107 44 21 den
809 1108 25 21 17

80 1140 61 21 Mars
158 1141 60 21 1894.

147 1244 11 21 I
174 1243 106 22 ärendets
303 1244 143 29 behandling
467 1244 71 22 hafva
559 1244 99 29 deltagit
672 1245 163 26 ledamöterne,

80 1278 53 22 frih.
149 1286 45 14 von
210 1279 152 26 Willebrand,
384 1279 75 22 såsom
481 1279 144 25 ordförande,
641 1279 41 22 Th.
698 1279 137 29 Tigerstedt,

80 1319 43 15 von
152 1313 107 25 Fieandt,
288 1313 129 26 Nordlund,
444 1313 125 28 Melander,
593 1313 120 29 Bergroth,
738 1313 97 28 Heman,

79 1346 139 30 Appelberg,
240 1347 98 27 Lindén,
361 1347 85 27 Lindh,
470 1343 100 33 Öhberg,
585 1348 101 27 Bremer,
702 1348 134 24 Hellström,

79 1381 109 22 Konkola
210 1382 43 23 och
268 1382 116 22 Pitkänen
406 1385 60 18 samt
481 1382 179 29 suppleanterne
676 1382 161 22 Wallensköld

81 1415 42 23 och
138 1416 108 22 Penttilä.

147 1497 102 18 Allmänna
260 1497 169 18 Besvärsutskottets
442 1497 110 18 betänkande
564 1497 37 18 N:o
613 1497 28 18 15.
