1070 1795
264 155 285 24 Petitionsbetänkande
565 155 45 23 N:o
626 156 38 23 48.
787 158 27 19 23

154 226 44 19 Den
221 226 172 25 omständigheten
415 228 31 17 att
470 225 58 20 valen
551 225 31 20 till
598 225 150 20 Bondeståndet
763 226 34 19 ske
812 226 30 19 in-

84 255 65 19 direkt
170 260 72 19 genom
257 254 101 25 elektorer,
373 254 94 19 inverkas
484 256 49 17 utan
549 254 69 19 tvifvel
634 254 120 20 förlamande
766 254 27 25 på
804 255 39 19 den

84 283 105 25 driftighet
204 283 37 19 och
256 283 38 19 den
309 283 55 24 ifver,
380 283 46 19 med
442 283 83 19 hvilken
533 283 25 19 de
570 283 141 24 ursprungliga
722 283 120 20 valmännen

84 314 46 23 taga
151 311 33 20 del
202 311 6 19 i
224 311 64 20 valen.
317 311 50 20 Från
383 311 25 20 de
424 311 59 20 flesta
497 311 119 19 kommuner
632 311 35 19 har
681 311 34 20 det
730 311 58 20 äfven
803 312 38 19 för-

87 342 67 23 sports
168 342 30 17 att
213 340 125 25 deltagandet
352 340 6 19 i
374 339 147 20 elektorsvalen
537 340 51 19 varit
604 340 127 25 synnerligen
742 340 99 25 likgiltigt.

84 365 90 23 Äfvenså
193 369 38 18 kan
246 369 34 19 det
295 369 16 24 ej
327 368 92 20 förnekas
435 370 30 17 att
480 368 38 19 den
534 368 82 25 slutliga
632 368 102 25 utgången
749 369 19 18 af
783 369 59 19 dessa

83 397 99 20 indirekta
201 397 32 19 val
249 397 41 19 ofta
304 397 56 20 torde
375 397 6 19 i
397 397 61 25 högst
473 397 56 25 ringa
545 397 46 19 mån
607 397 146 19 tillfredsställa
768 397 25 20 de
808 403 33 13 ur-

85 426 117 25 sprungliga
218 426 124 24 valmännen,
358 432 33 13 om
406 426 61 19 äfven
482 426 144 19 elektorsvalen
642 426 73 19 utfallit
723 426 51 19 efter
784 426 57 20 deras

85 455 82 19 önskan.
198 454 71 19 Likväl
291 456 21 17 är
332 454 34 19 det
388 454 100 19 indirekta
511 454 102 19 valsätttet
636 454 30 19 till
691 454 151 20 Bondeståndet

85 483 62 25 något
163 489 43 13 som
218 483 6 19 i
240 482 44 20 vårt
296 483 52 24 glest
363 483 91 19 bebodda
469 482 46 19 land
530 483 63 24 knapt
603 483 38 18 kan
652 482 102 25 afhjälpas.
771 483 71 19 Derför

85 512 35 19 bör
143 511 63 25 enligt
230 511 35 19 vår
286 511 53 25 åsigt
361 511 139 25 lagstiftarens
515 511 108 25 åtgörande
638 511 6 19 i
658 511 55 19 detta
728 511 113 20 hänseende

84 540 109 20 inskränka
214 540 31 25 sig
267 539 30 20 till
315 540 148 19 förminskande
479 540 20 19 af
513 540 25 19 de
554 539 128 26 olägenheter
696 540 34 19 det
744 539 97 20 indirekta

85 569 95 19 valsättet
201 569 81 19 medför.
312 568 59 20 Detta
393 568 66 19 skulle
480 567 43 20 åter
539 568 143 19 verksammast
697 568 144 25 åvägabringas

85 597 116 25 derigenom
216 599 30 17 att
260 597 74 19 antalet
349 597 20 19 af
384 597 99 19 elektorer
498 597 6 19 i
519 597 39 25 hög
573 597 49 25 grad
637 597 63 19 skulle
716 597 47 19 ökas
779 599 14 17 t.
809 603 31 14 ex.

85 625 30 20 till
131 632 25 13 en
171 625 76 20 elektor
261 626 30 19 för
305 625 68 26 hvarje
389 625 82 20 500-tal
491 625 121 20 innevånare
627 625 6 20 i
649 625 126 20 kommunen.
806 625 35 20 Ett

86 656 62 18 större
163 654 54 19 antal
232 654 97 19 elektorer
343 654 80 25 erbjöde
440 654 155 25 ögonskenligen
610 660 25 13 en
651 654 63 19 bättre
728 655 77 24 garanti
815 657 26 16 än

86 685 29 17 ett
138 683 57 24 ringa
216 683 58 22 antal,
297 682 28 20 för
339 685 29 17 att
385 682 168 25 valprocedyrens
569 683 81 24 slutliga
666 683 84 19 resultat
762 683 57 19 stode
834 683 7 19 i

85 711 105 25 samklang
212 711 45 20 med
278 711 24 20 de
324 711 144 26 ursprungliga
483 711 109 25 väljarenes
608 711 87 25 afsigter,
711 711 76 20 oafsedt
801 711 40 20 den

87 739 172 26 omständigheten
278 742 29 17 att
321 742 29 17 ett
366 740 77 19 mindre
458 739 53 20 antal
527 740 70 19 lättare
612 740 37 19 kan
664 739 47 20 råka
727 742 22 17 ut
763 740 31 19 för
809 742 31 17 ut-

85 768 52 19 ifrån
151 768 119 19 kommande
284 769 116 24 inflytelser.

156 797 37 19 Det
216 803 60 18 synes
300 803 46 13 vara
360 797 53 19 klart
428 799 30 17 att
472 803 25 13 en
513 797 73 19 reform
601 797 19 19 af
635 797 93 19 valsättet
746 797 3 19 i
764 797 77 20 Bonde-

86 825 82 20 ståndet
190 825 34 20 bör
246 825 25 25 gå
289 826 5 19 i
314 828 75 17 tvänne
404 825 117 26 riktningar.
552 825 37 20 För
603 825 33 20 det
651 826 61 19 första
727 825 60 20 borde
802 826 39 19 den

86 853 107 20 måttstock
210 854 78 25 ändras,
303 854 4 19 i
324 854 89 25 enlighet
429 854 46 19 med
489 854 82 19 hvilken
586 854 30 19 för
630 854 122 19 närvarande
767 854 24 19 de
807 861 33 13 ur-

86 882 117 25 sprungliga
225 883 127 19 valmännens
375 883 112 24 inflytande
505 882 26 25 på
547 883 58 19 valen
619 883 125 24 bestämmes,
760 883 37 19 och
813 883 29 19 för

85 911 34 19 det
142 911 60 19 andra
224 911 60 20 borde
307 911 97 20 valrätten
420 911 113 20 utsträckas
549 911 30 19 till
595 911 73 19 sådana
683 911 55 25 lagar
752 911 20 19 af
788 912 53 19 med-

85 940 89 24 borgare,
198 945 42 14 som
256 940 30 19 för
301 940 122 19 närvarande
438 942 34 17 äro
487 939 44 20 från
547 940 64 19 denna
626 940 94 25 rättighet
735 940 106 19 uteslutna.

87 968 38 19 Det
140 968 56 19 torde
211 974 46 13 vara
271 968 89 25 förtidigt
375 970 30 17 att
431 968 6 19 i
461 968 56 20 detta
541 968 113 19 hänseende
677 968 60 19 redan
762 969 79 19 komma

86 997 50 18 fram
159 997 47 19 med
228 999 30 17 ett
279 997 99 19 bestämdt
400 996 178 26 ändringsförslag.
608 997 69 19 Likväl
698 997 33 19 må
746 997 34 19 det
795 1003 46 14 vara

86 1031 34 13 oss
141 1024 73 21 tillåtet
236 1027 34 22 att,
286 1031 30 13 om
332 1025 59 20 äfven
406 1025 53 20 blott
475 1025 68 20 såsom
557 1025 91 26 exempel
663 1025 26 25 på
704 1025 52 20 huru
769 1025 72 26 ifråga-

87 1053 86 20 varande
195 1053 113 26 förändring
329 1054 94 25 möjligen
447 1053 64 20 skulle
536 1054 69 19 kunna
628 1053 154 22 åstadkommas,
806 1055 37 19 här

86 1082 80 19 anförda
181 1082 84 25 följande
275 1083 76 18 utkast:
364 1082 155 25 valberättigade
530 1082 237 25 egendomsinnehafvare
777 1083 65 19 skulle

87 1110 60 24 delas,
170 1111 29 19 för
221 1111 127 24 närvarande,
369 1111 7 19 i
392 1113 30 17 tre
438 1111 81 24 klasser,
535 1111 20 19 af
570 1111 66 19 hvilka
652 1111 38 20 den
706 1111 61 20 första
781 1113 14 17 t.
810 1117 31 14 ex.

87 1139 126 19 innehafvare
235 1139 19 19 af
276 1141 29 18 ett
320 1139 74 20 mantal
410 1139 45 25 jord
469 1139 49 20 eller
533 1145 60 19 mera,
609 1139 63 20 skulle
688 1145 36 20 ega
740 1139 73 20 enhvar
829 1141 12 18 3

87 1169 67 22 röster,
177 1167 38 20 den
237 1168 61 19 andra
319 1168 85 24 klassen,
428 1168 122 19 omfattande
569 1174 57 19 egare
641 1167 45 20 från
701 1167 38 20 och
754 1169 45 18 med
813 1170 29 18 ett

88 1196 49 19 halft
152 1196 73 19 mantal
240 1196 44 25 jord
298 1197 50 18 ända
363 1197 30 19 till
408 1199 30 17 ett
453 1196 79 24 mantal,
548 1196 64 20 skulle
626 1203 37 18 ega
678 1196 34 20 två
727 1199 64 17 röster
805 1197 37 19 och

87 1225 39 18 den
141 1225 61 24 tredje
216 1224 86 25 klassen,
317 1225 30 19 till
363 1225 67 19 hvilka
441 1225 64 20 skulle
516 1225 71 20 räknas
598 1225 127 19 innehafvare
736 1225 20 19 af
765 1225 77 20 mindre

87 1253 139 25 jordområden
249 1255 25 18 än
297 1253 23 20 de
342 1259 28 14 nu
393 1253 93 24 nämnda,
509 1253 70 20 endast
601 1259 25 14 en
644 1255 46 22 röst,
706 1253 135 20 hvarförutom

87 1281 62 26 öfriga
171 1281 128 20 medlemmar
319 1282 21 19 af
359 1282 128 24 kommunen,
509 1282 68 19 hvilka
597 1282 65 19 skatta
677 1282 30 19 till
722 1282 120 20 kommunen

87 1310 30 19 för
139 1312 29 17 ett
190 1310 52 19 visst
263 1310 78 25 belopp,
362 1313 14 17 t.
399 1317 32 13 ex.
456 1311 39 19 600
518 1311 65 19 marks
602 1310 50 25 årlig
666 1311 94 24 inkomst,
775 1310 66 20 såsom

88 1339 111 23 minimum,
215 1339 64 19 skulle
294 1345 35 19 ega
344 1339 80 24 deltaga
439 1339 7 19 i
461 1339 57 19 valen
532 1339 94 19 likaledes
641 1339 46 19 med
702 1345 24 13 en
743 1341 47 17 röst.

156 1366 63 20 Dessa
241 1367 99 19 allmänna
360 1367 145 25 hänvisningar
527 1368 74 24 antyda
623 1367 5 19 i
650 1367 81 19 hvilken
753 1367 90 26 riktning

87 1395 137 25 förändringar
239 1396 5 19 i
260 1396 91 25 gällande
367 1396 150 25 bestämningar
528 1402 32 13 om
571 1396 57 19 valen
638 1396 30 19 till
680 1395 55 20 såväl
748 1396 94 25 Borgare-

89 1429 43 14 som
148 1424 148 20 Bondeståndet
312 1425 62 24 enligt
390 1424 36 19 vår
441 1424 54 25 åsigt
509 1425 60 19 borde
585 1424 30 25 gå.
638 1424 25 19 Vi
678 1425 59 18 hafva
747 1425 16 25 ej
776 1426 67 18 ansett

89 1452 34 19 det
138 1452 91 25 lämpligt
244 1455 30 17 att
289 1453 5 19 i
310 1453 54 19 detta
379 1452 45 20 vårt
440 1453 170 25 petitionsförslag
626 1453 67 19 skrida
708 1453 30 19 till
753 1455 90 18 närmare

157 1503 131 21 Lagutskottets
300 1503 111 18 betänkande
424 1503 38 18 N:o
476 1503 26 17 14.
