1070 1795
274 115 14 20 4
384 113 82 22 Ständ.
482 113 52 22 Pet.
550 125 29 4 —
593 113 170 22 Petitionsbet.
779 112 40 22 N:o
835 112 36 22 44.

244 183 48 14 nen
308 175 147 28 väsentligen
471 175 141 28 försämrats,
629 175 117 28 föreligga
759 175 9 21 i
783 175 67 21 dessa
861 174 142 29 omständig-

244 210 67 21 heter
336 210 52 22 icke
412 210 61 21 blott
495 209 229 29 billighetsgrunder,
747 211 57 20 utan
826 209 8 21 i
857 210 83 27 många
961 209 42 21 fall

245 245 70 20 äfven
330 245 53 28 laga
399 244 50 21 skäl
465 244 38 21 till
518 244 105 28 lindring
638 243 26 22 af
677 244 99 21 skatten.

315 279 33 21 På
372 271 78 29 Åland
476 279 43 21 och
542 279 8 20 i
571 278 127 29 Egentliga
723 278 113 21 Finlands
860 278 143 21 kusttrakter

244 313 84 28 belöpa
344 313 36 28 sig
396 313 36 21 för
448 321 29 13 en
493 313 86 28 mängd
594 313 108 22 hemman
717 314 34 27 50,
767 313 34 27 60,
819 313 28 22 70
859 312 26 29 ja
896 313 59 21 ända
967 313 37 21 till

247 349 41 21 100
304 348 143 21 skatterubel
462 348 30 28 på
507 347 117 28 mantalet,
641 347 83 22 medan
739 349 34 26 30,
790 347 28 22 35
833 347 13 21 å
861 348 28 21 40
903 347 64 21 rubel
979 350 24 18 är

246 382 40 21 det
301 382 94 28 vanliga
410 382 8 21 i
434 382 77 28 öfriga
527 382 62 21 delar
605 381 25 22 af
644 382 85 27 landet,
746 381 41 22 der
803 381 58 22 dock
877 383 49 20 mot
941 389 62 14 man-

245 417 59 21 talet
326 424 78 14 svarar
427 424 29 14 en
479 416 54 22 vida
551 418 73 20 större
642 416 116 29 jordareal
777 420 29 17 än
821 416 8 21 i
845 416 159 22 förstnämnda

245 451 96 21 trakter.
371 451 75 21 Dessa
464 451 78 21 siffror
562 453 82 26 utgöra
659 451 65 21 bevis
740 451 71 28 derpå
826 452 35 19 att
875 450 76 21 denna
966 451 37 20 be-

246 485 129 28 skattning,
400 485 97 21 hvilken
520 492 96 15 numera
638 485 52 21 icke
709 485 114 28 uppbäres
843 485 26 20 af
881 485 48 21 lika
944 485 60 28 goda

246 519 124 28 förmåner,
387 527 50 14 som
453 519 40 22 vid
509 519 52 22 dess
577 519 127 29 införande,
718 519 90 29 jemväl
823 519 181 28 ursprungligen

246 554 62 21 varit
326 554 98 28 drygare
443 557 29 18 än
491 554 50 27 den,
563 561 49 14 som
628 554 75 28 enligt
718 553 72 22 andra
805 553 198 29 skattläggnings-

246 588 104 22 metoder
366 595 81 14 senare
463 588 99 21 kommit
577 588 37 21 till
629 588 68 21 ständ
712 589 8 20 i
736 588 29 21 de
779 588 68 21 flesta
858 587 75 29 öfriga
941 587 63 22 delar

246 623 26 21 af
285 623 83 21 landet.

316 657 43 21 Att
374 657 29 21 de
419 657 97 21 sälunda
531 657 133 28 betungade
679 657 207 28 hemmansegarne
901 657 51 21 icke
965 664 39 14 an-

246 692 55 21 litat
322 693 103 26 utvägen
448 693 35 19 att
505 691 87 22 ansöka
613 699 37 14 om
669 691 226 28 skatteförmedling,
911 691 41 21 har
967 691 37 21 sin

246 726 132 28 förklaring
400 726 9 21 i
429 726 39 21 det
486 725 114 29 äfventyr,
618 733 48 14 som
682 726 76 29 enligt
773 725 108 29 gällande
897 725 107 29 stadgan-

246 760 47 21 den
315 761 49 27 (159
387 762 13 25 8
424 760 8 21 i
457 761 54 22 1848
535 761 36 20 års
589 760 301 29 landtmäterireglemente)
910 763 24 18 är
952 760 53 21 med

247 795 67 28 dylik
336 795 133 28 ansökning
491 795 162 28 förknippadt:
676 795 151 28 lägenhetens
847 795 90 27 förlust,
954 794 50 22 ifall

246 830 79 28 nägon
348 837 84 20 annan,
456 829 59 22 efter
538 830 145 28 kungörelse,
705 829 102 22 anmäler
826 829 37 29 sig
878 829 77 28 hugad
970 831 35 19 att

247 864 121 28 ofvertaga
383 864 141 28 lägenheten
540 866 48 19 mot
602 864 129 29 utgörande
748 864 25 21 af
782 864 44 21 den
835 864 62 21 förra
905 864 99 21 skatten.

248 898 130 21 Ständerna
394 906 55 13 anse
465 898 82 28 derför,
567 900 34 19 att
617 900 34 20 ett
665 899 9 21 i
688 898 135 22 hufvudsak
839 898 82 22 sädant
935 898 70 22 förfa-

246 933 120 28 ringssätt,
390 940 50 14 som
458 933 9 21 i
485 933 112 22 Senatens
620 933 130 29 äberopade
773 933 120 21 utlätande
916 933 87 27 afsetts,

247 975 56 14 vore
322 967 52 22 bäst
392 967 87 29 egnadt
495 969 33 20 att
543 968 104 21 medföra
662 968 28 21 de
705 968 105 27 resultat,
826 967 81 22 hvilka
922 967 8 22 i
946 967 59 22 före-

247 1002 101 21 varande
363 1002 170 29 angelägenhet
548 1002 71 22 borde
634 1002 167 22 eftersträfvas.
831 1002 174 21 Föranstaltan-

247 1037 41 21 det
311 1037 25 21 af
356 1044 29 14 en
408 1037 94 28 generel
524 1037 201 28 skattereglering,
746 1037 8 21 i
773 1037 105 28 enlighet
893 1037 52 21 med
960 1037 45 21 den

248 1071 106 28 ordning,
370 1079 50 13 som
436 1075 25 17 är
476 1071 8 22 i
499 1071 197 29 författningarna
710 1071 114 28 bestämd,
837 1071 76 22 skulle
924 1071 81 22 kräfva

247 1106 137 21 tidsödande
401 1107 126 27 omgängar
543 1105 43 22 och
601 1106 120 28 ansenliga
736 1106 127 21 kostnader
878 1108 60 19 samt
948 1106 57 29 möj-

247 1141 65 28 ligen
328 1140 87 21 erhålla
430 1148 29 13 en
475 1143 73 18 större
563 1141 170 28 utsträckning,
750 1143 29 18 än
795 1147 28 14 ur
833 1140 107 21 finansiel
952 1148 53 21 syn-

247 1175 77 28 punkt
340 1175 128 21 önskvärdt
483 1182 55 15 vore
553 1175 56 21 eller
623 1175 37 21 för
675 1175 164 28 afhjelpandet
854 1174 26 22 af
893 1175 27 21 de
929 1177 77 19 värsta

247 1209 236 22 missförhällandena
509 1210 72 21 mäste
605 1217 65 14 anses
694 1209 153 28 nödvändigt.
877 1209 129 21 Ständerna

247 1244 64 21 hålla
332 1244 43 21 ock
398 1244 56 28 före,
478 1246 34 19 att
534 1243 149 22 hemmanens
703 1243 134 22 nuvarande
853 1243 87 22 mantal
955 1243 50 22 icke

248 1279 72 21 borde
343 1279 125 28 nedsättas,
488 1282 55 17 enär
561 1279 63 21 detta
640 1279 75 21 skulle
731 1279 78 27 stegra
825 1278 81 28 öfriga,
922 1277 26 22 af
960 1278 46 21 för-

248 1313 135 28 medlingen
406 1313 52 21 icke
482 1313 94 22 berörda
599 1313 118 21 hemmans
741 1315 84 26 anpart
843 1313 8 20 i
866 1312 85 21 sädana
966 1313 40 20 all-

248 1351 85 17 männa
354 1347 90 28 besvär,
468 1354 49 14 som
538 1348 74 28 enligt
630 1347 112 21 mantalet
760 1346 108 22 fördelas.
898 1346 108 22 Lindrin-

248 1390 48 21 gen
318 1389 74 22 synes,
417 1382 41 21 der
477 1382 19 29 ej
514 1382 119 28 särskilda,
650 1381 241 29 anmärkningsvärda
906 1383 99 20 omstän-

250 1417 106 28 digheter
371 1417 169 28 undantagsvis
556 1417 92 29 päkalla
664 1417 69 22 äfven
746 1416 124 22 mantalets
882 1416 123 29 sänkning,
