1070 1795
313 163 262 22 Motionsbetänkande
590 163 42 22 N:o
649 163 23 22 5.
833 165 12 20 3

324 231 55 20 bråd
397 231 58 27 från
479 231 39 21 och
541 232 48 20 med
610 232 41 20 den
667 233 27 19 15
710 232 61 21 Mars
787 233 35 20 till
837 233 39 20 och

324 260 48 20 med
388 260 40 20 den
444 261 14 19 9
473 261 100 26 Augusti.
609 260 73 21 Under
698 261 71 21 denna
778 261 98 28 fridlys-

323 289 100 27 ningstid
438 289 34 20 må
488 289 23 26 ej
525 289 66 20 heller
604 289 65 27 giller
684 289 51 21 eller
750 297 78 14 snaror
842 292 33 18 ut-

323 319 76 22 sättas,
422 317 51 20 eller
496 317 149 27 derförinnan
661 320 81 18 utsatta
758 318 117 21 bibehållas

320 345 42 28 för
387 353 75 13 annan
488 348 29 18 än
543 346 109 27 lofgifven
678 346 197 28 vildbrådsfångst.

324 375 38 20 Att
372 375 58 27 jaga
446 374 37 21 och
499 375 58 20 döda
573 375 53 20 eller
636 375 76 28 fånga
728 375 32 28 elg
775 376 38 20 och
827 375 48 26 bäf-

323 409 35 14 ver
369 409 49 15 vare
429 403 122 21 tillsvidare
563 404 69 20 under
640 403 48 21 hela
698 405 46 19 äret
750 404 124 28 förbjudet.

392 432 15 27 $
423 434 33 18 13.
488 432 63 21 Frän
567 432 38 21 och
618 433 48 20 med
677 433 41 20 den
729 434 27 19 15
768 433 61 20 Mars
840 433 35 20 till

324 460 38 21 och
382 460 48 21 med
445 460 40 21 den
501 461 14 20 9
531 461 96 27 Augusti
642 462 35 19 mä
692 461 60 20 hund
768 461 107 28 begagnas

324 489 34 20 till
382 489 45 27 jagt
450 489 75 21 endast
548 490 57 27 efter
628 489 70 28 björn,
720 497 59 20 varg,
800 491 20 20 lo
836 489 39 22 och

318 517 58 28 jerj,
392 520 43 17 när
449 518 66 27 något
531 519 30 26 af
574 519 62 20 dessa
653 518 53 25 djur
716 518 113 28 bevisligen
840 519 33 27 sig

323 547 9 19 i
347 545 86 22 trakten
448 546 121 27 uppehällit
585 549 57 18 samt
655 547 105 21 dessutom
767 547 56 27 frän
836 547 39 21 och

323 575 48 20 med
394 575 40 20 den
456 577 13 18 1
493 576 95 27 Augusti
603 575 35 21 till
654 576 107 27 lofgifven
772 577 51 26 jagt
838 576 37 20 vid

323 603 102 21 stränder
443 604 30 27 af
485 604 34 27 sjö
534 605 53 20 eller
602 605 128 27 vattendrag
746 605 37 20 och
799 605 8 20 i
822 604 53 21 kärr

324 632 52 21 eller
391 639 74 14 annan
481 633 56 20 sank
552 633 69 20 mark.

185 713 132 27 Helsingfors
333 714 40 19 den
390 714 12 19 7
417 713 100 20 Februari
533 713 62 21 1894.

146 787 69 22 Gust.
231 787 65 22 Rud.
307 787 97 22 Idman.
541 787 63 22 Kon.
620 787 58 22 Vill.
694 787 149 23 Dahlström.

185 916 127 22 Utskottet
338 916 47 22 har
412 916 93 29 jemväl
533 916 100 23 erhällit
657 916 40 22 del
716 917 25 21 af
760 917 29 22 de
810 918 63 21 utta-

116 951 100 26 landen,
237 957 53 16 som
309 951 43 21 vid
372 951 117 22 ärendets
507 951 89 22 remiss
615 951 81 28 gjorts
710 951 25 22 af
748 951 124 22 särskilda

117 985 162 22 medlemmar
297 985 8 22 i
323 985 224 28 Borgareständet.

185 1019 55 22 Den
259 1019 80 29 fräga,
360 1026 53 15 som
432 1020 75 28 utgör
519 1019 106 22 föremäl
638 1019 39 22 för
690 1019 182 30 ofvanintagna

117 1054 211 29 motionsförslag,
361 1053 59 22 eller
450 1054 164 29 förlängning
645 1053 25 22 af
698 1053 175 30 fridlysnings-

117 1088 68 22 tiden
203 1088 40 22 för
262 1088 142 29 andslägtet
422 1088 46 22 och
487 1088 66 29 öfrig
571 1089 8 21 i
593 1088 117 29 gällande
724 1088 149 29 förordning

117 1129 40 15 om
183 1123 55 28 jagt
266 1123 45 21 och
335 1121 121 30 djurfäng
475 1123 103 22 dermed
597 1123 102 21 likstäld
718 1123 155 28 vattenfägel

117 1157 46 22 har
190 1157 80 22 redan
297 1157 107 29 tidigare
432 1158 94 21 tvänne
553 1157 99 29 gänger
678 1157 149 22 behandlats
848 1157 26 21 af

119 1191 150 26 Ständerna,
297 1191 127 22 hvardera
451 1191 102 29 gängen
580 1191 8 22 i
612 1191 183 28 sammanhang
814 1191 57 22 med

116 1225 75 22 väckt
218 1225 96 29 förslag
340 1232 41 15 om
408 1226 177 28 omarbetning
605 1225 25 22 af
648 1225 110 22 nämnda
776 1225 96 22 förord-

116 1260 62 29 ning
196 1260 94 28 jemväl
307 1260 8 21 i
334 1260 80 22 andra
434 1260 145 22 afseenden.

184 1294 91 22 Första
294 1294 101 29 gängen
408 1294 95 22 skedde
517 1294 69 22 detta
600 1294 43 22 vid
658 1293 66 23 1882
740 1294 39 22 ärs
792 1293 81 23 landt-

117 1329 57 27 dag,
199 1329 33 21 dä
250 1329 152 28 regeringen
420 1329 57 21 med
497 1328 138 29 anledning
654 1328 26 22 af
697 1328 93 22 Finska
808 1328 65 28 jagt-

117 1362 163 30 föreningens
301 1362 186 30 framställning
505 1369 41 15 om
565 1362 121 22 behofvet
704 1362 25 22 af
748 1362 125 22 särskilda

117 1397 139 29 ändringar
274 1397 8 22 i
301 1397 110 22 nämnda
426 1397 151 29 förordning
589 1397 123 22 framlade
725 1397 78 28 nädig
816 1403 56 22 pro-

116 1431 110 28 position
244 1431 57 22 med
319 1432 96 28 förslag
433 1431 36 22 till
488 1439 34 21 ny
541 1431 150 29 förordning
707 1437 40 16 om
759 1431 54 29 jagt
827 1431 46 22 och

117 1465 128 30 djurfäng.
283 1466 73 22 Detta
383 1465 262 30 författningsförslag
671 1465 110 22 innehöll
805 1465 8 22 i
838 1471 36 16 nu

185 1511 47 20 Lag-
245 1509 33 17 och
290 1509 183 17 Ekonomiutskottets
485 1509 112 17 betänkande
609 1508 37 18 N:o
660 1509 16 16 6.
