1070 1795
270 115 26 21 12
448 114 232 23 Petitisnsbetänkande
689 114 42 22 :N:o
745 114 36 22 27.

238 171 93 28 Följden
347 171 70 30 häraf
429 172 76 22 blefve
520 172 150 27 naturligtvis
686 173 36 21 att
736 172 103 21 flertalet
851 177 148 22 passagerare

238 207 8 20 i
262 207 40 23 det
315 207 63 23 förra
392 206 67 24 fallet
473 206 14 22 .å
503 206 124 23 Riihimäki
638 207 79 22 samt
705 201 15 37 i
728 207 39 22 det
779 212 82 17 senare
869 206 14 24 å
894 206 106 28 Hyvinge

240 241 74 22 skulle
332 241 62 27 köpa
412 246 46 22 nya
477 241 107 27 biljetter,
600 241 90 22 hvilket
709 240 78 23 skulle
799 237 122 26 förorsaka
935 237 110 10 såväl”

240 275 71 22 ökadt
326 275 80 22 arbete
422 281 49 16 som
487 275 108 27 möjligen
610 275 71 22 ökadt
696 275 108 28 uppehåll
819 275 15 22 å
845 276 67 21 dessa
922 276 78 21 statio-

240 316 47 15 ner.
317 310 10 21 I
342 309 94 28 Ungern
454 310 41 21 har
514 316 54 16 man
587 310 76 21 funnit
682 310 34 27 sig
735 310 132 22 föranlåten
885 311 36 21 att
937 310 63 26 söka,

239 344 73 22 ehuru
327 344 52 22 med
394 344 65 27 ringa
475 344 127 27 framgång,
611 344 94 27 vidtaga
720 345 109 26 åtgärder
845 345 32 21 till
890 345 111 21 förekom-

240 379 83 21 mande
338 379 27 20 af
377 379 63 26 dylik
454 379 151 27 spekulation.

309 414 34 20 En
358 419 76 16 annan
450 414 169 27 väsendtligare
635 414 123 27 olägenhet
773 414 133 22 förorsakas
919 419 82 22 genom

240 448 175 21 fastställandet
432 448 27 21 af
475 454 28 15 en
521 448 171 27 maximiafgift,
709 448 27 22 så
753 450 37 19 att
805 448 39 21 vid
859 448 92 22 afstånd
966 450 34 19 ut-

240 481 66 22 öfver
321 488 28 15 en
365 481 49 22 viss
430 482 95 27 distans,
537 482 123 27 afgifterna
674 483 51 21 icke
741 482 78 22 vidare
836 483 66 26 stiga.
925 482 76 27 Enligt

240 517 168 26 petitionärens
430 517 85 26 förslag
538 517 74 22 skulle
627 517 35 21 för
678 517 45 21 alla
738 516 94 22 afstånd
848 517 92 22 utöfver
959 517 43 20 300

241 551 47 21 km.
312 551 105 27 erläggas
440 552 35 21 ett
497 551 127 28 likformigt
647 551 47 28 pris
716 551 26 22 af
763 551 28 22 10
814 552 66 21 mark
899 551 7 22 i
924 551 31 21 III
971 551 29 21 kl.

241 585 101 22 Sålunda
356 585 75 22 skulle
446 591 28 16 en
489 586 76 26 biljett
581 586 50 21 från
650 586 145 27 Helsingfors
811 586 35 21 till
862 586 33 21 St.
912 586 88 21 Peters-

241 620 64 27 burg,
321 619 35 22 till
372 619 125 22 Sordavala
518 620 55 22 eller
589 621 35 20 till
642 621 102 21 Joensuu
761 621 69 21 kosta
846 621 47 20 lika
907 620 95 27 mycket

242 660 50 16 som
308 654 35 22 till
358 654 91 27 Viborg.
473 654 42 22 Vid
531 654 84 22 sådant
630 655 143 21 förhållande
789 655 75 22 skulle
880 661 28 15 en
919 660 83 21 person

242 694 51 16 som
308 690 63 21 reste
386 689 52 21 från
453 689 145 27 Helsingfors
613 689 35 22 till
665 689 146 22 sistnämnda
826 689 53 22 stad
890 689 61 21 finna
959 689 42 21 för-

241 723 37 22 del
300 723 7 21 i
330 725 37 20 att
388 723 60 27 köpa
469 723 76 27 biljett
568 723 35 22 till
622 723 73 28 någon
711 724 27 21 af
750 724 28 21 de
794 724 71 21 andra
880 725 99 25 orterna,
995 724 6 21 i

241 758 61 27 hopp
317 759 37 20 att
369 757 7 21 i
391 757 85 28 Viborg
491 757 78 22 kunna
584 757 90 28 afyttra
689 758 43 22 den
751 757 26 22 åt
792 758 75 27 någon
882 763 49 16 som
948 758 55 21 deri-

243 792 52 21 från
317 792 78 22 färdas
418 793 95 21 österut.
544 792 33 21 En
600 792 71 21 sådan
693 792 83 22 handel
803 793 65 21 torde
890 792 7 22 i
920 792 84 27 sjelfva

243 827 84 22 verket
341 827 71 21 hafva
426 827 121 21 bedrifvits
567 827 71 22 under
656 827 28 22 de
699 827 76 22 första
791 827 55 21 åren
861 827 27 21 af
900 826 103 27 Helsing-

243 861 49 22 fors
305 872 9 2 —
322 861 186 22 Riihimäki—
473 857 42 36 St.
527 861 152 28 Petersburgs
693 862 110 27 jernvägs
819 861 140 28 trafikering,
975 861 29 22 dä

243 895 77 27 biljett
334 895 73 28 priset
422 895 7 21 i
444 895 31 22 III
490 895 30 22 kl.
537 895 50 22 frän
603 895 144 28 Helsingfors
763 895 35 22 till
815 895 33 22 St.
864 895 140 28 Petersburg

244 935 43 16 var
302 930 46 21 lika
364 935 49 16 som
429 930 34 21 till
478 930 92 27 Viborg.
597 926 76 26 Äfven
689 930 66 22 detta
769 930 119 21 missbruk
898 931 41 20 har
949 935 54 16 man

244 966 50 20 sett
309 964 34 28 sig
358 966 102 26 tvungen
476 965 36 21 att
527 965 7 20 i
550 964 93 27 Ungern
659 965 71 26 stäfja
741 970 82 21 genom
832 964 73 22 delvis
915 964 90 27 ganska

244 999 139 22 drakoniska
406 999 178 27 bestämningar.
614 999 136 22 Kontrollen
773 998 66 22 öfver
858 1000 37 20 att
913 999 44 21 slik
972 998 30 21 öf-

244 1033 124 22 verlätelse
391 1033 26 21 af
435 1033 76 27 biljett
525 1033 21 27 ej
562 1039 52 21 eger
630 1039 51 16 rum
700 1033 77 22 måste
793 1033 57 22 dock
867 1033 69 21 blifva
952 1039 51 21 syn-

244 1067 101 28 nerligen
361 1067 54 22 svär
430 1068 41 21 och
489 1067 233 23 otillfredsställande.

314 1102 44 22 Det
374 1108 70 21 synes
459 1102 38 22 vid
512 1102 93 22 anfördt
622 1102 141 22 förhällande
783 1102 100 27 förtjena
897 1102 108 27 alvarligt

244 1136 177 28 Ofvervägande,
437 1137 112 26 grundadt
567 1136 29 27 pä
614 1142 117 22 noggrann
750 1137 130 21 kännedom
895 1142 37 16 om
947 1137 57 26 jern-

244 1171 242 27 vägsförvaltningens
509 1171 103 27 detaljer,
634 1171 70 22 innan
722 1171 53 22 med
795 1171 147 22 bestämähet
958 1171 46 21 kan

244 1205 94 27 afgöras
353 1205 7 21 i
375 1205 61 22 hvad
451 1205 53 22 män
519 1205 130 22 införandet
664 1205 26 22 af
702 1205 110 22 zontariff
825 1205 76 22 kunde
911 1205 95 27 erbjuda

245 1239 99 22 fördelar
368 1241 7 20 i
398 1240 63 27 syfte
476 1240 27 21 af
517 1240 338 27 jernvägsadministrationens
871 1239 133 28 förenkling.

315 1274 34 21 Af
362 1275 38 21 det
416 1275 70 27 sagda
502 1275 40 21 bör
557 1275 89 27 framgä
665 1276 37 20 att
716 1275 121 21 utskottet
851 1274 50 22 icke
916 1275 89 21 kunnat

245 1309 89 27 afgifva
348 1310 36 21 ett
399 1309 118 22 bestämdt
531 1309 111 27 omdöme,
658 1309 114 22 huruvida
791 1309 51 21 skäl
856 1309 76 22 kunde
950 1309 55 21 före-

245 1343 82 26 finnas,
342 1345 38 19 att
394 1343 38 21 vid
447 1343 90 21 landets
551 1343 123 27 jernvägar
688 1343 76 21 införa
779 1343 114 21 zontariff.
916 1343 89 27 Frågan

246 1382 71 23 synes
332 1377 126 22 emellertid
474 1377 155 22 tvifvelsutan
644 1383 58 16 vara
717 1377 99 27 förtjent
827 1377 26 22 af
857 1383 29 16 en
894 1382 111 23 omsorgs-

246 1411 42 22 full
309 1412 111 27 pröfning,
436 1412 61 22 helst
515 1412 27 22 de
561 1412 38 21 vid
618 1411 136 28 föregäende
773 1411 108 23 tillfällen
897 1412 109 27 vidtagna

316 1468 180 23 Jernvägsutskottets
508 1468 112 18 betänkande
630 1467 38 18 N:o
681 1469 16 16 4.
