1070 1795
241 169 13 19 4
404 167 278 23 Petitionsbetänkande
698 167 45 22 N:o
759 167 22 22 3.

214 235 77 22 denna
306 235 119 29 synpunkt
439 235 52 22 icke
506 235 79 22 funnit
599 235 108 29 lämpligt
722 234 93 22 förorda
831 242 28 13 en
872 235 97 27 petition

213 269 53 22 med
282 269 177 29 ifrågavarande
473 270 68 28 syfte.

284 304 36 21 En
329 304 150 29 nedsättning
488 304 26 21 af
518 304 154 29 biljettprisen
678 305 30 27 på
715 304 55 21 våra
786 307 113 24 järnvägar
905 303 65 22 torde

214 339 39 20 väl
269 339 26 20 af
307 339 86 28 många
408 339 49 20 skäl
473 346 55 13 vara
544 338 123 22 önskvärd.
697 338 54 21 Men
765 337 84 29 frågan
862 345 37 14 om
907 338 63 28 järn-

214 376 115 25 vägarnes
345 372 172 28 persontariffer
529 372 43 22 hör
582 373 150 28 naturligtvis
743 372 51 21 icke
805 372 36 21 till
853 372 58 27 dem,
922 379 48 14 som

214 407 123 22 Utskottet
345 414 53 22 eger
406 407 119 21 behandla.
542 407 120 22 Utskottet
670 407 42 21 har
720 407 37 21 för
765 406 72 28 öfrigt
845 406 85 26 erfarit,
938 408 34 20 att

215 441 37 21 till
268 441 232 28 Järnvägsutskottet
514 441 40 21 vid
570 448 32 14 nu
616 441 121 28 pågående
746 440 113 29 landtdag
869 441 102 21 remitte-

215 477 48 18 rats
284 477 33 18 ett
332 475 231 28 petitionsmemorial
579 482 37 14 om
632 475 120 21 zontariffs
767 474 129 27 införande,
912 478 60 18 samt

216 511 35 19 att
267 516 29 14 en
309 509 25 21 af
347 509 120 28 Styrelsen
483 509 84 22 tillsatt
576 509 94 26 komité,
682 509 95 22 hvilken
790 509 42 22 har
842 509 81 28 frågan
936 516 35 14 om

215 543 149 28 lämpligaste
380 544 149 27 persontariff
536 543 37 22 för
583 546 87 19 statens
678 544 127 28 järnvägar
816 544 35 27 sig
861 543 111 28 förelagd,

216 577 73 21 redan
311 578 65 21 torde
399 578 86 21 uttalat
507 578 36 28 sig
562 577 37 22 för
617 585 28 14 en
661 578 106 28 betydlig
783 577 151 28 nedsättning
949 577 26 21 af

217 611 141 22 åtminstone
374 612 36 21 III
422 612 103 21 klassens
536 612 130 28 biljettpris.
692 612 37 21 En
740 612 67 28 långt
819 619 48 14 mer
879 619 92 21 genom-

217 645 113 29 gripande
354 646 43 21 och
420 646 143 21 omfattande
585 646 123 21 reduktion
731 646 27 21 af
773 645 155 29 biljettprisen
944 649 29 18 än

218 679 46 22 den
286 680 157 28 petitionären
459 680 122 29 föreslagit
596 684 24 17 är
636 680 88 21 således
740 680 53 21 med
809 680 31 21 all
855 680 118 21 sannolik-

216 713 42 22 het
274 716 35 19 att
324 714 8 21 i
348 721 28 14 en
392 722 53 13 snar
460 714 95 21 framtid
570 714 114 22 förvänta.

288 748 34 21 På
343 748 98 22 anförda
459 748 101 29 grunder
575 749 36 21 får
626 749 122 21 Utskottet
763 748 78 21 därför
856 748 129 25 vördsamt,

218 782 87 21 föreslå

497 843 32 18 att
545 841 241 27 petitionsmemorialet
801 840 46 21 icke
861 841 65 20 måtte
942 841 33 20 till

428 875 71 27 någon
515 875 79 27 åtgärd
605 875 129 27 föranleda.

292 1000 153 28 Helsingfors,
469 1000 26 21 af
513 1000 125 21 Allmänna
653 999 222 28 Besvärsutskottet,
891 999 44 22 den
953 1002 23 20 17

223 1034 113 22 Februari
354 1036 61 21 1894.

292 1143 11 21 I
326 1143 106 21 ärendets
456 1143 142 28 behandling
619 1143 71 22 hafva
706 1143 101 28 deltagit
821 1142 158 22 ledamöterna

222 1177 54 21 frih.
300 1185 45 14 von
361 1177 152 28 Willebrand,
530 1178 75 21 såsom
621 1177 145 27 ordförande,
783 1177 42 22 Th.
841 1177 138 28 Tigerstedt,

222 1218 47 14 von
292 1211 107 28 Fieandt,
422 1191 125 58 Melander,
569 1212 121 28 Bergroth,
717 1212 98 25 Heman,
841 1211 138 28 Appelberg,

222 1245 100 27 Lindén,
345 1225 84 54 Lindh,
444 1241 98 34 Öhberg,
561 1247 100 26 Bremer,
672 1246 135 25 Hellström,
819 1245 108 22 Konkola
938 1245 43 22 och

222 1263 118 38 Pitkänen
356 1282 59 19 samt
430 1281 178 28 suppleanterne
624 1281 120 28 Törngren
760 1280 43 21 och
819 1279 110 22 Ilmanen.

364 1492 117 32 Helsingfors,
496 1488 112 41 Helsingfors
623 1488 160 41 Central-tryckeri,
796 1501 50 18 1894.
