1070 1795
251 116 14 21 4
364 115 82 23 Ständ.
463 115 52 22 Pet.
531 128 27 3 —
575 115 168 23 Petitionsbet.
759 115 42 22 N:o
816 115 21 22 2.

220 181 120 28 anskaffas,
364 181 92 22 komme
478 183 35 20 att
533 183 66 26 tagas
614 181 9 22 i
638 181 98 29 anspråk
758 181 36 22 för
815 181 122 22 utförande
956 182 25 21 af

220 215 78 28 andra,
315 216 74 22 såsom
404 223 64 16 mera
481 215 117 29 behöfliga
612 215 101 23 ansedda
725 217 130 28 jernvägar.

290 256 139 28 Betydelsen
444 255 26 22 af
482 256 81 22 Waala
585 256 76 22 banan
678 256 42 22 har
733 256 87 29 jemväl
835 256 39 21 vid
891 256 45 22 alla
951 257 28 21 de

221 290 115 28 tillfällen,
360 291 29 21 då
411 291 132 21 densamma
557 291 60 21 varit
634 291 98 22 föremål
746 291 36 22 för
797 291 142 27 uttalanden,
956 291 25 21 af

222 325 130 21 Ständerna
365 325 30 28 på
410 325 39 22 det
463 325 136 29 kraftigaste
614 325 144 22 framhållits.
783 325 42 22 Uti
841 327 33 20 ett
889 326 29 28 på
931 325 49 22 inre

222 359 138 29 vattendrag
376 360 24 21 så
415 359 48 22 rikt
477 359 54 22 land
547 367 48 14 som
609 360 101 21 Finland
725 360 80 27 måste,
821 359 40 22 vid
876 360 103 21 kommu-

222 393 173 23 nikationernas
410 394 164 28 förbättrande,
591 395 74 21 såsom
681 397 34 19 ett
730 394 26 22 af
767 394 28 22 de
805 393 95 23 främsta
911 394 69 29 syfte-

224 428 76 22 målen
315 429 59 21 afses
390 429 28 21 de
433 429 50 21 inre
498 431 192 26 vattenvägarnes
706 429 153 22 förbindande
869 429 53 21 med
932 429 49 21 haf-

224 465 39 19 vet
278 463 43 22 och
336 463 52 22 med
403 463 91 22 landets
507 463 157 29 jernvägsnät.
693 463 34 23 Af
740 463 90 22 landets
846 465 72 20 större
932 465 49 20 vat-

224 500 127 27 tensystem
374 498 83 22 saknar
479 497 69 23 äfven
569 505 95 15 numera
687 498 81 22 endast
786 498 132 22 Uleåträsks
932 498 50 21 vid-

226 532 102 22 sträckta
342 533 173 21 vattenområde
530 532 140 22 förbindelse
680 532 54 22 med
744 532 75 29 öfriga
829 532 62 22 delar
902 532 25 22 af
935 532 48 22 lan-

225 567 40 21 det
284 567 42 21 och
343 567 53 22 med
411 567 86 28 hafvet,
513 569 26 26 ty
554 567 116 22 båtfarten
684 567 64 22 utför
762 566 93 23 Uleåelf
867 567 46 21 kan
932 567 51 22 icke

224 601 170 22 tillfredsställa
408 609 41 14 ens
464 601 28 22 de
505 604 60 19 mest
579 602 160 29 anspråkslösa
748 601 131 29 fordringar
889 602 29 28 på
928 601 55 22 tids-

226 636 79 29 enliga
328 637 216 22 samfärdselmedel.
575 637 36 21 En
624 637 99 28 jernväg
740 636 52 22 från
815 636 116 29 Uleåborg
946 635 38 22 till

226 671 83 22 Waala
328 671 74 22 skulle
418 671 53 22 med
483 671 167 29 jemförelsevis
672 671 68 29 ringa
761 671 100 21 kostnad
882 670 103 22 medföra

226 713 30 14 en
271 705 88 29 ganska
373 705 213 22 tillfredsställande
601 705 141 29 förbättring
751 705 9 22 i
770 713 33 14 nu
810 704 175 29 ifrågavarande

226 740 100 22 trakters
358 739 378 23 kommunikationsförhållanden.
777 739 84 22 Denna
887 739 98 28 jernväg

228 775 75 22 skulle
316 774 86 29 jemväl
416 775 79 21 kunna
504 775 101 28 påräkna
614 775 51 21 icke
676 773 146 30 obetydande
831 773 74 28 trafik,
916 773 70 22 bland

228 811 72 20 annat
319 817 84 21 genom
421 811 213 26 trävarutransport,
651 809 29 22 då
695 809 28 21 de
738 809 67 21 svåra
819 807 167 29 flottningsför-

227 844 140 22 hållandena
381 844 9 21 i
400 843 92 23 Uleåelf
504 846 59 19 samt
581 843 87 22 bristen
682 845 30 27 på
726 843 112 28 lämpliga
852 842 85 29 platser
951 842 36 21 för

229 879 213 28 såganläggningar
456 879 41 21 vid
511 878 89 22 elfvens
614 878 116 29 mynning
740 877 190 32 nödvändiggöra
940 876 46 22 för-

228 913 127 30 läggandet
370 913 26 22 af
408 913 98 29 sågverk
520 913 9 22 i
544 914 202 28 vattensystemets
760 911 48 23 öfre
819 911 69 22 delar.
911 911 76 22 Afven

230 948 45 22 den
294 948 130 29 betydande
441 948 161 29 tjärindustrin
625 947 80 28 skulle,
726 947 38 21 till
782 948 48 20 stor
852 946 86 21 båtnad
952 946 36 21 för

229 983 174 29 befolkningen,
419 983 92 22 komma
526 984 34 20 att
575 989 83 22 genom
671 982 130 28 jernvägen
817 981 72 22 vinna
899 982 90 20 väsent-

229 1017 50 29 liga
300 1017 116 23 förmåner
439 1017 42 22 och
503 1017 121 22 framdeles
647 1023 63 15 mera
732 1019 30 18 än
781 1014 115 23 härintills
912 1015 77 22 kunna

231 1052 157 29 tillgodogöra
410 1051 40 22 vid
472 1051 191 29 tjärbränningen
678 1049 187 30 uppkommande
880 1049 61 22 olika
956 1049 33 22 bi-

231 1087 132 29 produkter.
394 1085 46 23 Vid
461 1085 102 22 Uleåelfs
585 1085 73 22 forsar
680 1084 76 22 skulle
778 1083 136 22 industriela
935 1083 56 22 verk

232 1121 118 22 sannolikt
365 1121 64 22 inom
444 1121 53 21 kort
510 1120 89 29 uppstå.

303 1163 35 21 De
360 1162 85 28 många
460 1161 55 28 skäl,
540 1167 49 15 som
610 1160 41 22 vid
670 1158 141 30 föregående
829 1157 108 22 tillfällen
953 1165 38 14 an-

232 1197 60 22 förts
315 1196 37 22 till
374 1196 91 21 förmån
487 1195 36 22 för
545 1193 228 30 Uleåborg—Waala
793 1193 104 29 jernväg,
922 1192 69 22 hafva

234 1238 86 22 genom
343 1232 90 21 senaste
456 1231 35 20 års
514 1229 130 22 erfarenhet
663 1228 85 23 vunnit
763 1227 60 22 ökad
838 1227 84 29 styrka.
952 1227 41 22 Uti

234 1266 28 21 de
285 1265 40 23 vid
350 1265 155 22 innevarande
526 1264 111 28 landtdag
651 1263 93 29 ingifna
758 1261 234 30 petitionsmemorial,

234 1307 52 15 som
308 1300 81 22 beröra
411 1299 75 22 denna
505 1299 64 28 bana,
592 1298 132 22 framhålles
748 1296 53 23 med
820 1295 97 22 särskild
931 1296 62 21 beto-

236 1335 66 28 ning,
320 1336 34 20 att
368 1334 119 22 trakterna
501 1333 69 29 kring
580 1333 132 22 Uleåträsks
723 1332 168 27 vattensystem
899 1329 96 29 tillföljd

235 1368 27 22 af
274 1368 43 22 sitt
338 1368 100 22 afskilda
456 1368 51 29 läge
521 1368 9 21 i
545 1367 71 29 högre
631 1366 57 30 grad
703 1370 30 18 än
749 1365 28 22 de
792 1365 66 21 flesta
873 1364 70 22 andra
957 1363 38 22 de-

236 1403 35 22 lar
287 1403 25 22 af
324 1403 80 22 landet
426 1403 73 22 under
514 1404 89 20 senaste
618 1401 60 22 tider
692 1401 46 22 fått
754 1400 55 22 bära
823 1399 45 22 alla
883 1399 28 21 de
925 1399 70 21 bittra
