1070 1795
759 139 26 22 15

56 201 91 27 ordning
168 201 7 22 i
195 204 73 19 ämnet
283 201 22 22 af
320 202 40 21 den
376 201 80 28 lydelse
471 202 44 21 Vår
530 202 145 27 underdåniga
691 203 122 21 svarsskrif-

55 236 57 21 velse
127 235 33 22 för
176 236 40 21 den
234 236 10 21 1
261 237 142 20 innevarande
418 236 51 21 Juni
484 236 125 22 innehåller.

402 333 27 21 32
445 333 19 26 8.

123 384 69 21 Sedan
208 385 58 21 Hans
282 384 118 27 Kejserliga
416 385 102 26 Majestät
533 385 91 28 förelagt
639 385 39 22 Oss
689 386 64 28 nådig
763 393 48 21 pro-

54 420 93 26 position
170 419 110 27 angående
298 419 282 27 kommunikationsfonden,
596 420 64 22 hafva
675 420 33 27 Vi,
724 420 28 28 på
767 424 44 19 sätt

53 453 27 22 Vi
102 454 7 21 i
132 453 132 27 underdänig
286 453 110 22 skrifvelse
414 454 34 21 för
463 455 40 20 den
520 455 10 20 1
548 455 142 21 innevarande
706 455 50 21 Juni
771 456 39 21 hos

53 487 60 22 Hans
136 487 102 27 Majestät
259 487 86 27 anmält,
368 488 19 27 ej
403 488 83 21 mindre
501 489 101 26 uppgjort
616 489 7 21 i
638 489 125 22 skrifvelsen
780 490 30 21 in-

53 521 81 28 gående
149 521 80 28 budget
245 521 34 22 för
294 522 90 21 nämnda
397 521 52 22 fond
464 522 33 22 för
512 523 50 21 åren
580 523 139 22 1895—1897
732 526 26 19 än
770 524 40 21 ock

52 556 137 27 bemyndigat
204 556 83 21 landets
303 555 93 28 Styrelse
411 559 40 24 att,
467 557 23 21 så
505 559 60 20 snart
575 558 128 26 tidpunkten
714 557 95 23 befinnes

52 591 88 26 lämplig
161 591 39 20 och
223 591 48 20 med
294 591 108 21 anlitande
424 591 149 27 förnämligast
595 591 23 22 af
637 591 40 22 den
694 592 115 22 utländska

51 625 220 27 kapitalmarknaden,
297 627 95 25 upptaga
417 627 33 20 ett
472 626 176 27 amorteringslån
671 627 13 21 &
706 627 102 21 nominelt

53 659 127 27 18,000,000
202 660 62 21 mark
285 659 33 22 till
339 660 64 26 högst
425 659 48 27 fyra
493 662 98 25 procents
607 663 69 24 ränta,
690 661 67 26 jemte
773 662 35 21 det

52 694 26 21 Vi
100 694 33 21 till
155 694 137 21 bestridande
314 694 22 21 af
350 696 75 19 räntan
442 695 39 21 och
497 696 156 26 amorteringen
669 695 12 22 å
697 695 60 22 detta
772 695 35 23 län

51 729 84 21 anvisat
149 730 33 19 ett
196 728 63 27 ärligt
274 729 73 26 anslag
364 728 22 22 af
400 729 96 27 810,000
510 729 67 22 mark.

394 827 28 21 33
437 827 19 26 8.

119 877 30 21 Pä
171 878 26 21 de
213 878 52 25 skäl,
281 878 43 21 Vär
339 879 147 26 underdäniga
501 879 110 21 skrifvelse
626 879 24 21 af
664 879 40 21 den
722 880 26 20 13
763 879 43 21 för-

49 911 57 22 lidne
122 911 58 22 Mars
195 912 123 27 innehäller,
333 913 65 22 hafva
413 913 27 22 Vi
455 914 38 21 hos
509 914 59 21 Hans
580 913 118 27 Kejserliga
706 913 101 28 Majestät

49 946 96 27 anhällit,
168 948 32 19 att
223 947 59 21 Hans
298 947 100 27 Majestät
416 948 83 21 täcktes
514 948 7 21 i
537 948 65 21 näder
617 947 104 22 stadfästa
737 950 32 19 ett
784 947 23 22 af

49 980 40 22 Oss
107 982 87 25 antaget
209 981 79 27 förslag
303 982 32 21 till
350 982 126 26 förordning
492 989 34 14 om
541 981 148 28 upphäfvande
704 982 24 21 af
740 983 15 20 4
770 983 13 26 8
799 983 6 21 i

47 1015 151 27 förordningen
214 1016 40 21 den
270 1016 13 21 9
298 1016 118 21 December
432 1017 56 21 1867
500 1017 109 27 angäende
621 1017 100 21 Finlands
733 1017 72 21 Banks

48 1049 89 27 styrelse
153 1050 39 21 och
207 1050 136 27 förvaltning.

395 1148 28 21 34
439 1148 20 25 8.

117 1198 68 22 Sedan
200 1199 39 21 hos
254 1198 40 22 Oss
309 1199 97 26 anmälts,
423 1201 34 19 att
472 1199 114 22 ärestoden
602 1199 32 22 till
650 1199 116 22 äminnelse
782 1199 23 22 af

47 1233 246 26 Kejsaren-Storfursten
315 1233 122 22 Alexander
460 1233 22 22 II
497 1240 50 15 vore
562 1234 23 21 sä
600 1236 52 19 nära
667 1234 32 21 sin
715 1233 88 22 fullbor-

46 1267 41 22 dan
110 1269 32 20 att
165 1268 41 26 dag
229 1267 33 22 för
284 1268 303 27 aftäckningshögtidligheten
610 1268 71 21 kunde
704 1270 98 25 utsättas,

45 1302 64 21 hafva
131 1302 27 21 Vi
178 1302 6 21 i
200 1302 144 27 underdäniga
360 1302 123 22 skrifvelser
498 1303 23 20 af
535 1303 40 20 den
590 1303 28 20 20
632 1303 96 21 förvikne
744 1303 59 22 Mars

45 1336 39 21 hos
99 1336 60 21 Hans
174 1336 118 27 Kejserliga
308 1336 100 26 Majestät
423 1337 18 26 ej
457 1337 82 21 mindre
555 1336 94 27 anhällit,
658 1339 34 19 att
704 1337 37 21 det
752 1337 51 27 hög-

44 1370 77 27 tidliga
144 1370 139 22 aftäckandet
305 1370 23 22 af
341 1371 112 21 ärestoden
469 1371 56 27 finge
540 1377 39 21 ega
594 1378 46 15 rum
656 1372 40 21 den
712 1372 28 21 29
756 1372 46 21 der-

44 1405 95 26 päföljda
162 1405 66 27 April,
250 1405 75 27 Kejsar
347 1406 124 21 Alexander
494 1406 46 27 II:s,
556 1406 142 27 glorvördigst
713 1407 7 20 i
735 1407 67 20 ämin-

43 1439 65 27 nelse,
124 1439 130 28 födelsedag,
270 1442 26 19 än
313 1440 38 21 ock
360 1440 32 21 till
404 1440 59 21 Hans
475 1440 118 27 Kejserliga
605 1440 111 27 Majestäts
724 1441 78 26 nädiga
