1070 1795
279 108 26 21 18

248 171 135 27 fullmäktige
402 171 32 22 att
449 171 34 22 till
498 172 63 21 nästa
575 171 103 28 landtdag
692 172 109 21 inkomma
816 171 49 21 med
880 170 80 27 förslag
974 171 34 20 rö-

249 205 66 32 rande
337 205 164 32 användningen
520 205 24 22 af
557 206 42 21 den
614 212 89 21 summa,
718 212 47 16 som
780 205 67 27 enligt
861 205 148 22 testamentets

248 235 162 32 bestämningar
430 240 43 22 kan
489 239 24 22 af
525 240 248 23 nästsammanträdande
789 239 91 23 Ständer
895 239 33 22 för
944 238 65 28 derpå

249 274 95 27 följande
359 274 144 28 treårsperiod
520 275 130 27 disponeras.

599 378 28 21 38
642 378 18 27 8.

319 430 31 22 På
364 430 58 21 Våra
444 429 206 28 Bankfullmäktiges
666 430 73 21 derom
756 430 75 27 gjorda
853 430 156 26 framställning

251 465 65 21 hafva
330 465 27 22 Vi
372 465 97 27 beslutit,
485 465 33 21 att
533 464 23 21 åt
572 465 106 21 ordinarie
697 463 194 28 Bankfullmäktige
907 463 102 22 öfverlåta

250 501 33 20 att
297 501 96 26 uppgöra
408 499 81 27 förslag
503 499 34 21 till
553 499 171 22 återbesättande
740 498 23 22 af
777 499 70 26 lediga
859 498 104 27 juridiska
978 499 31 20 di-

249 533 181 22 rektörsembetet
444 534 7 21 i
467 533 100 22 Finlands
583 533 67 27 Bank,
666 533 80 22 hvilket
762 533 33 22 till
805 533 204 26 Bankfullmäktiges

249 568 121 22 kännedom
386 567 119 23 meddelats
521 568 6 21 i
543 568 110 22 skrifvelse
668 567 24 22 af
706 567 40 22 den
762 567 13 22 9
791 568 113 27 nyssvikne
920 567 49 27 Maj.

601 678 28 21 39
644 677 18 28 8.

319 729 31 22 På
364 729 158 27 framställning
537 729 23 21 af
574 729 57 22 Våra
646 729 195 26 Bankfullmäktige
856 728 63 22 hafva
934 728 25 21 Vi
977 728 33 21 för

250 763 45 22 Vår
310 763 34 22 del
362 764 83 26 antagit
467 763 77 22 sådant
563 763 127 27 reglemente
706 763 33 22 för
755 763 101 22 Finlands
871 762 60 22 Bank
944 763 65 26 jemte

251 798 71 22 dertill
345 797 64 28 fogad
425 799 42 21 stat
489 797 34 22 för
545 798 92 27 banken,
653 804 45 15 som
712 798 69 21 finnes
796 797 87 27 intagen
899 797 5 22 i
920 797 43 22 Vår
977 797 33 21 till

250 833 60 22 Hans
332 832 120 27 Kejserliga
475 832 100 27 Majestät
593 833 40 21 den
648 833 29 21 24
699 832 98 22 förvikne
819 831 43 27 Maj
879 831 78 22 aflåtna
972 838 39 15 un-

250 867 118 27 derdåniga
382 867 119 25 skrifvelse,
517 867 60 22 hvari
592 866 26 22 Vi
633 867 70 22 tillika
713 867 7 21 i
731 865 173 28 underdånighet
914 866 95 27 anhållit,

250 903 34 20 att
299 902 59 21 Hans
373 901 120 28 Kejserliga
513 901 100 28 Majestät
631 901 49 22 ville
699 902 3 21 i
717 901 68 22 nåder
800 900 105 23 stadfästa
919 900 92 21 nämnda

250 936 130 27 reglemente
399 936 41 22 och
454 937 53 26 stat;
523 936 40 21 och
578 936 64 22 hafva
657 936 26 21 Vi
699 935 102 28 derjemte
817 935 6 21 i
835 935 60 22 detta
906 941 104 15 samman-

250 971 57 27 hang
329 971 39 21 hos
390 971 60 21 Hans
471 970 120 27 Kejserliga
607 970 99 27 Majestät
720 970 109 26 hemstält,
845 971 33 20 att
893 969 26 22 de
937 969 74 27 anslag

250 1006 34 21 till
297 1005 139 28 jordbrukets
455 1005 163 27 upphjelpande,
636 1005 100 21 tekniska
752 1004 153 27 realskolorna,
925 1003 85 22 dårvår-

252 1040 42 21 den
309 1039 39 22 och
363 1039 102 22 Finlands
481 1039 143 27 Statskontor,
644 1039 72 22 hvilka
732 1039 80 26 årligen
834 1038 107 22 utbetalas
963 1038 48 21 från

250 1074 102 22 Finlands
374 1074 73 21 Banks
465 1074 133 26 vinstmedel,
620 1074 46 21 icke
687 1074 73 21 vidare
775 1072 92 23 behöfde
882 1072 47 22 från
946 1073 65 26 sagda

250 1109 58 22 vinst
322 1108 58 27 utgå.

601 1207 28 20 40
644 1205 18 28 8.

321 1264 38 21 Uti
375 1263 133 28 underdånig
523 1263 111 22 skrifvelse
650 1263 23 22 af
687 1263 39 21 den
744 1263 27 21 26
788 1262 96 22 förvikne
896 1261 42 28 Maj
949 1261 63 22 hafva

252 1299 28 21 Vi
294 1299 38 22 hos
348 1299 60 21 Hans
423 1298 119 27 Kejserliga
564 1298 99 27 Majestät
678 1297 89 28 anmält,
782 1297 72 22 hvilka
869 1303 101 21 personer
985 1297 26 22 Vi

252 1334 67 20 utsett
336 1333 32 21 till
384 1333 58 21 Våra
455 1333 194 26 Bankfullmäktige
671 1333 39 20 och
726 1331 167 23 Bankrevisorer
908 1333 56 19 samt
978 1331 35 21 till

252 1368 140 27 suppleanter
407 1368 34 20 för
456 1367 55 22 dem.
