1070 1795
232 96 14 21 4
412 95 244 22 Petitionsbetänkande
671 95 35 23 N:o
722 95 33 22 37.

204 159 84 20 område.
312 158 84 18 Sålunda
409 159 35 17 har
457 158 129 23 utvidgandet
598 157 22 18 af
629 159 76 17 landets
713 159 129 22 jernvägsnät
850 159 6 17 i
865 158 97 23 väsentlig

204 187 47 23 grad
264 187 43 23 höjt
320 187 34 18 och
367 187 104 23 befrämjat
483 187 128 23 tillverkning
623 187 34 17 och
671 187 118 23 produktion
802 187 7 18 i
821 187 24 18 de
853 187 58 22 delar,
920 192 42 12 som

204 216 84 18 kommit
306 222 7 11 1
325 219 90 14 närmare
428 216 47 17 elier
488 215 91 24 fjermare
592 215 90 24 beröring
694 216 44 17 med
751 216 57 18 dessa
820 216 77 18 landets
909 215 52 24 puls-

204 245 61 17 ådror.
296 244 28 18 En
340 245 94 23 landsdel,
453 250 42 13 som
514 245 48 17 dock
581 245 22 17 af
614 244 98 23 naturliga
724 245 42 17 skäl
779 246 44 16 rönt
835 245 87 17 hvarken
935 244 26 17 di-

204 273 43 18 rekt
261 273 47 18 eller
320 273 85 18 indirekt
418 275 57 21 nytta
487 273 22 17 af
519 273 56 18 dessa
588 272 160 19 samfärdsmedel
760 273 35 18 och
811 279 42 12 som
868 273 62 17 under
938 278 23 12 en

204 303 42 16 stor
258 301 30 18 del
302 302 20 17 af
334 302 40 17 året
386 304 22 15 är
420 302 104 23 utestängd
537 302 44 17 från
594 303 54 16 snart
660 302 56 23 sagdt
728 302 26 17 all
763 302 170 17 kommunikation
941 303 21 16 är

204 325 72 22 Åland.
299 331 35 17 För
346 331 54 17 detta
406 331 70 17 härads
483 331 139 22 innebyggare,
631 330 65 18 hvilka
708 330 48 18 dock
796 331 43 22 årligen
848 330 44 17 med
901 331 60 19 omkr,

204 360 76 21 200,000
292 360 54 17 mark
358 359 80 23 bidraga
450 359 31 18 till
494 359 78 18 Statens
585 360 113 21 inkomster,
711 359 35 18 har
754 359 77 18 härtills
840 359 50 18 intet
901 359 60 23 gjorts

204 387 31 18 till
248 387 171 18 åstadkommande
432 388 22 17 af
465 394 24 11 en
502 388 92 23 tidsenlig
607 388 35 17 och
650 388 133 23 regelbunden
792 388 170 17 kommunikation

204 416 74 18 mellan
292 417 54 18 deras
358 417 110 17 förnämsta
481 417 173 23 afsättningsorter
667 416 112 18 Stockholm
792 418 36 17 och
840 411 48 24 Åbo,
898 428 22 2 —
933 417 29 17 Då

206 445 109 18 emellertid
334 446 54 17 detta
405 446 70 17 härads
490 446 137 22 innebyggare,
646 446 67 17 hvilka
725 451 71 17 genom
809 446 23 17 de
845 446 6 17 i
863 446 40 22 hög
914 446 47 22 grad

205 474 78 23 tryckta
296 474 142 23 binäringarne,
452 474 48 17 fiske
513 474 34 17 och
561 473 73 24 sjöfart,
648 474 44 17 lidit
704 474 57 17 svåra
772 474 98 23 förluster,
881 479 81 12 numera

205 504 39 21 äro,
264 502 51 18 hvad
333 503 43 17 hela
394 508 14 12 s.
428 503 16 16 k.
461 502 52 18 fasta
525 497 65 22 Åland
604 501 95 24 beträffar,
719 502 124 18 uteslutande
855 502 106 18 hänvisade

204 531 31 17 till
248 531 44 17 sina
304 531 42 18 små
354 531 100 18 hemmans
461 531 99 23 jordbruk,
570 531 60 17 sakna
639 531 23 17 de
672 531 66 23 hvarje
748 531 101 23 möjlighet
858 531 31 17 till
898 531 63 22 någon

204 559 111 24 afsättning
327 559 43 18 från
383 560 109 17 November
504 560 31 17 till
548 559 38 23 Maj
601 559 33 18 och
648 560 67 17 kunna
728 559 75 18 således
815 559 42 18 icke
869 560 60 17 tänka
938 560 24 22 på

205 590 29 15 att
253 594 50 17 ogna
320 588 30 23 sig
369 589 19 17 åt
406 594 24 12 en
449 588 93 23 tidsenlig
557 588 190 23 mejerihandtering,
763 590 23 21 ty
798 594 46 11 man
857 587 56 18 täflar
926 588 16 23 ej
956 589 6 16 i

205 617 47 17 våra
274 617 58 23 dagar
349 617 24 23 på
391 617 186 18 verldsmarknaden
597 617 44 17 med
660 617 119 23 exempelvis
796 617 51 17 halft
863 617 30 17 års
910 623 51 16 gam-

205 645 48 18 malt
267 647 57 16 smör.

275 674 111 18 Fastlandet
404 675 34 17 har
457 675 29 17 uti
505 675 35 17 den
560 675 44 17 med
620 675 113 17 statsmedel
749 675 128 17 åstadkomna
890 675 72 17 vinter-

206 703 278 22 ängbätskommunikationen
503 703 55 18 öfver
574 703 70 23 Hangö
663 703 82 17 kommit
758 703 5 17 i
777 703 116 22 åtnjutande
906 703 21 17 af
938 709 24 11 en

206 733 46 18 stor,
262 731 117 24 välbehöflig
388 732 75 17 lättnad
472 732 31 17 för
511 732 115 23 isynnerhet
634 732 35 17 vär
677 731 142 23 mojerirörelso
829 731 34 18 och
873 731 90 18 industri.

206 760 29 17 En
249 759 55 24 dylik
316 761 5 16 i
334 761 76 17 mindre
422 761 55 17 skala
489 761 100 17 anordnad
601 760 234 18 vinterkommunikation
848 762 21 15 är
882 761 28 16 ett
922 760 41 18 lifs-

207 789 63 17 vilkor
305 795 8 11 för
326 789 32 17 det
370 789 22 17 af
403 795 24 12 en
440 789 107 23 onaturligt
560 789 37 23 hög
610 789 125 22 beskattning
749 789 78 23 tryckta
838 783 70 28 Äland,
922 795 40 11 som

206 818 31 17 för
250 818 121 17 närvarande
384 818 42 17 icke
439 824 45 17 eger
496 818 101 23 möjlighet
610 818 30 17 till
654 817 109 24 afsättning
772 817 21 18 af
801 818 44 17 sina
853 818 110 23 produkter.

206 847 114 18 Fastlandet
332 847 34 17 har
378 847 44 18 sina
434 847 75 18 städers
521 849 48 21 torg,
577 847 33 18 der
622 847 140 18 landtmannen
775 847 7 17 i
794 847 102 17 behotfvets
905 847 58 18 stund

206 877 37 16 kan
258 876 30 17 till
303 876 107 23 ponningar
422 876 103 18 förvandla
538 876 43 18 sina
594 876 110 23 produkter,
722 876 75 17 hvilket
810 870 65 23 Äland
887 877 76 16 saknar.

276 905 43 17 Med
339 911 23 11 en
381 905 58 17 sådan
457 905 252 22 äugbätskommunikation
722 905 65 17 kunde
800 904 58 18 äfven
871 909 44 18 post
928 905 34 17 och

206 933 83 18 resande
300 933 105 23 befordras,
418 934 7 17 i
438 934 60 17 likhet
510 934 44 17 med
565 933 51 18 hvad
629 934 28 17 uti
670 933 44 18 vårt
722 933 109 23 grannland
841 933 79 23 Sverige
929 939 34 11 un-

207 962 33 17 der
253 968 43 12 mer
307 964 25 16 än
345 964 28 16 ett
386 963 50 17 halft
449 963 52 17 sekel
515 965 32 20 ägt
559 968 44 11 rum
611 962 73 18 mellan
692 964 13 15 t.
715 968 29 12 ox.
754 962 93 17 Gottland
857 962 35 17 och
901 958 62 21 Öland

207 992 51 16 samt
272 991 110 18 fastlandet.
407 991 118 23 Derigenom
537 991 65 18 kunde
615 991 22 18 de
650 991 94 17 åländska
756 992 129 22 postrotarne,
898 991 66 17 hvilka

208 1025 26 11 nu
247 1021 34 16 äro
295 1020 109 17 nödsakade
416 1021 28 16 att
457 1021 6 16 i
476 1020 43 17 sina
531 1026 50 17 egna
592 1020 99 23 bräckliga
704 1021 64 22 öppna
781 1019 56 18 båtar
845 1020 70 23 kämpa
924 1019 40 18 ofta

208 1053 38 18 nog
259 1049 45 17 med
316 1049 49 17 våda
376 1048 32 18 för
419 1049 55 17 helsa
486 1049 35 17 och
534 1049 24 17 lif
571 1049 28 17 för
607 1050 44 21 post
660 1049 36 17 och
706 1048 91 18 resandes
807 1047 156 24 framskaffande,

208 1077 63 17 undor
284 1079 72 16 största
368 1077 56 18 delen
438 1077 21 18 af
469 1078 42 17 året
523 1077 96 23 indragas.

278 1105 93 18 Sistlidne
389 1106 35 17 vår
441 1106 95 23 beviljade
553 1105 97 24 styrelsen
663 1106 61 17 under
736 1111 24 12 en
773 1111 28 18 ny
813 1105 62 23 oktroj
889 1105 22 18 af
922 1106 9 15 7
944 1105 21 18 är

208 1135 64 21 30,000
285 1135 54 17 mark
352 1135 75 23 årligen
436 1135 30 18 för
475 1135 271 18 vinterkommunikationens
756 1134 142 23 uppehållande
907 1134 57 17 emel-

208 1163 33 17 lan
261 1163 69 23 Hangö
347 1164 35 17 och
399 1163 118 18 Stockholm.
547 1158 145 28 Åländingarne
704 1163 58 23 hyste
775 1165 28 16 ett
816 1162 58 24 lifligt
887 1163 34 17 och
935 1163 30 18 be-

208 1191 96 24 rättigadt
321 1192 50 23 hopp
390 1194 28 15 att
436 1193 67 17 dervid
516 1193 61 17 blifva
590 1192 122 23 ihogkomne,
730 1193 23 22 ty
770 1192 38 17 lätt
821 1192 48 17 hade
880 1192 23 22 ju
915 1193 50 16 varit

208 1222 28 16 att
245 1221 161 22 vinterångarens
420 1221 67 18 redare
499 1221 62 23 ålagts
574 1223 27 15 att
614 1221 119 18 åtminstone
746 1226 24 12 on
786 1221 47 17 celler
845 1226 35 18 par
893 1221 72 22 gänger

208 1249 6 17 i
228 1249 96 18 månaden
343 1250 71 23 anlöpa
431 1250 126 22 Mariehamn,
576 1249 74 18 hvilket
670 1250 82 17 allmänt
770 1250 71 21 ansågs
858 1249 43 18 icke
913 1251 52 16 möta

208 1278 60 22 något
288 1278 72 23 hinder,
380 1279 81 17 emedan
477 1284 41 11 som
534 1278 60 18 kändt
610 1278 85 23 ångaren
708 1279 4 16 i
727 1278 67 23 regeln
807 1278 115 17 ankommer
934 1278 29 17 till

208 1306 72 23 Hangö
300 1307 8 16 7
326 1307 10 16 å
353 1307 10 16 8
376 1307 78 17 timmar
466 1306 41 18 före
520 1307 101 22 bantågets
635 1306 75 23 afgång,
729 1313 46 11 men
787 1308 69 21 tyvärr
868 1317 21 2 —
901 1302 65 21 Äland

209 1335 102 17 lämnades
324 1335 59 18 äfven
396 1336 63 17 denna
471 1336 52 22 gång
535 1336 75 22 glömdt
622 1336 35 16 och
670 1335 100 18 åsidosatt.
784 1346 21 2 —
823 1335 94 17 Däremot
929 1335 37 17 tor-

210 1363 44 17 drar
274 1369 44 11 man
336 1365 28 16 att
382 1364 139 23 äländingarne
534 1363 70 24 sjelfva
616 1364 55 17 skola
684 1364 134 17 åstadkomma
831 1369 24 12 en
868 1363 97 17 vintorän-

209 1398 51 17 gare,
275 1393 73 17 hvilket
361 1393 49 18 dock
422 1393 99 18 förefaller
533 1393 44 17 dem
590 1398 41 13 som
644 1395 28 15 ett
685 1393 55 17 hårdt
750 1393 32 22 tal,
792 1395 47 15 enär
847 1392 20 23 ju
877 1392 42 17 icke
928 1392 37 17 hel-

208 1421 29 17 ler
257 1421 117 18 fastlandets
391 1421 132 24 innebyggare
538 1421 7 18 i
560 1421 73 18 minsta
646 1421 44 17 mån
704 1421 63 18 direkt
779 1421 82 22 deltagit
874 1421 29 17 uti
915 1421 51 18 kost-

282 1455 144 18 Statsutskottets
437 1455 108 18 betänkande
557 1455 36 18 N:o
605 1456 25 17 11.
