1070 1795
290 171 260 22 Motionsbetänkande
572 171 42 23 N:o
631 172 21 21 7.
814 173 12 20 5

97 241 44 25 dag.
170 241 107 19 Hvarifrån
300 241 54 19 detta
376 241 78 24 omslag
475 241 92 19 härleder
589 241 36 25 sig,
648 243 22 18 är
692 241 56 20 svårt
771 241 28 20 för
814 241 39 20 den

97 270 93 25 oinvigde
205 271 29 18 att
250 269 105 25 utgrunda,
371 275 47 14 men
433 269 82 20 faktiskt
530 271 27 22 är,
573 271 30 18 att
617 270 64 25 afslag
696 269 12 20 å
717 270 136 25 intecknings-

97 299 134 24 ansökningar
253 298 26 25 på
300 298 119 19 kontrakten
442 304 32 13 om
498 298 228 25 skogsafverkningarna
741 299 35 19 allt
791 299 63 19 oftare

97 327 124 24 förekomma,
245 327 36 18 och
302 328 30 17 att
350 327 34 18 det
399 327 39 24 dag
453 326 44 19 från
512 327 39 24 dag
565 327 72 19 blifver
652 333 54 13 mera
722 327 87 24 sällsynt
823 329 30 17 att

97 355 75 20 sådana
186 355 140 25 inteckningar
341 355 37 19 alls
394 355 90 20 ansökas.
515 355 46 19 Man
576 355 64 20 måste
663 355 114 20 konstatera
797 356 56 19 detta

97 383 158 20 sakförhållande
271 383 67 20 såsom
353 383 122 20 inverkande
493 383 84 25 menligt
601 384 17 25 ej
642 384 51 19 blott
715 383 26 26 på
763 386 88 17 trävaru-

96 412 146 20 industriernas
258 412 86 20 soliditet
360 412 37 20 och
412 412 101 25 stabilitet,
528 414 49 18 utan
591 412 59 20 äfven
666 412 26 26 på
707 413 46 19 hela
773 413 77 19 landets

97 441 36 19 och
149 441 94 19 särskildt
257 441 139 24 jordegarenes
412 447 51 18 egna
477 441 130 19 ekonomiska
628 441 105 19 intressen.
760 441 28 24 Ty
811 443 40 17 trä-

97 469 186 20 varuindustrierna
304 469 89 24 behöfva,
415 469 74 19 likaväl
504 475 44 14 som
563 469 61 19 andra
640 470 98 24 näringar,
754 469 98 26 garantier

97 498 29 19 för
151 498 34 19 sitt
202 497 92 20 framtida
308 497 86 20 bestånd
410 498 38 19 och
462 498 105 24 förkofran,
583 498 37 19 och
635 498 127 25 jordegarens
777 498 74 25 grund-

97 526 109 25 lagsenliga
221 528 39 17 rätt
275 528 29 17 att
319 526 43 19 fritt
377 526 20 19 få
412 527 76 24 förfoga
503 527 54 19 öfver
573 527 32 18 sin
620 527 51 24 skog
682 527 36 19 och
729 527 64 24 nyttja
803 527 48 19 den-

97 561 75 13 samma
192 555 30 19 till
246 555 70 24 afsaln,
338 555 39 18 kan
399 555 43 19 icke
464 555 85 19 kränkas
572 557 48 17 utan
637 557 54 17 stora
706 555 62 19 vädor
783 555 29 20 för
827 561 25 13 en

97 583 157 25 ändamålsenlig
269 583 37 19 och
320 583 165 25 fruktbringande
501 583 116 25 realisering
632 583 20 20 af
666 583 24 20 de
705 583 106 26 tillgångar
829 583 24 20 de

98 612 77 25 privata
198 612 98 25 skogarna
317 614 142 23 representera.
489 612 68 19 Ehuru
579 612 39 24 det,
634 611 67 20 såsom
716 612 59 19 ofvan
790 612 63 24 sades,

97 643 22 16 är
142 640 56 19 svårt
218 641 30 18 för
272 641 38 18 den
332 641 90 18 enskilde
442 642 29 18 att
494 641 120 19 öfverblicka
636 641 38 18 alla
694 641 25 19 de
742 641 109 21 orsaker,
840 636 15 31 i

97 669 65 19 hvilka
178 669 38 19 den
231 669 86 19 rådande
333 669 102 25 motviljan
450 671 54 17 emot
518 669 144 19 intecknandet
676 670 20 18 af
713 669 138 25 skogsafverk-

97 697 179 25 ningskontrakten
290 698 35 18 har
340 697 36 20 sitt
392 698 81 25 upphof,
489 698 39 19 kan
544 704 45 13 man
606 698 50 19 dock
672 698 44 19 med
731 698 25 19 all
779 703 72 14 sanno-

97 726 61 19 likhet
174 728 77 23 antaga,
266 728 30 17 att
310 726 24 19 de
349 726 67 25 gamla
425 727 126 18 fördomarna
561 728 53 17 emot
624 727 39 18 den
674 727 97 18 förmenta
781 727 70 24 skogs-

98 755 110 24 sköflingen
224 755 37 19 och
272 755 37 19 den
321 755 116 19 välmenade
447 755 152 25 patriarkaliska
608 755 243 24 förmyndare-omsorgen

97 789 32 13 om
145 783 156 25 skogsegarenas
316 783 58 19 bästa
384 783 43 20 åter
437 783 64 25 börjat
511 783 56 25 spela
578 783 30 20 sin
622 785 55 23 tysta
687 789 45 14 men
742 783 110 25 inflytelse-

97 812 42 19 rika
153 811 35 20 rol.
218 811 71 20 Därtill
304 812 94 24 kommer,
412 813 30 18 att
457 812 39 19 den
511 812 93 19 förflutna
619 812 55 19 tiden
690 814 40 17 sett
752 811 100 26 åtskilliga

97 840 139 25 prejudikater,
251 840 75 25 gående
341 840 6 19 i
362 847 25 12 en
403 841 30 18 för
452 841 261 24 afverkningskontraktens
736 841 116 24 inteckning

97 875 97 18 ogynsam
210 869 94 24 riktning,
318 869 110 19 tillkomma
444 869 36 19 och
495 869 61 19 blifva
578 869 132 25 publicerade,
734 869 63 19 under
817 869 34 19 det

97 903 46 13 man
164 897 44 20 icke
230 897 114 25 offentligen
366 897 113 20 omförmält
494 897 38 20 alla
547 898 24 19 de
587 897 89 25 oändligt
691 897 71 25 många
777 897 74 25 gånger

97 926 92 19 talrikare
211 925 39 25 fall,
273 925 25 20 då
320 925 102 26 utgången
446 926 51 19 varit
517 932 92 19 gynsam.
640 926 71 19 Vidare
727 927 124 22 tillkommer,

98 956 29 17 att
142 960 24 13 en
182 955 79 26 kortare
276 954 86 25 polemik
377 955 6 18 i
398 955 103 18 Juridiska
511 955 133 24 Föreningens
658 955 86 19 tidskrift
756 956 33 23 egt
799 960 50 18 rum,

98 983 55 19 hvari
175 989 25 13 en
221 983 167 24 vetenskapsman
403 983 20 19 af
438 983 87 19 ansedda
540 983 158 25 qvalifikationer
712 985 52 17 emot
780 989 25 13 en
820 989 30 13 er-

98 1011 55 20 faren
176 1011 37 20 och
234 1011 98 25 praktiskt
353 1011 91 20 utbildad
464 1012 140 19 landsdomare
619 1011 111 25 uppträdde
746 1012 36 19 och
797 1013 54 18 emot

98 1039 75 20 dennes
188 1040 102 25 praktiska
305 1039 53 26 åsigt
373 1046 32 13 om
420 1040 175 25 inteckningarnas
610 1040 95 25 laglighet
718 1041 37 18 och
774 1040 77 25 nyttig-

97 1068 34 19 het
146 1069 110 18 förfäktade
272 1070 66 17 satsen
354 1074 32 13 om
402 1069 175 24 inteckningarnas
593 1069 108 24 olaglighet
716 1068 26 25 på
756 1069 66 24 grund
832 1068 20 19 af

97 1097 101 25 åtskilliga
222 1097 89 19 formella
335 1097 162 25 betänkligheter.
536 1097 71 19 Ehuru
634 1097 218 25 vetenskapsmannens

96 1125 108 20 teoretiska
218 1125 116 20 uttalanden
349 1126 64 19 under
435 1126 119 25 polemiken,
575 1125 66 20 såsom
665 1125 39 20 han
725 1126 58 19 äfven
807 1125 45 25 sjelf

96 1154 91 24 antyder,
202 1154 43 19 icke
260 1156 69 23 utgöra
344 1160 25 13 en
385 1154 61 19 sådan
461 1155 80 24 allsidig
551 1154 129 25 granskning,
692 1160 43 13 som
746 1161 23 12 en
783 1156 68 17 veten-

97 1182 77 25 skaplig
196 1183 71 24 analys
288 1183 19 18 af
330 1182 24 19 de
372 1183 195 24 rättsförhållanden,
581 1183 69 18 aftalet
665 1189 31 12 om
712 1183 137 24 skogsafverk-

96 1211 127 24 ningsrätten
246 1211 36 19 och
303 1211 133 25 nyttjorätten
458 1211 29 19 till
509 1211 144 25 skogsmarken
676 1211 50 20 hade
748 1211 102 24 erfordrat,

97 1239 57 19 hafva
169 1239 50 20 dock
234 1240 25 19 de
270 1245 39 19 nye
324 1239 107 20 domarene
446 1240 113 25 föredragit,
573 1241 30 18 att
618 1239 61 20 hellre
694 1240 34 19 lita
743 1239 26 26 pä
784 1241 68 18 veten-

97 1268 157 25 skapsmannens
270 1268 107 19 auktoritet
392 1269 82 19 framför
489 1268 163 19 landsdomarens
668 1268 70 25 sunda,
749 1268 101 25 praktiska

95 1297 81 18 förnuft.
206 1297 73 18 Vidare
301 1297 89 19 kommer
411 1297 31 19 till
463 1297 40 19 alla
523 1297 59 19 dessa
597 1297 81 19 orsaker
693 1296 158 24 domarekärens,

96 1325 96 19 förmenta
208 1325 48 20 eller
271 1325 93 24 verkliga,
380 1325 104 24 allmänna,
500 1331 45 14 men
560 1325 6 19 i
582 1325 54 19 detta
651 1325 33 19 fall
697 1325 80 20 alldeles
787 1325 64 19 öfver-

96 1353 76 25 flödiga,
187 1353 51 25 pligt
253 1353 29 19 ti!l
297 1353 125 25 försigtighet
438 1354 33 18 vid
486 1354 119 24 beviljandet
620 1354 19 18 af
654 1354 53 18 vissa
730 1353 121 25 undantags-

96 1382 37 19 och
155 1381 157 25 förmänsrätter,
335 1388 43 13 som
400 1382 103 20 eventuelt
523 1382 68 19 kunna
613 1382 75 19 kränka
710 1382 62 25 tredje
793 1387 58 14 mans

96 1412 39 17 rätt
151 1411 36 19 och
202 1411 120 24 berättigade
338 1411 104 19 intressen.
473 1411 100 25 Slutligen
589 1411 35 19 har
638 1411 59 19 äfven
712 1411 36 19 vär
762 1411 88 19 domare-

96 1439 47 19 kärs
158 1439 66 19 rädsla
240 1440 30 18 för
284 1445 39 18 nya
338 1439 115 20 företeelser
467 1439 26 26 pä
508 1439 135 20 aftalsrättens
659 1439 81 20 omräde
754 1439 37 19 och
805 1439 46 19 dess

95 1467 89 26 motvilja
206 1469 30 18 att
257 1467 128 26 fullständigt
406 1468 105 25 analysera
534 1468 114 25 begreppen
668 1468 37 19 och
725 1467 127 26 inregistrera

164 1517 131 22 Lagutskottets
307 1517 111 18 betänkande
432 1519 36 16 N:o
481 1518 26 17 11.
