1070 1795
306 177 260 22 Motionsbetänkande
582 177 45 22 N:o
643 177 23 22 3.
814 178 26 20 17

465 246 47 26 58.

179 309 95 24 Samtliga
289 309 111 20 folkskolor
415 310 6 18 i
437 310 44 19 stad
497 313 50 16 samt
561 310 61 23 högre
638 309 112 20 folkskolor
764 311 27 24 pä
802 310 69 20 landet

109 338 73 19 ordnas
206 338 38 19 och
266 337 116 21 öfvervakas
405 337 21 20 af
445 338 174 24 skoldirektioner,
636 344 41 14 som
692 338 22 19 af
727 339 142 20 kommunerna

110 367 49 18 eller
181 366 151 20 skoldistrikten
355 370 61 20 utses,
432 369 50 17 samt
497 367 32 20 stä
543 367 64 19 under
622 367 94 20 inseende
733 367 21 20 af
768 364 101 28 Öfversty-

109 395 65 20 relsen
197 395 31 20 för
251 395 149 20 Skolväsendet.
430 395 270 25 Religionsundervisningen
718 395 117 21 öfvervakas
850 396 22 20 af

110 424 150 24 församlingens
283 424 127 24 presterskap
434 427 50 17 samt
507 425 150 19 vederbörande
678 425 126 24 Domkapitel
820 425 50 19 eller

109 453 73 24 Andlig
198 453 90 24 styrelse.

178 481 160 19 Barnskolornas
354 481 125 20 verksamhet
493 481 26 24 pä
535 481 68 20 landet
618 482 72 19 ordnas
704 481 37 20 och
752 481 117 20 öfvervakas

111 509 21 20 af
152 510 150 24 presterskapet
320 510 60 24 jämte
404 510 123 24 kyrkorädet
549 510 6 19 i
571 510 67 25 hvarje
654 510 115 24 församling
785 514 50 15 samt
849 510 22 20 af

111 538 149 19 vederbörande
276 538 125 25 Domkapitel
418 539 47 18 eller
481 538 74 24 Andlig
570 539 91 24 styrelse.
684 539 56 20 Dock
756 545 47 18 eger
817 538 51 21 folk-

110 567 162 24 skoleinspektor
294 567 34 19 hos
345 568 58 19 dessa
418 567 137 24 myndigheter
570 573 31 14 om
616 568 86 19 nämnda
716 568 79 19 skolors
811 568 58 19 verk-

110 595 76 20 samhet
208 597 49 22 göra
272 596 24 19 de
315 596 137 24 päminnelser,
467 596 80 19 hvartill
563 596 38 19 han
616 596 64 19 finner
695 596 106 24 anledning
816 596 52 20 före-

110 625 84 19 komma.

466 693 10 25 $
493 692 20 20 9.

179 755 55 24 Laga
249 755 70 19 hinder
334 754 31 20 för
379 755 114 19 besökande
509 755 22 19 af
544 755 100 19 folkskola
660 757 34 17 äro
710 755 66 24 längre
789 757 25 17 än
825 755 44 24 fyra

111 783 115 20 kilometers
246 783 85 24 afständ,
347 783 70 20 iräkad
433 784 96 25 sjukdom,
547 784 44 19 svär
607 783 112 25 sjuklighet,
734 784 81 24 ytterlig
830 783 37 20 fat-

111 813 74 22 tigdom
202 812 36 19 och
255 815 61 16 annat
330 812 51 23 skäl,
397 817 41 14 som
454 812 100 25 kyrkoräd
565 813 48 18 eller
624 812 144 20 skoldirektion
779 812 88 24 godkän-

110 846 43 18 ner,
169 841 87 19 varande
272 841 203 24 folkskoleinspektor
490 841 112 24 berättigad
618 843 29 17 att
657 841 55 19 öfver
722 841 71 19 sädant
804 841 64 19 beslut

110 871 48 22 göra
181 869 122 24 päminnelse
325 870 36 19 hos
381 869 149 20 vederbörande
546 869 134 25 Domkapitel,
696 870 72 23 Andlig
784 870 83 24 styrelse

110 898 50 19 eller
176 897 196 25 Skolöfverstyrelse.

461 978 11 25 8
489 977 33 20 10.

179 1046 153 19 Vederbörande
356 1047 167 18 skoldirektioner
546 1047 37 19 och
605 1046 101 25 kyrkoråd
729 1052 36 18 ega
779 1048 89 17 närmast

109 1075 115 23 öfvervaka,
247 1077 30 17 att
300 1075 73 19 barnen
396 1075 79 24 jämlikt
497 1076 65 19 denna
584 1075 31 24 lag
631 1075 75 20 erhälla
721 1075 145 23 undervisning.

109 1103 48 19 Med
177 1104 94 19 afseende
287 1104 12 19 &
314 1104 37 19 den
366 1104 95 23 stadgade
477 1104 114 19 skolåldern
607 1104 31 19 mä
654 1104 50 19 dock
721 1103 21 20 af
756 1103 111 20 skoldirek-

110 1133 42 18 tion
175 1133 49 18 eller
246 1132 101 23 kyrkoråd
369 1132 107 24 medgifvas
492 1132 111 24 eftergifter
619 1133 49 18 eller
682 1132 139 24 förändringar
837 1132 29 19 sä-

110 1161 58 19 framt
184 1161 34 18 det
232 1161 95 23 stadgade
343 1161 172 24 kunskapsmättet
529 1161 88 19 likafullt
632 1161 65 19 ernäs.

178 1184 126 25 Äsidosättes
319 1189 59 20 barns
395 1189 102 24 skolgäng,
509 1195 46 18 eger
566 1189 145 20 skoldirektion
721 1189 90 19 meddela
822 1189 45 19 dess

109 1217 100 20 föräldrar
225 1219 49 18 eller
288 1218 92 19 mälsman
397 1219 82 23 varning
495 1221 50 17 samt
559 1219 7 18 i
581 1218 72 19 sädant
668 1218 99 23 afseende,
783 1218 36 19 där
835 1218 33 19 det

108 1245 63 20 finnes
186 1247 76 23 nödigt,
278 1247 40 19 låta
334 1247 37 19 den
387 1247 113 24 försumlige
515 1253 69 18 genom
600 1247 163 24 kronobetjening
778 1247 89 20 inställa.

109 1275 134 20 Framhärdar
258 1275 38 20 han
311 1275 60 20 likväl
386 1276 6 18 i
408 1276 30 19 sin
454 1276 87 23 tredska,
552 1281 48 14 vare
613 1276 29 23 sig
655 1277 29 18 att
694 1275 121 24 skolgängen
826 1275 42 19 helt

109 1304 37 19 och
168 1303 62 20 hållet
254 1304 120 23 underlätes,
398 1305 49 18 eller
469 1306 30 17 att
518 1305 37 18 den
572 1304 95 24 fullgöres
683 1303 120 24 oordentligt
819 1304 48 19 eller

109 1332 51 19 blott
183 1333 70 23 delvis,
276 1333 76 19 straffes
375 1333 45 19 med
438 1333 57 19 böter
511 1333 43 19 från
570 1333 37 19 och
622 1333 44 19 med
682 1333 28 19 tio
726 1333 28 18 till
771 1332 36 19 och
822 1332 45 18 med

108 1360 68 20 femtio
199 1361 65 23 mark;
289 1361 35 20 och
348 1362 110 18 domstolen
479 1362 101 23 förelägge
596 1362 37 18 den
649 1361 120 19 tredskande
785 1360 29 19 tid
830 1360 37 19 och

109 1389 39 19 vite
167 1389 49 20 eller
232 1393 60 16 annat
308 1390 90 24 äfventyr
413 1393 29 16 att
458 1390 29 19 sin
504 1390 113 25 skyldighet
632 1390 91 24 fullgöra.
754 1389 60 20 Böter
830 1389 37 19 och

108 1418 60 25 viten,
192 1424 41 13 som
256 1419 7 18 i
286 1419 86 24 enlighet
387 1419 81 19 härmed
484 1419 88 23 ädömas,
588 1419 80 19 tillfalla
682 1419 75 19 kronan
773 1417 37 20 och
825 1417 42 20 för-

109 1447 81 19 vandlas
206 1447 34 19 vid
255 1447 101 19 bristande
373 1448 81 23 tillgäng
470 1448 64 19 säsom
550 1453 31 14 om
596 1447 108 20 vitesböter
714 1449 22 18 är
749 1447 48 19 eller
807 1446 60 20 fram-

109 1475 53 19 deles
179 1476 71 19 varder
266 1476 98 24 stadgadt.

178 1514 110 18 Allmänna:
294 1514 170 18 Besvärsutskottets
477 1514 111 19 betänkande
599 1515 35 17 N:o
649 1515 31 17 20.
786 1513 12 18 2
