1070 1795
260 102 28 21 58
451 103 231 22 Petitionsbetänkande
698 104 35 21 N:o
749 104 20 21 2.

230 159 48 17 strin
298 159 20 18 så
330 159 70 23 viktiga
413 159 65 22 forsar,
492 160 63 18 hvilka
567 161 7 17 i
587 161 57 22 riklig
656 160 68 23 mängd
738 160 103 18 förefinnas
853 160 31 17 vid
898 160 36 18 den
946 159 44 18 ifrå-

229 187 106 22 gavarande
355 188 64 23 linjen,
438 193 57 13 anser
511 190 34 22 jag
563 190 39 22 mig
619 189 57 18 hafva
693 189 7 18 i
720 189 76 18 korthet
809 189 77 21 bevisat,
900 191 26 15 att
938 189 6 17 i
957 188 32 18 fall

230 221 42 12 man
286 217 30 17 vid
328 217 117 22 anläggande
457 217 21 18 af
488 223 24 13 en
524 218 92 18 tvärbana
627 220 54 21 tager
693 219 73 22 hänsyn
779 219 30 16 till
815 217 74 18 landets
897 217 94 18 allmänna

230 244 59 21 bästa,
303 246 19 17 så
335 245 34 18 bör
382 246 60 17 banan
456 246 67 23 dragas
535 247 6 17 i
555 247 113 18 ofvannämd
680 247 90 21 riktning.

300 274 24 17 På
343 275 60 22 grund
422 275 20 17 af
457 275 34 17 allt
504 275 52 18 detta
568 276 56 22 vågar
634 275 34 23 jag
680 275 137 18 vördsammast
830 275 77 18 anhålla
920 277 26 15 att
959 275 32 17 det

230 302 117 18 hedervärda
359 303 145 22 Bondeståndet,
518 304 151 18 understödande
683 305 42 16 mitt
738 304 75 22 förslag,
827 304 45 17 ville
885 304 6 17 i
905 303 85 22 förening

230 331 42 18 med
293 331 59 23 öfriga
373 332 54 17 stånd
448 333 6 16 i
475 333 152 22 underdånighet
648 333 33 18 hos
704 333 52 17 Hans
778 333 107 22 Kejserliga
904 332 87 23 Majestät

229 360 83 17 anhålla:

437 416 32 19 att
495 414 113 28 Styrelsen
626 415 50 20 med
691 415 35 20 det
741 416 104 19 snaraste
861 414 67 21 måtte
945 414 45 20 låta

366 443 170 20 instrumentalt
545 444 125 20 undersöka
678 443 173 27 ofvannämnda
860 442 130 21 bansträcka

369 471 39 21 och
432 473 32 19 att
483 471 69 28 nådig
565 471 143 28 proposition
723 471 69 21 måtte
807 471 183 21 nästkommande

368 500 105 35 landtdag
503 500 124 27 föreläggas
657 501 82 25 derom,
770 501 34 20 att
827 500 60 21 allra
909 500 81 27 främst

368 529 39 20 och
429 529 26 20 så
477 531 65 18 snart
557 529 199 27 Jyväskyläbanan
772 529 105 27 slutförts
893 529 38 20 och
946 530 43 19 sta-

368 559 48 19 tens
431 557 68 21 medel
515 557 34 21 det
565 557 80 27 tillåta,
661 558 71 20 skulle
749 557 81 28 byggas
846 564 25 14 en
885 557 102 27 förbind-

367 586 133 28 ningsbana,
525 593 54 20 som,
608 575 106 43 utgående
742 586 56 32 från
821 586 76 27 någon
917 585 73 28 punkt

366 615 39 20 vid
428 614 183 21 Savolaksbanan
633 615 9 20 1
666 611 115 24 trakterna
797 615 29 27 af
842 614 146 27 Pieksämäki,

366 643 72 21 skulle
453 643 79 28 dragas
547 651 79 20 genom
647 643 108 26 Varkaus,
771 643 166 28 Kangaslampi
952 643 37 20 ka-

366 672 50 27 pell,
436 671 74 28 Oravi,
527 672 76 21 Raiku
618 672 38 21 och
674 672 86 21 Puhois
776 672 37 21 till
828 672 69 21 Kides
905 672 84 25 socken,

367 701 38 20 der
420 701 41 20 den
476 701 71 20 skulle
560 703 162 19 sammanstöta
730 701 51 20 med
789 701 110 20 Karelska
907 700 80 21 banan.

299 757 119 28 Helsingfors
432 763 35 18 den
480 763 11 18 8
503 763 84 18 februari
600 763 50 18 1894.

672 804 87 21 Tuomas
777 803 143 22 Laurikainen.

298 943 156 26 (Öfversättning)

585 976 36 18 28.

406 1033 46 18 Till
467 1033 148 18 Hedervärda
628 1033 182 18 Bondeständet.

298 1085 8 16 I
324 1084 102 18 allmänhet
444 1084 32 23 går
495 1085 25 17 all
533 1084 56 18 trafik
601 1085 6 17 i
620 1085 40 17 vårt
673 1085 43 17 land
729 1085 7 17 i
749 1085 87 22 riktning
849 1084 41 18 från
903 1090 44 12 norr
959 1084 30 18 till

228 1112 57 18 söder
303 1113 33 17 och
355 1115 84 16 tvärtom.
463 1113 57 18 Detta
538 1113 150 18 sakförhållande
702 1114 34 17 har
750 1113 41 18 haft
804 1115 28 16 ett
846 1113 102 22 afgörande
960 1113 29 17 in-

228 1141 83 22 flytande
330 1142 23 22 på
373 1141 148 19 bestämmandet
533 1142 20 17 af
563 1143 109 22 riktningen
685 1142 29 18 för
726 1143 45 16 våra
784 1141 51 18 förut
848 1142 80 23 anlagda
938 1142 50 23 jern-

228 1171 57 21 vägar
298 1171 34 17 och
345 1170 36 18 den
395 1171 60 18 under
467 1171 64 18 arbete
544 1171 96 22 befintliga
652 1171 94 18 Karelska
758 1171 69 17 banan.

299 1199 43 18 Men
361 1199 24 18 då
404 1199 81 18 nämnda
497 1199 65 18 trafiks
575 1200 147 22 nödvändigaste
736 1199 59 18 behof
806 1199 60 18 redan
878 1199 62 18 blifvit
952 1199 37 17 till-

228 1227 110 22 fredstälda,
357 1228 21 17 så
398 1228 51 22 böra,
461 1228 31 17 vid
505 1228 114 23 anläggning
632 1228 20 18 af
663 1233 35 18 nya
709 1229 108 22 jernvägar,
831 1230 53 20 tagas
896 1228 7 17 i
916 1227 74 18 betrak-

227 1256 58 17 tande
299 1257 57 22 några
369 1256 59 18 andra
440 1257 120 22 synpunkter,
573 1262 39 13 som
624 1257 105 22 ingalunda
742 1259 33 15 äro
789 1257 21 17 af
821 1257 55 22 ringa
889 1257 43 22 vigt.
957 1257 33 17 Sä-

228 1290 40 12 som
282 1285 37 17 den
332 1284 59 19 första
403 1285 88 18 framstår
502 1285 119 23 naturligtvis
634 1285 24 18 då
670 1285 72 23 frågan,
751 1285 49 18 huru
810 1285 72 22 Wasa-,
889 1285 102 22 Savolaks-,

228 1313 35 17 och
283 1313 91 18 Karelska
393 1313 84 18 banorna
495 1314 106 23 lämpligast
618 1314 35 18 och
666 1314 30 17 till
709 1316 70 16 största
792 1319 49 18 gagn
854 1313 30 18 för
896 1314 43 17 hela
951 1313 40 18 lan-

228 1341 33 18 det
280 1342 63 17 kunde
362 1342 103 22 förbindas,
484 1343 20 17 så
517 1345 27 15 att
556 1345 26 15 ett
594 1343 80 22 verkligt
684 1343 124 22 jernvägsnät
821 1343 96 21 dymedels
930 1342 60 18 skulle

228 1370 88 18 utbildas.

299 1399 36 18 Vid
348 1399 138 18 realiserandet
498 1399 20 18 af
529 1399 52 18 detta
593 1400 85 17 ändamål
692 1400 33 18 bör
738 1405 49 18 noga
800 1400 115 23 öfvervägas,
928 1399 63 18 hvilka

227 1427 75 18 trakter
321 1428 120 17 sinsemellan
460 1428 63 18 kunde
543 1428 65 23 utbyta
626 1431 70 16 största
714 1429 94 22 mängden
822 1434 55 12 varor
889 1428 35 18 och
937 1427 54 19 äfven

299 1468 202 19 Petitionsbetänkande
514 1469 37 18 N:o
564 1469 17 17 2.

449 1504 9 8 N
