1070 1795
250 115 29 21 54
441 116 230 24 Petitionsbetänkande
688 118 34 21 N:o
738 118 20 21 2.

290 221 158 28 (Öfversättning)

585 273 37 18 25.

397 335 45 17 Till
459 335 152 19 Hedervärda
627 336 180 18 Bondeståndet.

292 391 65 18 Ehuru
370 392 32 18 det
415 393 42 18 med
470 394 119 18 tacksamhet
601 395 34 17 bör
648 395 99 20 erkännas,
760 395 28 16 att
801 393 75 18 landets
889 393 94 23 Regering

221 420 36 17 och
270 420 80 19 Ständer
365 421 90 19 beaktadt
468 425 27 15 att
509 423 258 18 kommunikationsmedlens
780 422 130 18 förbättrande
923 424 21 16 är
956 424 27 15 ett

221 448 113 23 nödvändigt
353 450 60 17 vilkor
431 450 28 18 för
477 451 41 18 vårt
535 451 53 18 lands
607 452 33 17 och
654 452 49 17 folks
716 451 110 23 utveckling
839 451 35 18 och
887 450 95 19 förkofran

222 477 35 17 och
277 479 27 16 att
317 478 21 17 de
352 479 6 16 i
371 479 104 22 möjligaste
489 481 58 16 måtto
561 481 42 17 sökt
615 481 85 22 uppfylla
712 481 38 17 alla
762 480 49 17 efter
824 480 45 17 våra
881 479 100 18 förhållan-

223 505 36 18 den
279 507 117 23 berättigade
415 509 86 22 anspråk,
521 510 20 17 så
561 510 53 17 torde
630 510 5 17 i
653 510 37 17 alla
702 509 33 18 fall
748 509 110 22 medgifvas,
871 511 27 15 att
910 508 73 23 mycket

223 536 51 16 ännu
287 536 80 17 återstår
379 539 27 15 att
418 539 45 20 göra
475 538 59 17 innan
547 543 24 12 en
581 539 52 22 jemn
646 539 108 22 utveckling
766 538 7 17 i
787 537 53 18 detta
852 537 89 18 afseende
954 542 29 13 er-

224 563 56 18 nåtts.
305 564 81 19 Oaktadt
398 566 111 23 visserligen
523 567 115 18 vidsträckta
651 567 53 18 delar
716 567 20 18 af
747 567 66 17 landet
825 572 68 17 genom
906 566 77 17 förbätt-

221 591 46 18 rade
293 593 182 19 kommunikationer
496 595 59 18 redan
574 596 78 17 kommit
669 597 7 16 i
694 596 93 22 tidsenlig
805 595 117 18 förbindelse
941 595 41 18 med

222 621 184 24 verldsmarknaden,
424 623 59 23 gifves
503 624 32 18 det
553 627 49 15 ännu
620 630 23 12 en
663 625 68 22 mängd
745 627 56 18 orter,
815 624 65 18 hvilka
893 625 90 22 antingen

222 650 41 17 helt
281 651 34 17 och
333 651 59 18 hållet
410 653 57 17 sakna
485 653 64 23 dylika
568 653 46 18 eller
633 654 34 17 och
680 653 55 18 hafva
748 653 77 21 sådana,
839 653 65 18 hvilka
916 655 68 15 största

222 679 56 18 delen
292 679 20 18 af
322 680 41 17 året
374 681 42 17 icke
429 683 32 16 äro
475 682 126 18 användbara.

292 708 58 18 Bland
364 709 115 18 förbättrade
495 711 205 23 fortskaffningsmedel
714 711 46 18 böra
770 711 129 22 jernvägarna
911 711 72 16 obetin-

222 736 46 22 gadt
286 737 63 18 ställas
368 739 6 16 i
395 738 77 18 främsta
490 742 85 19 rummet,
594 740 121 18 alldenstund
728 740 23 17 de
765 740 16 22 ej
797 739 6 17 i
819 739 61 18 likhet
892 739 42 18 med
947 739 37 22 sjö-

223 765 62 18 farten
304 767 11 16 &
327 767 43 18 våra
383 768 110 23 vattendrag
505 771 34 15 äro
552 769 93 18 beroende
658 769 20 18 af
689 769 89 18 väderlek
791 769 37 17 och
841 768 90 18 årstiden.
956 768 28 17 Då

224 793 23 18 de
274 795 94 18 dessutom
393 796 66 23 dragas
479 799 24 16 än
530 803 66 17 genom
624 798 74 21 odlade,
722 799 24 16 än
765 803 67 16 genom
852 797 132 22 skogbevuxna

224 823 74 18 trakter
315 824 46 17 eller
379 825 35 17 ock
432 825 66 18 beröra
515 826 77 23 insjöar,
611 827 98 22 uppsamla
722 827 23 17 de
759 827 10 16 å
783 826 57 17 dessa
853 825 68 18 ställen
934 825 51 18 olika

224 851 104 22 produkter
345 853 34 18 och
400 855 51 22 tjena
469 855 80 17 sålunda
567 861 22 12 en
609 855 94 23 möjligast
721 855 57 18 talrik
797 855 104 17 allmänhet
916 855 24 22 pä
953 854 32 17 det

224 879 55 19 bästa
292 881 34 18 och
339 883 145 22 mängsidigaste
498 885 41 15 sätt.

295 910 35 17 Vid
350 911 44 18 1888
413 912 30 17 ärs
461 912 90 23 landtdag
569 913 47 17 hade
633 913 33 22 jag
684 915 46 15 äran
746 915 27 15 att
788 917 68 18 genom
870 917 23 12 en
906 912 78 22 petition

224 937 52 18 inom
296 939 50 18 detta
364 940 119 18 hedervända
499 941 54 18 stånd
570 941 58 18 väcka
640 941 65 23 frågan
719 947 30 12 om
763 947 22 12 en
799 941 186 22 förbindningsbana,

224 966 95 23 »hvilken,
338 969 94 22 utgående
451 969 40 18 från
506 971 82 17 närmast
604 970 80 23 belägna
696 970 61 23 punkt
769 970 11 17 å
793 969 119 20 Vasabanan,
925 969 60 18 skulle

226 995 68 22 dragas
306 996 51 19 öfver
368 997 105 24 Jyväskylä,
486 1004 46 12 norr
544 1004 29 12 om
585 999 81 23 Kyyvesi
679 999 29 18 till
722 999 92 18 Savolaks
827 998 62 18 banan
899 999 34 17 och
943 998 42 17 der-

224 1023 50 18 ifrån
293 1027 77 20 genaste
389 1028 58 21 vägen
465 1027 29 17 till
513 1028 76 22 Nyslott
604 1028 34 17 och
652 1027 51 19 öfver
715 1027 125 23 Punkaharju
852 1027 29 18 till
895 1027 35 18 den
944 1029 42 16 när-

225 1055 60 16 maste
303 1054 83 22 punkten
406 1055 31 18 vid
450 1055 35 18 den
502 1056 94 18 blifvande
609 1059 51 15 östra
672 1057 127 18 stambanan".
826 1056 44 18 Med
883 1056 104 22 anledning

224 1081 58 18 häraf
292 1083 34 17 och
339 1084 25 21 på
376 1084 60 22 grund
449 1085 20 17 af
481 1085 106 18 dåvarande
597 1085 188 23 jernvägsutskotts
780 1077 9 35 i
799 1084 65 23 frågan
877 1085 65 23 gjorda
950 1084 37 18 för-

225 1110 47 23 slag,
285 1111 70 18 beslöto
369 1113 103 18 Ständerna
485 1114 77 17 anhålla
574 1117 38 18 ,,att
623 1115 75 17 teknisk
711 1114 145 22 undersökning
868 1114 58 17 måtte
933 1113 53 18 verk-

226 1139 66 18 ställas
309 1140 29 18 för
353 1141 89 24 jernvägs
454 1142 79 18 ledande
546 1143 51 18 öfver
609 1143 136 22 vattendragen
759 1143 31 17 vid
804 1143 75 22 Nyslott
891 1143 35 17 och
938 1143 49 17 Pun-

226 1168 97 23 kaharju".
343 1170 77 18 Tanken
433 1176 28 13 om
475 1177 23 12 en
511 1171 94 18 blifvande
618 1171 184 23 förbindningsbana
816 1171 70 18 mellan
893 1171 94 18 Savolaks'

226 1197 35 17 och
281 1198 92 18 Karelska
391 1199 82 18 banorna
493 1202 21 16 är
527 1201 58 17 redan
598 1201 20 17 af
629 1201 51 17 äldre
694 1201 69 20 datum,
777 1201 61 17 ehuru
851 1205 43 13 man
907 1199 80 18 dessför-

225 1226 60 17 innan
304 1227 15 22 ej
338 1228 49 22 gjort
405 1229 56 22 något
479 1231 86 16 närmare
583 1229 69 23 förslag
664 1235 29 12 om
709 1229 110 22 riktningen
832 1229 31 18 för
875 1229 112 18 densamma.

226 1255 46 17 1885
285 1256 30 17 års
327 1256 80 19 Ständer
420 1257 73 18 anhöllo
507 1258 57 17 bland
577 1260 57 15 annat
646 1259 6 16 i
666 1263 23 12 en
697 1258 80 23 petition
785 1257 82 18 rörande
873 1253 26 22 en
907 1257 80 18 förbind-

225 1283 107 24 ningsbana
344 1285 6 17 i
364 1285 42 18 dess
418 1286 64 18 helhet
495 1292 28 12 om
537 1287 118 22 företagandt
668 1287 20 18 af
695 1293 21 11 en
724 1286 143 23 undersökning
875 1297 16 2 —
900 1296 15 2 —
924 1297 15 2 —
947 1286 41 18 från

226 1312 90 19 Savolaks
328 1313 60 18 banan
402 1315 107 20 ,,eventuelt
520 1315 68 18 framåt
600 1315 29 18 till
640 1317 50 16 östra
699 1315 130 18 stambanan".
849 1315 77 18 Således
935 1315 54 18 hafva

225 1341 60 17 redan
298 1343 29 16 två
340 1343 138 18 ständermöten
491 1344 81 17 erkännt
585 1344 87 18 behofvet
683 1344 21 17 af
715 1350 24 12 en
753 1344 181 22 förbindningslänk
943 1344 44 18 mel-

225 1370 31 17 lan
276 1370 88 19 Savolaks
382 1372 35 17 och
436 1372 93 18 Karelska
547 1372 88 21 banorna,
650 1374 108 22 hvarjemte,
775 1372 6 18 i
794 1372 107 23 anledning
913 1372 20 18 af
944 1372 45 18 1888

226 1399 30 18 års
270 1400 161 23 ständerpetition,
442 1407 22 12 en
477 1401 77 18 teknisk
567 1401 141 23 undersökning
721 1401 101 23 företagits
830 1407 104 12 sommaren
944 1401 45 18 1890

225 1428 11 17 &
250 1433 23 12 en
287 1428 10 18 7
310 1429 35 17 km.
358 1429 44 22 lång
417 1430 74 17 sträcka
503 1429 31 18 vid
547 1430 75 22 Nyslott
634 1431 34 17 och
681 1436 23 12 en
716 1431 28 20 9,5
759 1431 37 17 km.
811 1431 46 22 lång
869 1430 76 18 sträcka
957 1430 30 17 vid

298 1469 200 19 Petitionsbetänkande
510 1470 37 17 N:o
560 1470 17 17 2.
