<?xml version="1.0" encoding="UTF-8"?>
<alto xmlns="http://www.loc.gov/standards/alto/ns-v3#" xmlns:xlink="http://www.w3.org/1999/xlink" xmlns:xsi="http://www.w3.org/2001/XMLSchema-instance" xsi:schemaLocation="http://www.loc.gov/standards/alto/ns-v3# http://www.loc.gov/alto/v3/alto-3-0.xsd">
	<Description>
		<MeasurementUnit>pixel</MeasurementUnit>
		<sourceImageInformation>
			<fileName>/tmp/tess_mweipc_h_input.PNG</fileName>
		</sourceImageInformation>
		<OCRProcessing ID="OCR_0">
			<ocrProcessingStep>
				<processingSoftware>
					<softwareName>tesseract 5.3.4</softwareName>
				</processingSoftware>
			</ocrProcessingStep>
		</OCRProcessing>
	</Description>
	<Layout>
		<Page WIDTH="1070" HEIGHT="1795" PHYSICAL_IMG_NR="0" ID="page_0">
			<PrintSpace HPOS="0" VPOS="0" WIDTH="1070" HEIGHT="1795">
				<ComposedBlock ID="cblock_0" HPOS="289" VPOS="157" WIDTH="536" HEIGHT="24">
					<TextBlock ID="block_0" HPOS="289" VPOS="157" WIDTH="536" HEIGHT="24">
						<TextLine ID="line_0" HPOS="289" VPOS="157" WIDTH="536" HEIGHT="24">
							<String ID="string_0" HPOS="289" VPOS="157" WIDTH="260" HEIGHT="24" WC="0.92" CONTENT="Motionsbetänkande"/><SP WIDTH="16" VPOS="157" HPOS="549"/>
							<String ID="string_1" HPOS="565" VPOS="157" WIDTH="42" HEIGHT="22" WC="0.91" CONTENT="N:o"/><SP WIDTH="17" VPOS="157" HPOS="607"/>
							<String ID="string_2" HPOS="624" VPOS="157" WIDTH="22" HEIGHT="22" WC="0.96" CONTENT="8."/><SP WIDTH="167" VPOS="157" HPOS="646"/>
							<String ID="string_3" HPOS="813" VPOS="157" WIDTH="12" HEIGHT="21" WC="0.95" CONTENT="5"/>
						</TextLine>
					</TextBlock>
				</ComposedBlock>
				<ComposedBlock ID="cblock_1" HPOS="298" VPOS="225" WIDTH="557" HEIGHT="86">
					<TextBlock ID="block_1" HPOS="298" VPOS="225" WIDTH="557" HEIGHT="86">
						<TextLine ID="line_1" HPOS="301" VPOS="225" WIDTH="553" HEIGHT="28">
							<String ID="string_4" HPOS="301" VPOS="226" WIDTH="215" HEIGHT="27" WC="0.92" CONTENT="mätningsmannens"/><SP WIDTH="23" VPOS="226" HPOS="516"/>
							<String ID="string_5" HPOS="539" VPOS="226" WIDTH="8" HEIGHT="20" WC="0.92" CONTENT="i"/><SP WIDTH="16" VPOS="226" HPOS="547"/>
							<String ID="string_6" HPOS="563" VPOS="228" WIDTH="60" HEIGHT="18" WC="0.96" CONTENT="orten"/><SP WIDTH="23" VPOS="228" HPOS="623"/>
							<String ID="string_7" HPOS="646" VPOS="225" WIDTH="79" HEIGHT="27" WC="0.92" CONTENT="åtgärd"/><SP WIDTH="15" VPOS="225" HPOS="725"/>
							<String ID="string_8" HPOS="740" VPOS="225" WIDTH="114" HEIGHT="21" WC="0.84" CONTENT="kostnads-"/>
						</TextLine>
						<TextLine ID="line_2" HPOS="298" VPOS="253" WIDTH="557" HEIGHT="29">
							<String ID="string_9" HPOS="298" VPOS="255" WIDTH="55" HEIGHT="27" WC="0.90" CONTENT="fritt"/><SP WIDTH="28" VPOS="255" HPOS="353"/>
							<String ID="string_10" HPOS="381" VPOS="255" WIDTH="59" HEIGHT="27" WC="0.90" CONTENT="utfå,"/><SP WIDTH="28" VPOS="255" HPOS="440"/>
							<String ID="string_11" HPOS="468" VPOS="254" WIDTH="57" HEIGHT="21" WC="0.95" CONTENT="hvad"/><SP WIDTH="29" VPOS="254" HPOS="525"/>
							<String ID="string_12" HPOS="554" VPOS="255" WIDTH="35" HEIGHT="20" WC="0.94" CONTENT="till"/><SP WIDTH="35" VPOS="255" HPOS="589"/>
							<String ID="string_13" HPOS="624" VPOS="254" WIDTH="75" HEIGHT="21" WC="0.95" CONTENT="honom"/><SP WIDTH="33" VPOS="254" HPOS="699"/>
							<String ID="string_14" HPOS="732" VPOS="253" WIDTH="36" HEIGHT="21" WC="0.90" CONTENT="bör"/><SP WIDTH="31" VPOS="253" HPOS="768"/>
							<String ID="string_15" HPOS="799" VPOS="254" WIDTH="56" HEIGHT="20" WC="0.90" CONTENT="äter-"/>
						</TextLine>
						<TextLine ID="line_3" HPOS="301" VPOS="284" WIDTH="81" HEIGHT="27">
							<String ID="string_16" HPOS="301" VPOS="284" WIDTH="81" HEIGHT="27" WC="0.92" CONTENT="gifvas."/>
						</TextLine>
					</TextBlock>
				</ComposedBlock>
				<ComposedBlock ID="cblock_2" HPOS="165" VPOS="369" WIDTH="412" HEIGHT="28">
					<TextBlock ID="block_2" HPOS="165" VPOS="369" WIDTH="412" HEIGHT="28">
						<TextLine ID="line_4" HPOS="165" VPOS="369" WIDTH="412" HEIGHT="28">
							<String ID="string_17" HPOS="165" VPOS="371" WIDTH="133" HEIGHT="26" WC="0.96" CONTENT="Helsingfors"/><SP WIDTH="15" VPOS="371" HPOS="298"/>
							<String ID="string_18" HPOS="313" VPOS="371" WIDTH="39" HEIGHT="19" WC="0.96" CONTENT="den"/><SP WIDTH="16" VPOS="371" HPOS="352"/>
							<String ID="string_19" HPOS="368" VPOS="370" WIDTH="12" HEIGHT="19" WC="0.96" CONTENT="9"/><SP WIDTH="17" VPOS="370" HPOS="380"/>
							<String ID="string_20" HPOS="397" VPOS="370" WIDTH="99" HEIGHT="19" WC="0.96" CONTENT="Februari"/><SP WIDTH="23" VPOS="370" HPOS="496"/>
							<String ID="string_21" HPOS="519" VPOS="369" WIDTH="58" HEIGHT="20" WC="0.96" CONTENT="1894."/>
						</TextLine>
					</TextBlock>
				</ComposedBlock>
				<ComposedBlock ID="cblock_3" HPOS="587" VPOS="448" WIDTH="198" HEIGHT="23">
					<TextBlock ID="block_3" HPOS="587" VPOS="448" WIDTH="198" HEIGHT="23">
						<TextLine ID="line_5" HPOS="587" VPOS="448" WIDTH="198" HEIGHT="23">
							<String ID="string_22" HPOS="587" VPOS="448" WIDTH="57" HEIGHT="23" WC="0.96" CONTENT="Otto"/><SP WIDTH="17" VPOS="448" HPOS="644"/>
							<String ID="string_23" HPOS="661" VPOS="448" WIDTH="124" HEIGHT="23" WC="0.96" CONTENT="Stenroth."/>
						</TextLine>
					</TextBlock>
				</ComposedBlock>
				<ComposedBlock ID="cblock_4" HPOS="99" VPOS="637" WIDTH="761" HEIGHT="885">
					<TextBlock ID="block_4" HPOS="99" VPOS="637" WIDTH="758" HEIGHT="544">
						<TextLine ID="line_6" HPOS="167" VPOS="637" WIDTH="689" HEIGHT="29">
							<String ID="string_24" HPOS="167" VPOS="639" WIDTH="77" HEIGHT="21" WC="0.94" CONTENT="Första"/><SP WIDTH="24" VPOS="639" HPOS="244"/>
							<String ID="string_25" HPOS="268" VPOS="639" WIDTH="33" HEIGHT="27" WC="0.60" CONTENT="S:n"/><SP WIDTH="22" VPOS="639" HPOS="301"/>
							<String ID="string_26" HPOS="323" VPOS="639" WIDTH="7" HEIGHT="20" WC="0.96" CONTENT="i"/><SP WIDTH="23" VPOS="639" HPOS="330"/>
							<String ID="string_27" HPOS="353" VPOS="638" WIDTH="41" HEIGHT="21" WC="0.96" CONTENT="den"/><SP WIDTH="24" VPOS="638" HPOS="394"/>
							<String ID="string_28" HPOS="418" VPOS="639" WIDTH="122" HEIGHT="27" WC="0.96" CONTENT="föreslagna"/><SP WIDTH="20" VPOS="639" HPOS="540"/>
							<String ID="string_29" HPOS="560" VPOS="637" WIDTH="153" HEIGHT="28" WC="0.93" CONTENT="förordningen"/><SP WIDTH="17" VPOS="637" HPOS="713"/>
							<String ID="string_30" HPOS="730" VPOS="637" WIDTH="57" HEIGHT="22" WC="0.92" CONTENT="afser"/><SP WIDTH="15" VPOS="637" HPOS="787"/>
							<String ID="string_31" HPOS="802" VPOS="645" WIDTH="54" HEIGHT="21" WC="0.92" CONTENT="upp-"/>
						</TextLine>
						<TextLine ID="line_7" HPOS="101" VPOS="671" WIDTH="755" HEIGHT="30">
							<String ID="string_32" HPOS="101" VPOS="673" WIDTH="109" HEIGHT="21" WC="0.91" CONTENT="häfvande"/><SP WIDTH="15" VPOS="673" HPOS="210"/>
							<String ID="string_33" HPOS="225" VPOS="673" WIDTH="23" HEIGHT="21" WC="0.96" CONTENT="af"/><SP WIDTH="14" VPOS="673" HPOS="248"/>
							<String ID="string_34" HPOS="262" VPOS="680" WIDTH="29" HEIGHT="13" WC="0.96" CONTENT="nu"/><SP WIDTH="14" VPOS="680" HPOS="291"/>
							<String ID="string_35" HPOS="305" VPOS="672" WIDTH="99" HEIGHT="29" WC="0.93" CONTENT="gällande"/><SP WIDTH="15" VPOS="672" HPOS="404"/>
							<String ID="string_36" HPOS="419" VPOS="672" WIDTH="113" HEIGHT="21" WC="0.92" CONTENT="föreskrift"/><SP WIDTH="15" VPOS="672" HPOS="532"/>
							<String ID="string_37" HPOS="547" VPOS="675" WIDTH="32" HEIGHT="18" WC="0.96" CONTENT="att"/><SP WIDTH="15" VPOS="675" HPOS="579"/>
							<String ID="string_38" HPOS="594" VPOS="672" WIDTH="47" HEIGHT="26" WC="0.96" CONTENT="den,"/><SP WIDTH="15" VPOS="672" HPOS="641"/>
							<String ID="string_39" HPOS="656" VPOS="679" WIDTH="46" HEIGHT="14" WC="0.97" CONTENT="som"/><SP WIDTH="16" VPOS="679" HPOS="702"/>
							<String ID="string_40" HPOS="718" VPOS="673" WIDTH="23" HEIGHT="20" WC="0.96" CONTENT="är"/><SP WIDTH="22" VPOS="673" HPOS="741"/>
							<String ID="string_41" HPOS="763" VPOS="672" WIDTH="33" HEIGHT="20" WC="0.93" CONTENT="till"/><SP WIDTH="22" VPOS="672" HPOS="796"/>
							<String ID="string_42" HPOS="818" VPOS="671" WIDTH="38" HEIGHT="22" WC="0.93" CONTENT="bö-"/>
						</TextLine>
						<TextLine ID="line_8" HPOS="99" VPOS="706" WIDTH="758" HEIGHT="29">
							<String ID="string_43" HPOS="99" VPOS="711" WIDTH="34" HEIGHT="18" WC="0.92" CONTENT="ter"/><SP WIDTH="20" VPOS="711" HPOS="133"/>
							<String ID="string_44" HPOS="153" VPOS="707" WIDTH="52" HEIGHT="27" WC="0.91" CONTENT="fäld,"/><SP WIDTH="21" VPOS="707" HPOS="205"/>
							<String ID="string_45" HPOS="226" VPOS="707" WIDTH="55" HEIGHT="21" WC="0.96" CONTENT="skall"/><SP WIDTH="21" VPOS="707" HPOS="281"/>
							<String ID="string_46" HPOS="302" VPOS="707" WIDTH="35" HEIGHT="20" WC="0.93" CONTENT="för"/><SP WIDTH="19" VPOS="707" HPOS="337"/>
							<String ID="string_47" HPOS="356" VPOS="707" WIDTH="200" HEIGHT="28" WC="0.90" CONTENT="ändringssökande"/><SP WIDTH="23" VPOS="707" HPOS="556"/>
							<String ID="string_48" HPOS="579" VPOS="706" WIDTH="99" HEIGHT="21" WC="0.90" CONTENT="nedsätta"/><SP WIDTH="15" VPOS="706" HPOS="678"/>
							<String ID="string_49" HPOS="693" VPOS="706" WIDTH="164" HEIGHT="28" WC="0.93" CONTENT="bötesbeloppet"/>
						</TextLine>
						<TextLine ID="line_9" HPOS="101" VPOS="740" WIDTH="756" HEIGHT="29">
							<String ID="string_50" HPOS="101" VPOS="742" WIDTH="51" HEIGHT="21" WC="0.95" CONTENT="eller"/><SP WIDTH="14" VPOS="742" HPOS="152"/>
							<String ID="string_51" HPOS="166" VPOS="741" WIDTH="35" HEIGHT="21" WC="0.93" CONTENT="för"/><SP WIDTH="15" VPOS="741" HPOS="201"/>
							<String ID="string_52" HPOS="216" VPOS="741" WIDTH="116" HEIGHT="22" WC="0.91" CONTENT="detsamma"/><SP WIDTH="16" VPOS="741" HPOS="332"/>
							<String ID="string_53" HPOS="348" VPOS="741" WIDTH="61" HEIGHT="21" WC="0.90" CONTENT="ställa"/><SP WIDTH="16" VPOS="741" HPOS="409"/>
							<String ID="string_54" HPOS="425" VPOS="741" WIDTH="81" HEIGHT="28" WC="0.91" CONTENT="borgen"/><SP WIDTH="16" VPOS="741" HPOS="506"/>
							<String ID="string_55" HPOS="522" VPOS="741" WIDTH="52" HEIGHT="21" WC="0.93" CONTENT="eller"/><SP WIDTH="15" VPOS="741" HPOS="574"/>
							<String ID="string_56" HPOS="589" VPOS="741" WIDTH="41" HEIGHT="21" WC="0.92" CONTENT="ock"/><SP WIDTH="16" VPOS="741" HPOS="630"/>
							<String ID="string_57" HPOS="646" VPOS="741" WIDTH="32" HEIGHT="20" WC="0.93" CONTENT="sin"/><SP WIDTH="16" VPOS="741" HPOS="678"/>
							<String ID="string_58" HPOS="694" VPOS="740" WIDTH="163" HEIGHT="28" WC="0.92" CONTENT="oförmögenhet"/>
						</TextLine>
						<TextLine ID="line_10" HPOS="100" VPOS="775" WIDTH="757" HEIGHT="29">
							<String ID="string_59" HPOS="100" VPOS="776" WIDTH="71" HEIGHT="21" WC="0.93" CONTENT="dertill"/><SP WIDTH="15" VPOS="776" HPOS="171"/>
							<String ID="string_60" HPOS="186" VPOS="775" WIDTH="79" HEIGHT="29" WC="0.92" CONTENT="styrka."/><SP WIDTH="30" VPOS="775" HPOS="265"/>
							<String ID="string_61" HPOS="295" VPOS="775" WIDTH="43" HEIGHT="22" WC="0.93" CONTENT="Det"/><SP WIDTH="14" VPOS="775" HPOS="338"/>
							<String ID="string_62" HPOS="352" VPOS="775" WIDTH="169" HEIGHT="29" WC="0.91" CONTENT="principvidriga"/><SP WIDTH="15" VPOS="775" HPOS="521"/>
							<String ID="string_63" HPOS="536" VPOS="776" WIDTH="7" HEIGHT="20" WC="0.96" CONTENT="i"/><SP WIDTH="16" VPOS="776" HPOS="543"/>
							<String ID="string_64" HPOS="559" VPOS="778" WIDTH="30" HEIGHT="18" WC="0.93" CONTENT="ett"/><SP WIDTH="16" VPOS="778" HPOS="589"/>
							<String ID="string_65" HPOS="605" VPOS="775" WIDTH="76" HEIGHT="21" WC="0.93" CONTENT="sädant"/><SP WIDTH="15" VPOS="775" HPOS="681"/>
							<String ID="string_66" HPOS="696" VPOS="775" WIDTH="70" HEIGHT="21" WC="0.93" CONTENT="vilkor"/><SP WIDTH="15" VPOS="775" HPOS="766"/>
							<String ID="string_67" HPOS="781" VPOS="775" WIDTH="34" HEIGHT="20" WC="0.96" CONTENT="för"/><SP WIDTH="10" VPOS="775" HPOS="815"/>
							<String ID="string_68" HPOS="825" VPOS="777" WIDTH="32" HEIGHT="18" WC="0.95" CONTENT="att"/>
						</TextLine>
						<TextLine ID="line_11" HPOS="100" VPOS="809" WIDTH="756" HEIGHT="29">
							<String ID="string_69" HPOS="100" VPOS="810" WIDTH="23" HEIGHT="21" WC="0.90" CONTENT="fä"/><SP WIDTH="22" VPOS="810" HPOS="123"/>
							<String ID="string_70" HPOS="145" VPOS="810" WIDTH="131" HEIGHT="21" WC="0.92" CONTENT="underkasta"/><SP WIDTH="22" VPOS="810" HPOS="276"/>
							<String ID="string_71" HPOS="298" VPOS="809" WIDTH="185" HEIGHT="29" WC="0.92" CONTENT="domstolsätgärd,"/><SP WIDTH="23" VPOS="809" HPOS="483"/>
							<String ID="string_72" HPOS="506" VPOS="810" WIDTH="140" HEIGHT="27" WC="0.92" CONTENT="hvarigenom"/><SP WIDTH="22" VPOS="810" HPOS="646"/>
							<String ID="string_73" HPOS="668" VPOS="817" WIDTH="27" HEIGHT="13" WC="0.96" CONTENT="en"/><SP WIDTH="17" VPOS="817" HPOS="695"/>
							<String ID="string_74" HPOS="712" VPOS="817" WIDTH="78" HEIGHT="21" WC="0.93" CONTENT="person"/><SP WIDTH="15" VPOS="817" HPOS="790"/>
							<String ID="string_75" HPOS="805" VPOS="809" WIDTH="51" HEIGHT="21" WC="0.93" CONTENT="fälts"/>
						</TextLine>
						<TextLine ID="line_12" HPOS="100" VPOS="843" WIDTH="757" HEIGHT="30">
							<String ID="string_76" HPOS="100" VPOS="845" WIDTH="33" HEIGHT="20" WC="0.92" CONTENT="till"/><SP WIDTH="22" VPOS="845" HPOS="133"/>
							<String ID="string_77" HPOS="155" VPOS="844" WIDTH="65" HEIGHT="27" WC="0.92" CONTENT="straff,"/><SP WIDTH="20" VPOS="844" HPOS="220"/>
							<String ID="string_78" HPOS="240" VPOS="844" WIDTH="65" HEIGHT="29" WC="0.93" CONTENT="högre"/><SP WIDTH="22" VPOS="844" HPOS="305"/>
							<String ID="string_79" HPOS="327" VPOS="846" WIDTH="53" HEIGHT="19" WC="0.92" CONTENT="rätts"/><SP WIDTH="21" VPOS="846" HPOS="380"/>
							<String ID="string_80" HPOS="401" VPOS="844" WIDTH="102" HEIGHT="29" WC="0.92" CONTENT="pröfning"/><SP WIDTH="15" VPOS="844" HPOS="503"/>
							<String ID="string_81" HPOS="518" VPOS="844" WIDTH="39" HEIGHT="21" WC="0.96" CONTENT="har"/><SP WIDTH="15" VPOS="844" HPOS="557"/>
							<String ID="string_82" HPOS="572" VPOS="844" WIDTH="62" HEIGHT="28" WC="0.96" CONTENT="länge"/><SP WIDTH="18" VPOS="844" HPOS="634"/>
							<String ID="string_83" HPOS="652" VPOS="844" WIDTH="54" HEIGHT="21" WC="0.93" CONTENT="varit"/><SP WIDTH="14" VPOS="844" HPOS="706"/>
							<String ID="string_84" HPOS="720" VPOS="843" WIDTH="80" HEIGHT="26" WC="0.93" CONTENT="insedt;"/><SP WIDTH="16" VPOS="843" HPOS="800"/>
							<String ID="string_85" HPOS="816" VPOS="843" WIDTH="41" HEIGHT="22" WC="0.96" CONTENT="och"/>
						</TextLine>
						<TextLine ID="line_13" HPOS="101" VPOS="878" WIDTH="756" HEIGHT="29">
							<String ID="string_86" HPOS="101" VPOS="879" WIDTH="120" HEIGHT="21" WC="0.92" CONTENT="Ständerna"/><SP WIDTH="15" VPOS="879" HPOS="221"/>
							<String ID="string_87" HPOS="236" VPOS="879" WIDTH="66" HEIGHT="21" WC="0.93" CONTENT="hafva"/><SP WIDTH="15" VPOS="879" HPOS="302"/>
							<String ID="string_88" HPOS="317" VPOS="879" WIDTH="106" HEIGHT="21" WC="0.91" CONTENT="allaredan"/><SP WIDTH="17" VPOS="879" HPOS="423"/>
							<String ID="string_89" HPOS="440" VPOS="879" WIDTH="6" HEIGHT="20" WC="0.96" CONTENT="i"/><SP WIDTH="16" VPOS="879" HPOS="446"/>
							<String ID="string_90" HPOS="462" VPOS="886" WIDTH="49" HEIGHT="13" WC="0.92" CONTENT="svar"/><SP WIDTH="16" VPOS="886" HPOS="511"/>
							<String ID="string_91" HPOS="527" VPOS="878" WIDTH="12" HEIGHT="21" WC="0.89" CONTENT="&amp;"/><SP WIDTH="15" VPOS="878" HPOS="539"/>
							<String ID="string_92" HPOS="554" VPOS="878" WIDTH="79" HEIGHT="28" WC="0.92" CONTENT="nädiga"/><SP WIDTH="16" VPOS="878" HPOS="633"/>
							<String ID="string_93" HPOS="649" VPOS="879" WIDTH="160" HEIGHT="28" WC="0.96" CONTENT="propositionen"/><SP WIDTH="15" VPOS="879" HPOS="809"/>
							<String ID="string_94" HPOS="824" VPOS="878" WIDTH="33" HEIGHT="20" WC="0.95" CONTENT="till"/>
						</TextLine>
						<TextLine ID="line_14" HPOS="102" VPOS="911" WIDTH="755" HEIGHT="30">
							<String ID="string_95" HPOS="102" VPOS="916" WIDTH="86" HEIGHT="18" WC="0.93" CONTENT="senaste"/><SP WIDTH="22" VPOS="916" HPOS="188"/>
							<String ID="string_96" HPOS="210" VPOS="913" WIDTH="102" HEIGHT="28" WC="0.86" CONTENT="landtdag"/><SP WIDTH="22" VPOS="913" HPOS="312"/>
							<String ID="string_97" HPOS="334" VPOS="913" WIDTH="110" HEIGHT="28" WC="0.96" CONTENT="angående"/><SP WIDTH="23" VPOS="913" HPOS="444"/>
							<String ID="string_98" HPOS="467" VPOS="913" WIDTH="114" HEIGHT="28" WC="0.93" CONTENT="ändring"/><SP WIDTH="-12" VPOS="913" HPOS="581"/>
							<String ID="string_99" HPOS="569" VPOS="907" WIDTH="17" HEIGHT="38" WC="0.93" CONTENT="i"/><SP WIDTH="15" VPOS="907" HPOS="586"/>
							<String ID="string_100" HPOS="601" VPOS="912" WIDTH="99" HEIGHT="28" WC="0.90" CONTENT="gällande"/><SP WIDTH="23" VPOS="912" HPOS="700"/>
							<String ID="string_101" HPOS="723" VPOS="911" WIDTH="134" HEIGHT="29" WC="0.96" CONTENT="stadganden"/>
						</TextLine>
						<TextLine ID="line_15" HPOS="103" VPOS="946" WIDTH="754" HEIGHT="29">
							<String ID="string_102" HPOS="103" VPOS="955" WIDTH="33" HEIGHT="14" WC="0.96" CONTENT="om"/><SP WIDTH="16" VPOS="955" HPOS="136"/>
							<String ID="string_103" HPOS="152" VPOS="947" WIDTH="78" HEIGHT="22" WC="0.95" CONTENT="besvär"/><SP WIDTH="14" VPOS="947" HPOS="230"/>
							<String ID="string_104" HPOS="244" VPOS="948" WIDTH="6" HEIGHT="20" WC="0.93" CONTENT="i"/><SP WIDTH="17" VPOS="948" HPOS="250"/>
							<String ID="string_105" HPOS="267" VPOS="947" WIDTH="98" HEIGHT="21" WC="0.92" CONTENT="brottmäl"/><SP WIDTH="16" VPOS="947" HPOS="365"/>
							<String ID="string_106" HPOS="381" VPOS="947" WIDTH="41" HEIGHT="21" WC="0.93" CONTENT="och"/><SP WIDTH="15" VPOS="947" HPOS="422"/>
							<String ID="string_107" HPOS="437" VPOS="948" WIDTH="122" HEIGHT="27" WC="0.92" CONTENT="utmätning"/><SP WIDTH="14" VPOS="948" HPOS="559"/>
							<String ID="string_108" HPOS="573" VPOS="946" WIDTH="35" HEIGHT="21" WC="0.93" CONTENT="för"/><SP WIDTH="14" VPOS="946" HPOS="608"/>
							<String ID="string_109" HPOS="622" VPOS="946" WIDTH="62" HEIGHT="21" WC="0.93" CONTENT="böter"/><SP WIDTH="15" VPOS="946" HPOS="684"/>
							<String ID="string_110" HPOS="699" VPOS="946" WIDTH="106" HEIGHT="29" WC="0.92" CONTENT="samtyckt"/><SP WIDTH="20" VPOS="946" HPOS="805"/>
							<String ID="string_111" HPOS="825" VPOS="946" WIDTH="32" HEIGHT="21" WC="0.94" CONTENT="till"/>
						</TextLine>
						<TextLine ID="line_16" HPOS="101" VPOS="980" WIDTH="756" HEIGHT="29">
							<String ID="string_112" HPOS="101" VPOS="981" WIDTH="163" HEIGHT="28" WC="0.89" CONTENT="ifrägavarande"/><SP WIDTH="16" VPOS="981" HPOS="264"/>
							<String ID="string_113" HPOS="280" VPOS="981" WIDTH="128" HEIGHT="28" WC="0.93" CONTENT="stadgandes"/><SP WIDTH="16" VPOS="981" HPOS="408"/>
							<String ID="string_114" HPOS="424" VPOS="981" WIDTH="161" HEIGHT="28" WC="0.91" CONTENT="upphäfvande."/><SP WIDTH="29" VPOS="981" HPOS="585"/>
							<String ID="string_115" HPOS="614" VPOS="980" WIDTH="74" HEIGHT="29" WC="0.91" CONTENT="Nägot"/><SP WIDTH="14" VPOS="980" HPOS="688"/>
							<String ID="string_116" HPOS="702" VPOS="981" WIDTH="47" HEIGHT="20" WC="0.96" CONTENT="skäl"/><SP WIDTH="20" VPOS="981" HPOS="749"/>
							<String ID="string_117" HPOS="769" VPOS="980" WIDTH="35" HEIGHT="21" WC="0.96" CONTENT="för"/><SP WIDTH="22" VPOS="980" HPOS="804"/>
							<String ID="string_118" HPOS="826" VPOS="983" WIDTH="31" HEIGHT="18" WC="0.96" CONTENT="att"/>
						</TextLine>
						<TextLine ID="line_17" HPOS="102" VPOS="1014" WIDTH="755" HEIGHT="29">
							<String ID="string_119" HPOS="102" VPOS="1016" WIDTH="48" HEIGHT="21" WC="0.88" CONTENT="icke"/><SP WIDTH="15" VPOS="1016" HPOS="150"/>
							<String ID="string_120" HPOS="165" VPOS="1016" WIDTH="39" HEIGHT="21" WC="0.93" CONTENT="hos"/><SP WIDTH="16" VPOS="1016" HPOS="204"/>
							<String ID="string_121" HPOS="220" VPOS="1015" WIDTH="119" HEIGHT="22" WC="0.92" CONTENT="Ständerna"/><SP WIDTH="14" VPOS="1015" HPOS="339"/>
							<String ID="string_122" HPOS="353" VPOS="1015" WIDTH="108" HEIGHT="28" WC="0.91" CONTENT="tillstyrka"/><SP WIDTH="14" VPOS="1015" HPOS="461"/>
							<String ID="string_123" HPOS="475" VPOS="1015" WIDTH="209" HEIGHT="28" WC="0.92" CONTENT="motionsförslagets"/><SP WIDTH="10" VPOS="1015" HPOS="684"/>
							<String ID="string_124" HPOS="694" VPOS="1014" WIDTH="163" HEIGHT="29" WC="0.92" CONTENT="godkännande,"/>
						</TextLine>
						<TextLine ID="line_18" HPOS="101" VPOS="1049" WIDTH="756" HEIGHT="28">
							<String ID="string_125" HPOS="101" VPOS="1051" WIDTH="7" HEIGHT="20" WC="0.96" CONTENT="i"/><SP WIDTH="21" VPOS="1051" HPOS="108"/>
							<String ID="string_126" HPOS="129" VPOS="1050" WIDTH="70" HEIGHT="21" WC="0.96" CONTENT="denna"/><SP WIDTH="23" VPOS="1050" HPOS="199"/>
							<String ID="string_127" HPOS="222" VPOS="1049" WIDTH="40" HEIGHT="27" WC="0.96" CONTENT="del,"/><SP WIDTH="23" VPOS="1049" HPOS="262"/>
							<String ID="string_128" HPOS="285" VPOS="1049" WIDTH="67" HEIGHT="22" WC="0.96" CONTENT="skulle"/><SP WIDTH="20" VPOS="1049" HPOS="352"/>
							<String ID="string_129" HPOS="372" VPOS="1050" WIDTH="66" HEIGHT="27" WC="0.93" CONTENT="enligt"/><SP WIDTH="16" VPOS="1050" HPOS="438"/>
							<String ID="string_130" HPOS="454" VPOS="1049" WIDTH="163" HEIGHT="28" WC="0.93" CONTENT="Lagutskottets"/><SP WIDTH="16" VPOS="1049" HPOS="617"/>
							<String ID="string_131" HPOS="633" VPOS="1049" WIDTH="65" HEIGHT="28" WC="0.93" CONTENT="ätsigt"/><SP WIDTH="15" VPOS="1049" HPOS="698"/>
							<String ID="string_132" HPOS="713" VPOS="1049" WIDTH="18" HEIGHT="28" WC="0.92" CONTENT="ej"/><SP WIDTH="16" VPOS="1049" HPOS="731"/>
							<String ID="string_133" HPOS="747" VPOS="1049" WIDTH="67" HEIGHT="21" WC="0.96" CONTENT="heller"/><SP WIDTH="14" VPOS="1049" HPOS="814"/>
							<String ID="string_134" HPOS="828" VPOS="1056" WIDTH="29" HEIGHT="13" WC="0.96" CONTENT="nu"/>
						</TextLine>
						<TextLine ID="line_19" HPOS="101" VPOS="1083" WIDTH="756" HEIGHT="29">
							<String ID="string_135" HPOS="101" VPOS="1084" WIDTH="65" HEIGHT="21" WC="0.92" CONTENT="hafva"/><SP WIDTH="15" VPOS="1084" HPOS="166"/>
							<String ID="string_136" HPOS="181" VPOS="1084" WIDTH="111" HEIGHT="28" WC="0.92" CONTENT="förelegat,"/><SP WIDTH="15" VPOS="1084" HPOS="292"/>
							<String ID="string_137" HPOS="307" VPOS="1084" WIDTH="71" HEIGHT="21" WC="0.90" CONTENT="derest"/><SP WIDTH="21" VPOS="1084" HPOS="378"/>
							<String ID="string_138" HPOS="399" VPOS="1084" WIDTH="48" HEIGHT="21" WC="0.89" CONTENT="icke"/><SP WIDTH="22" VPOS="1084" HPOS="447"/>
							<String ID="string_139" HPOS="469" VPOS="1083" WIDTH="50" HEIGHT="22" WC="0.91" CONTENT="dei"/><SP WIDTH="15" VPOS="1083" HPOS="519"/>
							<String ID="string_140" HPOS="534" VPOS="1083" WIDTH="70" HEIGHT="28" WC="0.89" CONTENT="öfriga"/><SP WIDTH="21" VPOS="1083" HPOS="604"/>
							<String ID="string_141" HPOS="625" VPOS="1083" WIDTH="123" HEIGHT="28" WC="0.92" CONTENT="paragrafer"/><SP WIDTH="22" VPOS="1083" HPOS="748"/>
							<String ID="string_142" HPOS="770" VPOS="1083" WIDTH="23" HEIGHT="21" WC="0.93" CONTENT="af"/><SP WIDTH="20" VPOS="1083" HPOS="793"/>
							<String ID="string_143" HPOS="813" VPOS="1083" WIDTH="44" HEIGHT="21" WC="0.91" CONTENT="för-"/>
						</TextLine>
						<TextLine ID="line_20" HPOS="101" VPOS="1117" WIDTH="756" HEIGHT="30">
							<String ID="string_144" HPOS="101" VPOS="1119" WIDTH="69" HEIGHT="28" WC="0.92" CONTENT="slaget"/><SP WIDTH="14" VPOS="1119" HPOS="170"/>
							<String ID="string_145" HPOS="184" VPOS="1119" WIDTH="88" HEIGHT="28" WC="0.92" CONTENT="intagna"/><SP WIDTH="16" VPOS="1119" HPOS="272"/>
							<String ID="string_146" HPOS="288" VPOS="1118" WIDTH="133" HEIGHT="28" WC="0.92" CONTENT="stadganden"/><SP WIDTH="15" VPOS="1118" HPOS="421"/>
							<String ID="string_147" HPOS="436" VPOS="1118" WIDTH="65" HEIGHT="28" WC="0.92" CONTENT="gäfve"/><SP WIDTH="16" VPOS="1118" HPOS="501"/>
							<String ID="string_148" HPOS="517" VPOS="1117" WIDTH="116" HEIGHT="28" WC="0.92" CONTENT="anledning"/><SP WIDTH="14" VPOS="1117" HPOS="633"/>
							<String ID="string_149" HPOS="647" VPOS="1117" WIDTH="33" HEIGHT="21" WC="0.96" CONTENT="till"/><SP WIDTH="15" VPOS="1117" HPOS="680"/>
							<String ID="string_150" HPOS="695" VPOS="1117" WIDTH="104" HEIGHT="22" WC="0.81" CONTENT="särskilda"/><SP WIDTH="21" VPOS="1117" HPOS="799"/>
							<String ID="string_151" HPOS="820" VPOS="1125" WIDTH="37" HEIGHT="13" WC="0.92" CONTENT="an-"/>
						</TextLine>
						<TextLine ID="line_21" HPOS="101" VPOS="1153" WIDTH="141" HEIGHT="28">
							<String ID="string_152" HPOS="101" VPOS="1153" WIDTH="141" HEIGHT="28" WC="0.89" CONTENT="märkningar."/>
						</TextLine>
					</TextBlock>
					<TextBlock ID="block_5" HPOS="103" VPOS="1185" WIDTH="757" HEIGHT="302">
						<TextLine ID="line_22" HPOS="169" VPOS="1185" WIDTH="689" HEIGHT="30">
							<String ID="string_153" HPOS="169" VPOS="1187" WIDTH="67" HEIGHT="21" WC="0.96" CONTENT="Böter"/><SP WIDTH="21" VPOS="1187" HPOS="236"/>
							<String ID="string_154" HPOS="257" VPOS="1188" WIDTH="75" HEIGHT="27" WC="0.96" CONTENT="utgöra"/><SP WIDTH="22" VPOS="1188" HPOS="332"/>
							<String ID="string_155" HPOS="354" VPOS="1194" WIDTH="27" HEIGHT="13" WC="0.92" CONTENT="en"/><SP WIDTH="19" VPOS="1194" HPOS="381"/>
							<String ID="string_156" HPOS="400" VPOS="1186" WIDTH="144" HEIGHT="29" WC="0.81" CONTENT="straffpäföljd"/><SP WIDTH="16" VPOS="1186" HPOS="544"/>
							<String ID="string_157" HPOS="560" VPOS="1186" WIDTH="41" HEIGHT="21" WC="0.93" CONTENT="och"/><SP WIDTH="15" VPOS="1186" HPOS="601"/>
							<String ID="string_158" HPOS="616" VPOS="1185" WIDTH="52" HEIGHT="22" WC="0.96" CONTENT="böra"/><SP WIDTH="15" VPOS="1185" HPOS="668"/>
							<String ID="string_159" HPOS="683" VPOS="1186" WIDTH="6" HEIGHT="20" WC="0.93" CONTENT="i"/><SP WIDTH="16" VPOS="1186" HPOS="689"/>
							<String ID="string_160" HPOS="705" VPOS="1185" WIDTH="61" HEIGHT="28" WC="0.96" CONTENT="fråga"/><SP WIDTH="15" VPOS="1185" HPOS="766"/>
							<String ID="string_161" HPOS="781" VPOS="1193" WIDTH="35" HEIGHT="14" WC="0.96" CONTENT="om"/><SP WIDTH="15" VPOS="1193" HPOS="816"/>
							<String ID="string_162" HPOS="831" VPOS="1185" WIDTH="27" HEIGHT="21" WC="0.95" CONTENT="de"/>
						</TextLine>
						<TextLine ID="line_23" HPOS="104" VPOS="1219" WIDTH="754" HEIGHT="30">
							<String ID="string_163" HPOS="104" VPOS="1221" WIDTH="134" HEIGHT="28" WC="0.92" CONTENT="processuela"/><SP WIDTH="23" VPOS="1221" HPOS="238"/>
							<String ID="string_164" HPOS="261" VPOS="1221" WIDTH="205" HEIGHT="27" WC="0.92" CONTENT="förutsättningarna"/><SP WIDTH="23" VPOS="1221" HPOS="466"/>
							<String ID="string_165" HPOS="489" VPOS="1221" WIDTH="34" HEIGHT="20" WC="0.93" CONTENT="för"/><SP WIDTH="16" VPOS="1221" HPOS="523"/>
							<String ID="string_166" HPOS="539" VPOS="1219" WIDTH="145" HEIGHT="22" WC="0.92" CONTENT="straffdomars"/><SP WIDTH="16" VPOS="1219" HPOS="684"/>
							<String ID="string_167" HPOS="700" VPOS="1219" WIDTH="158" HEIGHT="22" WC="0.92" CONTENT="verkställande"/>
						</TextLine>
						<TextLine ID="line_24" HPOS="103" VPOS="1253" WIDTH="756" HEIGHT="24">
							<String ID="string_168" HPOS="103" VPOS="1255" WIDTH="48" HEIGHT="22" WC="0.96" CONTENT="icke"/><SP WIDTH="23" VPOS="1255" HPOS="151"/>
							<String ID="string_169" HPOS="174" VPOS="1255" WIDTH="132" HEIGHT="22" WC="0.96" CONTENT="annorlunda"/><SP WIDTH="22" VPOS="1255" HPOS="306"/>
							<String ID="string_170" HPOS="328" VPOS="1257" WIDTH="26" HEIGHT="18" WC="0.95" CONTENT="än"/><SP WIDTH="19" VPOS="1257" HPOS="354"/>
							<String ID="string_171" HPOS="373" VPOS="1255" WIDTH="67" HEIGHT="20" WC="0.96" CONTENT="andra"/><SP WIDTH="15" VPOS="1255" HPOS="440"/>
							<String ID="string_172" HPOS="455" VPOS="1254" WIDTH="64" HEIGHT="21" WC="0.93" CONTENT="straff"/><SP WIDTH="12" VPOS="1254" HPOS="519"/>
							<String ID="string_173" HPOS="531" VPOS="1253" WIDTH="124" HEIGHT="22" WC="0.95" CONTENT="behandlas."/><SP WIDTH="29" VPOS="1253" HPOS="655"/>
							<String ID="string_174" HPOS="684" VPOS="1254" WIDTH="52" HEIGHT="21" WC="0.96" CONTENT="Men"/><SP WIDTH="17" VPOS="1254" HPOS="736"/>
							<String ID="string_175" HPOS="753" VPOS="1261" WIDTH="26" HEIGHT="14" WC="0.96" CONTENT="en"/><SP WIDTH="15" VPOS="1261" HPOS="779"/>
							<String ID="string_176" HPOS="794" VPOS="1253" WIDTH="65" HEIGHT="22" WC="0.95" CONTENT="bland"/>
						</TextLine>
						<TextLine ID="line_25" HPOS="104" VPOS="1287" WIDTH="755" HEIGHT="31">
							<String ID="string_177" HPOS="104" VPOS="1289" WIDTH="27" HEIGHT="22" WC="0.93" CONTENT="de"/><SP WIDTH="15" VPOS="1289" HPOS="131"/>
							<String ID="string_178" HPOS="146" VPOS="1290" WIDTH="114" HEIGHT="28" WC="0.93" CONTENT="vigtigaste"/><SP WIDTH="17" VPOS="1290" HPOS="260"/>
							<String ID="string_179" HPOS="277" VPOS="1289" WIDTH="62" HEIGHT="21" WC="0.97" CONTENT="bland"/><SP WIDTH="13" VPOS="1289" HPOS="339"/>
							<String ID="string_180" HPOS="352" VPOS="1289" WIDTH="64" HEIGHT="21" WC="0.96" CONTENT="dessa"/><SP WIDTH="15" VPOS="1289" HPOS="416"/>
							<String ID="string_181" HPOS="431" VPOS="1289" WIDTH="179" HEIGHT="27" WC="0.96" CONTENT="förutsättningar"/><SP WIDTH="14" VPOS="1289" HPOS="610"/>
							<String ID="string_182" HPOS="624" VPOS="1290" WIDTH="24" HEIGHT="19" WC="0.96" CONTENT="är"/><SP WIDTH="14" VPOS="1290" HPOS="648"/>
							<String ID="string_183" HPOS="662" VPOS="1291" WIDTH="32" HEIGHT="18" WC="0.93" CONTENT="att"/><SP WIDTH="18" VPOS="1291" HPOS="694"/>
							<String ID="string_184" HPOS="712" VPOS="1287" WIDTH="77" HEIGHT="22" WC="0.93" CONTENT="domen"/><SP WIDTH="22" VPOS="1287" HPOS="789"/>
							<String ID="string_185" HPOS="811" VPOS="1288" WIDTH="48" HEIGHT="21" WC="0.90" CONTENT="icke"/>
						</TextLine>
						<TextLine ID="line_26" HPOS="105" VPOS="1321" WIDTH="755" HEIGHT="29">
							<String ID="string_186" HPOS="105" VPOS="1331" WIDTH="57" HEIGHT="14" WC="0.96" CONTENT="mera"/><SP WIDTH="20" VPOS="1331" HPOS="162"/>
							<String ID="string_187" HPOS="182" VPOS="1324" WIDTH="53" HEIGHT="21" WC="0.96" CONTENT="skall"/><SP WIDTH="21" VPOS="1324" HPOS="235"/>
							<String ID="string_188" HPOS="256" VPOS="1323" WIDTH="72" HEIGHT="21" WC="0.96" CONTENT="kunna"/><SP WIDTH="22" VPOS="1323" HPOS="328"/>
							<String ID="string_189" HPOS="350" VPOS="1323" WIDTH="83" HEIGHT="21" WC="0.96" CONTENT="ändras."/><SP WIDTH="30" VPOS="1323" HPOS="433"/>
							<String ID="string_190" HPOS="463" VPOS="1323" WIDTH="78" HEIGHT="21" WC="0.96" CONTENT="Denna"/><SP WIDTH="23" VPOS="1323" HPOS="541"/>
							<String ID="string_191" HPOS="564" VPOS="1323" WIDTH="90" HEIGHT="27" WC="0.95" CONTENT="princip,"/><SP WIDTH="22" VPOS="1323" HPOS="654"/>
							<String ID="string_192" HPOS="676" VPOS="1325" WIDTH="31" HEIGHT="18" WC="0.96" CONTENT="att"/><SP WIDTH="19" VPOS="1325" HPOS="707"/>
							<String ID="string_193" HPOS="726" VPOS="1322" WIDTH="49" HEIGHT="21" WC="0.93" CONTENT="dom"/><SP WIDTH="16" VPOS="1322" HPOS="775"/>
							<String ID="string_194" HPOS="791" VPOS="1323" WIDTH="18" HEIGHT="27" WC="0.89" CONTENT="ej"/><SP WIDTH="16" VPOS="1323" HPOS="809"/>
							<String ID="string_195" HPOS="825" VPOS="1321" WIDTH="35" HEIGHT="22" WC="0.93" CONTENT="fär"/>
						</TextLine>
						<TextLine ID="line_27" HPOS="105" VPOS="1355" WIDTH="755" HEIGHT="30">
							<String ID="string_196" HPOS="105" VPOS="1358" WIDTH="126" HEIGHT="21" WC="0.96" CONTENT="verkställas"/><SP WIDTH="22" VPOS="1358" HPOS="231"/>
							<String ID="string_197" HPOS="253" VPOS="1358" WIDTH="65" HEIGHT="20" WC="0.95" CONTENT="innan"/><SP WIDTH="15" VPOS="1358" HPOS="318"/>
							<String ID="string_198" HPOS="333" VPOS="1357" WIDTH="42" HEIGHT="21" WC="0.93" CONTENT="den"/><SP WIDTH="16" VPOS="1357" HPOS="375"/>
							<String ID="string_199" HPOS="391" VPOS="1358" WIDTH="77" HEIGHT="20" WC="0.96" CONTENT="vunnit"/><SP WIDTH="14" VPOS="1358" HPOS="468"/>
							<String ID="string_200" HPOS="482" VPOS="1357" WIDTH="49" HEIGHT="28" WC="0.96" CONTENT="laga"/><SP WIDTH="15" VPOS="1357" HPOS="531"/>
							<String ID="string_201" HPOS="546" VPOS="1356" WIDTH="64" HEIGHT="27" WC="0.93" CONTENT="kraft,"/><SP WIDTH="14" VPOS="1356" HPOS="610"/>
							<String ID="string_202" HPOS="624" VPOS="1356" WIDTH="68" HEIGHT="21" WC="0.96" CONTENT="finnes"/><SP WIDTH="16" VPOS="1356" HPOS="692"/>
							<String ID="string_203" HPOS="708" VPOS="1357" WIDTH="6" HEIGHT="20" WC="0.93" CONTENT="i"/><SP WIDTH="16" VPOS="1357" HPOS="714"/>
							<String ID="string_204" HPOS="730" VPOS="1355" WIDTH="101" HEIGHT="22" WC="0.93" CONTENT="afseende"/><SP WIDTH="16" VPOS="1355" HPOS="831"/>
							<String ID="string_205" HPOS="847" VPOS="1356" WIDTH="13" HEIGHT="20" WC="0.93" CONTENT="å"/>
						</TextLine>
						<TextLine ID="line_28" HPOS="107" VPOS="1390" WIDTH="753" HEIGHT="30">
							<String ID="string_206" HPOS="107" VPOS="1392" WIDTH="63" HEIGHT="21" WC="0.96" CONTENT="böter"/><SP WIDTH="19" VPOS="1392" HPOS="170"/>
							<String ID="string_207" HPOS="189" VPOS="1391" WIDTH="83" HEIGHT="22" WC="0.96" CONTENT="uttalad"/><SP WIDTH="20" VPOS="1391" HPOS="272"/>
							<String ID="string_208" HPOS="292" VPOS="1391" WIDTH="59" HEIGHT="22" WC="0.96" CONTENT="såväl"/><SP WIDTH="15" VPOS="1391" HPOS="351"/>
							<String ID="string_209" HPOS="366" VPOS="1393" WIDTH="7" HEIGHT="20" WC="0.96" CONTENT="i"/><SP WIDTH="17" VPOS="1393" HPOS="373"/>
							<String ID="string_210" HPOS="390" VPOS="1393" WIDTH="12" HEIGHT="20" WC="0.96" CONTENT="5"/><SP WIDTH="15" VPOS="1393" HPOS="402"/>
							<String ID="string_211" HPOS="417" VPOS="1391" WIDTH="49" HEIGHT="29" WC="0.96" CONTENT="kap."/><SP WIDTH="16" VPOS="1391" HPOS="466"/>
							<String ID="string_212" HPOS="482" VPOS="1393" WIDTH="13" HEIGHT="19" WC="0.92" CONTENT="2"/><SP WIDTH="16" VPOS="1393" HPOS="495"/>
							<String ID="string_213" HPOS="511" VPOS="1392" WIDTH="12" HEIGHT="27" WC="0.92" CONTENT="$"/><SP WIDTH="16" VPOS="1392" HPOS="523"/>
							<String ID="string_214" HPOS="539" VPOS="1392" WIDTH="7" HEIGHT="20" WC="0.96" CONTENT="i"/><SP WIDTH="15" VPOS="1392" HPOS="546"/>
							<String ID="string_215" HPOS="561" VPOS="1390" WIDTH="154" HEIGHT="28" WC="0.96" CONTENT="förordningen"/><SP WIDTH="23" VPOS="1390" HPOS="715"/>
							<String ID="string_216" HPOS="738" VPOS="1390" WIDTH="23" HEIGHT="21" WC="0.96" CONTENT="af"/><SP WIDTH="14" VPOS="1390" HPOS="761"/>
							<String ID="string_217" HPOS="775" VPOS="1390" WIDTH="41" HEIGHT="21" WC="0.96" CONTENT="den"/><SP WIDTH="18" VPOS="1390" HPOS="816"/>
							<String ID="string_218" HPOS="834" VPOS="1390" WIDTH="26" HEIGHT="21" WC="0.96" CONTENT="19"/>
						</TextLine>
						<TextLine ID="line_29" HPOS="107" VPOS="1424" WIDTH="752" HEIGHT="30">
							<String ID="string_219" HPOS="107" VPOS="1426" WIDTH="114" HEIGHT="21" WC="0.95" CONTENT="december"/><SP WIDTH="16" VPOS="1426" HPOS="221"/>
							<String ID="string_220" HPOS="237" VPOS="1427" WIDTH="61" HEIGHT="25" WC="0.95" CONTENT="1889,"/><SP WIDTH="19" VPOS="1427" HPOS="298"/>
							<String ID="string_221" HPOS="317" VPOS="1425" WIDTH="111" HEIGHT="29" WC="0.96" CONTENT="angående"/><SP WIDTH="15" VPOS="1425" HPOS="428"/>
							<String ID="string_222" HPOS="443" VPOS="1425" WIDTH="164" HEIGHT="28" WC="0.96" CONTENT="verkställighet"/><SP WIDTH="14" VPOS="1425" HPOS="607"/>
							<String ID="string_223" HPOS="621" VPOS="1425" WIDTH="23" HEIGHT="20" WC="0.96" CONTENT="af"/><SP WIDTH="16" VPOS="1425" HPOS="644"/>
							<String ID="string_224" HPOS="660" VPOS="1424" WIDTH="62" HEIGHT="22" WC="0.96" CONTENT="straff"/><SP WIDTH="12" VPOS="1424" HPOS="722"/>
							<String ID="string_225" HPOS="734" VPOS="1432" WIDTH="45" HEIGHT="13" WC="0.96" CONTENT="som"/><SP WIDTH="16" VPOS="1432" HPOS="779"/>
							<String ID="string_226" HPOS="795" VPOS="1424" WIDTH="64" HEIGHT="21" WC="0.96" CONTENT="äfven"/>
						</TextLine>
						<TextLine ID="line_30" HPOS="104" VPOS="1458" WIDTH="756" HEIGHT="29">
							<String ID="string_227" HPOS="104" VPOS="1461" WIDTH="30" HEIGHT="20" WC="0.96" CONTENT="uti"/><SP WIDTH="17" VPOS="1461" HPOS="134"/>
							<String ID="string_228" HPOS="151" VPOS="1460" WIDTH="41" HEIGHT="21" WC="0.96" CONTENT="den"/><SP WIDTH="16" VPOS="1460" HPOS="192"/>
							<String ID="string_229" HPOS="208" VPOS="1460" WIDTH="22" HEIGHT="21" WC="0.93" CONTENT="af"/><SP WIDTH="23" VPOS="1460" HPOS="230"/>
							<String ID="string_230" HPOS="253" VPOS="1459" WIDTH="118" HEIGHT="22" WC="0.89" CONTENT="Ständerna"/><SP WIDTH="15" VPOS="1459" HPOS="371"/>
							<String ID="string_231" HPOS="386" VPOS="1460" WIDTH="8" HEIGHT="20" WC="0.96" CONTENT="i"/><SP WIDTH="15" VPOS="1460" HPOS="394"/>
							<String ID="string_232" HPOS="409" VPOS="1459" WIDTH="71" HEIGHT="21" WC="0.96" CONTENT="denna"/><SP WIDTH="23" VPOS="1459" HPOS="480"/>
							<String ID="string_233" HPOS="503" VPOS="1459" WIDTH="36" HEIGHT="21" WC="0.96" CONTENT="del"/><SP WIDTH="22" VPOS="1459" HPOS="539"/>
							<String ID="string_234" HPOS="561" VPOS="1459" WIDTH="66" HEIGHT="21" WC="0.96" CONTENT="redan"/><SP WIDTH="22" VPOS="1459" HPOS="627"/>
							<String ID="string_235" HPOS="649" VPOS="1458" WIDTH="115" HEIGHT="29" WC="0.93" CONTENT="godkända"/><SP WIDTH="23" VPOS="1458" HPOS="764"/>
							<String ID="string_236" HPOS="787" VPOS="1458" WIDTH="73" HEIGHT="21" WC="0.90" CONTENT="utsök-"/>
						</TextLine>
					</TextBlock>
					<TextBlock ID="block_6" HPOS="171" VPOS="1499" WIDTH="344" HEIGHT="23">
						<TextLine ID="line_31" HPOS="171" VPOS="1499" WIDTH="344" HEIGHT="23">
							<String ID="string_237" HPOS="171" VPOS="1500" WIDTH="131" HEIGHT="22" WC="0.91" CONTENT="Lagutskottets"/><SP WIDTH="12" VPOS="1500" HPOS="302"/>
							<String ID="string_238" HPOS="314" VPOS="1499" WIDTH="110" HEIGHT="18" WC="0.96" CONTENT="betänkande"/><SP WIDTH="12" VPOS="1499" HPOS="424"/>
							<String ID="string_239" HPOS="436" VPOS="1499" WIDTH="38" HEIGHT="17" WC="0.96" CONTENT="N:o"/><SP WIDTH="13" VPOS="1499" HPOS="474"/>
							<String ID="string_240" HPOS="487" VPOS="1499" WIDTH="28" HEIGHT="17" WC="0.95" CONTENT="13."/>
						</TextLine>
					</TextBlock>
				</ComposedBlock>
			</PrintSpace>
		</Page>
	</Layout>
</alto>
