1070 1795
258 110 26 21 12
448 109 231 22 Petitionsbetänkande
695 110 35 21 N:o
745 109 20 21 2.

227 166 91 18 förbättra
336 166 127 17 förbindelsen
483 167 79 17 emellan
582 167 66 17 staden
668 167 36 17 och
723 166 43 17 dess
779 167 56 16 hamn
849 167 37 16 kan
899 171 22 12 en
935 165 50 24 dylik

226 194 116 19 förbindelse
361 195 48 17 dock
425 194 94 23 sjelffallet
535 195 42 17 icke
590 200 33 12 ens
636 195 122 17 närmelsevis
771 200 54 13 anses
838 199 44 13 vara
894 194 91 23 tillfylles-

226 223 90 22 görande.
340 224 72 17 Genom
431 223 36 18 den
486 223 96 18 blifvande
601 223 302 22 Tammerfors—Björneborgska
914 223 72 22 järnvä-

228 257 46 17 gens
289 251 132 19 fullbordande
434 252 85 17 kommer
531 251 79 18 förvisso
624 251 150 18 önskvärdheten
787 252 35 17 och
835 251 87 18 behofvet
934 251 20 18 af
963 257 22 12 en

227 280 72 18 ordnad
318 280 110 18 samfärdsel
450 280 78 17 emellan
552 280 66 17 staden
638 281 35 16 och
691 281 81 16 hamnen
791 283 28 15 att
837 282 23 15 än
879 280 106 23 ytterligare

227 309 107 17 framträda.
358 309 24 18 Ja
400 311 23 15 än
444 315 44 15 mer,
504 309 6 17 i
524 309 34 17 fall
571 309 61 17 banan
645 308 49 23 finge
707 309 29 17 sin
750 309 103 22 afslutning
867 309 31 17 vid
911 309 75 22 Björne-

227 337 52 23 borg,
293 337 59 18 blefve
369 343 22 12 en
405 337 20 18 af
440 337 61 18 denna
514 337 59 18 banas
586 337 98 23 vigtigaste
698 337 103 22 uppgifter:
815 337 36 18 den
864 339 27 16 att
904 337 29 17 för
945 337 41 18 icke

227 366 47 17 blott
286 366 114 18 vidsträckta
412 366 108 17 landsdelar
533 366 51 17 invid
598 366 67 23 sjelfva
678 366 66 21 banan,
757 368 45 15 utan
815 366 54 17 äfven
879 365 28 18 för
916 371 23 12 en
948 367 39 16 stor

228 395 32 17 del
280 395 20 18 af
311 395 31 18 det
354 396 42 17 inre
410 395 64 18 landet
486 395 93 17 förmedla
591 395 129 17 förbindelsen
733 395 41 17 med
788 395 91 21 utlandet,
891 395 6 17 i
909 394 78 17 hufvud-

228 424 34 17 sak
275 421 40 20 helt
327 424 34 18 och
377 424 59 18 hållet
450 424 86 17 förfelad.
561 425 33 16 Att
606 424 5 17 i
625 424 68 22 sjelfva
704 424 65 17 verket
781 429 23 13 en
818 424 104 18 hamnbana
935 424 51 22 Björ-

229 452 87 23 neborg—
326 447 123 33 Mäntyluoto,
461 453 54 21 långt
527 452 49 17 ifrån
590 454 28 15 att
630 452 59 17 blifva
702 457 22 12 en
739 452 47 17 bana
798 452 20 17 af
829 451 119 19 uteslutande
960 451 26 18 lo-

228 481 31 17 kal
279 481 96 23 betydelse
394 481 28 18 för
437 481 117 22 Björneborg
570 481 35 17 och
621 481 144 22 kringliggande
778 481 80 22 omnejd,
872 481 39 17 helt
924 483 61 15 natur-

228 509 35 22 ligt
276 510 71 17 komme
366 512 28 15 att
409 509 72 18 tillföra
493 509 66 18 staden
573 515 23 12 en
610 512 38 15 stor
660 509 136 18 transitotrafik
810 510 35 17 och
857 509 58 18 blifva
926 509 20 18 af
957 511 30 15 vä-

229 538 71 23 sentlig
313 539 95 22 betydelse
422 538 54 18 äfven
488 538 29 17 för
530 538 39 17 vidt
581 538 84 23 aflägsna
677 539 77 20 trakter,
767 538 81 23 framgår
861 538 55 17 äfven
930 537 20 18 af
957 537 30 18 det

229 567 151 18 sakförhållande
393 569 27 15 att
433 567 66 17 medan
513 567 94 18 afståndet
615 567 41 17 från
666 569 26 15 ett
704 567 20 17 af
731 567 74 17 landets
814 567 101 17 förnämsta
924 565 63 18 trafik-

229 598 71 19 centra,
318 595 129 21 Tammerfors,
466 597 62 21 utgör:
548 596 29 17 till
596 592 40 21 Åbo
655 595 33 18 171
701 595 104 22 kilometer,
822 595 30 18 till
871 595 116 22 Helsingfors

228 624 36 17 och
284 624 68 18 Sörnäs
371 625 32 17 187
422 625 101 17 kilometer
542 625 35 17 och
595 625 29 17 till
643 625 65 22 Hangö
726 625 34 16 276
776 624 105 21 kilometer,
900 624 86 17 sträckan

229 653 81 18 emellan
331 653 125 18 Tammerfors
477 653 34 18 och
531 653 116 23 Mäntyluoto
671 655 53 20 utgör
743 653 66 17 endast
830 653 33 18 155
884 653 102 17 kilometer.

229 681 44 18 Icke
293 682 59 17 heller
371 682 34 17 bör
422 681 66 18 härvid
507 682 80 17 förbises
607 684 27 15 att
652 682 117 22 Björneborg
785 681 79 18 förutom
881 681 35 18 den
928 681 58 22 regel-

229 710 78 17 bundna
324 710 60 21 trafik,
404 715 38 12 som
458 711 58 16 redan
533 711 54 22 länge
601 710 115 23 uppehällits
730 710 79 17 emellan
823 710 62 18 denna
898 709 41 18 stad
952 710 34 17 och

230 739 113 21 Stockholm,
362 745 25 12 nu
404 744 51 13 mera
470 739 53 17 äfvan
537 739 50 18 trädt
599 739 6 17 i
619 739 63 17 direkt
694 739 114 18 förbindelse
821 738 42 18 med
877 738 66 18 staden
956 739 31 16 Sö-

206 790 3 2 —
230 767 96 22 derhamn,
346 768 102 22 hvarjemte
468 767 52 23 dylik
539 767 116 18 förbindelse
672 767 68 23 jemväl
758 767 59 18 redan
836 769 54 15 nästa
909 771 78 13 sommar

230 796 54 18 torde
297 797 73 17 komma
382 796 29 17 till
424 796 54 17 stånd
492 796 41 18 med
547 796 58 17 Gefle.

302 836 79 18 Oaktadt
400 836 35 18 den
454 839 56 19 stora,
529 837 96 17 allmänna
644 836 96 23 betydelse
759 836 62 18 denna
839 836 105 17 hamnbana
959 835 28 17 sä-

230 865 60 17 lunda
302 865 136 22 otvifvelaktigt
450 865 84 17 kommer
547 867 27 15 att
587 867 33 20 äga
634 865 34 18 och
682 865 58 17 ehuru
753 865 118 22 Björneborg
881 863 40 19 stad
930 863 57 19 redan

229 893 82 22 tidigare
330 893 96 18 förbundit
441 893 29 22 sig
487 895 28 16 att
527 893 30 18 till
568 894 104 22 järnvägen
685 893 264 23 Tammerfors—Björneborg
961 893 27 16 bi-

230 922 60 22 draga
302 922 41 18 med
356 923 64 20 25,000
432 922 52 17 mark
498 928 27 11 om
540 923 40 16 året
593 923 6 16 i
612 923 23 17 40
648 923 29 16 års
690 922 34 21 tid,
737 922 48 17 hade
798 922 66 18 staden
877 922 30 17 till
916 923 72 16 senaste

230 951 126 17 ständermöte
376 950 57 18 utfäst
452 951 28 22 sig
498 953 33 19 att,
550 951 63 17 derest
632 951 61 17 banan
706 951 23 17 dä
742 951 87 17 beslutits
842 951 30 17 till
885 949 103 22 utförande,

230 979 30 18 för
273 979 164 18 ästadkommande
450 979 20 18 af
481 979 94 23 behöfliga
588 980 140 23 kajbyggnader
740 979 79 23 bidraga
831 979 43 18 med
887 985 22 12 en
918 983 71 13 summa

230 1007 21 18 af
268 1009 74 20 300,000
358 1008 58 17 mark.
440 1008 67 17 Denna
527 1008 105 23 uppofiring
651 1010 21 15 är
690 1008 65 18 staden
771 1008 115 17 fortfarande
900 1007 50 22 villig
962 1009 27 15 att

230 1037 67 17 ikläda
315 1037 33 22 sig.
374 1037 66 22 Enligt
458 1037 32 18 det
509 1037 20 17 af
546 1037 44 18 herr
609 1033 167 26 Öfveringeniören
793 1037 33 17 Th.
839 1037 92 21 Tallgvist
943 1041 44 17 upp-

230 1066 68 22 gjorda
316 1066 114 22 detaljerade
450 1066 161 23 kostnadsförslag
624 1066 72 17 komme
710 1066 127 17 kostnaderna
849 1066 7 17 i
869 1065 35 18 och
917 1065 28 17 för
957 1070 32 12 an-

230 1094 90 23 läggning
338 1094 20 18 af
375 1100 22 12 en
416 1095 55 17 hamn
489 1095 31 17 vid
539 1095 115 22 Mäntyluoto
673 1097 27 15 att
715 1095 62 22 uppgå
793 1094 30 17 till
835 1094 68 17 inalles
915 1093 74 22 520,000

230 1123 60 17 mark.
315 1123 64 18 Under
397 1123 133 22 förutsättning
548 1125 27 16 att
587 1125 60 16 staten
660 1123 7 17 i
680 1123 105 22 ungefärlig
798 1122 190 19 öfverensstämmelse

230 1151 44 18 med
294 1151 163 23 öfveringeniören
476 1151 99 23 Tallgvists
594 1151 71 23 förslag
683 1152 49 17 låter
749 1152 25 22 pä
791 1152 29 17 sin
836 1151 80 18 kostnad
930 1151 60 22 bygga

230 1179 144 23 ifrägavarande
393 1180 68 17 bandel
481 1181 34 16 och
531 1180 41 18 före
585 1181 22 16 är
618 1180 44 17 1897
676 1180 78 23 uppläta
766 1180 107 17 densamma
886 1179 30 18 till
928 1178 61 22 trafik,

231 1210 50 16 samt
299 1209 78 22 uppföra
396 1209 35 17 och
450 1209 112 17 underhälla
579 1209 47 17 molo
643 1209 34 17 och
690 1209 116 22 vägbrytare,
819 1209 34 17 har
867 1208 72 21 staden,
952 1213 38 12 som

230 1236 30 18 för
280 1237 106 18 ändamälet
403 1237 81 22 anslagit
503 1239 26 16 ett
545 1237 67 22 belopp
630 1237 20 17 af
664 1237 75 20 300,000
751 1237 58 21 mark,
822 1236 98 18 förbundit
931 1236 28 22 sig
972 1236 16 23 ej

231 1265 74 18 mindre
324 1268 26 15 att
369 1266 47 17 afstä
432 1266 24 17 all
469 1266 28 17 för
514 1264 63 19 banan
587 1265 57 22 nödig
657 1266 51 17 mark
721 1265 50 18 inom
784 1265 77 18 stadens
873 1265 81 21 omräde,
966 1266 23 15 än

231 1294 52 17 inom
293 1299 69 13 samma
373 1294 27 18 tid
416 1295 24 22 pä
453 1295 28 17 sin
494 1294 105 18 bekostnad
611 1294 64 18 utföra
688 1294 85 23 samtliga
785 1294 30 18 för
821 1293 168 22 hamnanläggnin-

231 1327 37 18 gen
285 1322 105 19 derutöfver
402 1323 94 23 behöfliga
511 1323 78 18 arbeten
602 1323 6 17 i
621 1323 35 18 och
669 1322 28 18 för
710 1323 139 22 uppmuddring
861 1323 20 17 af
892 1322 97 17 hamnbas-

232 1352 77 22 sängen,
328 1352 106 22 byggandet
452 1352 19 17 af
488 1352 124 22 strandkajer,
632 1351 97 23 varuskju!
746 1351 35 17 och
799 1350 190 23 hamnkontorsbygg-

232 1379 66 22 nader,
316 1380 124 18 hvarförutom
460 1380 65 18 staden
539 1380 88 23 slutligen
640 1380 59 23 ätagit
712 1380 28 22 sig
752 1380 36 17 alla
801 1379 42 18 med
857 1378 133 23 expropriatio-

231 1414 37 13 nen
282 1409 50 17 säväl
346 1409 20 17 af
377 1409 29 18 för
418 1409 54 21 molo,
486 1409 115 23 strandspär,
614 1409 169 22 kajanläggningar
796 1409 35 17 och
842 1407 148 24 upplagsplatser

303 1455 200 18 Petitionsbetänkande
516 1455 37 18 N:o
565 1455 19 17 2.
