1070 1795
249 118 26 21 14
409 117 281 23 Petitionsbetänkande
705 118 45 22 N:o
765 117 37 23 16.

220 188 63 18 ännu
299 185 189 29 oemottagligare
504 185 36 22 för
555 186 141 21 civilisation
712 185 43 22 och
770 185 69 22 ställa
854 185 52 22 dem
922 186 7 21 i
948 189 29 18 än

219 221 74 20 större.
309 220 132 29 opposition
456 220 36 21 till
508 220 151 27 samhällena,
674 227 70 22 synes
753 220 123 22 Utskottet
885 222 91 27 otvety-

219 253 53 29 digt
287 254 91 29 framgå
393 254 25 21 af
432 254 43 21 den
491 261 79 14 vunna
586 254 161 22 erfarenheten
763 261 36 14 om
815 254 123 21 resultatet
952 254 28 22 af

218 288 66 27 slika,
301 295 95 15 numera
412 288 77 22 därför
505 289 70 21 också
591 289 131 28 öfvergifna
739 288 114 29 åtgärder.
869 288 36 21 De
915 289 61 21 åsik-

218 324 42 24 ter,
276 322 81 22 hvilka
372 322 74 22 framl.
462 326 109 18 senatorn
587 323 21 21 J.
623 323 28 21 V.
668 323 117 22 Snellman
799 322 127 23 omfattade
936 323 41 21 vid

218 356 95 29 frågans
336 357 143 28 behandling
497 357 8 21 i
521 357 101 22 Senaten
639 357 25 22 år
681 359 61 25 1866,
758 357 43 22 och
816 357 81 22 hvilka
912 357 64 22 lades

218 391 38 21 till
281 391 75 29 grund
376 391 36 22 för
434 391 113 22 Senatens
563 391 30 22 då
608 391 82 30 gjorda
706 391 138 23 hemställan
860 391 36 22 till
911 391 67 22 Hans

217 426 117 28 Majestät,
349 426 106 22 förefalla
470 426 122 22 Utskottet
607 427 149 28 synnerligen
767 426 122 22 träffande.
905 426 72 22 Sena-

217 462 37 19 tor
277 459 119 22 Snellman
418 461 92 28 yttrade
533 461 30 21 bl
587 468 27 14 a:
646 461 23 28 ,I
690 461 47 21 alla
751 460 87 27 länder,
855 460 42 21 där
912 460 66 22 detta

217 493 51 22 folk
289 493 160 29 förekommer,
471 495 41 21 har
535 495 39 21 det
589 495 61 21 visat
665 495 36 28 sig
716 497 83 19 nästan
814 494 162 29 otillgängligt

217 527 37 22 för
269 527 80 30 hvarje
365 529 77 22 direkt
457 529 144 22 bemödande
617 532 35 19 att
667 529 106 22 meddela
787 529 147 22 individerna
950 529 29 22 af

217 561 129 23 detsamma
361 571 58 14 sann
434 563 143 22 kristendom
589 563 43 22 och
642 563 147 27 civilisation,
800 563 94 22 hvarför
905 563 70 21 äfven

217 595 29 22 de
261 597 8 20 i
285 597 83 22 sådant
383 597 108 22 afseende
507 597 26 22 af
545 598 65 21 såväl
625 598 174 28 Regeringarne
810 605 49 14 som
871 597 106 22 enskilde

216 631 31 28 pä
268 631 62 22 olika
346 631 60 22 tider
425 632 82 29 gjorda
521 632 164 29 mängahanda
700 632 108 22 försöken
823 632 9 22 i
847 632 130 21 allmänhet.

217 664 83 29 aflupit
321 665 120 22 fruktlösa.
472 667 111 21 Däremot
605 666 71 22 hafva
691 667 130 28 zigenarne,
837 667 60 21 efter
911 666 64 22 hvad

216 699 163 22 erfarenheten
401 701 43 21 här
465 701 7 21 i
488 701 80 22 landet
583 701 71 28 gifvit
668 701 41 21 vid
731 701 100 28 handen,
851 701 52 22 från
924 701 52 21 sina

216 733 121 30 tillfälliga
352 735 162 28 vistelseorter,
531 736 26 21 sä
571 738 65 19 snart
647 735 66 22 dessa
725 735 80 22 blifvit
817 743 62 14 mera
892 735 84 22 odlade

217 767 43 22 och
276 768 112 25 bebodda,
403 769 77 29 dragit
495 770 35 28 sig
546 770 98 21 tillbaka
659 771 37 20 till
709 771 28 21 de
748 771 89 28 glesare
851 769 125 22 befolkade

216 802 121 23 trakterna
358 803 42 22 och
417 804 134 29 antagligen
567 804 69 22 äfven
656 805 36 21 till
708 805 77 28 någon
801 805 38 21 del
849 804 78 22 bosatt
937 804 38 28 sig

216 836 44 21 och
286 837 106 22 blandats
417 838 53 22 med
495 839 44 21 den
564 839 76 28 öfriga
666 839 174 28 befolkningen.
871 839 12 21 I
903 838 74 29 sagda

216 870 134 29 aflägsnare
375 873 89 21 trakter
485 873 71 22 hafva
578 873 128 22 invånarne
734 873 137 28 visserligen
896 873 79 28 någon

216 905 65 29 gång
304 906 25 21 af
349 907 52 21 dem
424 907 53 22 lidit
500 907 120 22 öfvervåld
644 908 42 21 och
712 908 61 29 ofog,
789 910 57 19 utan
861 909 36 20 att
911 906 64 22 detta

216 939 147 23 förhållande
388 941 72 22 likväl
475 942 71 21 borde
561 949 67 14 anses
644 942 36 22 för
695 942 45 22 den
760 942 118 21 allmänna
897 941 79 22 säker-

216 973 72 23 heten
312 975 116 22 innefatta
452 977 77 28 någon
552 979 74 19 större
640 977 66 27 våda,
723 981 30 17 än
769 979 34 19 att
818 976 133 21 densamma
966 976 9 21 i

216 1007 29 22 de
270 1009 67 22 festa
362 1010 42 21 fall
431 1011 77 21 kunde
533 1011 53 21 med
609 1011 36 21 till
669 1011 58 22 buds
754 1010 95 22 stående
874 1012 99 26 utvägar

216 1042 114 29 afbojas*.

288 1078 30 21 Sä
333 1079 52 22 vidt
400 1079 77 22 därför
492 1080 193 28 petitionärernes
701 1079 164 22 karakteristik
874 1078 26 23 af
912 1079 62 28 zige-

216 1119 74 14 narne
306 1121 54 20 eger
374 1113 115 30 giltighet,
506 1118 39 18 äro
564 1114 70 26 desse,
647 1115 31 28 pä
688 1121 88 15 samma
784 1117 47 18 sätt
843 1121 49 14 som
901 1113 72 22 andra

216 1146 159 30 medborgare,
391 1148 37 22 för
442 1149 51 21 sina
507 1149 120 21 förseelser
646 1148 126 23 hemfallne
784 1148 37 21 till
833 1148 146 29 behandling:

217 1181 44 22 och
267 1181 154 30 bestraffning
430 1183 73 28 enligt
510 1183 109 28 gällande
628 1183 45 28 lag.
682 1183 119 21 Anträffas
809 1182 99 22 sålunda
915 1185 15 18 t.
940 1189 37 16 ex.

216 1216 109 29 zigenare
342 1217 110 28 sysslolös
466 1217 205 29 kringstrykande,
687 1217 43 22 och
746 1217 107 21 beträdes
865 1217 46 21 han
924 1216 51 22 där-

213 1250 75 29 jämte
310 1251 52 22 med
386 1251 99 30 osedligt
507 1252 56 21 eller
581 1252 120 28 vanartigt
715 1251 146 28 lefnadssätt,
881 1251 26 21 sä
928 1251 46 21 kan

216 1285 44 22 och
277 1285 41 22 bör
333 1285 47 22 han
396 1286 74 29 enligt
483 1286 30 21 K.
529 1286 177 29 Förordningen
722 1285 27 22 af
762 1285 45 22 den
817 1287 13 20 2
841 1285 68 29 April
920 1286 59 21 1883.

216 1319 38 22 till
276 1320 98 21 allmänt
389 1320 78 22 arbete
481 1321 87 21 dömas.
597 1321 186 21 Petitionärerne
799 1321 104 20 erkänna
918 1322 34 19 att
967 1320 10 21 i

216 1353 79 22 denna
317 1354 153 29 författnings
492 1354 146 29 stadganden
653 1354 76 29 ligger
744 1357 35 19 ett
793 1354 119 22 korrektiv
927 1356 50 19 mot

216 1388 139 28 zigenarnes
378 1388 138 28 lösdrifveri,
540 1397 53 14 men
616 1397 54 14 anse
693 1389 118 22 desamma
835 1388 52 22 icke
902 1388 76 22 blifva

216 1425 120 26 noggrant
351 1423 135 28 tillämpade
501 1423 44 22 och
559 1423 59 28 yrka
634 1423 78 22 därför
726 1423 31 28 pä
772 1425 120 26 strängare
908 1422 71 22 efter-

288 1463 109 24 Allmänna
404 1463 169 18 Besvärsutskottets
585 1463 109 18 betänkande
706 1463 39 18 N:o
756 1463 29 18 14.
