1070 1795
384 482 158 29 Reservation.

154 555 54 22 Med
224 556 112 21 utskottet
352 563 54 14 ense
422 556 85 27 derom,
523 559 35 18 att
575 557 28 22 på
618 557 8 20 i
642 556 145 21 förestående
803 557 37 20 be-

86 589 116 22 tänkande
228 589 138 22 framhällna
384 591 49 20 skäl
450 590 103 29 lindring
568 591 8 20 i
592 598 31 13 nu
644 591 138 21 föreskrifna
797 591 42 20 vil-

86 624 43 21 kor
143 624 36 21 för
202 624 132 21 erhållande
352 624 26 21 af
398 624 133 29 flyttnings-
547 625 43 21 och
607 625 148 28 arbetsbetyg
770 625 69 21 borde

87 659 76 20 såvidt
189 658 90 29 möjligt
303 659 173 28 betygsökande
493 659 137 28 medgifvas,
647 659 77 21 kunna
740 659 23 21 vi
780 659 59 22 dock

86 693 52 20 icke
153 693 79 20 förena
248 700 36 13 oss
300 693 7 20 i
322 693 40 20 det
372 693 93 28 förslag,
478 693 40 21 vid
531 693 89 21 hvilket
631 694 113 21 utskottet
754 694 9 20 i
773 693 66 29 fråga

87 734 36 14 om
140 727 177 28 arbetsbetygen
340 730 100 18 stannat.
471 728 124 21 Bristande
618 728 104 28 förmåga
744 727 35 22 för
794 728 45 21 till-

87 761 67 21 fället
168 761 41 21 hos
232 761 117 22 sökanden
366 764 34 19 att
416 761 97 22 afbörda
529 763 35 27 sig
577 763 50 20 sina
642 763 147 20 kommunala
804 764 36 19 ut-

87 795 93 28 skylder
196 795 35 21 för
246 796 138 28 föregående
401 797 24 20 år
436 803 68 21 synes
521 803 36 14 oss
573 797 51 20 icke
637 803 55 14 vara
704 796 136 28 tillräckligt

87 830 51 21 skäl
154 832 34 19 att
209 830 108 28 förvägra
332 830 85 21 honom
437 831 149 28 arbetsbetyg
602 831 42 20 och
658 831 75 20 tillika
758 831 81 27 betaga

86 864 85 22 honom
194 864 92 21 tillfälle
309 867 34 19 att
359 865 13 20 å
387 865 67 26 tider,
478 865 29 21 då
529 865 79 21 arbete
630 866 30 27 på
678 865 57 21 hans
750 865 89 21 hemort

86 898 116 21 måhända
217 899 50 20 icke
283 900 46 20 står
345 902 34 18 att
395 899 94 28 erhålla,
506 900 55 21 söka
572 899 83 22 sådant
664 900 30 28 på
710 907 76 13 annan
797 901 42 21 ort,

86 935 27 26 ty
127 936 115 18 närmaste
261 933 87 29 följden
372 934 69 21 häraf
462 934 89 26 blifver,
575 935 75 20 såsom
668 934 113 21 utskottet
797 933 43 21 ock

87 967 139 25 framhåller,
250 970 34 19 att
309 968 45 21 han
371 968 89 21 lemnar
476 969 119 20 hemorten
611 971 57 18 utan
684 968 155 28 arbetsbetyg,

87 1001 48 22 ofta
150 1002 88 21 kanske
248 1003 37 20 till
301 1003 53 20 vida
370 1005 73 18 större
459 1003 71 20 skada
546 1002 36 21 för
597 1002 139 21 kommunen
748 1005 28 18 än
791 1004 48 19 ute-

86 1035 74 22 blifna
175 1036 108 29 beloppet
298 1037 25 20 af
336 1037 129 28 utskylder,
483 1037 79 21 hvilka
580 1037 116 20 dessutom
710 1036 36 21 för
756 1036 83 21 medel-

86 1070 76 21 löshet
177 1071 8 20 i
200 1071 79 28 regeln
296 1071 50 21 icke
361 1072 64 27 utgå,
442 1071 157 28 tillskyndade
615 1071 138 21 densamma.
783 1071 57 20 Der-

85 1104 42 21 hos
150 1105 70 21 borde
239 1105 27 28 ju
288 1108 72 18 större
382 1106 100 21 utsikter
503 1105 125 22 förefinnas
652 1107 34 19 att
708 1105 51 21 utfå
775 1104 66 21 dessa

85 1139 122 28 utskylder
222 1139 26 21 af
255 1140 109 26 arbetare,
378 1147 48 14 som
438 1139 97 22 sålnnda
546 1139 91 22 beredts
649 1139 190 28 arbetsförtjenst,

85 1176 30 17 än
131 1173 26 21 af
170 1173 78 28 sådan,
264 1181 48 14 som
328 1174 105 28 tvungits
450 1176 34 19 att
499 1174 88 21 kanske
603 1173 108 28 sysslolös
731 1173 109 21 förblifva

86 1209 30 28 på
138 1208 125 21 hemorten.
301 1209 29 21 Vi
351 1209 63 21 hålla
435 1209 64 28 förty
521 1208 48 21 före
585 1211 35 18 att
634 1208 101 21 vilkoret
750 1215 36 14 om
803 1207 37 21 be-

85 1243 36 21 vis
137 1243 64 21 öfver
224 1242 99 29 erlagda
340 1243 149 21 kommunala
511 1243 42 21 och
576 1243 52 21 med
652 1243 52 20 dem
719 1241 118 22 likställda

85 1277 109 28 kyrkliga
225 1277 93 28 afgifter
348 1277 87 21 saklöst
465 1277 77 21 kunde
572 1277 131 28 uppgifvas,
734 1277 43 21 och
806 1278 35 19 att

86 1311 148 29 arbetsbetyg
256 1312 61 28 finge
340 1311 104 22 utfärdas
471 1312 24 20 åt
518 1311 49 26 den,
590 1319 48 13 som
660 1311 50 21 icke
732 1311 47 21 står
799 1317 40 14 un-

86 1346 41 20 der
142 1354 88 13 annans
246 1346 195 26 husböndevälde,
458 1348 59 18 samt
532 1345 52 21 med
595 1346 170 20 mälsmannens
781 1352 59 13 sam-

85 1380 69 28 tycke
170 1380 69 22 äfven
255 1381 24 20 ät
294 1380 50 27 den,
356 1388 47 13 som
416 1381 47 20 står
476 1380 74 21 under
561 1387 87 14 annans
662 1379 177 28 mälsmanskap.

153 1415 107 21 Rörande
281 1415 105 21 vilkoren
408 1415 36 21 för
467 1415 110 20 utfäende
601 1415 25 20 af
644 1413 196 29 flyttningsbetyg

86 1449 97 21 omfatta
198 1449 24 21 vi
237 1450 74 21 säsom
327 1449 98 21 nämndt
441 1449 125 21 utskottets
582 1449 93 28 förslag.

154 1489 180 18 Ekonomiutskottets
347 1489 111 18 betänkande
471 1491 36 15 N:o
519 1489 16 17 3.
