1070 1795
274 110 29 21 20

244 173 51 22 tade
317 173 104 22 kontrakt
444 174 32 21 till
492 174 211 22 Drätselkammaren
719 175 6 21 i
741 175 134 26 Helsingfors
891 175 47 21 stad
957 181 45 15 sam

244 207 84 28 styrkta
343 208 110 22 afskrifter
472 208 23 22 af
510 209 108 21 desamma
633 209 33 22 till
686 209 263 25 ständerhusbiblioteket;
965 209 40 22 och

244 242 64 22 hafva
322 242 34 27 Vi,
373 242 47 22 med
434 243 156 26 godkännande
602 243 22 22 af
636 245 32 20 ett
682 243 47 22 utaf
741 243 129 28 Skulptören
880 243 55 22 Emil
947 243 57 22 Wik-

244 278 68 20 ström
334 277 115 27 uppgjordt
471 277 85 28 projekt
578 277 32 22 till
630 278 151 27 skulpturverk
797 278 33 21 för
845 278 160 22 ständerhusets

244 311 111 27 gafvelfält
370 311 22 22 åt
408 311 160 28 Nikolaigatan,
584 311 33 22 för
633 313 59 21 detta
708 313 85 21 arbetes
809 312 112 22 utförande
936 313 69 21 ansla-

246 346 32 27 git
293 352 25 15 en
334 351 82 16 summa
432 346 22 21 af
468 346 80 27 41,200
563 346 61 21 mark
639 348 55 20 samt
709 347 90 21 beslutit
813 347 109 27 uppdraga
938 347 21 21 ät
969 347 35 21 de-

244 380 122 27 legationen
382 381 32 20 att
428 381 7 21 i
451 381 84 21 samräd
554 381 48 21 med
621 381 160 22 ständerhusets
797 381 94 22 arkitekt
906 383 47 20 utse
968 382 37 20 nö-

246 415 46 27 digt
314 414 58 22 antal
394 421 109 21 personer,
527 416 72 21 hvilka
614 416 53 27 egde
682 416 49 22 med
747 416 125 28 skulptören
888 416 117 22 Wikström

245 450 96 26 uppgöra
357 450 102 21 kontrakt
475 456 34 15 om
524 450 151 22 konstverkets
690 451 114 21 utförande
823 451 7 21 i
845 451 47 27 gips
907 452 54 20 samt
975 450 30 21 öf-

245 483 93 22 vervaka
360 483 136 23 kontraktets
519 484 141 28 fullgörande,
684 485 55 22 efter
761 485 56 22 hand
833 485 74 27 afsyna
922 485 83 22 arbetet

246 520 56 20 samt
323 518 33 22 till
378 518 167 23 Statsutskottet
567 519 36 21 vid
625 521 62 20 nästa
702 520 103 27 landtdag
820 519 92 22 aflemna
927 519 78 27 förslag

246 553 110 27 angäende
371 553 121 22 materialet
507 553 33 22 för
555 553 145 22 konstverket.

592 664 28 37 44
632 664 25 37 8.

316 732 61 21 Efter
400 732 36 21 det
452 732 26 21 Vi
492 732 42 22 fätt
553 733 34 20 del
602 732 23 22 af
639 733 32 21 ett
686 732 48 22 utaf
748 732 114 22 framlidne
877 733 130 22 medicineli-

247 767 107 21 centiaten
376 767 95 21 Herman
492 767 93 22 Frithiof
599 767 72 22 Antell
686 767 41 22 den
743 768 11 20 1
771 767 96 22 Oktober
884 767 52 22 1891
954 774 52 21 upp-

246 801 83 22 rättadt
351 802 134 26 testamente,
508 801 112 22 utvisande
642 803 32 20 att
698 802 124 21 licentiaten
841 802 78 25 Antell,
941 802 64 22 bland

246 837 73 25 annat,
342 836 33 21 till
398 835 102 24 Finlands
523 835 45 22 folk
590 836 82 22 förärat
694 836 59 22 säväl
775 843 27 15 en
825 837 69 21 större
916 837 90 26 samling

247 871 67 26 mynt,
336 870 109 27 medaljer,
468 871 137 26 antigviteter
620 871 40 21 och
678 871 90 21 föremäl
783 871 24 21 af
820 871 137 24 konstvärde,
973 871 34 21 för

246 906 34 20 att
301 905 59 22 bilda
380 911 27 15 en
429 905 129 27 begynnelse
579 905 33 22 till
631 906 31 21 ett
682 905 109 22 blifvande
806 905 198 28 nationalmuseum,

247 945 47 16 som
309 939 39 22 ock
364 941 30 20 ett
409 939 82 28 kapital
506 939 23 22 af
543 939 114 28 1,000,000
671 941 69 25 mark,
755 940 82 22 hvilket
847 940 81 27 kapital
939 940 68 22 skulle

247 973 70 22 såsom
333 980 26 15 en
374 974 90 21 stående
474 974 57 27 fond,
548 974 67 22 under
628 975 128 27 benämning
767 974 177 27 ,Kammarrädet
953 975 54 21 Her-

247 1014 51 16 man
312 1008 135 27 Rosenbergs
462 1007 69 29 fond",
547 1009 163 22 sammanhällas
726 1009 40 22 och
781 1009 64 22 hvars
856 1010 73 21 räntor
939 1009 68 22 skulle

248 1043 108 22 användas
371 1043 34 22 till
420 1043 118 22 förökande
549 1043 22 22 af
584 1043 144 28 samlingarna
742 1044 8 21 i
765 1045 88 26 museet,
869 1043 85 22 hvilken
970 1044 36 21 do-

248 1078 76 21 nation
346 1077 68 28 enligt
437 1079 102 21 testators
554 1078 143 22 förordnande
712 1079 67 21 borde
795 1078 24 21 af
832 1077 41 23 Oss
889 1078 118 27 öfvertagas

250 1112 40 21 och
313 1112 109 26 förvaltas,
445 1113 24 22 sä
489 1113 64 22 hafva
568 1113 26 22 Vi
608 1113 95 28 beslutit,
719 1115 32 20 att
765 1113 163 27 ifrägavarande
943 1113 64 22 dona-

248 1147 46 21 tion
309 1147 55 22 skall
380 1147 13 21 &
407 1147 70 22 finska
491 1148 78 21 folkets
584 1150 80 24 vägnar
680 1149 125 26 emottagas,
821 1148 67 21 under
903 1147 105 23 tacksamt

248 1181 136 22 erkännande
400 1181 24 22 af
438 1182 40 21 den
495 1182 100 22 omtanke
607 1188 33 15 om
651 1182 152 22 fosterlandets
819 1183 110 26 intressen,
944 1182 64 22 licen-

248 1216 69 21 tiaten
333 1216 72 21 Antell
420 1222 78 21 genom
513 1217 46 22 sina
573 1217 188 22 testamentariska
776 1217 139 26 förfoganden
930 1217 77 27 ädaga-

248 1251 52 27 lagt,
315 1252 55 20 samt
386 1251 19 27 ej
422 1251 81 22 mindre
520 1251 136 28 bemyndigat
666 1251 56 22 Vära
733 1251 195 27 Bankfullmäktige
938 1254 32 19 att
981 1252 27 27 pä

250 1285 131 22 Ständernas
396 1287 80 26 vägnar
491 1286 75 27 pröfva
581 1287 39 21 och
635 1287 74 26 afgöra
724 1286 83 22 sädana
821 1286 79 27 frägor,
916 1292 45 15 som
976 1288 32 20 te-

249 1320 209 22 stamentsexekutor
473 1321 43 22 kan
531 1321 58 22 finna
604 1321 46 22 skäl
665 1322 32 21 att
707 1321 33 22 till
757 1321 48 21 dem
815 1320 115 28 hänskjuta
940 1321 68 22 under

250 1354 41 22 den
314 1354 31 22 tid
364 1355 41 21 den
421 1356 182 21 testamenterade
618 1355 131 27 egendomen
765 1356 57 20 ännu
837 1355 23 21 af
873 1355 79 22 honom
967 1355 41 22 för-

248 1389 76 26 valtas,
346 1390 27 21 än
398 1389 40 22 ock
461 1390 115 27 uppdragit
595 1390 21 22 ät
631 1390 102 22 Finlands
748 1389 62 22 Bank
825 1390 32 21 att
872 1390 6 21 i
894 1390 66 22 sinom
977 1391 31 22 tid

248 1425 109 26 emottaga
380 1424 38 21 och
442 1425 69 21 under
529 1425 99 21 inseende
646 1424 23 22 af
683 1425 57 21 Våra
756 1424 194 28 Bankfullmäktige
965 1425 42 22 för-
