1070 1795
311 132 245 23 Petitionsbetänkande
571 134 37 22 N:o
624 133 31 24 37.
821 137 12 21 7

105 193 75 23 skaffa
204 203 28 14 en
255 196 37 21 för
315 197 131 21 ändamålet
467 198 136 21 användbar
618 198 63 21 stark
698 198 163 29 vinterångare

103 229 38 20 för
155 229 155 22 befordrande
327 231 25 20 af
365 232 110 27 postgods
492 232 43 21 och
551 232 103 22 resande,

175 271 103 21 Sålunda
297 271 40 21 har
354 271 119 28 Styrelsen
494 273 37 20 för
547 273 157 21 innevarande
720 273 77 22 vinter
812 273 49 22 helt

105 304 43 21 och
169 305 71 21 hållet
259 305 76 29 afböjt
358 305 80 30 hvarje
459 307 70 21 sådan
546 307 147 28 subvention,
710 307 74 22 under
800 310 61 19 utta-

104 339 68 21 lande
196 341 34 20 att
254 340 166 29 åländingarne
444 341 83 28 sjelfva
549 341 70 22 borde
642 342 30 27 gå
695 342 6 21 i
720 342 141 29 författning

105 380 43 21 om,
165 374 56 21 eller
237 377 54 26 taga
306 375 104 21 initiativ
428 375 35 21 till
479 383 27 14 en
523 376 97 29 lämplig
635 376 174 29 vinterångares
822 384 38 14 an-

103 408 126 22 skaffande.

172 450 12 20 I
206 450 141 21 sistnämndt
370 451 110 21 afseende
504 451 71 21 hafva
593 458 31 14 nu
640 451 169 28 åländingarne
824 452 36 21 för

103 483 36 22 sin
162 484 38 21 del
224 484 99 29 vidtagit
342 485 30 28 på
391 485 52 21 dem
463 485 167 21 ankommande
646 485 89 28 åtgärd,
752 486 7 21 i
775 485 40 22 det
831 485 28 22 de

103 518 50 21 från
172 518 97 28 Sverige
290 519 84 28 inköpt
392 527 28 14 en
438 520 71 21 sådan
526 520 123 25 vinterbåt,
666 520 44 21 den
726 520 133 29 mångpröf-

103 553 58 20 vade
178 553 100 28 ångaren
294 553 97 28 ,,Sofia",
408 562 81 20 genom
506 554 96 21 hvilken
617 554 38 21 till
670 562 29 13 en
715 554 82 29 början
813 555 46 21 kan

102 587 81 21 vinnas
199 588 132 21 erfarenhet
347 589 35 20 för
398 589 79 21 vidare
495 589 163 28 tillgöranden.

172 622 35 21 Då
223 615 79 29 Åland
317 623 74 21 under
406 623 44 21 den
467 624 95 27 vanliga
578 623 194 28 seglationstiden
784 623 76 28 åtnju-

101 659 36 18 ter
160 657 121 21 förmånen
305 657 24 22 af
351 658 65 21 såväl
435 658 159 28 regelbunden
610 665 47 14 som
674 658 60 27 liflig
750 658 107 28 ångbåts-

102 691 202 22 kommunikation
327 692 50 21 med
402 692 61 22 fasta
482 693 79 21 landet
581 693 28 28 på
626 696 61 17 ömse
707 693 68 27 sidor,
792 692 66 21 torde

102 725 119 28 ångbåten
238 743 10 10 ,
252 726 74 27 Sofia"
340 727 22 28 ej
372 727 80 21 kunna
459 727 52 21 med
521 727 73 21 fördel
603 732 103 23 upptaga
715 727 142 21 konkurren-

102 767 41 14 sen
163 760 52 21 med
231 761 29 27 på
276 761 74 21 denna
366 761 58 28 linje
439 761 72 21 redan
527 761 121 28 befintliga
664 762 121 27 ångbåtar,
801 763 57 19 utan

102 795 72 20 måste
186 795 43 20 den
242 795 118 22 sannolikt
370 795 75 22 under
457 796 239 21 sommarmånaderna
704 796 64 28 ligga
777 796 81 21 overk-

101 836 55 14 sam.
187 829 50 21 Den
258 830 102 21 kommer
376 830 76 21 derför
468 833 35 18 att
518 831 75 20 hållas
608 830 8 21 i
631 831 63 28 gång
710 830 81 22 endast
806 830 51 21 från

101 863 125 22 november
250 864 35 21 till
301 865 44 28 maj
362 865 91 26 månad,
477 867 73 19 utsatt
573 866 35 20 för
622 865 177 28 svårigheterna
815 865 42 21 och

101 898 180 28 vanskligheten
304 899 24 21 af
348 907 29 13 en
400 899 67 28 dylik
491 899 120 28 seglation.
642 899 126 29 Företaget
783 899 74 21 måste

102 931 77 22 derför
202 933 72 27 alltid,
294 933 134 22 betraktadt
454 941 47 14 som
525 934 91 21 enskild
640 934 63 27 affär,
720 934 76 21 lemna
812 933 45 22 för-

100 967 53 21 lust.
180 967 54 21 Men
250 967 45 22 den
310 968 117 21 indirekta
443 969 94 20 vinsten
553 968 71 28 deraf,
641 970 34 19 att
691 976 28 13 en
735 967 122 30 möjlighet

100 1004 89 25 öppnas
213 1002 36 21 till
273 1003 137 28 utveckling
426 1003 27 20 af
467 1003 28 20 de
511 1003 151 21 ekonomiska
678 1003 177 21 förhållandena

99 1036 30 27 på
152 1029 84 35 Åland,
260 1037 139 28 öfverstiger
422 1037 7 20 i
448 1037 47 28 hög
510 1037 57 28 grad
583 1039 27 19 de
625 1037 162 28 uppoffringar
804 1037 51 21 från

101 1070 39 21 det
155 1071 130 21 allmännas
302 1071 56 28 sida,
376 1079 48 14 som
440 1071 37 22 till
494 1072 126 27 företagets
629 1071 161 28 betryggande
802 1078 55 15 vore

99 1105 26 20 af
139 1105 82 22 nöden.

168 1140 44 21 Det
236 1141 72 20 måste
330 1141 125 28 onekligen
480 1141 70 21 äfven
573 1148 66 13 anses
663 1141 74 20 såsom
760 1148 28 13 en
804 1141 52 20 svår

99 1174 131 28 obillighet,
248 1177 34 19 att
298 1175 196 28 tillgodoseendet
509 1175 26 21 af
550 1177 33 18 ett
602 1175 24 20 så
642 1175 104 28 afgjordt
760 1175 96 21 allmänt

100 1208 74 26 behof,
198 1216 48 14 som
262 1209 215 21 frambefordrande
501 1209 27 21 af
548 1211 52 25 post
620 1209 43 21 och
678 1209 97 21 resande
791 1209 66 21 öfver

97 1243 88 28 hafvet,
204 1243 41 21 allt
260 1243 145 21 fortfarande
421 1242 61 22 skall
498 1243 30 28 pä
543 1237 77 27 Åland
636 1250 55 13 vara
707 1233 90 42 pälagdt
810 1243 45 28 jor-

97 1277 52 22 den.
179 1278 59 21 Lika
256 1277 148 29 betungande
419 1285 49 14 som
486 1278 63 21 detta
565 1277 125 28 lifsfarliga
710 1277 53 22 värf
779 1281 25 17 är
819 1277 36 21 för

93 1311 187 29 jordegarneoch
290 1312 27 21 de
326 1312 102 27 resande,
436 1312 47 21 lika
492 1311 232 22 otilltredsställande
734 1311 120 29 uppfylles

97 1346 133 28 derigenom
247 1346 39 21 det
301 1346 97 21 afsedda
414 1346 137 21 ändamälet.
580 1346 36 21 En
632 1348 73 19 tätare
714 1346 141 28 postförbin-

97 1381 63 21 delse
176 1384 24 18 är
213 1381 136 28 visserligen
366 1381 100 28 önsklig,
482 1388 53 14 men
551 1388 28 14 en
595 1380 201 29 postförbindelse,
806 1387 47 14 som

97 1419 24 17 är
140 1415 165 28 fullkomligen
324 1415 152 28 oberäknelig
491 1415 60 22 hvad
568 1415 65 21 tiden
649 1414 116 28 beträffar,
782 1415 71 20 mäste

96 1457 93 14 snarare
206 1457 66 14 anses
288 1457 48 14 som
352 1450 80 28 vädlig
444 1451 36 20 för
488 1450 51 28 den,
549 1457 48 13 som
606 1449 88 28 nödgas
704 1449 105 28 begagna
817 1449 36 28 sig

166 1490 145 18 Statsutskottets
324 1489 110 18 betänkande
446 1489 37 18 N:o
496 1490 24 17 11.
