1070 1795
270 150 278 23 Petitionsbetänkande
564 150 45 23 N:o
624 150 37 22 14.

375 458 166 23 Allmänna
585 459 259 22 Besvärsutskot-

293 493 64 22 tets
378 493 197 22 betänkande
596 493 45 22 N:o
657 493 14 22 9
686 493 10 22 i
711 493 134 28 anledning

293 527 27 22 af
341 527 122 22 särskilda
490 527 10 22 i
524 527 104 28 Preste-,
656 527 116 28 Borgare-
797 527 47 23 och

293 561 190 23 Bondestånden
509 561 139 22 inlemnade
671 561 173 28 petitionsför-

292 596 52 27 slag
364 601 40 17 om
419 596 132 22 anvisande
567 595 27 22 af
605 595 81 22 medel
700 595 41 22 för
756 595 87 23 under-

291 630 55 23 stöd
362 630 26 22 åt
402 630 196 28 folkhögskolor.

156 729 94 21 Genom'
272 727 114 22 särskilda
413 727 225 29 protokollsutdrag
654 727 70 22 hafva
746 728 97 27 Preste-,

83 763 113 28 Borgare-
219 763 43 22 och
282 762 186 22 Bondestånden
487 762 37 21 till
539 762 143 29 behandling
696 762 8 21 i
719 762 125 21 Allmänna

83 797 216 22 Besvärsutskottet
323 797 131 21 remitterat
486 796 104 29 följande
616 796 46 22 fem
685 796 159 29 petitionsme-

84 831 94 22 morial:

252 907 46 19 Till
314 907 156 23 Högvördiga
485 907 191 19 Presteståndet.

156 970 31 19 Då
202 970 67 24 frågan
285 976 30 13 om
329 970 107 19 understöd
453 969 21 20 af
484 970 95 19 allmänna
590 970 63 19 medel
663 969 20 20 åt
694 969 149 24 folkhögskolan

85 999 34 19 vid
142 1001 76 17 senaste
241 999 93 23 landtdag
349 1005 35 13 var
400 998 82 20 föremål
498 998 31 19 för
545 999 122 25 behandling,
684 1004 33 13 var
732 999 111 18 densamma

86 1028 37 19 hos
145 1033 32 14 oss
200 1030 50 17 ännu
271 1027 141 25 jemförelsevis
434 1033 25 18 ny
481 1027 37 20 och
542 1027 49 20 blott
606 1027 6 18 i
627 1027 55 24 ringa
698 1027 46 23 grad
760 1026 82 25 pröfvad

84 1061 71 19 genom
171 1056 111 20 erfarenhet
298 1056 42 19 från
356 1058 44 22 eget
415 1056 53 19 land.
501 1056 63 19 Sedan
579 1057 44 18 dess
639 1056 35 19 har
690 1057 28 18 ett
734 1056 109 23 betydande

84 1085 56 20 antal
154 1091 95 18 personer
264 1085 88 19 studerat
367 1085 186 23 folkhögskolornas
564 1085 132 23 organisation
711 1084 6 19 i
728 1085 24 18 de
763 1084 79 19 skandi-

86 1113 81 20 naviska
189 1114 99 21 länderna,
312 1114 36 19 och
368 1114 30 19 alt
413 1113 46 20 flere
475 1114 92 19 liknande
583 1113 94 20 anstalter
691 1112 58 20 hafva
763 1113 58 19 äfven
835 1113 8 18 i

85 1143 45 18 vårt
145 1143 46 18 land
206 1145 83 22 öppnats
305 1143 35 19 och
357 1142 81 19 fortsatt
453 1142 29 19 sin
498 1143 75 23 nyttiga
589 1142 128 19 verksamhet.

155 1171 62 19 Dessa
234 1171 182 24 läroinrättningars
432 1171 112 23 utveckling
559 1171 6 18 i
582 1171 104 24 Danmark,
703 1171 57 18 deras
775 1171 68 22 egent-

85 1200 40 23 liga
147 1199 96 27 hemland,
259 1202 22 17 är
296 1200 123 24 synnerligen
434 1200 129 24 upplysande.
593 1199 45 20 Man
655 1199 103 24 uppstälde
774 1199 30 18 till
819 1204 25 14 en

85 1228 70 23 början
171 1229 63 18 såsom
250 1229 56 19 deras
321 1229 125 18 uteslutande
462 1229 38 18 mål
515 1231 30 16 att
561 1227 95 20 förskaffa
670 1228 38 19 den
722 1233 51 18 unge
788 1227 55 20 odal-

86 1262 82 14 mannen
184 1263 23 13 en
223 1257 59 24 högre
298 1257 78 20 allmänt
388 1257 98 24 mensklig
497 1257 86 23 bildning
594 1257 36 19 och
641 1257 75 24 ingjuta
726 1257 36 19 hos
773 1256 70 19 honom

85 1291 26 14 en
126 1291 53 14 varm
196 1285 132 20 fosterländsk
342 1287 58 24 anda,
416 1286 76 19 skänka
503 1286 69 19 honom
583 1291 24 14 en
618 1285 60 24 högre
688 1291 34 18 syn
733 1285 26 24 på
769 1285 73 25 tingen,

84 1319 43 14 som
149 1315 33 18 det
203 1315 59 19 hette.
293 1315 8 18 I
324 1315 113 24 läroplanen
460 1315 78 23 ingingo
557 1314 79 19 derföre
657 1315 67 18 endast
753 1313 89 25 religion,

85 1343 137 19 modersmålet
240 1343 37 19 och
296 1343 44 19 dess
355 1343 93 19 literatur
463 1343 43 19 från
522 1343 63 19 äldsta
600 1343 58 25 tider,
677 1345 49 17 samt
744 1342 100 20 fädernes-

84 1371 77 20 landets
180 1372 36 19 och
233 1372 162 22 mensklignetens
411 1372 82 19 historia
509 1372 6 18 i
531 1371 139 20 vidsträktaste
684 1372 83 23 mening.
789 1370 54 19 Från

84 1400 66 20 denna
164 1401 123 20 uteslutande
302 1401 141 19 humanistiska
458 1401 87 23 riktning
560 1401 35 19 har
606 1406 43 13 man
660 1400 52 19 dock
723 1399 119 24 småningom

83 1429 79 20 arbetat
182 1429 30 24 sig
234 1430 44 19 bort
292 1430 36 19 och
344 1430 34 19 det
393 1429 104 25 praktiska
512 1429 64 20 Ilfvets
591 1429 111 23 fordringar
716 1428 59 20 hafva
789 1427 54 20 med-

83 1457 42 20 fört
145 1457 113 25 fullständig
280 1458 114 24 förändring
416 1458 22 19 af
456 1458 126 23 tankesättet,
598 1457 22 20 så
634 1459 30 18 att
678 1457 56 20 äfven
750 1457 24 19 de
790 1457 51 19 läro-

153 1496 104 19 Allmänna
268 1496 169 19 Besvärsutskottets
449 1496 111 19 betänkande
571 1496 36 17 N:o
620 1496 17 17 9.
