1070 1795
227 186 27 19 20
398 185 259 22 Motionsbetänkande
672 185 43 22 N:o
730 185 24 22 2.

561 523 30 22 IL.

267 592 12 21 I
294 592 86 28 nädiga
392 591 166 29 förordningen
571 591 26 22 af
606 591 44 22 den
664 593 12 19 2
691 592 67 29 April
771 593 54 20 1883
836 592 120 29 angäende

197 626 140 29 försäljning
356 626 43 22 och
420 626 161 29 utskänkning
603 625 26 22 af
651 626 162 29 maltdrycker,
829 627 94 28 stadgar
943 628 13 20 4

197 662 33 26 &:s
242 662 57 20 1:sta
309 668 75 14 mom.:
400 660 63 28 ,Den
477 667 49 14 som
542 660 95 21 undfätt
652 663 47 19 rätt
712 663 34 19 att
752 661 30 28 pä
790 661 79 21 landet
877 661 37 21 till
922 661 35 21 af-

198 695 124 28 hemtning
342 694 94 29 försälja
451 694 163 29 maltdrycker,
630 695 90 28 äligger
735 695 36 22 för
786 695 71 22 sädan
873 695 84 29 näring

198 729 96 28 deltaga
309 730 8 21 i
333 729 150 22 kommunens
499 729 118 21 allmänna
632 729 122 28 utskylder
769 729 59 22 efter
843 729 113 29 taxering,

198 763 100 22 hvarvid
320 763 99 28 afgiften
442 763 36 22 för
500 763 80 29 hvarje
603 763 220 29 försäljningsställe
846 764 50 21 icke
919 764 38 21 mä

198 797 136 29 understiga
351 797 124 22 etthundra
491 797 64 21 mark
571 797 36 21 för
619 798 45 21 år."
690 798 103 21 Sålunda
809 798 104 28 erlägges
921 798 36 21 för

199 833 158 27 utminutering
373 833 26 20 af
411 831 155 29 maltdrycker
574 831 82 22 endast
664 833 32 27 på
704 833 73 20 landet
784 832 127 28 utskylder,
920 839 37 15 om

199 866 202 21 stadskommuner
416 866 93 29 stadgar
524 866 138 29 paragrafen
679 867 7 20 i
698 867 64 21 detta
772 866 107 22 afseende
890 867 66 22 intet.

199 900 129 29 Angående
336 901 146 27 utskänkning
492 900 26 21 af
523 900 157 29 maltdrycker
687 901 49 21 åter
742 900 93 29 stadgar
843 900 18 29 ej
870 900 86 22 förord-

199 935 89 28 ningen
295 935 140 28 någonslags
443 935 155 28 beskattning.
607 935 49 28 Mig
663 935 128 28 veterligen
799 935 79 22 äricke
885 935 72 22 heller

200 970 7 21 i
223 969 79 29 någon
318 969 52 22 stad
384 969 189 28 utskänkningen
589 969 152 29 beskattning
752 969 163 22 underkastad.
946 970 11 21 I

200 1005 12 26 $
229 1005 28 20 24
273 1007 76 26 säges:
366 1003 82 27 ,Hvad
463 1003 42 22 här
520 1003 70 22 ofvan
607 1004 111 28 stadgadt
733 1007 25 18 är
773 1011 36 14 om
826 1004 57 25 stad,
897 1004 60 29 gälle

200 1038 43 21 ock
260 1037 38 22 för
313 1038 109 29 köping."
452 1038 77 21 Häraf
541 1037 68 29 följer
624 1038 99 21 sålunda
735 1041 34 18 att
779 1039 8 20 i
798 1039 93 28 köping,
900 1038 58 22 lika-

200 1080 49 14 som
274 1072 68 22 äfven
364 1073 8 21 i
393 1072 57 27 stad,
471 1072 80 29 hvarje
568 1073 151 28 beskattning
734 1073 53 21 utaf
799 1073 160 28 utskänkning

200 1107 27 20 af
239 1107 158 28 maltdrycker
409 1110 25 18 är
446 1106 94 29 olaglig,
552 1107 54 20 eller
617 1107 141 22 åtminstone
769 1107 118 21 stridande
898 1109 61 20 emot

200 1141 182 29 förordningens
409 1141 66 27 anda,
503 1144 61 24 enär,
593 1141 75 22 såsom
692 1141 75 29 sagdt,
793 1141 166 29 förordningen

202 1175 105 22 hvarken
328 1175 112 29 påbjuder
456 1175 55 21 eller
526 1175 118 29 förbjuder
660 1176 89 21 sådant.
779 1176 54 21 Men
846 1175 49 29 just
911 1176 49 21 der-

202 1209 50 22 före
277 1212 35 19 att
333 1210 165 28 förordningen
514 1209 51 22 icke
580 1210 160 29 uttryckligen
756 1210 117 29 förbjuder
888 1210 72 21 sådan

204 1244 158 29 beskattning,
379 1244 42 22 har
436 1244 140 21 åtminstone
592 1244 8 21 i
611 1244 54 22 Salo
678 1245 89 28 köping
779 1245 182 28 utskänknings-

201 1279 146 28 rättigheten
368 1278 136 27 beskattats,
527 1278 36 21 till
585 1279 43 21 och
649 1279 53 21 med
722 1279 8 21 i
746 1279 24 21 så
785 1279 47 28 hög
847 1279 64 28 grad,
927 1281 34 19 att

202 1313 77 21 såsom
306 1312 42 29 jag
375 1313 8 20 i
403 1313 168 28 motiveringen
595 1313 25 21 af
640 1313 54 21 mitt
717 1313 188 28 motionsförslag
927 1316 34 18 sä-

202 1354 47 22 ger,
280 1348 53 21 Salo
361 1348 87 28 köping
475 1347 36 21 för
537 1347 145 21 närvarande
707 1347 90 29 uppbär
822 1347 52 21 hela
899 1348 63 23 5,000

202 1382 67 21 mark
292 1382 8 21 i
320 1381 235 29 utskänkningsskatt
578 1381 36 22 för
632 1381 45 22 fem
698 1381 263 29 utskänkningsställen.

202 1416 37 21 Då
255 1415 84 22 sådant
353 1415 53 22 fritt
420 1415 45 22 fått
480 1415 77 29 fortgå
571 1416 72 21 redan
658 1415 74 22 under
748 1416 79 27 åratal,
839 1415 43 22 och
893 1415 70 22 saken

202 1450 131 29 ingalunda
355 1450 61 21 varit
435 1450 101 21 obekant
554 1450 37 21 för
612 1450 174 21 vederbörande
809 1450 80 28 iagens
907 1449 57 22 vak-

203 1488 58 22 tare,
288 1485 74 20 måste
387 1491 53 14 man
465 1483 66 22 deraf
555 1484 154 29 ovilkorligen
739 1485 72 28 draga
837 1484 45 21 den
907 1484 56 21 slut-

274 1524 182 19 Ekonomiutskottets
469 1525 110 17 betänkande
593 1527 35 15 N:o
640 1525 27 17 11.
