1070 1795
282 109 25 21 12
469 110 228 21 Petitionsbetänkande
714 110 34 21 N:o
766 109 32 22 12.

318 167 26 16 På
356 167 60 22 grund
428 166 20 18 af
459 167 31 18 det
503 167 57 22 sagda
572 167 46 22 våga
630 167 24 22 vi,
667 167 61 18 såsom
741 169 152 20 representanter
906 167 28 18 för
942 167 63 18 ofvan-

250 195 81 17 nämnda
344 195 76 21 trakter,
433 195 76 18 föreslå:

455 250 32 19 att
519 248 84 21 landets
633 248 118 27 höglofliga
775 248 97 21 Ständer
894 248 52 21 ville
965 249 38 21 hos

388 277 64 20 Hans
474 277 124 27 Kejserliga
613 277 105 27 Majestät
734 277 99 26 anhålla,
849 279 32 18 att
897 277 34 20 det
946 279 55 20 mel-

388 305 36 21 lan
441 305 122 21 Puulavesi
583 305 37 21 och
638 305 171 28 Suontienjärvi
825 305 91 28 belägna
940 308 63 19 näset

386 333 25 21 så
434 335 65 20 snart
520 341 47 13 som
591 334 86 27 möjligt
695 334 68 21 måtte
776 334 33 27 på
825 334 100 27 lämpligt
940 335 63 21 ställe

384 363 155 26 genombrytas
555 362 36 27 för
607 363 168 27 ångbåtstrafik.

319 420 116 22 Helsingfors
450 420 34 18 den
498 420 10 17 9
521 420 90 18 Februari
626 420 49 17 1894.

352 472 20 21 K.
390 473 101 20 Ruhanen.
724 473 45 20 Karl
786 473 115 20 Häkkänen.

523 519 20 20 A.
559 519 21 20 T.
597 518 127 22 Danielsson.

317 669 156 26 (Öfversättning)

599 703 21 18 4.

425 759 43 17 Till
484 759 145 18 Hedervärda
642 759 179 18 Bondeständet.

315 821 40 17 Den
374 821 58 18 första
444 822 89 22 åtgärden
547 822 20 18 af
578 825 58 16 större
651 823 37 22 vigt
700 823 28 17 till
742 822 127 18 förbättrande
882 822 21 18 af
913 823 87 17 Savolaks

246 849 35 18 och
295 850 89 17 Karelens
397 850 150 19 handelsrörelse
559 857 33 12 var
604 852 100 22 onekligen
717 851 107 23 öppnandet
836 851 21 17 af
867 851 63 17 Saima
939 851 61 18 kanal.

245 878 131 18 Produkterna
394 879 42 17 från
455 879 30 18 det
498 880 39 17 inre
551 879 20 18 af
582 880 68 21 landet,
663 880 73 17 hvilkas
750 880 39 22 pris
802 880 29 17 till
845 882 38 15 stor
895 880 30 17 del
938 880 62 22 ätgick

245 909 27 15 att
291 907 78 17 betäcka
386 907 127 18 kostnaderna
528 908 28 18 för
572 909 23 17 de
607 909 54 22 länga
674 909 246 22 landsvägatransporterna,
934 908 63 18 kunde

246 940 77 13 numera
341 937 107 16 sommartid
467 937 124 18 obehindradt
604 937 144 18 frambefordras
764 937 29 17 till
806 937 147 17 kusthamnarna
965 937 34 17 och

245 964 91 17 utlandet.
361 965 26 16 På
400 965 32 17 det
444 967 27 15 att
483 965 62 18 denna
558 966 59 17 farled
630 966 57 17 måtte
700 966 65 17 kunna
777 965 56 18 lända
845 966 29 17 till
886 967 52 21 nytta
951 966 47 17 äten

245 993 21 17 sä
278 995 38 15 stor
330 993 29 17 del
372 993 20 17 af
403 994 40 17 värt
455 993 43 18 land
511 999 39 12 som
563 995 76 22 möjligt,
653 994 94 18 erfordras
760 995 49 17 dock
821 996 27 16 att
861 994 34 17 allt
907 994 45 18 flere
963 996 36 16 tra-

244 1021 81 18 fikleder
337 1023 58 16 sättas
407 1022 7 17 i
426 1022 115 18 förbindelse
555 1023 42 18 med
610 1023 111 18 densamma.
747 1023 66 18 Ehuru
825 1023 139 22 ängbätsfarled
971 1029 29 12 re-

244 1050 38 17 dan
296 1052 20 15 är
328 1050 74 23 öppnad
415 1051 48 17 ända
475 1051 29 18 till
517 1052 72 17 Tisalmi
602 1052 10 17 å
626 1057 34 12 ena
673 1052 35 17 och
720 1052 81 17 Nurmes
808 1046 11 32 ä
814 1052 53 17 den
875 1052 58 17 andra
940 1052 59 21 sidan,

244 1081 33 16 äro
295 1079 57 18 likväl
370 1081 50 16 ännu
438 1080 41 17 icke
499 1081 36 17 alla
553 1081 28 17 till
600 1081 36 18 den
652 1081 94 18 allmänna
757 1081 144 18 hufvudsträten
914 1081 11 17 &
938 1081 61 18 Saima

243 1108 84 17 hörande
341 1108 109 22 sidogrenar
463 1111 48 16 satta
523 1110 7 17 i
542 1109 115 18 förbindelse
671 1110 83 17 dermed.
770 1106 57 21 Ännu
840 1110 80 17 återstår
933 1111 26 16 att
968 1115 31 16 ge-

244 1137 109 22 nomgräfva
371 1139 27 16 ett
416 1137 47 18 eller
482 1141 56 14 annat
556 1139 42 17 litet
615 1141 33 15 näs
661 1141 47 15 samt
720 1141 27 15 att
760 1138 87 23 fördjupa
859 1139 56 22 något
927 1138 72 18 mindre

244 1165 49 18 sund
306 1165 46 18 eller
364 1171 95 18 upprensa
472 1167 60 22 någon
545 1167 43 18 fors.

313 1195 51 17 Inom
384 1195 100 18 Heinävesi
503 1196 78 18 sockens
594 1197 74 17 område
682 1196 60 18 finnas
756 1196 71 18 sådana
839 1196 72 21 hinder,
924 1196 73 18 hvilkas

244 1223 154 22 undanrödjande
416 1224 42 17 icke
477 1225 60 17 skulle
557 1225 75 17 åsamka
650 1227 60 16 staten
727 1225 58 22 några
798 1227 51 15 stora
861 1225 82 22 utgifter,
957 1231 41 12 men

243 1251 64 18 hvilka
319 1253 31 16 äro
363 1252 29 17 till
405 1257 41 13 men
458 1253 28 17 för
499 1253 35 18 den
547 1253 93 18 allmänna
652 1253 82 18 trafiken
748 1253 97 18 derstädes
859 1254 34 17 och
906 1254 63 17 tillika
979 1254 20 17 så

243 1285 44 17 pass
307 1280 44 23 dyra
369 1283 26 15 att
408 1281 87 23 aflägsna,
513 1284 27 15 att
552 1283 117 20 kommunen,
682 1288 39 12 som
734 1283 77 22 nyligen
825 1282 92 17 skuldsatt
930 1283 29 22 sig
970 1282 29 18 för

243 1309 97 22 byggande
354 1309 20 18 af
386 1315 22 12 en
421 1316 24 17 ny
457 1311 60 22 kyrka
529 1313 47 15 samt
589 1311 33 17 har
636 1313 26 15 att
674 1311 46 18 bära
738 1311 35 18 den
780 1313 109 20 tunga,som
901 1313 67 16 tvenne
976 1312 23 22 pä

243 1337 105 18 hvarandra
361 1338 81 22 följande
458 1339 59 17 nödår
530 1339 84 21 medfört,
628 1340 15 22 ej
656 1340 74 17 mäktar
742 1339 41 18 med
798 1345 47 17 egna
858 1339 61 18 medel
937 1339 62 18 utföra

244 1366 77 18 arbetet.

313 1395 88 18 Trafiken
420 1396 67 18 mellan
505 1397 72 22 Kuopio
597 1397 40 17 stad
650 1397 34 18 och
696 1397 103 18 Heinävesi
813 1397 70 18 socken
895 1397 34 17 har
940 1397 58 18 redan

244 1429 23 13 en
287 1424 63 23 längre
369 1424 28 17 tid
418 1425 123 18 underhållits
560 1425 42 18 med
620 1426 72 17 mindre
711 1426 96 22 ångbåtar,
820 1426 64 17 hvilka
897 1425 47 18 dock
957 1427 42 18 icke

312 1463 203 20 Petitionsbetänkande
527 1465 38 18 N:o
578 1465 27 18 12.
