1070 1795
290 125 281 22 Petitionsbetänkande
587 125 42 22 N:o
645 125 39 22 29.
811 126 25 20 11

110 193 32 22 tid
164 193 102 28 antingen
287 193 68 21 hållas
378 193 109 28 kopplade
502 193 52 22 eller
568 201 52 14 vara
634 193 103 22 försedda
752 193 49 22 med
817 201 50 14 nos-

109 227 59 28 korg.
197 227 59 21 Enär
271 227 37 21 det
322 227 120 22 emellertid
458 235 51 14 vore
523 230 78 25 ytterst
615 227 110 28 vanskligt
740 230 31 18 att
785 227 82 28 afgöra,

109 261 75 23 hvilka
204 261 83 22 hundar
308 269 51 14 vore
381 264 32 19 att
436 261 71 22 såsom
529 261 129 29 jagthundar
678 269 69 19 anses,
762 261 41 22 och
818 261 49 22 der-

110 297 64 27 jemte
192 298 31 19 ett
238 296 51 21 slikt
304 295 120 28 stadgande
439 296 44 21 lika
499 296 47 21 litet
562 303 46 14 som
623 296 27 21 de
665 296 23 21 af
702 295 162 23 vederbörande

109 331 130 28 guvernörer
253 331 7 20 i
276 330 111 21 enahanda
402 330 57 29 syfte
474 330 35 21 för
523 331 58 21 vissa
595 330 82 21 trakter
692 330 23 21 af
729 330 73 21 landet
812 330 54 21 fast-

109 364 70 22 stälda
200 364 285 22 kommunalstämmobeslut
504 364 73 22 kunde
593 364 131 27 efterlefvas,
740 372 48 13 men
803 365 63 28 lagen

109 398 90 22 framför
220 399 38 21 allt
279 399 39 21 bör
332 406 52 14 vara
400 398 96 29 effektiv,
511 399 35 21 får
560 398 114 23 Utskottet
688 399 39 21 hos
744 398 120 22 Ständerna

110 433 110 21 vördsamt
234 433 89 21 föreslå:

382 492 34 19 att
431 490 148 28 omförmälda
590 490 191 28 petitionsförslag
797 490 68 28 blefve

314 525 98 21 lemnadt
427 526 57 19 utan
498 525 107 27 afseende.

176 649 144 29 Helsingfors,
342 649 24 22 af
385 650 58 28 Lag-
465 649 42 22 och
530 649 219 27 Ekonomiutskottet,
771 649 42 22 den
836 651 27 20 21

109 685 61 28 April
187 685 61 21 1894.

175 805 13 21 I
211 805 99 21 ärendets
325 805 133 28 behandling
472 805 67 22 hafva
554 805 90 28 deltagit
659 805 143 22 ordföranden
817 805 46 29 Ny-

108 839 73 28 bergh,
196 839 143 21 ledamöterne
354 839 90 21 friherre
460 839 30 25 O.
513 839 26 22 A.
561 839 87 27 Wrede,
663 839 114 27 Stenbäck,
792 839 29 22 K.
836 839 27 22 A.

108 872 139 27 Schroderus,
256 873 107 26 Auvinen,
374 873 103 26 Sommer,
490 873 25 22 U.
523 873 91 26 Kurtén,
621 873 119 29 Wuolijoki
748 873 40 22 och
797 873 66 22 Pulli-

107 914 43 14 nen
164 909 56 19 samt
234 907 163 28 suppleanterne
413 907 27 22 A.
453 907 24 22 F.
489 907 129 28 Tigerstedt,
625 907 96 22 Thesleff
728 907 41 22 och
776 907 87 28 Zitting.

177 1468 48 24 Lag-
238 1469 32 18 och
282 1468 185 19 Ekonomiutskottets
479 1468 112 18 betänkande
602 1468 37 18 N:o
654 1468 16 18 7.
