1070 1795
266 156 277 23 Petitionsbetänkande
558 157 43 21 N:o
618 156 35 22 31.

356 459 314 22 Ekonomiutskottets
686 458 153 22 betänkan-

289 493 33 22 de
338 493 48 22 N:o
406 493 36 27 13,
458 493 9 22 i
483 493 135 27 anledning
641 492 27 22 af
686 493 89 22 tvenne
797 493 42 21 till

288 527 185 23 Bondeståndet
506 527 140 22 inlemnade
676 527 93 26 förslag
797 527 42 22 till

288 562 142 28 petitioner,
457 561 128 28 åsyftande
610 561 180 28 beträmjandet
815 561 28 21 af

288 596 63 22 låne-
382 596 46 22 och
457 595 295 28 sparkasseinrättningar
777 595 63 22 samt

289 630 77 22 andra
381 630 116 27 åtgärder
509 629 40 22 till
557 629 173 22 förbättrande
742 629 27 22 af
778 629 62 22 min-

288 665 42 21 dre
346 663 300 29 lägenhetsinnehafvares
662 663 126 28 ställning.

154 755 78 22 Jemte
240 755 213 28 protokollsutdrag
464 756 23 20 at
497 755 45 22 den
555 757 26 20 16
590 755 101 21 februari
700 755 42 21 har
749 754 93 22 Bonde-

85 790 94 21 ståndet
199 790 36 21 till
256 789 242 22 Ekonomiutskottets
516 789 167 22 förberedande
698 789 144 28 behandling

86 824 153 21 öfverlemnat
260 827 85 18 tvenne
365 824 37 21 till
423 824 93 21 ståndet
538 823 92 29 ingifna
646 823 196 29 petitionsmemo-

84 858 44 22 rial
145 858 26 22 af
183 858 102 29 följande
301 858 97 29 iydelse:

85 935 149 26 (Öfversättning).

231 997 52 19 Till
299 997 175 19 Hedervärda
490 997 198 19 Bondeståndet.

152 1066 95 24 Nogsamt
269 1065 61 20 kändt
346 1068 22 17 är
391 1065 55 20 öfver
464 1065 46 20 hela
527 1065 68 20 landet
610 1065 50 20 huru
675 1065 69 20 ockret
760 1065 84 20 florerar

83 1095 7 19 i
113 1096 55 18 östra
194 1094 95 19 Finlands
311 1094 83 25 bygder,
415 1094 74 25 hvilka,
505 1097 50 16 enär
577 1094 150 24 befolkningens
751 1094 92 19 ekonomi

84 1123 58 20 alltid
157 1122 90 20 befunnit
262 1123 30 24 sig
306 1123 6 18 i
327 1123 75 19 mindre
415 1123 102 24 prisvärdt
529 1123 90 19 tiliständ
630 1124 50 18 samt
687 1123 35 19 hos
731 1123 113 19 densamma

83 1151 42 20 ofta
147 1151 95 24 påträffas
266 1157 24 14 en
313 1151 101 24 lättsinnig
437 1151 76 24 böjelse
535 1151 31 20 för
581 1152 127 23 upptagande
723 1151 22 20 af
758 1151 39 24 lån,
813 1154 30 16 ut-

83 1180 80 20 vecklat
178 1180 30 24 sig
222 1180 31 19 till
269 1180 119 19 ockrarenes
404 1180 113 19 förlofvade
530 1180 54 19 land.

152 1209 65 19 Sedan
240 1207 143 22 räntefriheten
407 1209 87 19 medfört
518 1209 65 19 denna
605 1209 77 19 rörelse
704 1209 49 18 eller
771 1209 73 18 lemnat

84 1237 114 20 densamma
220 1237 39 20 fria
281 1237 75 20 händer
379 1237 37 20 och
439 1237 84 20 sålunda
540 1237 118 20 åtminstone
674 1237 95 19 skenbart
784 1237 60 19 förlä-

85 1268 35 17 nat
141 1266 37 19 den
194 1266 34 19 det
243 1266 109 25 ,tillätnas*
368 1266 75 24 prägel,
460 1266 57 19 sökte
533 1272 47 13 man
597 1266 71 24 qväfva
684 1266 32 19 det
732 1266 52 19 onda
800 1266 45 19 der-

85 1295 84 24 igenom,
186 1297 30 17 att
228 1294 142 20 räntefriheten
382 1295 44 19 åter
436 1294 65 19 blefve
513 1294 118 24 begränsad.
655 1295 45 18 Men
711 1295 134 24 petitionerna

84 1323 33 19 vid
141 1323 55 20 1888
220 1323 36 20 och
281 1322 54 21 1891
354 1323 33 20 års
403 1323 103 24 landtdag,
522 1323 68 19 hvilka
607 1323 89 24 åsyftade
713 1323 54 19 detta
783 1323 61 20 ända-

82 1352 47 23 mål,
151 1352 59 19 hafva
234 1352 42 24 gått
292 1357 30 14 om
337 1352 58 19 intet.
425 1352 33 19 Då
473 1352 63 18 saken
553 1352 83 19 sålunda
652 1352 26 24 på
694 1352 64 18 denna
773 1353 37 21 väg
825 1351 18 23 ej

82 1386 55 14 mera
153 1380 41 20 står
210 1382 29 18 att
255 1380 102 25 afhjelpas,
373 1380 65 25 hafva,
456 1380 85 20 förutom
557 1381 38 19 den
611 1386 38 19 nya
665 1379 120 25 strafflagen,
794 1379 51 20 hvil-

83 1409 39 20 ken
145 1409 32 20 för
199 1409 61 20 ocker
282 1410 80 23 stadgar
384 1409 91 19 känbara
497 1409 63 24 straff,
583 1409 24 19 de
629 1409 31 19 för
676 1408 133 25 aflägsnandet
825 1407 22 20 af

85 1438 59 19 dessa
173 1438 185 19 missförhållanden
387 1438 135 19 intresserade
553 1443 105 19 personers
685 1438 36 19 och
755 1437 90 24 isynner-

84 1467 36 19 het
149 1467 218 20 nationalekonomiska
399 1467 127 24 föreningens
557 1466 127 20 sträfvanden
714 1465 72 26 åsyftat
817 1468 30 16 att

156 1505 184 18 Ekonomiutskottets
352 1505 111 18 betänkande
476 1507 35 15 N:o
523 1505 29 17 13.
