1070 1795
295 157 278 23 Petitionsbetänkande
588 157 46 23 N:o
649 158 35 22 17.
813 159 25 21 13

107 225 147 29 väsentligen
275 225 30 29 på
324 225 45 22 den
388 225 206 29 förutsättningen,
610 228 36 19 att
661 228 85 19 största
762 226 66 21 delen
844 226 26 21 af

109 260 106 21 eleverna
231 259 81 30 sjelfva
327 259 75 22 skulle
417 260 98 21 bekosta
531 260 41 21 sitt
586 260 124 29 uppehälle
726 260 39 23 vid
778 261 89 27 skolan,

108 295 72 28 något
202 301 48 15 som
267 294 75 21 elever
357 294 8 21 i
381 294 45 21 den
442 294 121 21 samhälls-
579 294 43 22 och
638 295 149 21 ekonomiska
803 295 64 21 ställ-

108 329 64 28 ning,
195 329 96 21 hvilken
311 328 86 21 sädana
412 336 116 21 personer,
545 336 36 14 om
597 329 81 21 hvilka
693 329 42 21 här
750 329 46 22 kan
811 337 57 14 vara

108 363 72 28 fräga,
206 363 110 28 vanligen
340 363 133 27 innehafva,
495 363 50 21 helt
565 363 77 21 säkert
662 363 20 28 ej
704 363 65 22 skola
788 363 79 22 mäkta

108 397 69 22 med".

176 432 35 21 De
227 431 27 22 af
263 431 264 29 Landtbruksstyrelsen
540 432 132 28 föreslagna
683 432 138 28 åtgärderna
831 432 36 22 för

108 466 100 29 höjande
229 465 25 22 af
268 466 44 21 den
333 466 65 29 lägre
411 466 325 29 jordbruksundervisningen
751 467 66 22 torde
832 467 35 21 så-

108 501 72 21 lunda
200 501 80 21 kunna
303 501 145 28 genomföras
474 500 36 21 för
533 508 29 13 en
589 501 101 21 kostnad
713 501 27 21 af
760 501 107 29 omkring

109 537 92 26 180,000
224 535 65 21 mark
311 542 36 14 om
369 536 55 22 året.
456 530 78 26 Äfven
558 542 37 14 om
620 535 37 21 till
680 535 76 22 denna
777 543 89 14 summa

108 570 80 29 lägges
200 569 106 28 anslaget
315 569 35 22 för
359 569 160 29 mejeriskolor
529 569 52 21 med
593 569 107 29 omkring
710 571 77 26 50,000
795 570 71 25 mark,

108 605 26 20 så
139 607 69 26 utgör
216 603 60 22 dock
283 603 51 22 hela
344 611 112 20 summan,
465 605 92 25 230,000
563 604 72 27 mark,
644 611 29 14 en
680 605 88 28 ganska
774 605 93 28 måttlig

109 638 141 29 uppoffring,
273 641 42 18 när
333 638 39 21 det
387 639 76 28 gäller
479 641 34 18 att
528 638 127 29 upphjelpa
671 646 28 13 en
719 639 90 28 näring,
830 639 37 21 till

108 673 96 21 hvilken
215 673 39 21 nio
264 673 144 22 tiondedelar
416 673 27 21 af
455 673 91 21 landets
563 673 137 28 befolkning
715 677 25 18 är
754 673 113 22 hänvisad

107 707 38 22 för
164 708 36 21 sin
223 707 108 27 utkomst,
348 707 43 22 och
414 707 111 22 särskildt
548 708 73 21 måste
638 707 107 29 beloppet
760 707 106 22 förefalla

109 742 67 28 ringa
196 742 41 21 vid
256 749 29 14 en
305 741 134 29 jemförelse
455 742 52 21 med
523 741 28 22 de
567 742 81 29 anslag
664 742 72 21 andra
750 742 64 29 lägre
829 750 38 21 yr-

109 776 118 21 kesskolor
242 776 95 29 åtnjutit
351 777 8 20 i
375 776 81 21 landet
472 776 42 21 och
530 776 80 22 hvilka
633 777 74 28 enligt
726 777 137 21 statsförsla-

109 812 40 27 get
164 810 36 22 för
216 811 24 21 år
258 811 52 22 1893
326 811 78 28 uppgå
420 811 172 28 sammanlagdt
607 811 36 20 till
659 812 91 23 362,260
765 811 71 21 mark.

177 845 36 22 Då
228 845 96 22 sålunda
339 845 83 29 frågan
438 853 37 14 om
493 845 215 29 reorganisationen
726 845 26 22 af
762 845 27 22 de
801 846 65 28 lägre

106 879 234 29 jordbruksskolorna
354 881 8 20 i
378 880 81 21 landet
475 879 79 22 blifvit
564 887 84 22 genom
660 880 145 28 sakkunniga
815 887 51 22 per-

109 921 67 14 soner
199 914 141 29 mångsidigt
355 915 85 20 utredd
462 915 44 21 och
526 914 28 21 de
570 915 88 28 anslag,
674 922 48 14 som
739 914 77 21 dertill
831 921 35 14 er-

109 948 95 27 fordras,
217 949 51 21 icke
284 949 51 21 med
350 949 141 21 nämnvärdt
506 949 84 28 belopp
607 949 133 28 öfverstiga,
755 949 62 21 hvad
827 956 38 13 en-

108 983 45 28 ligt
178 985 53 20 1893
254 984 35 20 års
304 983 146 29 statsförslag
466 983 37 22 för
517 983 81 28 dylika
614 983 77 22 skolor
706 983 70 22 redan
791 983 74 28 utgår,

109 1017 57 21 eller
188 1019 92 26 209,268
302 1018 71 26 mark,
398 1025 69 21 synes
483 1018 40 21 det
538 1018 121 26 utskottet,
676 1020 34 19 att
725 1019 72 27 några
812 1025 53 20 syn-

108 1051 90 29 nerliga
212 1051 83 22 hinder
309 1053 56 20 eller
380 1052 146 29 svårigheter
537 1052 51 21 icke
604 1052 70 21 borde
690 1052 123 21 förefinnas
829 1051 36 22 för

107 1085 30 21 de
167 1085 131 30 föreslagna
327 1087 154 21 reformernas
505 1086 150 29 ofördröjliga
677 1085 187 30 genomförande.

109 1120 71 21 Detta
191 1128 55 14 vore
262 1121 24 21 så
302 1121 92 28 mycket
410 1129 63 14 mera
489 1121 127 28 påkalladt,
632 1128 48 14 som
696 1121 28 21 de
740 1121 49 21 icke
806 1121 59 21 blott

109 1154 41 21 vid
165 1155 156 21 innevarande
336 1158 57 19 utan
409 1155 70 22 äfven
495 1155 40 21 vid
551 1158 34 18 tre
604 1155 140 28 föregående
758 1155 107 21 landtda-

109 1196 44 21 gar
169 1189 131 22 inlemnade
317 1190 157 28 petitionerna
491 1189 98 22 rörande
607 1189 76 22 denna
705 1189 72 29 fråga,
799 1189 66 29 gifva

107 1226 36 18 ett
161 1224 190 28 omisskänneligt
374 1224 96 28 uttryck
495 1223 36 22 för
554 1224 44 21 den
618 1224 120 27 otålighet,
754 1224 109 21 hvarmed

108 1257 233 29 landtbefolkningen
357 1262 99 17 emotser
472 1258 161 29 afhjelpandet
655 1259 27 21 af
701 1259 45 21 den
768 1259 97 21 allmänt

111 1293 77 21 kända
204 1292 86 22 bristen
305 1293 29 28 på
349 1293 65 28 lägre
427 1293 211 28 jordbruksskolor.

176 1327 47 21 Vid
246 1327 219 28 detaljgranskning
488 1327 26 21 af
534 1327 28 21 de
578 1327 160 29 föreliggande
753 1335 39 13 sex
807 1327 58 28 peti-

107 1360 180 29 tionsförslagen
309 1361 42 21 har
365 1362 123 26 utskottet,
507 1362 75 20 såsom
601 1361 25 21 af
644 1362 39 20 det
699 1360 167 22 ofvanstående

107 1395 73 22 redan
208 1395 107 29 framgår,
342 1398 58 19 utan
427 1396 270 29 meningsskiljaktighet
719 1397 82 20 erkänt
826 1395 39 22 det

108 1429 144 29 berättigade
275 1430 8 21 i
305 1430 135 28 yrkandena
463 1431 30 28 på
513 1430 54 21 flere
579 1430 202 27 jordbrukskolors
797 1437 68 14 snara

107 1464 139 21 inrättande.
276 1465 35 28 Ty
334 1472 37 14 om
393 1465 93 22 landets
508 1465 171 28 modernäring,
702 1465 105 28 grunden
829 1465 36 21 för

176 1504 180 18 Ekonomiutskottets
369 1505 112 18 b:tänkande
492 1505 38 18 N:o
542 1506 18 17 5.
