1070 1795
274 111 13 21 2
379 109 82 24 Ständ.
477 109 53 22 Pet.
544 121 29 4 —
589 109 168 23 Petitionsbet.
772 109 43 22 N:o
830 109 35 22 35.

244 176 82 21 landet
341 176 117 21 ordnande
474 183 84 21 genom
574 183 29 14 en
617 175 75 22 under
706 175 142 22 Ständernas
861 173 140 23 medverkan

244 211 149 22 tillkommen
414 211 45 28 lag,
483 209 70 24 hafva
570 209 242 30 pressförhällandena
829 210 8 21 i
852 209 79 22 landet
945 209 57 22 fort-

245 245 95 22 farande
363 245 118 22 förblifvit
502 245 114 22 beroende
640 245 25 21 af
686 245 44 21 den
755 244 185 22 administrativa
954 244 47 28 lag-

246 280 148 29 stiftningen,
428 280 43 21 och
504 280 44 21 den
577 280 137 29 preventiva
742 287 112 15 censuren
882 279 41 22 har
950 278 52 22 med

245 315 105 22 växande
366 315 122 28 stränghet
502 315 183 28 upprätthällits.
716 315 74 22 Dessa
804 314 197 29 omständigheter

245 349 70 22 hafva
337 350 52 21 icke
412 350 91 21 kunnat
517 350 79 28 undgå
611 352 35 19 att
660 350 8 21 i
683 350 80 21 landet
778 350 123 21 framkalla
916 357 29 13 en
960 349 42 21 allt

244 384 100 29 lifligare
368 385 95 27 önskan,
488 386 33 19 att
543 384 113 22 Finlands
675 384 51 22 folk
741 385 72 21 mätte
827 385 113 21 förunnas
956 383 45 22 för-

245 420 85 21 mänen
352 419 26 22 af
396 427 29 13 en
440 419 134 29 lagbunden
589 419 147 29 tryckfrihet,
753 420 97 21 hvilken
865 419 89 22 önskan
969 425 32 15 nu

246 453 54 22 sökt
315 454 37 28 sig
366 453 95 29 uttryck
473 453 8 22 i
492 453 115 22 särskilda
616 454 64 21 inom
689 453 171 29 Ridderskapet
868 453 43 22 och
919 453 82 27 Adeln,

246 488 198 29 Borgareständet
469 488 43 21 och
534 488 175 22 Bondeständet
731 488 40 22 vid
794 489 76 20 denna
891 487 111 28 landtdag

245 523 133 22 inlemnade
393 523 238 28 petitionsmemorial.

315 557 67 22 Efter
405 557 39 22 det
466 557 40 22 vid
523 558 54 21 1863
593 557 37 22 års
645 557 112 29 landtdag
771 557 73 29 nådig
858 556 144 30 proposition

248 591 120 29 angäende
383 591 140 29 tryckfrihet
537 591 8 22 i
560 591 102 22 Finland
677 591 43 22 och
735 599 37 14 om
787 592 108 21 vilkoren
905 591 37 22 för
950 591 51 21 dess

248 626 153 29 begagnande
424 625 80 22 blifvit
526 626 37 21 till
585 625 130 22 Ständerna
732 625 158 22 öfverlemnad
905 627 59 20 samt
979 624 26 22 af

248 660 53 22 dem
323 660 116 29 godkänd,
461 660 53 21 med
529 660 115 22 särskilda
658 660 26 22 af
697 660 132 22 Ständerna
843 661 75 21 säsom
934 659 68 22 önsk-

246 695 118 28 ningsmäl
386 695 133 28 föreslagna
541 695 131 28 ändringar,
691 695 134 22 utfärdades
841 694 161 29 tryckfrihets-

246 729 169 29 förordningen
430 729 26 22 af
469 729 44 22 den
531 731 25 20 18
571 729 50 22 Juli
638 731 55 21 1865
708 731 36 20 att
759 730 65 21 träda
839 730 8 21 i
855 729 148 22 verksamhet

246 764 47 22 den
316 766 10 20 1
350 764 98 21 Januari
469 765 54 21 1866
539 764 42 21 och
597 764 61 29 gälla
673 764 63 21 intill
752 764 72 22 slutet
839 764 25 21 af
876 763 126 29 nästpäföl-

244 799 71 28 jande
337 798 119 29 landtdag.
485 798 12 22 I
520 798 75 22 denna
617 798 150 29 förordnings
792 801 9 20 1
826 800 13 26 $
859 797 142 23 förklarades

246 833 46 21 den
314 833 137 29 preventiva
470 840 113 15 censuren
601 840 55 15 vara
672 833 119 22 afskaffad.
822 833 55 22 Men
893 833 28 21 dä
936 832 66 22 Stän-

246 867 73 22 derna
333 867 41 22 vid
390 869 54 21 1867
461 868 36 21 ärs
512 867 112 29 landtdag
638 868 87 28 ansägo
741 867 36 29 sig
792 867 52 22 icke
855 867 79 22 kunna
942 867 60 22 oför-

247 902 88 21 ändrad
350 901 124 30 godkänna
489 909 29 14 en
533 902 8 21 i
557 909 87 14 samma
658 902 84 22 ärende
759 902 51 21 dem
819 901 105 29 förelagd
932 901 71 29 nädig

246 937 154 29 proposition,
416 937 134 21 emanerade
566 937 13 20 &
595 937 171 22 administrativ
782 941 46 24 väg
835 936 167 29 förordningen

246 971 27 22 af
293 971 44 22 den
359 973 26 20 31
409 971 45 29 Maj
481 972 60 27 1867,
563 978 49 15 som
627 971 81 29 gjorde
723 971 150 29 utgifvandet
888 971 25 22 af
925 971 77 28 tryck-

246 1006 72 22 alster
326 1005 114 23 beroende
450 1005 25 22 af
481 1006 271 29 pressmyndigheternas
761 1005 140 30 föregäende
907 1005 95 29 gransk-

247 1041 66 28 ning.
339 1041 81 21 Ehuru
436 1040 75 22 denna
526 1041 145 28 granskning
686 1048 41 14 var
742 1041 94 21 bunden
852 1040 25 22 af
890 1039 113 22 särskilda

246 1075 182 29 bestämningar,
444 1075 111 22 bereddes
571 1075 129 22 emellertid
713 1075 67 22 dessa
790 1075 164 29 myndigheter
964 1082 38 21 ge-

246 1117 56 14 nom
325 1109 45 22 den
386 1109 52 22 dem
453 1109 120 29 medgifna
587 1109 152 29 godtyckliga
754 1109 248 29 indragningsmakten

247 1151 30 14 en
301 1143 94 30 mycket
416 1143 130 22 vidsträckt
565 1144 141 29 befogenhet
721 1146 35 19 att
770 1143 121 22 förhindra
906 1143 39 22 det
958 1143 45 22 fria

246 1178 167 29 tankeutbytet
428 1178 8 21 i
451 1178 74 29 tryck.
555 1178 58 21 Dei
628 1178 169 29 förordningen
812 1177 115 30 ingäende
942 1177 61 22 stad-

248 1213 107 28 gandena
378 1213 99 28 ansägos
499 1213 73 21 likväl
588 1213 161 28 otillräckliga.
779 1213 36 21 De
829 1212 79 22 blefvo
927 1212 77 22 derför

247 1247 75 22 delvis
346 1247 96 29 skärpta
461 1254 84 21 genom
567 1247 167 29 förordningen
757 1247 46 22 den
826 1248 26 21 18
867 1247 58 22 Juni
942 1248 59 27 1891,

246 1281 162 22 innefattande
430 1281 125 29 ändringar
577 1282 8 21 i
607 1281 43 22 och
671 1282 85 28 tillägg
770 1282 37 21 till
822 1281 181 30 näståberopade

246 1316 146 29 förordning.
422 1316 77 22 Jemte
521 1316 40 22 det
582 1316 261 29 pressöfverstyrelsens
866 1316 43 21 och
929 1323 74 22 press-

247 1350 211 22 ombudsmännens
474 1350 140 29 befogenhet
625 1351 9 21 i
644 1350 84 29 antydt
738 1350 109 22 afseende
855 1357 84 22 genom
948 1351 53 21 1891

247 1386 37 21 års
307 1384 139 30 förordning
467 1385 135 29 ytterligare
620 1385 148 28 utsträcktes,
783 1384 118 23 lemnades
917 1385 25 21 åt
955 1384 48 23 lan-

247 1420 53 21 dets
322 1421 212 28 generalguvernör
553 1421 64 21 makt
632 1422 40 26 att,
689 1421 77 21 derest
781 1420 107 29 ,giltiga*
904 1422 99 20 omstän-
