1070 1795
262 153 279 22 Petitionsbetänkande
557 153 42 22 N:o
615 153 39 23 36.
797 155 12 20 9

77 221 66 20 rande
170 221 24 21 af
220 228 58 14 mera
304 221 112 21 rationella
446 221 96 22 metoder
570 222 33 20 för
627 221 167 28 tillverkningen
816 222 23 21 af

77 255 54 28 tjära
144 256 6 20 i
161 255 73 21 derför
244 255 153 22 konstruerade
412 255 183 28 ändamålsenliga
607 263 73 20 ugnar,
692 256 91 21 hvarvid
789 256 50 21 huf-

78 289 141 28 vudsakligen
232 289 88 21 stubbar
333 289 41 22 och
386 293 66 18 annat
459 289 58 22 affall
526 290 84 21 komme
619 291 6 20 i
634 290 144 28 användning,
786 293 51 18 utan

79 326 31 18 att
131 331 49 13 man
208 324 6 20 i
236 323 75 21 sådant
331 323 100 22 ändamål
458 324 93 21 behöfde
572 327 50 25 taga
645 325 33 20 sin
699 324 86 29 tillflykt
805 325 32 20 till

78 365 42 21 nya
139 357 123 22 restriktiva
282 357 64 28 lagar,
367 358 74 21 hvilka
461 358 138 27 sistnämnda,
614 359 70 20 såsom
701 359 91 21 känbart
806 359 32 21 in-

78 391 102 29 gripande
196 392 7 21 i
219 391 157 29 eganderätten,
392 392 62 22 alltid
470 392 67 22 måste
552 393 101 21 förefalla
668 400 45 14 mer
723 393 52 21 eller
784 394 53 20 min-

78 426 38 21 dre
131 426 143 27 misshagliga.

148 461 73 20 Annat
243 462 23 19 är
288 460 144 22 förhållandet
455 461 48 21 med
526 461 156 28 afverkningen
698 461 40 22 och
753 461 84 28 försälj-

78 495 78 28 ningen
173 495 23 20 af
211 495 54 27 skog
280 495 34 20 för
328 495 137 28 träsliperier,
481 495 147 29 pappersbruk
645 496 41 21 och
698 495 67 22 andra
774 495 62 22 indu-

79 529 72 21 striela
167 529 65 20 behof
248 531 54 19 samt
316 529 32 21 till
364 533 82 25 export.
462 529 137 28 Visserligen
615 529 100 22 afverkas
731 530 40 21 och
787 530 48 21 dess

78 565 62 19 värre
155 563 64 22 äfven
231 563 117 28 kalhuggas
363 565 80 27 jemväl
458 564 35 21 för
505 564 63 21 dessa
579 564 99 21 ändamål
688 567 58 18 stora
757 565 80 20 arealer

79 598 81 27 växtlig
175 598 108 27 ungskog;
299 606 46 13 men
362 598 27 21 de
404 599 52 28 pris,
471 606 46 14 som
532 598 75 22 dervid
624 598 96 27 erhållas,
731 601 36 19 äro
779 600 7 19 i
797 599 38 21 all-

78 632 86 21 mänhet
179 631 24 22 så
218 632 61 28 höga,
294 635 30 18 att
339 633 146 28 skogsegaren
501 633 67 21 finner
583 633 32 21 sin
631 633 116 28 uträkning
754 633 82 21 dervid.

79 666 44 21 Det
145 666 41 21 kan
208 666 32 21 till
263 667 41 20 och
325 667 47 20 med
394 667 145 28 ifrågasättas,
564 667 106 22 huruvida
692 667 37 21 det
751 667 47 22 icke
813 669 24 19 är

78 700 157 29 förmonligare,
256 701 6 20 i
286 701 115 28 synnerhet
423 702 35 21 för
473 701 42 22 den
530 701 158 29 kapitalfattige
703 701 132 28 jordegaren,

79 737 32 18 att
125 735 71 21 kunna
212 735 138 28 fördelaktigt
365 735 93 29 föryttra
473 737 27 20 40
516 738 13 19 a
545 737 26 20 50
587 735 45 28 årig
648 736 104 27 ungskog,
767 738 26 19 än
805 739 32 18 att

78 769 44 21 låta
137 769 49 21 med
200 769 156 28 försäljningen
372 770 23 21 af
410 770 125 21 densamma
550 770 62 21 anstå
627 771 6 20 i
648 770 122 28 ytterligare
785 770 50 21 flere

79 803 117 22 årtionden.
225 803 75 22 Prisen
321 804 72 21 kunde
416 804 29 21 då
467 805 124 27 visserligen
606 805 91 27 gestalta
713 805 33 27 sig
761 804 75 28 betyd-

77 837 40 28 ligt
138 837 76 28 högre;
232 845 48 14 men
304 838 103 21 beräknas
430 841 62 18 ränta
514 839 27 28 på
563 841 61 18 ränta
640 839 12 20 å
668 839 37 20 det
719 839 35 21 för
768 838 66 21 sådan

76 872 98 28 ungskog
197 872 94 21 erhållna
314 873 103 27 kapitalet
440 873 42 21 och
497 876 60 25 tager
573 881 47 13 man
636 874 5 20 i
655 873 137 21 betraktande
808 873 26 21 de

75 905 153 29 förbättringar
250 907 6 20 i
271 906 231 29 landthushållningen,
519 907 72 21 hvilka
609 907 124 28 derigenom
751 907 82 28 möjlig-

74 941 70 26 göras,
165 940 25 21 så
210 941 62 20 torde
295 949 25 13 en
336 941 66 21 sådan
418 941 130 29 afverkning
569 942 48 21 icke
641 949 37 14 ens
701 942 7 20 i
731 941 104 21 national-

75 973 135 22 ekonomiskt
232 975 102 21 afseende
353 976 73 21 kunna
442 983 61 14 anses
520 976 134 27 oförmonlig.

145 1009 42 21 Om
203 1009 89 21 sålunda
307 1009 156 29 afverkningen
480 1010 23 21 af
517 1010 98 28 ungskog
630 1011 7 20 i
652 1010 115 21 allmänhet
781 1010 48 21 icke

74 1043 5 20 i
97 1043 40 20 och
151 1043 35 21 för
196 1044 32 27 sig
241 1043 42 21 kan
299 1051 61 14 anses
376 1044 36 21 för
428 1047 31 18 ett
474 1044 77 21 sådant
567 1044 93 28 skadligt
668 1044 112 26 missbruk,
787 1052 45 13 som

74 1077 66 22 borde
148 1077 79 22 medels
234 1078 122 21 restriktiva
365 1079 196 28 lagbestämningar
569 1079 81 28 stäfjas,
657 1079 25 20 sä
689 1079 41 20 kan
738 1078 95 21 deremot

73 1111 38 22 det
125 1114 49 24 sätt,
189 1112 27 28 pä
231 1112 82 21 hvilket
329 1120 25 13 en
366 1113 60 28 dylik
436 1113 130 28 afverkning
574 1113 38 21 hos
621 1121 35 13 oss
665 1113 45 21 ofta
718 1113 115 27 bedrifves,

73 1146 48 21 icke
135 1146 131 28 godkännas.
288 1147 11 20 I
315 1147 26 20 de
356 1147 62 21 flesta
426 1147 39 21 fall
473 1147 116 28 kalhugges
600 1147 80 28 skogen
688 1147 145 28 fullständigt,

72 1182 51 19 utan
138 1183 31 18 att
182 1188 77 20 genom
274 1181 167 28 gvarlemnande
456 1181 23 21 af
494 1181 81 21 fröträd
591 1181 51 22 eller
649 1182 100 21 markens
758 1181 74 28 inhäg-

72 1214 70 21 nande
150 1215 41 21 och
198 1215 104 21 fredande
308 1215 33 21 för
347 1215 87 21 kreatur
440 1215 86 28 försorg
531 1215 76 28 drages
615 1223 33 14 om
656 1223 25 14 en
688 1216 82 21 normal
775 1215 56 22 äter-

71 1250 58 20 växt.
145 1249 132 29 Härigenom
293 1249 103 22 förblifva
406 1253 65 23 stora,
481 1249 34 22 för
526 1250 106 27 skogväxt
639 1250 101 28 lämpliga
749 1250 80 21 arealer

71 1282 50 22 kala
143 1284 50 21 eller
208 1283 28 29 pä
250 1284 33 21 sin
299 1283 49 29 höjd
364 1283 94 22 beväxta
473 1283 50 22 med
539 1284 79 21 buskar
633 1284 40 21 och
697 1284 133 29 förkrympta

70 1317 55 26 träd,
142 1318 7 20 i
165 1318 71 21 stället
250 1318 34 21 för
299 1320 31 19 att
344 1317 64 22 dessa
423 1318 90 26 marker,
529 1326 34 13 om
579 1318 26 21 de
628 1319 82 20 sköttes
726 1318 104 26 rationelt,

70 1351 67 22 redan
152 1351 66 29 några
233 1352 111 21 årtionden
360 1352 56 21 efter
428 1352 158 28 afverkningen
598 1352 71 22 kunde
688 1352 50 22 bära
754 1360 27 13 en
795 1352 36 21 för

71 1393 77 20 egaren
164 1385 105 22 värdefull
286 1386 59 28 skog.

128 1420 44 21 Det
187 1427 63 21 synes
265 1420 55 21 dock
336 1421 24 20 sä
376 1421 87 28 mycket
478 1421 82 21 mindre
576 1421 97 28 lämpligt
688 1424 36 23 att,
739 1421 28 28 pä
785 1423 44 19 sätt

69 1455 167 27 petitionärerna
250 1455 67 28 yrkat,
332 1455 92 21 medelst
439 1455 129 21 utfärdande
584 1455 23 21 af
622 1463 47 20 nya,
684 1457 86 26 stränga
785 1455 41 22 och

138 1499 181 18 Ekonomiutskottets
332 1500 112 17 betänkande
456 1500 37 17 N:o
507 1501 27 16 14.
