1070 1795
264 167 278 24 Petitionsbetänkande
557 167 46 23 N:o
618 167 23 22 5.

354 465 161 22 Allmänna
529 463 310 23 Besvärsutskottets

287 498 180 23 betänkande
482 498 45 23 N:o
544 498 23 27 3,
582 498 10 21 i
607 497 133 28 anledning
761 497 27 22 af
801 497 36 22 ett

286 533 13 28 i]
314 532 207 29 Borgareständet
536 532 73 22 väckt
624 531 215 29 petitionsförslag

288 573 39 16 om
352 567 169 28 uppmuntran
547 565 47 23 och
615 565 116 28 belöning
754 565 27 22 af
802 564 36 22 in-

287 601 99 22 hemska
400 600 146 23 tonsättare.
555 601 8 25 ;

154 697 90 22 Genom
268 696 213 29 protokollsutdrag
506 696 26 21 af
554 696 46 21 den
625 696 28 28 9]
662 695 111 22 Februari
797 694 44 22 har

83 731 197 29 Borgareständet
295 731 36 21 till
342 730 144 29 behandling
495 730 9 21 i
513 730 129 21 Allmänna
652 728 189 23 Besvärsutskot-

83 767 35 20 tet
133 765 129 22 remitterat
278 767 33 19 ett
326 765 26 21 sä
365 764 103 29 lydande
484 764 243 29 petitionsmemorial:

252 868 47 19 Till
314 867 134 24 Vällofliga
462 866 212 25 Borgareständet.

156 953 47 19 Med
223 952 127 24 begagnande
365 951 21 20 af
400 952 38 19 den
454 953 41 18 rätt
509 952 151 24 landtdagsman
676 957 46 19 eger
736 954 29 18 att
780 952 64 20 väcka

87 981 74 24 förslag
182 981 7 18 i
208 981 97 19 allmänna
321 980 172 24 angelägenheter,
509 980 60 24 vägar
581 979 35 27 jag
630 981 100 19 vördsamt
745 983 46 21 taga
805 981 39 23 mig

87 1009 55 20 talan
164 1009 31 19 till
218 1009 75 19 förmän
309 1008 31 20 för
358 1009 44 19 värt
417 1009 58 19 lands
491 1009 177 23 tonsättarekonst,
685 1009 36 19 och
735 1009 34 24 jag
784 1009 61 24 vägar

88 1038 35 19 det
143 1037 22 20 sä
187 1037 79 24 mycket
287 1037 61 19 hellre
371 1042 41 14 som
436 1037 90 19 musiken
541 1037 37 19 hos
595 1043 32 13 oss
642 1037 74 19 saknar
730 1039 29 17 ett
774 1037 72 20 sådant

88 1067 120 23 gemensamt
230 1071 61 18 organ
312 1065 31 20 för
365 1065 144 20 framförandet
531 1065 20 19 af
570 1066 44 19 dess
630 1065 65 24 behof,
711 1071 41 14 som
767 1066 25 18 de
807 1065 38 20 bil-

89 1094 64 19 dande
163 1093 109 20 konsterna
282 1094 7 19 i
301 1093 73 20 Finska
385 1093 178 25 konstföreningen
573 1093 37 20 och
620 1093 118 20 vitterheten
749 1094 7 19 i
766 1093 81 20 landets

87 1122 62 24 begge
164 1122 198 24 Litteratursällskap
378 1127 42 18 ega.

157 1151 9 18 I
188 1150 114 24 jemförelse
319 1151 44 18 med
382 1150 24 19 de
422 1150 103 25 skapande
540 1149 145 20 konstnärerna
700 1151 12 19 &
727 1149 64 25 öfriga
805 1155 41 15 om-

89 1179 62 19 räden
174 1178 59 20 hafva
255 1179 47 20 vära
324 1179 155 19 tonkonstnärer
501 1178 77 20 härtills
594 1179 52 19 varit
660 1178 124 25 fullständigt
799 1185 48 14 van-

89 1207 83 23 lottade,
188 1207 32 19 för
234 1207 22 19 sä
271 1208 42 19 vidt
328 1207 34 19 det
376 1207 48 23 gällt
439 1209 133 22 uppmuntran
587 1206 44 20 frän
644 1207 34 19 det
688 1207 107 20 allmännas
803 1207 44 20 sida

89 1235 31 19 till
141 1235 120 24 produktion
284 1236 48 19 eller
354 1235 116 24 belöningar
492 1235 32 20 för
546 1235 103 24 skapelser
670 1235 22 19 af
714 1235 133 20 framstäende

89 1263 69 20 värde.
187 1263 38 24 Jag
246 1264 74 19 lemnar
342 1263 70 20 härvid
432 1263 46 20 icke
501 1263 108 20 obeaktadt
624 1265 29 18 att
669 1264 101 23 Styrelsen
785 1264 64 19 redan

91 1292 60 19 sedan
166 1291 58 24 länge
240 1292 82 25 beviljat
337 1292 156 24 resestipendier
503 1291 32 20 för
545 1292 111 24 utbildning
664 1293 71 23 jemväl
750 1293 2 18 i
764 1292 83 25 kompo-

91 1321 67 22 sition,
173 1320 37 19 och
233 1321 94 19 särskildt
349 1322 30 17 att
398 1320 101 24 Styrelsen
515 1325 69 19 genom
600 1321 139 22 statsanslaget
754 1320 31 20 för
800 1321 49 20 Hel-

91 1348 86 24 singfors
192 1348 147 20 Muasikinstitut
354 1348 70 20 beredt
439 1348 110 24 begäfvade
564 1351 81 17 naturer
657 1348 78 20 tillfälle
746 1351 29 17 att
785 1349 64 19 redan

92 1377 7 19 i
121 1382 51 18 unga
194 1377 23 19 är
236 1378 36 19 och
293 1377 44 20 med
356 1376 144 25 jemförelsevis
521 1377 42 19 små
585 1376 135 25 uppoffringar
742 1378 59 19 vinna
823 1382 25 15 en

91 1405 92 24 grundlig
206 1405 37 20 och
264 1406 102 19 väckande
388 1405 148 24 undervisning,
559 1406 125 23 hvarigenom
707 1405 57 20 äfven
782 1406 67 23 anlag,

93 1439 40 14 som
156 1439 72 14 annars
251 1433 131 25 tilläfventyrs
403 1434 43 23 gätt
461 1433 101 20 förlorado
578 1434 50 19 eller
642 1434 94 20 hämmats
752 1435 6 18 i
771 1434 30 19 sin
816 1436 33 17 ut-

92 1462 98 24 veckling,
205 1462 68 20 kunna
288 1462 86 19 utbildas
390 1462 36 19 och
442 1462 60 19 ställa
517 1462 32 19 för
563 1463 30 23 sig
607 1462 61 24 högre
682 1463 45 19 mäl.
754 1462 47 19 Men
815 1462 34 20 det

161 1499 104 19 Allmänna
277 1499 168 18 Besvärsutskottets
457 1499 112 19 betänkande
580 1499 38 19 N:o
630 1501 17 16 3.
