1070 1795
230 140 28 21 64
397 139 261 23 Motionsbetänkande
674 139 43 22 N:o
734 139 22 22 3.

201 208 75 27 börda,
298 217 46 13 som
366 208 27 22 de
409 209 18 28 ej
444 208 98 21 mäktade
558 208 62 27 bära;
636 208 41 21 och
692 211 32 18 att
739 207 68 22 under
822 207 80 22 sådana
916 207 45 22 för-

200 242 117 21 hällanden
342 242 147 28 stadgandena
509 250 34 13 om
566 242 172 28 underställning
760 241 41 22 och
820 241 78 22 besvär
913 241 47 22 icke

200 276 92 28 erbjuda
306 276 50 21 fullt
372 276 109 21 värksamt
495 276 117 27 korrektiv,
627 276 69 28 ligger
718 277 6 20 i
739 278 71 27 öppen
826 275 47 28 dag.
904 275 57 22 Slut-

201 310 59 28 ligen
283 312 50 26 äger
351 311 42 21 den
408 311 139 27 invändning,
563 318 46 14 som
624 311 28 21 bl.
668 319 17 13 a.
700 311 70 21 under
783 309 178 22 remissdebatten

201 345 8 20 i
224 344 93 22 ständen
332 345 83 21 anförts
430 345 90 21 rörande
537 345 71 21 vädan
623 345 23 21 af
661 353 26 13 en
704 345 77 21 allmän
797 343 105 30 läroplikt,
912 343 49 22 med

202 378 84 29 hänsyn
301 379 32 21 till
349 382 31 18 att
395 379 39 21 vär
449 379 184 28 skollagstiftning
644 379 50 21 sker
702 382 52 18 utan
762 378 130 22 Ständernas
902 377 59 22 med-

202 413 90 27 värkan,
315 414 33 20 sin
369 414 54 20 fulla
445 414 135 28 tillämpning
597 414 64 21 äfven
677 414 29 28 pä
720 413 124 22 Utskottets
859 412 81 28 förslag
955 412 6 20 i

201 447 74 21 denna
296 448 40 21 del.
365 448 51 21 Kan
439 448 76 21 allmän
538 448 101 27 läroplikt
661 455 63 14 anses
740 447 79 28 vädlig,
834 446 24 22 sä
872 446 41 21 blir
927 446 35 21 väl

202 481 73 22 vädan
299 483 18 27 ej
339 482 88 26 mindre,
443 481 28 22 dä
485 484 70 19 rätten
570 485 32 18 att
617 482 70 21 införa
702 481 101 28 läroplikt
819 481 142 21 öfverlämnas

202 515 24 21 ät
241 515 135 22 kommunen.
398 516 32 21 Pä
446 516 62 21 dessa
523 516 107 21 allmänna
644 516 95 28 grunder
750 515 68 22 finner
827 516 36 27 jag
873 515 89 22 Utskot-

202 553 44 18 tets
262 550 82 28 förslag
358 550 84 21 äfven
435 546 12 36 i
457 550 69 21 denna
542 550 36 21 del
594 550 124 28 oantagligt.

274 584 43 21 Till
342 584 90 21 anförda
459 585 133 28 principiella
616 585 47 20 skäl
684 584 35 21 för
743 583 154 22 betänkandets
919 583 44 21 för-

203 618 106 22 kastande
325 619 95 21 kommer
435 619 123 28 ytterligare
574 622 31 18 att
620 619 110 28 förslaget,
747 626 34 13 om
796 620 28 19 än
839 618 66 27 enligt
920 619 43 19 min

203 653 141 28 uppfattning
367 653 144 21 innebärande
534 661 26 13 en
582 653 108 28 väsentlig
707 653 129 27 förbättring
851 652 22 21 af
888 653 75 20 motio-

204 689 102 19 närernes
327 687 87 28 förslag,
429 688 7 20 i
452 687 96 22 enskilda
565 687 59 21 delar
638 687 57 22 dock
708 687 48 21 icke
771 689 24 18 är
809 687 33 20 till
857 686 107 21 affattnin-

203 728 43 21 gen
270 721 142 22 klanderfritt.
441 721 84 22 Främst
547 721 67 28 gäller
636 721 72 21 denna
730 721 140 27 anmärkning
896 720 67 21 första

204 755 135 28 paragrafen.
362 755 80 22 Kunde
465 755 40 21 den
521 755 109 22 betraktas
654 755 70 22 såsom
743 755 56 21 blott
813 754 108 21 uttalande
938 761 26 14 en

204 789 80 21 allmän
306 789 120 28 grundsats,
448 789 149 22 fastställande
624 797 26 14 en
673 790 44 21 viss
741 789 96 21 abstrakt
860 788 104 27 mänsklig

204 824 105 27 rättighet
324 827 31 18 att
370 824 80 21 erhålla
464 824 161 28 undervisning,
640 824 28 21 då
685 831 51 14 vore
753 823 41 21 den
810 823 31 21 till
857 823 36 21 sitt
905 823 59 20 inne-

205 857 44 21 håll
274 857 130 29 oförtydbar.
434 853 31 26 Är
487 858 41 21 den
545 858 101 26 däremot,
662 857 72 22 såsom
750 858 32 27 sig
797 857 44 26 bör,
856 859 31 18 att
902 864 61 13 anses

205 891 73 22 såsom
301 892 149 21 innehållande
474 899 25 14 en
523 894 121 24 rättsnorm,
665 895 31 18 ett
716 891 96 28 generelt
827 891 78 28 påbud,
920 891 45 20 län-

205 925 74 22 dande
302 926 32 21 till
355 926 141 21 efterrättelse
520 926 28 28 på
572 928 42 19 sätt
637 927 5 20 i
659 926 27 21 de
702 925 95 29 följande
813 925 152 29 paragraferna

206 961 99 20 närmare
328 960 92 28 stadgas,
443 960 24 21 så
489 961 71 20 kunna
583 961 105 20 tankarna
704 968 50 13 vara
770 959 75 22 delade
859 967 34 13 om
907 958 58 22 hvad

207 993 47 22 däri
270 995 84 20 uttalas.
384 994 53 21 Med
452 995 108 28 uttrycket
576 995 96 26 ,tillfälle
688 994 90 21 beredas
793 997 32 18 att
840 993 78 22 erhålla
926 1001 39 13 un-

206 1028 139 29 dervisning*
368 1029 38 20 bör
429 1029 34 21 väl
485 1030 7 19 i
514 1029 60 21 detta
597 1029 153 27 sammanhang
767 1028 56 21 afses
839 1028 54 21 blott
908 1027 57 22 skol-

207 1062 63 29 plikt,
293 1063 164 21 kommunernas
480 1063 123 28 skyldighet
625 1066 31 18 att
679 1064 79 20 inrätta
773 1063 77 26 skolor,
865 1062 101 21 eftersom

207 1096 137 29 läroplikten,
366 1097 64 21 hvars
454 1097 112 21 införande
583 1097 66 28 enligt
664 1097 103 27 förslaget
782 1098 62 27 göres
860 1095 106 22 beroende

207 1131 24 20 af
246 1130 142 22 kommunens
403 1131 158 28 godtfinnande,
577 1131 57 28 förty
650 1131 48 22 icke
707 1131 42 21 kan
756 1131 135 21 subsumeras
899 1130 68 21 under

207 1165 61 21 hvad
292 1166 7 20 i
318 1166 12 27 $
347 1166 11 20 1
374 1165 92 28 stadgas.
497 1165 125 22 Emellertid
638 1165 42 21 kan
696 1165 109 28 uttrycket
819 1165 95 26 ,tillfälle
930 1164 37 21 be-

208 1199 65 22 redas
302 1202 31 18 att
360 1199 79 22 erhålla
461 1199 165 28 undervisning”
648 1200 66 21 äfven
737 1207 62 13 anses
821 1199 71 28 åsyfta
914 1199 54 21 läro-

209 1233 63 28 plikt,
294 1233 34 21 för
347 1233 24 22 så
386 1234 47 21 vidt
447 1235 22 27 ju
484 1237 31 18 ett
529 1234 60 26 barn,
605 1241 44 14 som
666 1233 23 22 af
704 1233 132 22 föräldrarne
852 1233 47 21 icke
914 1235 53 19 satts

209 1268 7 20 i
232 1267 63 22 skola
310 1268 40 21 och
366 1268 47 21 icke
429 1268 52 21 läres
498 1268 83 21 hemma
597 1268 51 21 eller
664 1267 146 27 annorstädes,
823 1267 113 28 onekligen
945 1269 23 19 är

210 1302 6 20 i
232 1301 84 22 saknad
332 1302 22 21 af
369 1302 83 21 tillfälle
466 1302 32 21 till
513 1302 160 28 undervisning.
696 1302 36 21 Då
742 1301 227 28 lagförslaget
887 1297 10 37 i
904 1301 65 28 öfrigt

210 1336 50 21 icke
290 1337 86 27 stadgar
398 1343 34 14 om
454 1337 77 20 allmän
554 1337 106 27 läroplikt,
680 1336 105 28 fullföljes
806 1335 83 22 således
912 1337 7 19 i
942 1335 26 21 de

210 1377 77 14 senare
310 1370 151 29 paragraferna
483 1370 47 22 icke
553 1370 58 22 hvad
633 1371 7 20 i
661 1372 12 26 $
699 1371 11 21 1
727 1370 42 21 kan
784 1377 62 14 anses
862 1370 107 28 påbjudet.

210 1403 80 22 Första
304 1404 138 29 paragrafens
457 1404 94 21 innehåll
568 1407 24 18 är
607 1405 83 20 således
706 1405 129 20 åtminstone
851 1404 47 21 icke
913 1404 57 21 oför-

210 1437 90 14 tvdbart,
335 1438 53 21 Mon
412 1441 29 11 otft
463 1439 5 14 1

212 1451 93 14 tydbart
411 1454 30 5 ott
463 1438 122 29 lagförslag,
605 1439 63 21 hvars
686 1438 187 29 grundstadgande
889 1438 81 21 lämnar

636 1457 32 3 are
684 1457 39 10 G

282 1478 103 17 Allmänna
397 1477 167 18 Besvärsutskottets
577 1478 111 18 betänkande
701 1479 38 17 N:o
752 1478 31 17 20.
