1070 1795
272 107 13 20 2
379 106 80 23 Ständ.
476 107 51 22 Pet.
545 120 24 2 —
587 107 169 22 Petitionsbet.
771 107 43 22 N:o
829 107 36 22 33.

309 172 22 25 a)
354 172 199 29 omorganisation
576 173 26 21 af
618 173 108 28 samtliga
740 173 143 28 fyrklassiga
899 173 97 22 elemen-

240 206 116 22 tarskolor
378 207 9 21 i
402 207 80 21 landet
496 207 38 22 till
549 207 152 29 fomklassiga
716 207 165 22 mellanskolor
896 207 52 22 med
963 207 33 22 af-

240 241 91 21 slutade
352 241 88 28 kurser,
456 242 8 21 i
480 242 87 28 hvilka,
583 249 38 14 om
636 242 99 29 möjligt,
751 242 84 21 latinet
850 242 97 29 inginge
962 242 34 21 sä-

240 282 50 15 som
310 275 112 30 frivilligt
442 280 72 25 ämne,
537 279 60 19 samt
612 284 29 13 en
656 277 102 21 likartad
773 277 184 28 reorganisation
973 277 26 21 af

240 310 145 29 tväklassiga
400 311 211 22 elementarskolan
626 312 9 21 i
649 311 89 28 Kotka;

309 346 19 25 0)
344 346 133 21 inrättande
492 347 29 28 pä
536 348 88 20 statens
640 346 131 21 bekostnad
787 346 25 21 af
824 346 171 27 mellanskolor,

239 379 8 21 i
262 379 80 22 hvilka
355 380 88 29 jemväl
457 381 84 21 flickor
553 381 63 28 finge
627 382 123 27 mottagas,
761 380 36 22 uti
807 380 188 27 Fredrikshamn,

239 414 89 22 Tisalmi
344 416 43 21 och
402 416 99 22 Nurmes
517 418 61 19 samt
588 416 168 28 öfvertagande
767 416 26 21 af
801 416 119 21 enahanda
931 415 65 22 skola

238 449 9 20 i
262 450 94 28 Hangö;
373 450 120 22 äfvensom

309 485 18 27 c)
347 485 144 28 utvidgning
511 485 25 21 af
549 485 45 21 den
609 485 62 21 reala
685 485 75 28 linjen
776 485 41 22 vid
831 484 115 22 klassiska
961 483 33 29 ly-

239 525 83 15 ceerna
337 519 8 21 i
360 519 83 29 Borgä,
459 519 130 29 Jyväskylä
605 519 43 22 och
662 519 125 28 Uleäborg.

308 553 153 30 Fyrklassiga
483 554 212 28 elementarskolor,
712 553 92 22 hvilkas
820 553 126 28 omdaning
960 552 35 21 uti

238 587 160 22 förstberörda
413 589 203 28 petitionsförslag
631 588 66 28 afses,
709 589 82 26 finnas,
802 587 103 22 förutom
916 587 28 22 de
954 594 40 14 un-

239 622 42 21 der
303 623 143 28 indragning
466 623 99 22 varande
586 623 100 22 svenska
702 623 110 21 skolorna
826 623 9 21 i
849 622 146 29 Björneborg

238 657 46 21 och
304 657 154 22 Tammerfors
479 657 84 29 städer,
579 657 37 22 för
630 657 145 22 närvarande
790 657 8 21 i
814 657 107 21 städerna
935 656 60 22 Eke-

238 694 50 25 näs,
304 692 92 28 Lovisa,
412 692 187 29 Gamlakarleby,
614 692 101 22 Heinola
730 692 43 22 och
789 691 97 22 Torneä.

308 727 74 21 Dessa
404 727 79 22 skolor
505 727 88 22 erhöllo
616 727 36 21 sin
671 727 160 28 organisation
851 733 82 22 genom
949 725 46 22 för-

238 761 133 28 ordningen
387 761 45 22 den
448 763 27 20 23
485 761 102 29 Augusti
600 762 61 21 1883.
683 761 84 28 Enligt
778 761 76 22 denna
863 761 56 22 böra
930 760 65 22 dessa

238 795 86 27 skolor,
341 796 81 22 hvilka
437 796 81 21 trädde
533 796 8 21 i
557 796 79 22 stället
651 796 37 21 för
703 796 28 21 de
747 795 68 22 forna
829 795 164 28 realskolorna,

235 829 75 29 jemte
332 830 40 22 det
394 830 28 22 de
445 832 116 21 motsvara
584 831 28 21 de
634 830 155 29 fullständiga
808 831 120 28 lyceernas
942 829 52 29 fyra

237 865 78 28 lägsta
336 865 94 28 klasser,
454 865 71 22 hafva
541 865 38 22 till
595 865 61 29 syfte
672 867 35 20 att
722 865 106 22 meddela
843 865 40 21 det
897 865 59 21 mätt
971 863 26 22 af

237 899 107 28 vetande,
361 907 49 14 som
426 901 87 20 ansetts
529 899 83 30 nödigt
628 900 37 21 till
680 899 119 22 vinnande
814 899 25 22 af
847 898 91 23 inträde
948 898 9 21 i
967 898 27 21 de

238 934 120 28 särskilda,
381 935 37 20 för
433 934 28 21 de
476 934 121 29 praktiska
612 935 196 21 lefnadsbanorna
823 934 95 21 afsedda
932 933 63 22 fack-

237 969 111 21 skolorna
363 971 60 19 samt
438 969 63 28 tjena
516 969 97 22 sålunda
628 971 35 20 att
678 969 173 21 tillfredsställa
866 969 39 21 det
918 967 77 22 lokala

238 1003 165 22 skolbehofvet
426 1003 42 22 och
490 1003 140 29 möjliggöra
652 1003 211 29 barnauppfostran
878 1002 74 22 under
967 1002 27 21 de

237 1037 75 22 första
334 1038 107 21 skolåren
463 1038 30 29 på
514 1038 121 22 hemorten
658 1038 57 22 eller
738 1038 8 21 i
762 1039 45 20 den
822 1037 38 22 till
875 1037 119 22 hemorten

236 1075 104 19 närmast
355 1073 110 28 liggande
481 1073 89 22 staden.

307 1107 80 22 Under
409 1108 103 21 läseåren
529 1108 141 22 1890—1893
685 1107 42 22 har
743 1107 88 22 antalet
847 1107 82 27 elever,
945 1113 49 15 som

236 1141 54 22 från
305 1142 81 28 dylika
401 1142 78 22 skolor
495 1143 76 28 afgått
585 1142 50 21 före
652 1141 101 22 slutförd
768 1141 63 28 kurs,
847 1141 9 22 i
869 1141 71 29 årligt
950 1148 44 15 me-

237 1176 72 22 deltal
324 1177 91 28 utgjort
430 1178 33 27 32,
480 1177 83 21 medan
579 1176 171 22 årsmedeltalet
765 1176 36 21 för
812 1176 29 21 de
851 1176 82 27 elever,
946 1183 47 14 som

237 1210 96 22 slutfört
356 1211 92 28 kursen,
465 1211 61 21 varit
544 1212 33 21 35.
608 1211 81 21 Kändt
704 1214 25 18 är
745 1211 75 27 äfven,
837 1212 34 20 att
886 1217 29 14 en
930 1211 65 27 bety-

236 1245 72 22 tande
327 1245 37 22 del
380 1245 26 22 af
419 1245 28 22 de
463 1245 146 22 dimitterade
624 1245 52 22 icke
692 1245 111 22 fortsätta
817 1245 52 21 sina
884 1245 87 21 studier
986 1245 8 20 i

236 1279 84 28 lyceer,
344 1281 56 20 utan
414 1281 56 27 utgå
485 1280 8 21 i
509 1280 39 21 det
563 1279 121 30 praktiska
698 1279 76 22 lifvet.
804 1279 35 22 De
854 1279 141 28 fyrklassiga

236 1314 112 21 skolorna
362 1315 66 20 torde
444 1314 77 22 derför
535 1315 53 20 icke
604 1321 40 14 ens
660 1313 167 22 företrädesvis
842 1313 52 22 leda
909 1313 37 22 till
956 1313 39 21 det

235 1348 57 21 med
307 1348 51 22 dem
374 1348 83 22 främst
471 1348 95 22 afsedda
581 1349 76 27 målet,
674 1350 34 20 att
716 1350 85 26 utgöra
810 1347 185 29 parallelklasser

236 1382 40 22 till
298 1383 27 22 de
341 1383 153 29 fullständiga
509 1384 119 28 lyceernas
644 1383 53 29 fyra
711 1383 78 28 lägsta
803 1382 96 22 klasser.
928 1382 66 21 Fast-

236 1425 50 14 mer
309 1425 69 21 synas
402 1418 28 21 de
450 1418 69 22 hafva
535 1419 111 28 gestaltat
660 1418 38 28 sig
712 1417 39 22 till
765 1417 128 22 fristående
908 1417 87 21 läroan-
