1070 1795
198 155 82 23 Ständ.
296 155 52 22 Pet.
366 169 23 2 —
408 155 169 22 Petitionsbet.
594 155 41 21 N:o
650 154 36 22 33.
778 155 14 20 5

65 221 108 22 afseende
196 221 87 21 fästadt
304 221 30 28 på
355 220 112 23 behofvet
489 220 25 21 af
527 227 29 14 en
571 220 47 21 real
633 219 186 29 bildningslinje.

65 256 36 21 Då
123 256 28 21 de
174 256 82 27 elever,
280 262 49 15 som
352 255 49 22 valt
422 255 77 21 denna
514 262 86 20 senare,
616 255 137 28 genomgått
767 254 54 28 fyra

65 290 147 28 skolklasser,
235 290 41 21 har
298 289 36 22 för
357 290 51 21 dem
428 289 60 22 varit
504 289 145 28 nödvändigt
664 290 35 20 att
714 289 57 21 söka
785 289 35 20 in-

65 325 65 21 träde
152 325 8 21 i
176 326 71 19 annat
262 324 112 28 läroverk,
391 324 78 21 derest
484 323 66 22 deras
567 323 115 28 skolgång
697 323 70 22 afsett
782 330 38 21 ge-

65 359 155 28 nomgåendet
243 359 25 21 af
288 358 101 22 afslutad
408 358 140 28 fullständig
564 357 189 22 elementarkurs.
783 357 37 21 En

67 393 131 23 omedelbar
214 393 128 29 öfvergäng
352 393 37 21 till
400 393 44 21 den
456 392 115 22 klassiska
581 392 85 29 linjens
677 392 73 28 högre
760 392 60 22 klas-

67 436 37 14 ser
119 432 25 18 är
159 428 119 29 sjelffallet
292 428 51 21 icke
358 428 89 28 möjlig,
464 427 29 21 dä
503 428 13 20 å
527 427 44 21 den
581 427 61 21 reala
653 426 74 29 linjen
738 426 81 22 under-

66 463 94 28 visning
176 463 8 21 i
199 462 59 21 latin
274 461 50 22 icke
340 462 74 28 ingär.
437 462 51 21 Den
504 461 63 22 reala
581 461 85 29 linjens
678 461 77 22 elever
764 461 56 21 hän-

67 498 61 21 visas
144 497 88 22 säledes
246 497 37 21 till
294 497 27 21 de
332 496 153 29 fullständiga
496 496 161 29 reallyceerna,
669 496 152 28 hvarigenom

67 533 93 28 ombyte
176 532 25 21 af
214 532 90 21 skolort
318 531 43 22 och
376 531 101 22 barnens
493 531 117 21 sändande
624 531 38 21 till
678 538 29 14 en
722 531 8 20 i
742 531 28 20 de
780 530 40 21 fle-

67 569 36 20 sta
125 567 42 22 fall
189 567 66 28 längt
278 566 100 29 aflägsen
399 565 52 22 stad
471 565 46 22 blir
532 565 150 28 nödvändigt.
711 565 110 22 Förbises

66 602 35 21 fär
121 601 20 29 ej
159 601 79 28 heller,
254 603 35 19 att
304 608 28 14 en
348 600 78 22 direkt
440 600 125 29 intagning
580 600 8 21 i
603 600 71 21 femte
689 600 94 21 klassen
798 599 26 22 af

66 636 156 29 reallyceerna
237 635 51 22 icke
304 635 45 21 kan
360 635 176 28 ifrägakomma,
549 638 54 18 enär
613 635 113 21 kurserna
736 635 8 20 i
755 634 66 21 dessa

67 674 38 18 äro
121 671 8 21 i
145 670 130 28 väsentliga
288 669 98 28 stycken
396 669 146 22 annorlunda
552 669 100 22 ordnade
663 673 29 17 än
702 669 8 21 i
721 669 28 21 de
760 669 61 21 reala

66 705 100 28 linjerna
181 704 41 22 vid
237 704 27 21 de
281 704 115 21 klassiska
410 704 115 28 lyceerna.

135 740 47 21 För
204 741 35 19 att
260 738 104 22 undvika
379 738 67 22 dessa
461 738 150 29 olägenheter
626 737 70 22 hafva
711 738 13 21 å
740 745 28 14 en
784 738 38 21 del

67 776 62 19 orter
151 774 50 21 från
219 773 106 22 enskilda
340 780 121 22 personers
478 773 56 21 eller
549 773 153 21 kommunens
718 773 49 21 sida
783 780 38 14 an-

67 809 165 28 strängningar
254 808 74 29 gjorts
351 808 37 21 för
410 807 155 29 upprättande
581 807 39 22 vid
635 808 76 28 lyceer
726 807 26 22 af
764 808 58 21 real-

67 843 70 28 linjer
152 843 52 22 från
219 843 71 21 femte
301 842 93 22 klassen
406 843 78 28 uppåt.
501 842 90 21 Sådana
601 842 61 21 reala
672 842 69 29 linjer
752 842 70 21 hafva

67 877 137 22 tillkommit
220 877 39 21 vid
274 877 101 21 svenska
389 877 109 28 lyceerna
508 877 8 21 i
526 876 147 22 Nikolaistad
684 879 60 19 samt
754 877 67 21 Uleå-

68 912 65 28 borg;
149 911 43 22 och
207 911 9 22 i
231 911 87 28 Viborg
333 911 70 22 hafva
418 911 212 28 stadsfullmäktige
639 911 100 28 anslagit
747 911 75 21 medel

68 947 37 21 till
120 946 142 22 bekostande
278 945 74 22 under
366 946 34 21 tio
416 946 36 21 års
468 945 36 22 tid
519 945 26 22 af
557 946 66 28 dylik
636 946 57 27 linje
704 946 40 21 vid
755 953 67 14 sven-

67 981 43 22 ska
125 981 76 29 lyceet
216 980 124 22 derstädes.

136 1016 47 21 För
206 1015 66 21 dessa
288 1015 162 28 paralellinjer,
466 1014 81 22 hvilka
563 1014 97 22 omfatta
674 1016 28 21 45
717 1015 104 21 timmars

68 1050 170 28 undervisning
260 1050 8 21 i
283 1049 89 22 veckan
387 1049 94 22 utöfver
496 1049 115 22 ordinarie
626 1049 195 29 lektionsplanen,

67 1085 47 21 kan
129 1084 130 22 kostnaden
274 1084 114 21 beräknas
404 1084 37 21 till
456 1084 89 21 inemot
561 1085 62 27 7,000
638 1084 64 21 mark
718 1091 37 14 om
766 1085 55 20 året.

135 1119 37 22 En
188 1119 71 22 sådan
274 1119 100 21 kostnad
388 1119 66 21 torde
469 1119 9 21 i
494 1119 28 21 de
537 1119 66 21 flesta
616 1119 42 21 fall
668 1119 155 28 omöjliggöra

67 1154 133 21 inrättande
216 1153 42 22 och
274 1153 204 29 upprätthållande
493 1153 26 22 af
532 1153 79 29 dylika
626 1153 74 29 linjer,
711 1161 36 14 om
758 1153 64 22 kom-

67 1195 113 15 munerna
203 1189 37 20 för
254 1188 51 21 dess
321 1188 148 21 bestridande
486 1187 73 22 blifva
573 1188 126 21 hänvisade
714 1188 49 21 helt
779 1188 43 21 och

67 1223 73 21 hållet
154 1223 37 21 till
207 1223 37 28 sig
259 1222 89 29 sjelfva.
371 1223 138 21 Kostnaden
524 1222 37 22 för
576 1230 29 14 en
614 1223 106 28 reallinje
730 1223 93 21 komme

67 1257 118 22 dessutom
208 1259 34 20 att
258 1257 93 28 obilligt
370 1257 87 22 drabba
472 1257 45 22 den
533 1257 56 28 stad,
605 1257 8 22 i
628 1257 96 22 hvilken
740 1257 83 22 skolan

67 1295 24 18 är
106 1291 98 30 förlagd,
221 1291 29 22 dä
264 1291 75 22 denna
355 1299 78 14 ensam
450 1292 76 21 skulle
541 1292 55 21 bära
610 1293 90 27 tungan
716 1292 24 21 af
747 1299 28 14 en
784 1299 38 14 an-

67 1326 105 28 ordning,
196 1326 83 22 hvaraf
293 1326 58 21 dock
367 1328 35 19 ett
416 1326 117 28 betydligt
548 1326 167 21 vidsträcktare
730 1326 93 21 område

68 1361 82 28 drager
172 1360 81 22 fördel.
283 1360 83 22 Denna
382 1361 113 21 orättvisa
510 1360 46 22 blir
571 1360 64 22 desto
651 1362 73 20 större
736 1360 28 29 ju
779 1360 44 22 fat-

67 1395 74 28 tigare
157 1395 43 22 och
214 1395 90 21 mindre
318 1395 136 22 skolstaden
470 1399 31 18 är.
525 1395 46 22 Vid
586 1395 82 22 sådant
678 1395 144 22 förhållande

67 1437 70 20 synes
154 1429 39 22 det
208 1430 84 28 billigt,
309 1433 34 18 att
358 1430 142 21 statsverket
515 1430 90 21 ikläder
620 1430 36 28 sig
672 1431 76 27 någon
759 1430 63 21 kost-

66 1463 47 22 nad
127 1463 37 22 för
179 1464 213 29 tillmötesgåendet
407 1464 25 22 af
440 1465 137 28 yrkandena
587 1465 29 28 på
626 1465 129 28 reallinjers
766 1471 56 22 upp-
