1070 1795
267 150 278 23 Petitionsbetänkande
561 150 45 23 N:o
621 150 35 22 17.
789 151 24 20 11

84 218 158 29 uppfattning,
266 225 48 14 som
335 218 40 21 vid
400 218 150 21 läraremötet
575 218 14 21 &
611 218 106 22 Mustiala
739 218 104 21 uttalats.

84 253 87 21 Härom
194 256 66 25 säges
281 253 117 28 nemligen
419 252 9 21 i
456 252 153 21 förenämnda
634 252 122 21 utlåtande
782 253 61 28 (pag.

85 288 44 26 57):
154 287 51 26 ,Då
226 287 71 21 redan
318 286 40 22 det
372 286 86 22 hittills
474 286 59 22 både
549 287 119 28 offentligt
683 286 43 22 och
742 286 103 22 enskildt

86 321 104 22 uttalade
205 321 108 22 klandret
327 323 49 20 mot
392 321 28 21 de
436 321 107 29 tvääriga
549 321 235 28 jordbruksskolorna
792 321 51 22 huf-

86 355 155 28 vudsakligen
263 355 50 29 gält
333 355 28 21 de
384 355 68 29 ringa
467 355 133 29 kunskaper
615 355 43 22 och
674 355 110 22 särskildt
799 355 45 22 den

87 397 75 15 ovana
184 389 40 22 vid
246 389 129 22 ordnandet
398 389 43 22 och
465 390 110 21 ledandet
591 391 27 20 af
630 390 110 21 arbetena
755 390 39 21 vid
810 392 35 19 ett

84 425 119 29 jordbruk,
226 425 95 22 hvilken
344 426 109 21 eleverna
475 426 41 21 vid
531 426 42 21 sitt
587 426 93 21 utträde
695 433 28 14 ur
738 426 82 22 skolan
835 426 9 21 i

85 460 64 29 regel
171 459 91 27 besitta,
286 461 25 20 sä
330 459 46 22 kan
391 459 267 29 Landtbruksstyreisen
674 460 20 29 ej
710 460 60 22 fatta
784 460 61 22 huru

87 494 66 22 dessa
175 494 90 27 brister,
288 494 80 21 hvilka
391 493 95 22 vidläda
508 494 78 22 skolor
607 494 53 21 med
675 495 92 28 tvåårig
781 495 62 27 kurs,

87 529 73 21 skulle
177 529 79 21 kunna
271 528 113 29 afhjelpas
400 535 85 22 genom
501 529 78 21 skolor
594 528 52 22 med
662 529 82 21 endast
754 529 91 21 hälften

87 563 25 22 sä
134 563 56 28 lång
212 563 109 27 lärotid';
344 566 60 18 samt
418 563 82 22 vidare
516 568 59 23 (pag.
591 564 42 23 58):
664 580 4 9 ,
671 563 87 27 Under
772 563 72 22 förut-

88 598 104 28 sättning
215 597 26 22 af
254 600 34 19 att
303 597 36 21 till
355 597 28 21 de
399 597 102 29 ettäriga
512 597 235 29 jordbruksskolorna
762 597 81 21 endast

88 632 77 21 elever
187 631 53 22 med
261 633 93 27 mycket
374 631 62 29 goda
459 631 169 29 förkunskaper
649 631 74 22 skulle
745 631 98 29 intagas,

86 666 78 21 kunde
186 666 121 21 resultatet
327 666 27 21 af
370 666 68 21 dessa
461 666 90 21 skolors
571 666 147 21 verksamhet
734 666 110 29 möjligen

86 700 84 22 utfalla
191 708 28 13 en
242 700 74 21 smula
330 700 139 29 lyckligare;
485 708 54 13 men
554 701 8 21 i
578 700 46 21 alla
639 700 42 21 fall
696 701 73 20 mäste
784 700 60 22 dock

87 735 144 22 inrättandet
254 734 26 22 af
298 735 24 21 sä
342 735 134 21 beskaffade
498 735 107 21 läroverk
631 742 67 14 anses
719 735 76 21 säsom
810 737 35 19 ett

87 769 69 29 högst
178 769 92 22 osäkert
291 770 167 28 experiment'';
475 769 60 22 dock
550 772 35 19 att
600 769 74 22 under
688 769 68 27 vissa,
773 769 26 22 af
811 769 33 22 1o-

87 804 54 21 kala
160 804 198 29 omständigheter
372 804 127 29 betingade
514 804 163 22 förhällanden
692 804 87 22 sädana
794 804 51 21 sko-

87 838 35 22 lor
142 838 79 21 kunna
242 846 56 14 vara
317 839 30 28 pä
368 839 36 21 sin
419 838 69 29 plats,
505 839 75 21 säsom
595 839 18 21 i:
644 856 5 9 ,
652 838 98 29 Kajana
765 838 78 27 härad,

87 872 41 22 der
150 873 207 28 tjärubränningen
382 873 119 22 härintills
529 873 110 28 upptagit
667 873 177 27 befolkningens

87 907 44 27 tid;
156 907 84 21 Salmis
262 907 78 24 härad,
364 907 40 22 der
427 907 135 28 folklynnet
580 911 25 17 är
620 914 62 14 mera
698 907 96 28 anlagdt
808 906 37 22 för

87 941 85 28 handel
195 941 43 22 och
261 941 109 22 fraktfart
393 941 43 22 och
460 941 41 22 der
523 941 179 29 befolkningens
718 941 54 29 låga
786 941 59 22 bild-

86 975 128 29 ningsgrad
237 976 116 29 knappast
374 983 40 14 ens
437 975 55 22 lätit
511 976 134 21 densamma
660 976 49 21 inse
724 975 119 23 landtbru-

87 1010 52 21 kets
161 1010 101 21 fördelar
282 1010 96 22 framför
399 1013 74 18 annat
501 1010 117 29 tillfälligt
641 1009 97 28 förvärf;
763 1009 80 22 vidare

87 1038 85 33 Äland,
195 1044 41 22 der
258 1045 161 28 skeppsfarten
442 1045 117 21 härintills
582 1045 61 21 varit
665 1044 178 29 befolkningens

87 1079 129 22 förnämsta
236 1079 171 27 inkomstkälla,
430 1081 61 19 samt
515 1079 111 28 slutligen
650 1079 93 21 Nurmis
765 1078 78 26 härad,

87 1113 41 22 der
143 1113 163 29 stockhygget,
321 1113 242 28 virkesutdrifningen
579 1113 43 22 och
637 1113 184 28 skogsnäringen
835 1112 9 21 i

88 1147 128 22 allmänhet
237 1147 116 22 härintills
376 1148 89 21 lemnat
487 1147 168 29 befolkningen
678 1147 50 22 dess
751 1147 93 29 knappa

87 1182 124 22 utkomst".

156 1216 42 22 Uti
214 1216 39 22 det
267 1217 89 28 förslag
370 1217 38 21 till
415 1216 143 29 reglemente
566 1216 36 21 för
611 1215 233 30 jordbruksskolorna

88 1251 9 21 i
118 1250 109 28 Finland,
250 1258 49 14 som
318 1251 92 28 åtföljer
425 1251 277 28 Landtbruksstyrelsens
717 1249 127 28 utlåtande,

90 1285 67 28 ingår
170 1284 76 22 under
260 1285 12 28 $
288 1286 26 20 18
326 1285 88 28 jemväl
429 1285 105 28 följande
549 1285 154 28 bestämning,
719 1291 49 15 som
778 1284 8 21 i
794 1283 52 22 huf-

88 1319 89 22 vudsak
200 1319 216 22 öfverensstämmer
436 1319 54 22 med
506 1319 40 22 det
560 1319 8 22 i
583 1319 131 29 petitionen
729 1326 36 14 n:o
783 1320 9 20 1
809 1321 37 19 ut-

88 1353 78 22 talade
188 1354 200 28 önskningsmålet
410 1360 38 15 om
471 1353 131 22 beaktande
617 1353 40 21 vid
669 1352 177 30 jordbrukssko-

88 1388 66 21 lorna
170 1388 26 21 af
208 1388 260 29 landthushållningens
483 1388 155 22 räntabilitet:
661 1388 110 28 ,Skolans
783 1386 64 30 jord-

89 1422 65 28 bruk,
170 1422 192 22 kreatursskötsel
378 1422 42 22 och
436 1422 233 29 mejerihushällning
684 1422 55 21 böra.
755 1423 25 20 sä
795 1421 51 22 ord-

89 1464 48 20 nas,
153 1459 35 19 att
204 1457 122 27 desamma,
342 1463 84 22 genom
444 1459 36 19 att
497 1456 117 22 bedrifvas
629 1456 110 22 rationelt
758 1455 43 23 och
816 1456 31 29 på

156 1496 183 18 Ekonomiutskottets
352 1496 112 18 betänkande
476 1496 39 18 N:o
527 1497 18 17 5.
