1070 1795
199 145 82 22 Ständ.
297 145 52 22 Pet.
366 158 27 2 —
409 145 170 22 Petitionsbet.
595 145 41 22 N:o
652 144 35 22 29.
780 146 13 20 5

65 211 113 28 nerligast
194 218 48 14 som
263 218 29 14 en
313 210 97 22 sålunda
432 210 122 22 bedrifven
577 210 79 28 fångst
674 210 51 21 icke
749 209 72 22 sällan

65 245 61 28 röjer
149 253 29 14 en
201 253 47 21 nog
268 247 48 20 stor
334 245 169 28 förvandtskap
519 245 53 21 med
591 245 149 28 djurplågeri,
756 244 66 21 torde

66 279 59 22 dock
147 280 6 21 i
177 280 108 21 afseende
307 281 13 20 å
342 280 28 21 de
395 281 63 20 östra
480 280 43 21 och
546 287 68 14 norra
638 279 94 21 delarna
748 279 75 21 denna

65 314 80 29 fångst
160 318 62 17 ännu
237 322 54 13 vara
306 314 25 21 af
344 315 26 20 så
385 316 49 19 stor
448 314 121 29 betydelse
582 314 37 21 för
630 314 128 28 allmogens
769 313 54 21 eko-

65 349 70 27 nomi,
152 351 34 19 att
201 351 33 19 ett
250 349 137 28 ovilkorligt
402 349 85 21 förbud
503 349 8 21 i
526 349 82 28 frågan
622 355 36 14 om
670 348 66 21 dessa
746 347 77 22 lands-

66 383 63 21 delar
145 383 51 22 icke
212 391 54 14 vore
282 383 143 22 välbetänkt.
451 383 35 29 Ty
497 391 37 14 om
551 383 42 22 ock
609 383 157 28 skjutvapnen
781 389 41 14 nu-

67 426 61 14 mera
151 422 37 18 äro
211 420 86 27 ytterst
319 418 88 29 billiga,
432 422 24 18 är
475 418 59 22 dock
549 418 163 22 anskaffandet
727 418 43 21 och
785 417 38 21 be-

66 453 132 28 gagnandet
221 453 25 21 af
266 453 51 21 dem
341 453 109 21 förenadt
471 453 53 21 med
540 453 86 21 sådana
641 452 131 28 kostnader,
789 454 34 19 att

66 488 100 28 mången
182 488 51 21 icke
248 495 56 14 vore
318 488 9 21 i
342 487 70 22 stånd
428 489 33 20 att
477 487 106 22 använda
599 487 85 29 dylika.

135 522 68 21 Hvad
226 523 111 28 slutligen
360 522 132 29 rofdjurens
515 522 117 21 utödande
657 522 73 28 angår
755 521 68 22 hafva

66 557 92 21 härtills
178 557 197 28 hufvudsakligen
395 559 87 19 tvänne
504 557 61 28 slags
582 557 107 28 åtgärder
704 557 119 28 vidtagits,

66 591 118 28 nämligen
200 591 49 21 dels
264 591 126 21 utdelande
405 591 26 21 af
444 591 143 28 belöningar,
607 591 49 21 dels
672 591 151 21 vederböran-

67 625 39 21 des
131 625 157 29 förpliktande
311 627 34 20 att
366 625 92 29 deltaga
473 626 9 21 i
497 626 130 28 skallgång.
657 625 12 22 I
684 625 58 22 båda
758 625 66 22 dessa

66 659 43 22 fall
133 660 41 21 har
198 660 72 21 saken
295 661 74 28 gjorts
394 661 38 20 till
458 668 29 13 en
512 660 311 29 kommunalangelägenhet.

67 694 54 22 Men
143 698 55 18 enär
220 695 78 21 landet
313 695 8 21 i
337 695 52 21 dess
413 695 79 22 helhet
515 696 73 20 måste
610 695 94 21 komma
726 697 34 19 att
777 695 48 21 lida

66 736 85 21 genom
174 729 27 22 de
224 729 120 28 ansenliga
368 729 85 22 skador
475 729 122 29 rofdjuren
617 729 89 28 årligen
722 729 8 22 i
745 729 79 22 landet

66 763 120 22 förorsaka
202 764 42 21 och
260 764 40 21 det
315 764 77 21 derför
407 771 56 14 vore
479 764 112 29 önskligt,
607 766 35 19 att
649 764 88 28 jemväl
748 765 76 20 staten

67 798 87 21 utfäste
169 799 77 28 någon
269 799 113 28 belöning
397 799 37 21 för
450 801 35 19 att
499 801 142 26 uppmuntra
654 799 82 28 jagten
752 799 12 20 å
779 798 46 22 rof-

69 833 58 28 djur,
151 833 115 28 föreslogs
288 833 8 22 i
317 833 136 22 förberörda
475 834 38 21 till
536 835 54 20 1882
609 834 35 21 års
662 833 112 28 landtdag
792 833 33 21 af-

69 867 64 22 låtna
155 868 152 28 proposition,
330 870 34 19 att
387 868 25 21 af
434 868 134 21 statsmedel
594 868 76 21 skulle
692 868 37 21 till
752 867 27 22 de
802 867 25 22 af

68 902 168 21 kommunerna
258 902 88 21 utfästa
368 903 132 28 premierna
518 902 129 29 tillskjutas
664 905 33 19 ett
712 902 60 22 visst
787 902 38 21 be-

67 937 61 28 lopp,
152 937 58 21 dock
234 937 82 21 endast
338 937 36 22 för
397 937 106 22 dödande
526 937 25 22 af
569 945 63 20 varg,
652 937 75 29 björn,
744 937 21 22 lo
782 937 43 21 och

65 971 54 28 jerf.
150 971 70 21 Detta
242 971 88 29 förslag
348 971 42 22 har
411 972 72 28 gifvit
503 972 131 21 Ständerna
649 972 127 28 anledning
791 973 34 20 att

69 1006 8 21 i
93 1006 64 21 detta
172 1006 166 28 sammanhang
353 1008 55 26 taga
423 1007 9 20 i
448 1006 178 29 öfvervägande,
643 1007 115 21 huruvida
773 1006 52 21 icke

67 1042 77 19 staten
166 1041 71 21 borde
260 1041 28 28 pä
306 1041 109 28 lämpligt
430 1043 47 19 sätt
493 1041 96 28 bidraga
604 1041 37 21 till
657 1041 167 28 skadedjurens

67 1075 129 22 utrotande.
228 1075 41 21 Om
293 1075 42 21 ock
358 1075 40 21 det
421 1075 86 22 hittills
527 1075 74 28 följda
616 1077 112 27 systemet
744 1075 81 22 verkat

67 1109 94 28 derhän,
178 1111 34 20 att
228 1109 44 22 den
288 1109 76 28 skada,
382 1117 50 14 som
446 1109 25 22 af
484 1109 121 30 rofdjuren
624 1110 104 21 orsakats
744 1111 13 20 å
771 1110 52 21 hus-

67 1144 89 28 djuren,
180 1145 24 20 är
226 1144 36 21 för
286 1145 23 20 år
332 1145 122 27 minskats,
478 1145 42 21 har
543 1145 59 20 dock
623 1144 134 29 derigenom
773 1145 52 21 med

67 1178 91 29 hänsyn
173 1179 37 21 till
226 1179 38 21 det
279 1179 93 28 nyttiga
387 1179 141 21 villebrädet
543 1179 55 28 föga
612 1179 104 22 vunnits.
747 1179 35 28 Ty
797 1179 27 22 de

67 1213 137 21 kommuner
219 1213 65 22 torde
300 1221 54 14 vara
368 1215 88 27 ytterst
471 1213 29 28 fä,
517 1213 8 21 i
540 1213 80 22 hvilka
630 1213 195 29 skottpenningar

67 1247 112 22 utbetalts
201 1247 37 22 för
260 1248 71 21 andra
351 1248 127 28 skadedjur
493 1251 29 18 än
539 1248 27 21 de
582 1248 164 28 nyssnämnda.
777 1248 48 22 Och

67 1282 59 21 dock
152 1285 24 18 är
200 1282 38 21 det
258 1283 50 28 just
330 1282 28 21 de
381 1282 92 21 mindre
499 1282 162 29 skadedjuren,
685 1283 74 21 säsom
782 1283 41 27 räf,

67 1317 65 21 mård
155 1317 43 21 och
220 1317 120 27 hermelin,
364 1317 122 22 äfvensom
509 1317 26 21 af
555 1317 74 28 fåglar
648 1317 83 22 främst
746 1317 77 28 ufven,

67 1350 84 28 höken,
167 1351 86 27 falken,
269 1351 88 29 korpen
374 1351 43 21 och
433 1351 96 28 kräkan,
546 1351 80 21 hvilka
641 1351 71 22 bland
723 1352 39 21 det
772 1354 53 26 nyt-

67 1385 50 28 tiga
132 1385 139 22 villebrädet
286 1386 161 21 åstadkomma
462 1386 45 21 den
523 1387 85 20 största
618 1386 139 23 förödelsen.
782 1386 43 21 Om

69 1419 78 22 dessas
156 1420 123 21 utrotande
288 1420 70 21 borde
366 1428 54 13 man
430 1420 78 22 derför
519 1427 63 15 mera
591 1423 30 18 än
631 1420 116 22 härintills
758 1421 67 21 vinn-

67 1454 69 28 lägga
152 1455 42 28 sig.
224 1454 44 22 Väl
283 1455 69 21 hafva
368 1455 28 21 de
412 1455 8 21 i
435 1455 80 21 landet
536 1455 145 21 existerande
694 1455 131 29 jagtvärds-
