1070 1795
278 145 241 22 ”Petitionsbetänkånde
527 143 41 23 Nid
577 139 37 40 39.
774 145 14 21 3

55 203 35 18 och
103 203 42 17 icke
159 207 23 13 en
195 202 49 18 enda
256 202 36 23 dag
304 202 66 18 arbeta
382 202 8 17 i
403 201 56 18 dessa
471 201 115 18 kommuner.
605 201 34 18 Om
652 201 23 17 de
688 202 57 20 strax,
758 200 23 18 dä
793 201 24 18 de

55 231 76 23 flyttade
145 233 27 16 att
184 231 23 18 bo
220 231 7 17 i
240 230 76 18 stadens
328 231 179 25 grannkommuner,
516 229 62 18 blifvit
591 229 33 18 der
634 225 188 37 författningsenligt

55 259 159 22 mantalsskrifne,
227 259 35 18 och
278 258 97 27 städernas
394 250 130 39 kyrkoherdar
534 254 67 27 "vägrat
614 255 27 21 att
653 253 82 28 mottaga
747 258 70 17 sådana

55 288 159 23 flyttningsbetyg,
226 285 74 20 hvilkas
316 293 56 23 egare
388 283 103 27 veterligen
509 286 61 19 bodde
584 286 75 18 utanför
672 286 75 18 stadens
760 286 57 19 tullar

55 317 71 22 (såsom
143 317 22 18 de
178 322 26 13 nu
217 316 58 19 redan
289 313 61 26 göra),
363 317 20 17 sä
396 316 48 18 hade
458 311 97 23 städervas
568 315 172 23 grannkommuner
752 314 64 23 säker-

55 347 51 26 ligen
121 345 63 18 blifvit
196 345 83 22 skonade
292 345 28 18 för
334 345 56 18 dessa
402 345 153 22 arbetarehopar,
568 347 19 23 ty
603 345 43 30 sina
658 339 159 37 Alyttningsbetyg

55 369 45 29 vilja
112 375 114 26 åtminstone
236 369 101 23 'städernas
350 374 88 18 arbetare
450 374 25 23 pä
487 373 45 23 inga
544 367 62 24 vilkor
618 368 64 32 uttaga
686 369 48 21 "från
739 372 77 26 staden,

54 403 43 19 icke
111 408 33 14 ens
157 398 42 23 när
204 401 34 27 de
242 401 62 20 blifvit
315 403 7 17 i
334 408 24 13 en
371 408 63 13 annan
448 402 89 18 kommun
549 392 158 41 mantålsskrifne.

123 425 90 35 Möjligen
229 426 37 34 gör
285 437 40 13 man
345 430 36 20 den
401 430 122 24 invändning,
539 433 28 16 att
581 424 176 27 häradsskrifvaren
766 424 50 24 icke

55 461 34 18 har
107 463 38 16 rätt
162 463 28 16 att
208 461 6 18 i
233 466 62 13 annan
313 460 89 19 kommun
421 460 152 18 mantalsskrifva
589 460 45 28 den,
644 465 40 13 som
701 459 80 19 allenast
793 459 24 23 på

54 489 60 24 grund
133 489 21 18 af
170 489 121 23 arbetsbetyg
306 490 57 17 vistas
377 489 40 18 der.
441 489 44 18 Men
498 489 81 18 förutom
591 491 27 15 att
630 485 6 21 i
644 481 46 26 "Åbo
703 488 113 23 grannkom-

54 524 68 12 muner
139 518 59 19 redan
216 518 60 18 finnes
296 519 90 18 Senatens
402 518 109 24 prejudikat
526 518 6 17 i
550 517 52 18 detta
613 517 41 22 fall,
666 517 75 29 stadgar
754 517 22 17 12
787 517 10 21 $
809 516 7 18 i

55 552 44 19 nyss
114 547 98 18 uttärdade
225 546 78 24 Nådiga
309 547 115 23 förordning
437 552 30 13 om
479 544 100 26 personela
591 538 129 39 utskylderna,
733 548 27 15 att
771 545 46 18 hvar

55 576 35 18 och
109 580 23 13 en
151 575 48 18 skall
218 576 7 17 i
240 575 68 18 mantal
325 576 93 23 upptagas
434 576 12 19 &
461 574 36 19 den
510 577 35 19 ort,
557 574 34 19 der
603 575 37 18 han
653 570 34 23 har
700 569 32 23 sitt
744 574 23 18 bo
781 574 35 17 och

54 603 85 19 hemvist.
164 604 34 18 Om
214 603 178 20 häradsskrifvaren
404 605 7 16 i
426 604 51 18 detta
490 603 89 18 afseende
593 603 42 18 icke
648 600 60 21 skulle
721 602 45 23 följa
778 602 39 18 för-

54 632 110 24 ordningen,
183 633 63 18 blefve
263 638 22 13 en
301 638 62 13 massa
379 633 86 18 arbetare
481 635 94 21 upptagna
591 637 38 13 som
643 631 111 19 lösdrifvare
766 631 7 18 i
786 632 30 17 sin

54 661 51 18 förra
122 661 137 22 hemkommun,
279 659 34 20 der
331 662 23 18 de
372 662 7 17 i
399 662 23 17 de
441 661 55 19 flesta
514 661 32 18 fall
565 661 61 18 skulle
645 661 75 22 erlägga
732 660 84 18 hvarken

53 687 72 25 krono-,
143 690 120 18 kommunala
280 690 45 18 eller
342 690 88 23 kyrkliga
445 690 103 24 utskylder,
561 689 24 19 dä
597 689 23 18 de
632 689 96 22 kaitänkä
740 688 76 19 befinna

54 719 30 24 sig
97 720 35 23 på
145 715 62 22 okänd
220 720 46 19 ort",

123 749 23 17 12
164 749 9 22 $
192 748 7 17 i
216 753 45 18 nyss
280 748 81 17 nämnda
377 748 70 17 nådiga
461 747 112 24 förordning
588 745 105 26 medgifver
704 746 111 23 visserligen

53 775 94 25 styrelsen
165 778 38 17 rätt
218 776 32 19 att
257 776 134 22 ,föreskrifva
407 753 102 41 jin
525 773 42 21 frän
580 776 54 18 ofvan
648 775 51 24 gifna
711 775 58 23 regel,
782 775 34 18 der

54 805 72 19 sådana
138 807 32 16 äro
183 802 22 21 af
214 803 144 20 förhållandena
370 805 119 23 påkallade",
497 805 35 18 och
543 805 70 18 sådana
622 804 193 23 undantagsstadgan-

54 834 37 18 den
104 832 51 21 "hålla
167 839 40 14 som
219 835 43 17 bäst
274 835 24 22 pä
311 836 27 16 att
351 835 103 21 utarbetas,
467 830 52 26 men,
529 832 22 21 så
562 832 41 21 vidt
612 833 34 24 jag
658 833 71 22 erfarit,
741 833 74 18 komma

54 862 56 19 dessa
125 863 119 23 stadganden
259 863 43 18 icke
317 865 29 16 att
357 863 69 18 beröra
438 863 24 18 de
475 859 177 22 missförhållanden
666 859 33 26 jag
714 862 55 18 ofvan
781 862 34 23 pä-

53 890 63 24 pekat,
130 889 76 20 hvärför
218 892 33 25 jag
266 891 135 18 vördsammast
416 892 57 22 vågar
485 891 78 18 anhålla
575 893 28 16 att
614 891 116 23 högvördiga
741 891 74 18 Preste-

54 919 76 19 ståndet
141 919 49 19 ville
200 918 66 21 förena
278 920 29 23 sig
320 925 30 13 om
363 925 24 13 en
400 920 120 23 underdånig
532 920 80 23 petition
625 920 64 18 derom

262 968 33 19 att
310 967 67 21 Hans
392 967 126 28 Kejserliga
533 967 106 28 Majestät
653 967 10 20 i
672 967 71 20 nåder
753 967 60 21 täck-

191 997 39 25 tes,
253 995 109 28 antingen
380 1002 80 21 genom
479 996 145 21 nedsättande
642 998 70 25 af:en
728 995 86 27 komité,

190 1031 50 14 som
258 1024 81 21 erhölle
359 1025 9 20 i
382 1025 105 27 uppdrag
502 1026 34 19 att
550 1025 78 20 utreda
644 1025 116 20 städernas
771 1024 43 21 och

192 1053 64 20 deras
270 1053 223 27 grannkommuners
508 1053 132 28 ömsesidiga
650 1053 104 27 rättsliga
763 1052 51 28 för-

191 1081 128 27 hällanden,
344 1081 54 21 eller
416 1081 33 28 på
471 1083 73 20 annat
565 1084 51 25 sätt,
636 1082 89 27 vidtaga
742 1081 73 21 sådan

190 1110 86 27 åtgärd,
301 1111 33 20 att
358 1110 36 21 till
412 1112 68 19 nästa
501 1111 106 27 landtdag
621 1110 139 21 utarbetades
775 1110 39 21 och

192 1138 128 22 Ständerna.
343 1139 111 27 förelades
473 1141 30 19 ett
522 1139 126 28 lagförslag,
664 1146 46 14 som
726 1139 26 20 så
767 1139 48 20 vidt

191 1167 86 28 möjligt
299 1167 72 21 skulle
393 1168 144 27 undanrödja
557 1168 24 21 de
600 1168 10 21 i
628 1168 73 27 denna
719 1167 96 28 petition

189 1196 114 27 päpekade
318 1196 225 27 missförhällanden.
685 1204 2 2 :

123 1259 125 22 Helsingfors,
262 1259 35 17 den
316 1259 5 17 8
334 1259 93 18 Februari
441 1259 50 18 1894.

548 1323 41 32 I,
606 1323 24 22 M.
645 1324 99 26 Tallgren.

121 1494 48 23 Lag-
182 1495 32 17 och
226 1494 188 19 Ekonomiutskottets
428 1495 111 18 betänkande
552 1495 36 18 N:o
601 1495 28 18 10.
