1070 1795
269 137 13 20 4
416 136 278 23 Petitionsbetänkande
715 136 46 26 N:o
776 137 39 22 33.

240 200 41 24 tiga
296 201 104 23 intressen,
416 201 65 19 derom
497 201 57 18 torde
567 201 34 24 jag
617 201 17 23 ej
648 200 81 20 behöfva
741 201 66 20 vidare
820 201 48 20 orda
880 200 51 20 inför
942 201 55 19 detta

240 229 98 24 vällofliga
360 229 62 20 stånd.
452 227 144 26 Uppfyllandet
617 229 21 19 af
656 230 64 19 denna.
736 230 84 23 begäran
835 229 91 20 framstår
940 229 57 20 äfven

240 257 65 20 såsom
327 264 23 13 en
374 258 53 23 billig
443 259 47 22 gärd
506 257 21 20 af
541 259 82 18 rättvisa
638 262 40 15 mot
693 259 99 18 mellersta
807 255 133 28 Österbotten,
956 263 40 14 som

241 287 43 18 med
306 287 92 19 afseende
412 287 12 19 å
439 287 145 19 dislokationen
603 286 21 19 af
638 290 73 16 statens
728 287 191 24 bildningsanstalter
935 286 62 20 blifvit

241 321 41 14 mer
297 318 24 17 än
336 315 102 24 tillbörligt
454 315 144 24 styfmoderligt
614 315 122 20 behandladt.

311 344 65 19 Skulle
392 344 107 19 emellertid
514 344 120 19 inrättandet
650 344 20 19 af
684 350 24 13 en
725 344 60 19 femte
800 344 54 19 klass
865 349 55 14 anses
931 343 66 20 alltför

240 373 89 19 kostsam
350 373 43 19 med
415 372 73 24 hänsyn
512 373 29 18 till
563 373 34 19 det
615 373 95 19 elevantal
727 373 70 20 skolan
812 373 97 19 härintills
923 373 74 19 kunnat

241 401 92 20 framvisa
348 402 63 19 såsom
426 402 26 24 på
466 407 24 13 en
505 401 50 24 gång
570 401 162 25 freqventerunde
748 402 117 22 densamma,
881 401 36 20 och
928 407 29 14 om
968 403 29 17 ett

243 430 85 24 höjande
350 430 22 20 af
392 436 70 14 samma
484 430 95 20 elevantal
602 431 7 18 i
631 430 104 20 framtiden
758 431 45 19 icke
824 436 56 14 anses
902 436 45 13 vara
967 432 29 17 att

242 462 80 20 emotse,
338 459 21 19 så
374 459 56 23 länge
446 459 68 18 endast
529 459 83 22 manliga
632 459 64 20 elever
712 459 30 19 till
758 460 111 18 densamma
884 461 111 22 emottagas,

243 488 61 19 borde
319 487 110 20 densamma
444 487 107 24 medgifvas
566 489 41 18 rätt
622 490 28 17 att
666 488 56 19 äfven
734 490 85 21 mottaga
831 488 84 24 qvinliga
925 487 70 20 elever.

242 516 43 19 Den
301 516 151 23 samskola,
417 512 36 33 som
466 516 111 23 härigenom
594 517 102 23 uppstode,
712 517 99 19 försvarar
827 522 40 13 mer
883 519 23 16 än
922 516 30 19 väl
967 516 29 19 sin

241 545 59 25 plats,
322 545 130 24 synnerligast
467 550 40 14 som
523 545 63 19 denna
601 545 31 18 del
648 545 20 19 af
682 545 52 20 Vasa
749 546 31 19 län
796 545 69 19 hittills
880 545 69 19 saknat
959 545 36 19 och

242 574 72 19 saknar
336 579 23 14 en
378 573 20 20 af
412 576 64 17 staten
492 573 94 20 bekostad
603 573 194 21 fruntimmersskola.
828 573 68 20 Gamla
911 573 84 24 Karleby

242 603 44 19 stad
302 605 46 20 äger
362 603 114 22 visserligen
491 602 107 19 tillsvidare
614 608 23 13 en
652 603 64 23 privat
733 603 193 23 fruntimmersskola,
936 607 60 19 uppe-

241 631 66 20 hå'len
322 637 68 18 genom
409 631 68 22 bidrag
493 630 20 19 af
527 634 64 15 staten
607 631 36 19 och
658 632 75 19 staden.
765 631 46 19 Men
824 631 25 19 då
864 631 62 19 denna
941 631 55 18 skola

242 660 36 19 har
293 663 29 16 att
338 660 93 24 bekämpa
446 660 39 19 alla
499 659 24 19 de
539 659 126 24 svårigheter,
675 665 40 14 som
724 662 53 17 möta
787 662 29 17 ett
827 661 63 22 privat
900 657 95 25 läroverk,

242 689 38 19 och
295 689 98 19 dessutom
408 688 40 19 helt
463 688 37 19 och
515 688 60 19 hället
590 690 22 17 är
623 689 98 19 beroende
732 688 22 19 af
762 689 45 18 dess
817 688 178 20 föreständarinnas

242 717 55 20 helsa
318 717 36 20 och
375 717 81 22 krafter,
476 717 59 19 mäste
551 717 44 19 dess
611 716 121 21 fortfarande
750 717 81 20 beständ
846 717 35 20 och
898 716 98 25 duglighet

241 751 58 14 anses
314 751 46 14 vara
374 746 58 23 högst
446 745 76 20 osäker.
553 745 194 24 Omorganisationen
762 746 21 19 af
793 746 79 19 stadens
883 746 114 19 elementar-

242 775 58 19 skola
313 775 30 18 till
358 780 24 14 en
398 774 95 23 5-klassig
509 774 96 19 samskola
621 775 42 18 med
678 775 97 19 afslutade
791 775 70 18 kurser
875 775 62 18 skulle
952 774 43 19 der-

242 803 43 20 före
307 806 46 17 utan
376 803 66 19 tvifvel
463 803 58 19 lända
537 803 56 19 äfven
610 803 184 24 gvinnobildningen
809 804 7 18 i
831 803 63 20 denna
909 802 87 20 landsdel

242 832 31 19 till
288 835 50 16 stort
352 837 56 19 gagn.

312 861 78 19 Statens
409 860 106 19 kostnader
530 859 31 20 för
577 860 137 19 skolväsendet
728 861 7 18 i
751 860 69 20 Gamla
835 860 85 24 Karleby
935 859 62 20 skulle

243 889 112 24 derigenom
377 889 45 20 icke
444 889 55 23 ökas,
510 892 45 16 utan
569 891 83 17 tvärtom
668 889 69 24 nedgä.
768 889 29 19 Pä
812 888 185 20 elementarskolans

242 919 43 18 stat
306 918 60 19 finnas
389 920 98 22 upptagna
503 918 12 19 5
530 917 169 24 kollegatjenster,
718 918 22 19 af
762 918 65 19 hvilka
843 918 50 19 dock
909 923 23 14 en
947 917 50 19 visat

242 947 30 24 sig
288 946 30 20 för
333 947 120 19 närvarande
469 946 101 26 umbärlig,
586 947 81 18 emedan
682 947 109 19 latinlinien
807 947 6 18 i
829 946 68 20 skolan
908 946 40 19 helt
960 946 37 19 och

242 975 62 20 hället
313 976 91 24 upphört.
429 975 75 19 Största
515 975 56 19 delen
582 975 21 18 af
614 975 36 19 den
662 975 58 20 femte
731 975 101 24 kollegans
843 975 153 23 undervisnings-

242 1004 112 24 skyldighet
368 1004 65 19 kunde
449 1003 66 20 derför
529 1003 109 20 &fverföras
654 1004 25 23 pä
694 1004 38 19 den
748 1003 59 20 femte
822 1004 84 23 klassen,
921 1003 41 20 ifall
973 1009 23 14 en

242 1033 62 19 sådan
327 1033 63 20 blefve
412 1033 91 19 inrättad.
534 1032 160 19 Sammanräknas
716 1033 58 19 lönen
797 1032 32 20 för
848 1033 37 18 den
900 1032 43 19 icke
958 1032 38 19 tiil-

242 1064 53 17 satta
315 1061 162 24 kollegatjensten
501 1061 62 19 2.600
585 1061 39 23 mk,
644 1062 34 18 det
692 1061 120 23 statsbidrag
829 1060 62 24 3,900
907 1061 31 19 mk
953 1061 44 19 der-

242 1091 86 18 varande
343 1092 77 23 privata
434 1089 186 20 fruntimmersskola
634 1090 93 23 ätnjuter,
738 1094 50 15 samt
799 1090 23 19 de
833 1089 164 26 terminsafgifter,

243 1119 64 26 2,800
330 1119 39 23 mk,
390 1125 40 13 som
452 1121 28 16 ett
503 1119 107 18 beräknadt
634 1119 91 19 medeltal
748 1118 21 20 af
791 1119 27 19 35
835 1118 83 25 gvinliga
934 1119 64 18 elever

243 1147 75 24 ärligen
340 1148 63 19 skulle
426 1147 70 25 betala,
519 1147 84 19 erhälles
618 1147 68 20 inalles
702 1147 64 20 9.300
782 1147 38 23 mk,
833 1147 78 20 hvilken
926 1153 72 13 summa

244 1182 42 13 mer
300 1178 24 18 än
340 1177 31 19 väl
386 1176 56 19 torde
459 1175 59 20 förslä
533 1176 30 19 till
579 1175 101 20 aflönande
696 1175 20 20 af
731 1177 25 18 de
771 1176 64 19 ökade
853 1175 145 24 lärarekrafter,

244 1205 67 20 hvilka
326 1205 30 20 för
372 1205 58 19 femte
446 1205 88 19 klassens
549 1204 142 25 uppehällande
708 1210 46 14 vore
770 1205 21 19 af
805 1205 71 19 nöden.

313 1233 141 20 Anskaffandet
477 1233 20 19 af
518 1233 53 19 lokal
594 1233 30 20 för
648 1234 37 18 den
708 1233 81 20 sälunda
812 1233 103 24 utvidgade
930 1233 69 19 skolan

245 1262 64 19 skulle
323 1263 45 19 icke
383 1267 46 14 vara
444 1261 90 20 förenadt
549 1262 44 19 med
608 1262 59 23 nägra
682 1262 64 19 ökade
762 1262 107 19 kostnader
883 1261 31 20 för
928 1265 71 16 staten.

244 1291 44 19 Den
310 1291 111 20 nuvarande
440 1290 20 20 af
474 1291 69 18 staden
559 1290 30 19 för
605 1291 186 19 elementarskolans
807 1291 82 23 räkning
904 1290 95 25 uppförda

243 1319 79 20 lokalen
345 1320 39 19 kan
406 1322 47 17 utan
473 1319 70 19 minsta
558 1319 102 23 olägenhet
676 1320 95 23 inrymma
787 1325 24 14 en
827 1319 94 24 betydligt
936 1321 63 17 större

243 1348 220 24 undervisningsanstalt
478 1350 24 16 än
517 1348 37 18 den
570 1348 117 19 nuvarande.

313 1377 47 20 Med
376 1377 43 19 stöd
434 1376 22 19 af
469 1376 34 20 det
517 1376 141 20 ofvananförda
674 1377 59 23 vågar
746 1377 34 23 jag
796 1376 111 24 ödmjukast
922 1375 77 24 föreslå,

244 1408 31 17 att
290 1405 96 24 vällofliga
402 1405 164 24 Borgareståndet
582 1406 44 18 ville
642 1405 67 20 förena
725 1406 29 23 sig
767 1411 30 14 om
810 1411 24 13 en
845 1405 60 19 sådan
916 1405 83 24 petition

243 1434 37 20 hos
296 1434 52 20 Hans
364 1434 109 24 Keiserliga
489 1434 93 24 Maiestät
597 1437 40 16 att:

314 1473 102 18 Allmänna
428 1471 169 20 Besvärsutskoiteis
609 1471 110 20 betänkande
732 1473 39 18 N:o
783 1472 32 19 22.
