1070 1795
230 103 14 22 6
406 103 246 23 Petitionsbetänkande
667 103 36 23 N:o
718 103 35 23 44.

202 165 66 18 tidens
286 166 22 18 af
321 166 45 24 jern
386 167 77 22 byggda
481 166 66 24 fartyg
563 167 59 23 slagit
639 167 61 18 under
712 168 31 23 sig
757 167 44 18 hela
813 167 100 24 sjöfarten,
926 168 35 17 och

204 194 42 18 icke
258 194 58 19 fisket
328 195 62 18 heller
402 197 22 15 är
436 201 82 12 numera
531 196 21 17 så
564 195 90 22 lönande,
667 201 43 12 som
722 196 7 17 i
741 196 60 22 tiden,
813 196 24 17 då
846 196 56 18 dessa
910 196 51 17 skat-

203 223 31 17 ter
245 223 91 23 päfördes
348 223 24 18 de
384 224 58 23 ringa
451 224 136 23 jordlotterna.
610 224 31 18 Då
652 225 22 17 vi
685 228 46 15 veta
743 226 30 16 att
784 225 33 18 det
829 224 64 19 finnes
905 226 56 21 orter,

204 251 35 18 der
256 257 36 18 per
309 252 74 17 mantal
400 254 22 15 är
440 253 99 17 tilldeladt
554 253 68 17 tiotals
638 253 73 23 gånger
723 259 54 11 mera
787 253 49 23 jord,
849 255 26 15 än
886 253 8 17 i
906 253 56 18 dessa

203 280 81 23 trakter,
300 281 35 17 och
348 283 56 20 orter,
418 281 34 18 der
464 281 143 23 grundskatten
620 282 96 23 knappast
728 282 76 23 uppgår
815 282 31 17 till
859 287 24 12 en
895 281 66 18 tionde

204 308 32 18 del
257 309 22 17 af
295 309 50 18 hvad
364 309 34 18 bär
417 310 93 23 erlägges,
529 309 99 18 förefaller
645 310 64 18 denna
724 311 7 16 i
744 310 70 23 högsta
825 311 47 22 grad
885 310 77 23 ojämna

206 337 126 18 skattebörda
344 338 81 18 alldeles
438 339 123 22 outhärdbar,
575 339 107 17 hindrande
695 339 42 18 icke
750 339 84 18 allenast
846 339 33 18 det
890 339 7 17 i
907 338 56 18 lifvet

205 366 146 24 oundgängliga
363 366 191 24 framåtskridandet,
568 369 47 16 utan
624 367 97 24 dragande
729 369 86 16 tvärtom
824 367 138 23 befolkningen

206 400 42 12 mer
266 395 36 17 och
319 401 42 12 mer
379 397 53 16 emot
449 401 24 13 en
485 396 55 18 såväl
553 396 67 23 andlig
632 401 42 13 som
686 396 116 18 ekonomisk
814 396 50 23 ruin,
877 396 31 18 till
920 396 42 18 obe-

206 424 92 24 räknelig
309 424 61 18 skada
382 424 31 18 för
425 424 44 18 hela
481 424 132 18 fosterlandet.
638 425 53 17 Samt
704 426 34 18 3:o,
751 426 29 16 att
792 425 37 17 den
842 425 82 17 sålunda
932 425 30 17 be-

206 453 92 18 skattade
307 453 118 23 jordegaren
438 453 76 18 fordom
526 453 67 18 kunde
605 453 103 24 disponera
721 453 56 18 öfver
789 453 26 18 all
827 453 7 18 i
846 454 77 17 trakten
932 453 30 18 be-

206 481 67 23 fintlig
292 481 121 23 arbetskraft,
434 482 69 17 medan
523 482 86 17 deremot
628 482 90 17 städerna
734 482 36 17 och
781 482 104 18 allehanda
897 481 65 18 affärs-

206 509 83 24 företag,
302 510 44 18 med
357 510 67 18 hvilka
437 516 24 12 en
473 510 60 18 täflan
546 511 62 17 under
620 511 56 17 dessa
688 516 129 17 ogynsamma
828 510 135 18 förhållanden

207 538 97 23 naturligt
316 539 63 18 måste
391 539 110 23 uppgifvas,
514 545 82 12 numera
608 539 100 18 bortlocka
722 541 71 16 nästan
807 539 36 17 allt
852 538 110 22 arbetsfolk,

207 566 57 18 deraf
280 573 24 12 en
327 569 41 16 stor
390 567 30 18 del
438 567 50 18 efter
506 569 29 16 att
553 567 58 18 hafva
628 568 56 17 råkat
702 568 6 17 i
727 567 99 22 obestånd,
845 567 48 18 falla
911 568 52 17 kom-

208 601 107 12 munernas
334 595 107 24 fattigvård
458 596 32 17 till
508 596 43 23 last,
570 596 22 18 så
609 598 29 15 att
655 595 165 24 fattigafgifterna
838 597 54 16 inom
907 597 22 16 20
944 596 20 17 år

208 624 157 23 mångdubblats,
378 625 76 17 hvilket
465 625 36 17 allt
517 624 59 19 äfven
589 625 47 18 ökar
647 625 73 18 bördan
733 625 25 23 på
771 625 37 17 den
821 625 60 17 redan
893 624 29 18 för
938 624 27 17 öf-

208 653 40 22 rigt
261 653 109 23 betungade
380 653 114 23 jordlotten.

278 681 70 18 Denna
360 681 120 19 Ständernas
493 682 96 23 enhälligt
601 681 72 18 aflåtna
685 681 91 18 anhållan
789 687 32 12 om
829 681 79 24 generel
914 681 50 18 skat-

208 709 141 24 teförmedling
367 711 35 16 har
420 711 55 17 Hans
493 710 111 23 Kejserliga
619 710 92 23 Majestät
729 710 65 18 såsom
813 710 60 17 sådan
891 710 74 17 lämnat

209 740 49 16 utan
271 739 97 22 afseende,
381 745 45 12 men
438 739 8 18 i
457 739 107 23 anledning
577 739 57 18 häraf
644 739 87 18 anbefalt
743 738 91 22 Senaten,
847 741 29 15 att
884 739 7 17 i
899 738 66 23 hvarje

210 767 88 18 enskildt
315 767 36 18 fall
368 768 141 23 underdånigst
523 767 105 18 hemställa
639 773 32 12 om
683 767 216 23 skatteförmedlingars
910 767 55 17 verk-

210 796 98 18 ställande
320 797 11 16 å
343 797 73 17 sådana
428 796 89 18 enskilda
529 797 113 22 lägenheter
654 797 24 22 på
689 791 66 22 Åland
767 796 36 17 och
812 796 6 17 i
827 795 78 24 sydliga
912 796 53 17 kust-

209 827 81 16 orterna
307 825 22 18 af
345 819 43 24 Åbo
406 825 36 18 och
454 825 131 23 Björneborgs
597 825 38 22 län,
648 825 67 17 hvilka
727 825 7 17 i
746 824 123 18 förhållande
881 825 30 17 till
923 824 43 18 sina

209 853 137 24 egoförmåner
365 854 36 17 och
419 854 7 17 i
443 853 112 24 jemförelse
567 854 43 17 med
623 854 61 17 andra
696 853 118 24 lägenheter,
827 853 54 18 inom
893 858 74 13 samma

210 883 101 22 kommun,
323 882 88 18 befinnas
424 888 47 12 vara
483 882 129 18 öfverhöfvan
624 882 58 23 drygt
693 882 120 17 beskattade.

279 911 69 19 Under
364 913 78 16 senaste
461 911 92 23 landtdag
572 911 123 18 framstäldes
714 911 42 17 åter
776 910 168 23 petitionsförslag
960 910 6 17 i

210 942 73 20 ämnet,
296 940 65 18 fastän
373 940 100 18 desamma
485 940 16 23 ej
515 940 66 17 hunno
594 939 21 18 af
622 939 109 18 Ständerna
739 939 111 22 behandlas,
859 938 22 17 af
888 938 78 18 hvilken

210 969 59 18 orsak
281 969 69 23 frågan
362 968 59 19 äfven
434 968 67 18 förföll
513 968 33 18 vid
559 969 44 16 1885
616 969 30 17 års
660 968 98 23 landtdag,
767 968 24 17 då
799 967 168 24 petitionsförslag

210 998 6 17 i
230 999 69 16 ämnet
310 997 31 18 för
352 997 62 18 första
426 997 77 24 gången
515 997 121 18 inlemnades
648 997 32 17 till
692 996 152 18 Bondeståndet.

281 1026 10 17 I
309 1026 44 18 stöd
368 1026 21 17 af
404 1025 149 19 föreskrifterna
565 1025 7 18 i
585 1025 145 18 ofvannämnda
742 1025 71 22 nådiga
825 1024 64 18 beslut
901 1024 66 17 kunna

212 1055 198 18 missförhållandena
428 1055 24 23 på
471 1056 55 16 orten
543 1054 16 23 ej
573 1053 101 24 afhjelpas,
687 1054 65 17 derest
764 1053 117 23 regeringen
893 1052 16 23 ej
922 1051 47 24 sjelf

210 1084 78 17 skrider
296 1084 31 17 till
336 1083 71 24 nödiga
414 1083 95 24 åtgärder.
525 1083 30 23 Ty
563 1083 32 18 det
603 1085 22 15 är
634 1082 88 24 omöjligt
734 1081 31 18 för
778 1087 83 18 egarena
870 1080 21 18 af
901 1081 66 23 hvarje

209 1113 85 23 jordlott
305 1114 29 16 att
346 1113 62 17 väcka
419 1112 69 23 frågan
501 1117 31 12 om
545 1111 183 23 skatteförmedling
741 1110 22 18 af
773 1111 58 17 orsak
842 1109 32 18 för
885 1110 33 17 det
929 1109 38 18 för-

211 1143 37 20 sta,
264 1143 30 16 att
307 1141 21 18 få
340 1141 21 18 af
372 1141 62 22 dessa,
448 1141 30 17 för
490 1141 67 18 hvilka
569 1146 25 12 en
606 1140 86 23 lindring
704 1140 7 17 i
723 1139 84 18 främsta
818 1140 85 16 rummet
914 1140 22 15 är
948 1137 21 18 af

212 1169 72 22 nöden,
302 1170 60 17 hafva
379 1170 88 17 hvarken
484 1169 106 23 tillgångar
608 1169 47 18 eller
671 1174 65 12 annan
755 1167 89 23 förmåga
856 1166 65 19 dertill
934 1166 34 18 och

212 1199 32 17 för
257 1199 34 18 det
303 1199 64 22 andra,
380 1204 32 12 om
425 1198 21 18 så
458 1197 59 19 äfven
529 1197 77 22 skedde,
620 1197 63 18 skulle
696 1203 24 12 en
732 1196 61 18 sådan
801 1195 73 24 mängd
882 1195 21 18 af
910 1195 59 17 hand-

212 1227 66 23 lingar
290 1227 114 23 tillkomma,
418 1229 28 16 att
456 1227 148 18 embetsverken
612 1226 83 23 dignade
704 1225 59 23 deraf,
773 1226 35 16 och
817 1224 81 17 ärendet
906 1223 63 18 skulle

213 1255 55 24 förty
281 1256 62 18 blifva
354 1255 96 18 beroende
462 1255 31 18 för
507 1255 58 23 långa
577 1255 55 21 tider,
645 1255 73 16 kanske
730 1253 33 18 för
775 1253 62 18 alltid.

283 1284 70 18 Denna
368 1284 31 18 del
411 1284 22 17 af
446 1284 67 22 folket,
527 1284 24 23 på
563 1283 58 18 hvars
634 1283 138 22 föregängares
785 1281 91 18 skuldror
887 1279 82 19 sambäl-

213 1313 37 18 lets
270 1313 144 23 utskrifningar
430 1313 71 17 främst
519 1312 82 23 hvilade,
621 1311 34 18 bör
674 1317 27 11 nu
718 1310 77 23 hjelpas
807 1309 45 18 från
864 1310 29 16 att
905 1308 65 17 råka
960 1304 14 36 i

214 1341 77 23 andligt
303 1342 35 17 och
351 1341 124 18 ekonomiskt
487 1341 99 21 obestånd,
599 1340 60 17 innan
672 1339 38 17 den
722 1338 48 24 sjelf
777 1337 71 18 blifver
857 1337 114 22 oförmögen

212 1370 32 17 till
264 1370 36 17 allt
318 1370 36 18 och
369 1369 124 24 följaktligen
505 1368 88 24 likgiltig
604 1368 32 18 för
647 1366 183 21 framåtskridande,
843 1368 50 15 samt
906 1364 67 18 förrän

214 1399 44 18 dess
272 1399 92 18 bitterhet
376 1401 60 16 växer
448 1398 32 18 till
491 1397 50 24 följd
553 1398 22 17 af
585 1396 129 19 öfverböfvan
727 1395 54 18 liden
793 1395 89 18 oförrätt.

288 1433 146 19 Statsutskottets
446 1432 109 18 betänkande
567 1432 36 17 N:o
616 1432 26 17 13.
