1070 1795
229 126 26 21 12
382 125 278 23 Petitionsbetänkande
676 125 46 22 N:o
738 125 37 22 16.

198 194 125 28 zigenarne
338 194 74 21 under
426 193 113 22 särskilda
549 193 152 29 stadganden,
710 193 87 21 skedde
811 193 65 21 detta
886 193 71 22 sedan

197 228 98 22 infödde
313 228 107 29 zigenare
438 227 71 22 redan
526 227 81 22 blifvit
621 227 55 22 fullt
693 227 110 22 likstälde
813 225 64 23 inför
889 227 68 28 lagen

198 262 54 22 med
273 263 71 21 andra
361 262 91 21 landets
470 262 157 28 medborgare.
648 262 46 21 Vid
716 263 53 21 1888
789 262 37 21 års
845 261 112 30 landtdag

198 297 144 21 inlemnades
357 297 119 28 nämligen
491 297 8 21 i
511 297 92 21 Preste-
619 296 43 21 och
677 296 176 22 Bondeståndet
871 299 86 19 tvänne

198 331 234 28 petitionsmemorial
447 331 8 21 i
468 331 67 28 syfte,
558 331 49 21 dels
630 334 34 18 att
685 331 82 28 tvinga
783 331 124 28 zigenarne
922 334 35 19 att

199 365 75 22 skaffa
286 365 35 29 sig
331 366 150 21 hemortsrätt
489 365 43 22 och
540 365 133 22 kvarblifva
684 365 41 22 där
736 365 28 21 de
775 365 98 22 sålunda
881 366 76 21 bosatt

199 401 43 27 sig,
250 400 49 22 dels
309 403 35 19 att
354 400 136 22 införskaffa
503 400 129 21 statistiska
640 399 120 29 uppgifter
769 400 120 28 angående
897 400 60 29 zige-

198 442 74 13 narne
282 435 8 20 i
303 435 86 21 landet.
397 434 175 22 Presteståndet
578 434 148 21 remitterade
733 434 225 29 petitionsförslaget

199 468 37 22 till
254 469 126 21 Allmänna
390 469 221 26 Besvärsutskottet,
620 476 49 14 som
678 469 115 28 enhälligt
802 468 67 29 afgaf
879 471 33 18 ett
924 468 33 21 af-

199 503 127 28 styrkande
334 503 153 27 betänkande,
496 503 73 22 under
577 503 171 21 framhållande
758 503 25 21 af
790 505 35 19 att
833 503 123 28 zigenarne

198 537 99 22 förlorat
307 537 95 22 fotfäste
414 538 8 21 i
436 537 27 22 de
474 537 95 26 trakter,
581 537 41 21 där
631 537 188 28 folkbildningen
829 541 25 17 är
863 537 93 21 allmän-

198 579 56 14 nare
273 572 79 28 spridd
363 572 43 21 och
419 572 163 21 medvetandet
593 579 36 14 om
638 572 82 21 värdet
731 571 26 22 af
765 571 47 29 god
823 571 133 22 kommunal

199 605 101 30 ordning
315 606 105 29 lifligare,
436 606 119 21 äfvensom
572 606 68 21 däraf
653 609 35 18 att
702 606 110 28 gällande
828 606 129 21 förordnin-

199 647 42 21 gar
263 641 98 21 rörande
384 640 157 29 fattigvården
566 641 43 20 och
632 640 164 25 lösdrifveriet,
812 643 47 18 rätt
874 640 83 21 tilläm-

198 673 68 30 pade,
290 682 68 21 synas
382 682 56 14 vara
460 675 89 28 egnade
573 677 34 18 att
636 675 70 28 stäfja
729 675 138 28 zigenarnes
889 677 68 18 rätts-

198 708 94 29 vidriga
300 709 144 27 lefnadssätt,
459 709 22 21 så
486 709 67 28 långt
559 709 63 21 detta
628 709 65 21 öfver
700 708 91 22 hufvud
799 711 65 26 taget
874 716 83 21 genom

199 743 151 28 lagstiftning
372 743 43 21 och
439 743 217 28 ordningsmaktens
680 743 140 28 ingripande
841 743 59 21 låter
922 743 35 28 sig

199 780 63 25 göra.
292 777 171 29 Ridderskapet
485 777 41 22 och
554 777 84 27 Adeln,
664 778 113 28 Borgare-
800 777 43 22 och
867 777 90 21 Bonde-

199 811 95 21 ståndet
315 811 123 28 godkände
461 811 164 26 betänkandet,
649 811 27 22 de
705 812 41 21 två
773 811 62 22 förra
860 811 97 22 stånden

199 848 57 19 utan
281 846 141 26 diskussion,
439 846 39 21 det
493 846 128 21 sistnämda
636 846 59 21 efter
711 854 28 13 en
755 846 54 21 kort
827 846 130 21 diskussion

199 880 53 20 med
269 881 165 26 acklamation;
446 881 119 20 hvaremot
575 881 176 20 Presteståndet
762 880 195 21 återremitterade

199 914 160 22 betänkandet
380 915 36 21 för
432 917 34 19 att
481 914 155 29 omredigeras
652 915 8 20 i
676 915 61 28 syfte
754 917 34 18 att
810 915 146 28 Regeringen

199 949 73 21 måtte
295 949 137 21 införskaffa
454 949 151 28 tillförlitliga
627 949 131 21 statistiska
779 949 120 28 uppgifter
921 956 36 14 om

198 983 93 21 landets
307 983 107 28 zigenare
430 983 118 21 äfvensom
564 983 68 27 tillse,
649 983 39 21 det
703 983 111 28 gällande
825 983 132 21 författnin-

199 1025 43 20 gar
264 1017 121 29 angående
408 1017 136 22 lösdrifvare
567 1017 119 22 äfvensom
702 1017 73 22 andra
790 1018 30 28 på
835 1017 123 28 zigenarne

198 1051 143 29 tillämpliga
356 1051 185 29 lagstadganden
556 1051 77 22 blefve
649 1054 118 26 noggrant
783 1051 127 22 efterlefda.

269 1086 35 21 De
327 1089 34 18 tre
384 1086 40 21 vid
443 1093 31 14 nu
489 1086 121 28 pågående
624 1086 115 28 landtdag
754 1086 133 21 inlemnade
902 1086 56 28 peti-

199 1120 226 22 tionsmemorialens
448 1120 121 29 yrkanden
591 1120 169 27 sammanfalla,
784 1121 75 20 såsom
883 1127 74 21 synes,

199 1154 53 21 med
268 1154 186 22 Presteståndets
470 1155 77 21 beslut
561 1155 40 21 vid
618 1156 54 20 1888
688 1155 36 20 års
740 1154 120 29 landtdag.
879 1154 79 21 Ehuru

199 1188 91 22 således
313 1189 51 21 icke
380 1189 76 21 direkt
473 1189 122 28 åsyftande
610 1189 137 28 zigenarnes
763 1188 115 21 ställande
893 1191 65 18 utan-

198 1223 38 21 för
263 1223 46 22 den
334 1224 118 21 allmänna
479 1223 79 28 lagens
584 1223 150 27 föreskrifter,
760 1223 112 21 innebära
891 1223 66 21 dessa

198 1257 124 28 yrkanden
338 1257 59 22 dock
412 1257 155 28 vidtagandet
582 1257 26 22 af
621 1258 61 21 vissa
698 1257 170 28 exceptionella
883 1257 76 28 åtgär-

199 1291 41 22 der
263 1295 121 25 gentemot
406 1291 28 22 de
457 1291 37 22 till
517 1291 76 22 denna
609 1291 110 22 folkstam
735 1291 104 22 hörande
855 1291 102 21 medbor-

199 1333 80 20 garne,
295 1325 36 22 för
347 1328 35 19 att
396 1325 119 29 dymedels
531 1325 131 27 ,förbereda
678 1329 34 18 ett
727 1325 94 28 slutligt
833 1325 125 28 afgörande

199 1359 27 21 af
238 1359 218 29 zigenare-frägan*
473 1360 36 27 (hr
524 1360 89 22 Walles
624 1360 191 28 petitionsmem.)
827 1359 62 26 eller,
900 1358 58 22 hvil-

198 1393 42 22 ket
255 1397 26 18 är
298 1394 134 27 detsamma,
448 1394 36 22 för
499 1397 34 18 att
549 1411 9 9 ,
563 1394 83 29 främja
656 1393 214 30 zigenare-frägans
880 1393 79 22 vidare

199 1427 156 26 behandling*
371 1429 184 28 (petitionsmem.
573 1429 8 21 i
596 1428 193 23 Bondeständet).

269 1468 105 18 Allmänna
386 1468 170 18 Besrärsutskottets
569 1469 109 17 betänkande
690 1468 37 18 N:o
740 1468 29 18 14.
