1070 1795
272 201 277 22 Petitionsbetänkande
564 201 45 22 N:o
625 201 23 22 5.
798 203 12 19 5

153 269 47 20 Det
215 268 41 21 har
271 269 50 20 icke
336 268 100 28 undgått
450 269 122 20 Utskottet
587 271 35 18 att
637 269 43 20 den
696 269 61 28 goda
768 269 71 20 saken

85 302 61 21 helst
168 303 70 21 borde
260 302 191 28 omhändertagas
474 303 25 20 af
517 302 101 21 enskildt
639 303 108 26 initiativ,
763 303 36 21 för
814 303 25 21 så

85 336 49 21 vidt
156 336 40 21 det
215 336 27 28 ju
262 336 51 20 icke
336 339 24 18 är
383 335 122 22 samhället
527 337 74 20 såsom
618 336 88 27 sådant,
723 340 55 17 utan
794 337 45 20 den

84 370 181 21 konstälskande
281 370 161 24 allmänheten,
459 377 48 14 som
524 370 26 21 af
563 371 105 20 musiken
683 373 101 18 närmast
797 371 42 20 har

84 404 77 28 glädje
178 404 42 22 och
236 403 91 26 båtnad,
344 403 43 22 och
408 403 40 21 det
463 404 41 21 har
520 404 61 21 inom
596 404 121 22 Utskottet
731 405 9 21 i
756 405 83 21 sådant

85 438 108 21 afseende
216 438 144 26 framhållits,
383 440 34 18 att
439 438 88 21 Finska
542 438 221 28 Konstföreningen,
779 439 59 20 hvil-

84 472 45 21 ken
145 473 63 20 stödt
223 472 43 21 och
280 475 151 25 uppmuntrat
447 473 40 20 vår
503 472 107 21 bildande
622 473 68 20 konst
700 473 73 20 under
786 473 51 21 dess

84 507 100 27 tidigare
199 506 216 28 utvecklingsskede
427 506 43 21 och
483 506 142 21 fortfarande
636 506 98 28 kraftigt
744 507 94 28 främjar

85 541 50 20 dess
158 541 120 24 intressen,
302 541 103 27 uppstått
421 540 43 21 och
479 541 174 27 upprätthållits
676 541 162 28 förnämligast

84 581 83 21 genom
190 574 208 28 sammanslutning
420 573 26 21 af
465 574 104 21 enskilda
591 574 93 21 krafter.
715 575 122 21 Likaledes

83 608 42 21 har
140 608 90 21 landets
245 608 116 21 litteratur
377 608 116 21 enskildas
513 608 96 21 intresse
620 608 43 21 och
674 608 164 29 offervillighet

84 645 35 18 att
133 642 69 21 tacka
216 641 36 22 för
267 642 119 21 förmånen
402 642 26 21 af
437 642 259 28 litteratursällskapens
706 643 131 28 uppkomst.

83 677 54 20 Men
160 676 68 21 äfven
250 683 37 14 om
309 683 53 14 man
385 683 96 14 numera
499 676 42 21 hos
557 683 36 14 oss
609 676 76 21 kunde
701 676 35 21 för
752 677 85 20 musik-

83 710 113 21 intressen
212 709 25 22 få
252 710 36 21 till
304 710 67 21 stånd
387 717 27 14 en
431 710 25 20 så
472 710 85 21 allmän
571 711 206 28 sammanslutning
788 718 49 13 som

83 744 45 21 den
144 744 156 21 entusiasmen
315 743 35 22 för
365 744 91 21 landets
471 744 103 28 gryende
590 744 69 21 konst
673 745 8 20 i
692 745 63 20 tiden
768 745 69 20 fram-

83 778 91 21 kallade
190 778 43 21 och
249 785 47 14 som
312 778 109 21 kärleken
438 778 37 20 till
497 778 162 21 modersmålet
674 778 82 28 skapat
769 779 9 20 i
793 779 44 21 och

83 819 83 21 genom
182 812 254 28 litteratursällskapen,
453 811 86 22 företer
553 812 36 27 sig
605 812 59 21 dock
674 812 98 21 härvid
758 807 13 37 i
785 815 52 19 rent

82 846 117 28 praktiskt
214 846 104 21 afseende
334 853 28 14 en
373 846 116 28 väsentlig
501 846 97 21 skilnad.
621 846 215 29 Konstföreningen

82 880 43 21 och
141 880 245 28 litteratursällskapen
402 879 70 21 hafva
487 880 118 28 nämligen
620 880 89 20 kunnat
724 880 73 28 knyta
808 881 29 21 de

82 913 154 28 bidragandes
259 914 95 21 intresse
371 914 13 20 å
399 921 43 13 ena
465 914 66 20 sidan
554 913 40 21 vid
616 914 103 21 utsikten
738 914 36 21 till
790 914 45 21 för-

81 947 56 22 värf
156 947 26 22 af
202 947 166 22 konstföremål
384 955 83 20 genom
483 948 192 27 utlottningarna,
692 949 12 20 å
720 948 71 21 andra
807 949 28 20 si-

82 981 45 21 dan
143 981 39 21 vid
198 981 28 21 de
242 981 157 28 regelbundna
424 981 258 21 bokdistributionerna.
712 982 124 28 Möjlighet

81 1015 37 21 till
135 1015 110 21 liknande
261 1015 157 28 anordningar
433 1015 66 21 stode
515 1015 115 28 knappast
645 1018 34 18 ett
694 1015 36 22 för
742 1016 45 21 den
800 1016 35 21 in-

81 1049 95 21 hemska
199 1049 191 28 tondiktningens
414 1049 129 28 främjande
565 1049 93 21 stiftadt
678 1049 100 28 sällskap
799 1050 36 21 till

81 1083 64 25 buds,
162 1090 37 13 om
215 1087 28 16 än
260 1083 42 20 fall
316 1083 65 21 torde
397 1083 154 26 förekommit,
560 1083 29 21 då
605 1083 75 28 förlag
695 1083 25 21 af
728 1083 106 21 enskilda

80 1117 257 28 musikkompositioner
360 1117 155 28 åvägabragts
538 1124 82 21 genom
642 1117 105 28 tillfällig
762 1117 73 21 aktie-

80 1151 118 28 teckning,
214 1151 154 20 abonnement
384 1158 28 13 m.
429 1158 28 13 m.
481 1150 170 21 Hufvudsaken
662 1154 25 17 är
699 1151 135 28 emellertid,

79 1187 35 19 att
129 1184 16 21 f.
161 1192 21 13 n.
198 1185 71 28 ingen
292 1185 72 20 utsikt
384 1184 74 21 finnes
481 1184 36 21 för
541 1185 203 21 åstadkommande
767 1185 26 21 af
806 1193 28 13 en

79 1218 86 21 allmän
181 1218 108 28 förening
305 1218 50 21 med
371 1218 57 21 slikt
443 1219 68 26 syfte,
523 1219 60 20 helst
595 1219 45 20 den
651 1219 105 20 enskilda
766 1218 68 21 offer-

79 1252 143 28 villigheten,
239 1254 91 26 strängt
345 1251 88 22 anlitad
448 1252 8 21 i
471 1253 52 20 vårt
538 1252 55 21 land
609 1252 107 21 öfverallt
732 1252 40 21 där
787 1252 46 21 till-

78 1287 89 27 gångar
187 1286 80 26 finnas,
290 1286 70 21 redan
383 1289 25 18 är
424 1286 8 20 i
447 1286 138 21 hithörande
608 1285 106 22 afseende
736 1286 37 21 till
795 1286 40 21 det

77 1322 99 26 yttersta
193 1322 69 25 tagen
272 1320 9 20 i
290 1320 98 28 anspråk
397 1319 36 21 för
441 1319 195 22 underhållandet
644 1319 25 22 af
674 1320 160 21 institutioner

77 1353 87 21 sådana
172 1360 48 14 som
227 1353 194 21 Musikinstitutet
429 1353 8 21 i
446 1353 153 28 Helsingfors,
608 1354 146 21 orkestrarna
763 1361 30 13 m.
803 1361 30 13 m.

145 1387 39 22 All
202 1387 122 28 möjlighet
339 1395 69 20 synes
424 1387 89 21 säledes
529 1395 56 14 vara
599 1387 117 22 utesluten
731 1387 52 22 frän
799 1389 35 19 att

76 1422 31 28 pä
128 1421 90 22 enskild
240 1425 46 24 väg
306 1421 79 21 kunna
406 1421 85 21 bereda
510 1422 55 20 våra
580 1421 132 22 tondiktare
725 1421 44 22 den
784 1421 49 21 väl-

77 1455 115 28 behöfliga
207 1455 149 21 ekonomiska
371 1457 164 26 uppmuntran,
547 1462 48 14 som
610 1455 42 21 hos
665 1463 35 14 oss
711 1455 15 22 f.
736 1463 22 13 n.
769 1455 64 20 kom-

76 1497 49 13 mer
140 1489 87 21 mälare
244 1489 42 21 och
302 1489 131 28 skulptörer
449 1489 36 21 till
501 1489 44 21 del.
575 1489 54 21 Med
644 1489 92 28 hänsyn
745 1488 88 27 härtill,

144 1529 103 17 Allmänna
259 1529 169 17 Besvärsutskottets
442 1529 111 18 betänkande
565 1528 37 18 N:o
614 1529 18 17 3.
