1070 1795
259 103 13 21 2
445 103 229 22 Petitionsbetänkande
690 103 34 22 N:o
743 103 32 22 12.

228 159 64 23 sering
309 159 132 23 ofullständigt
459 160 78 22 uppnås,
556 159 65 18 såvida
639 159 43 18 icka
700 159 110 18 densamma
827 159 94 18 fortsättes
938 159 50 17 ända

228 187 48 18 fram
288 188 28 17 till
329 188 79 23 Ladoga.
426 188 30 18 En
469 188 129 23 kanalisering
610 188 20 17 af
640 188 89 18 Vuoksen
742 190 21 16 är
775 187 106 23 nödvändig
893 188 60 17 såsom
963 193 23 12 en

230 217 144 22 komplettering
386 217 30 17 till
429 217 36 18 den
477 217 94 18 Karelska
584 217 66 22 banan,
662 219 20 21 ty
694 217 48 18 först
753 217 111 22 härigenom
875 216 38 18 kan
925 217 61 18 banan

229 245 44 18 fullt
286 245 84 23 uppfylla
382 246 33 17 sitt
427 245 91 18 ändamål.
543 245 122 18 Kanaliseras
678 245 89 18 Vuoksen
780 245 43 18 icke
836 245 50 18 ända
898 241 46 22 fram
956 245 30 18 till

228 273 81 23 Ladoga,
321 274 21 17 så
354 273 87 18 förblifva
454 279 23 12 en
490 274 31 17 del
534 273 21 18 af
565 274 36 17 den
614 275 62 16 vestra
688 274 34 17 och
733 274 43 17 hela
783 274 37 17 den
827 273 95 24 sydvestra
930 273 55 18 delen

228 302 20 18 af
259 303 84 22 Ladogas
356 303 140 17 strandområde
509 303 68 17 liksom
590 308 67 17 genom
670 305 28 15 ett
710 303 114 22 gränsgärde
837 302 58 18 skildt
905 302 40 18 från
954 303 33 17 allt

228 331 90 18 samband
336 331 42 18 med
394 331 134 18 trafiklederna
540 332 7 17 i
560 331 32 18 det
605 331 59 22 öfriga
677 331 87 18 Finland.
789 328 87 25 Önskligt
888 337 43 12 vore
945 331 41 18 der-

229 360 29 17 för
270 362 28 15 att
310 360 105 17 Ständerna
427 360 54 18 äfven
495 366 31 15 nu,
538 360 68 18 liksom
619 360 51 21 1885,
684 361 60 17 skulle
758 360 84 17 erkänna
852 360 36 17 den
899 362 50 15 stora
956 360 30 17 be-

228 388 86 23 tydelsen
327 388 20 18 af
358 389 98 18 Vuoksens
470 389 134 22 kanalisering.

298 417 53 18 Hvad
364 418 58 17 sedan
435 418 114 17 vidkommer
562 417 64 23 frågan
640 423 30 13 om
682 418 78 18 hvilken
773 418 21 18 af
804 418 99 18 Vuoksens
916 418 70 17 utfalls-

228 451 69 17 grenar
309 446 6 17 i
328 446 75 22 Ladoga
415 451 43 13 vore
470 446 110 23 lämpligare
593 446 29 18 för
634 447 135 22 kanalisering,
782 446 36 18 den
831 451 38 13 som
876 446 54 23 flyter
937 446 49 17 förbi

228 474 93 17 Kexholm
340 474 47 18 eller
404 475 203 22 Kivisalmi—Taipale
620 480 76 17 grenen,
710 475 20 18 så
742 475 56 18 hafva
811 475 94 22 åsigterna
917 475 69 21 derom,

229 503 61 18 såsom
302 503 63 22 kändt,
377 504 47 17 varit
437 503 71 18 delade.
528 504 41 17 Den
582 504 55 17 södra
649 503 85 19 farleden
745 509 58 17 genom
817 504 98 23 Kiviniemi
924 505 63 20 ström,

229 532 82 17 Suvanto
329 532 28 22 sjö
371 532 35 17 och
418 532 141 23 Taipaleenjoki
573 538 42 13 vore
628 533 101 22 onekligen
743 533 36 17 den
792 533 152 22 fördelaktigare,
957 538 29 11 om

228 566 43 12 man
291 563 52 20 tager
361 561 7 17 i
386 561 123 18 betraktande
528 563 27 16 att
573 561 85 22 kanalen,
675 561 24 18 då
712 561 36 18 den
760 561 53 18 ledes
827 562 20 17 så
859 557 52 31 långt
923 562 65 22 norrut

228 597 39 12 som
287 592 28 17 till
334 592 98 21 Kexholm,
452 592 79 18 förlorar
549 598 24 13 en
592 595 38 15 stor
649 593 30 17 del
698 593 20 17 af
732 593 29 17 sin
774 593 103 22 betydelse,
889 592 29 18 för
930 594 26 16 att
968 592 18 23 ej

229 622 69 16 nämna
316 623 27 15 att
360 621 153 22 kanaliseringen
530 621 20 18 af
560 621 88 18 Vuoksen
662 627 66 17 genom
741 621 102 18 Kiviniemi
857 621 34 18 och
905 621 81 23 Taipale,

229 649 61 23 enligt
302 649 90 18 officiella
403 649 100 23 uppgifter,
516 650 34 17 har
562 650 101 17 beräknats
678 650 58 17 blifva
748 650 75 21 600,000
835 650 53 17 mark
894 649 93 23 billigare,

228 680 24 15 än
266 684 30 12 om
309 679 36 17 den
358 679 53 18 ledes
424 679 49 18 förbi
488 679 98 18 Kexholm.
610 679 74 22 Möjligt
696 681 21 16 är
730 679 111 21 emellertid,
853 681 28 15 att
893 678 94 18 hamnför-

228 707 119 21 hällandena,
366 707 64 18 hvilka
445 707 18 18 vi
475 713 25 12 nu
513 708 42 17 icke
568 708 63 17 kunna
643 707 104 22 bedömma,
760 707 62 18 skulle
836 707 90 18 motivera
938 707 49 18 valet

229 735 20 18 af
260 735 102 18 Kexholms
375 736 77 17 sträten.

298 765 44 17 Med
361 765 36 18 den
416 764 59 23 lifliga
489 765 133 23 förhoppning,
635 767 27 16 att
675 765 31 18 det
718 765 117 23 högvördiga
846 765 142 18 Prestaständet

228 793 44 18 ville
286 793 98 23 godkänna
397 793 108 18 ändamälet
517 794 42 17 med
571 794 42 17 mitt
624 794 168 23 petitionsförslag,
804 794 57 22 vägar
870 794 33 22 jag
915 793 71 22 ödmju-

229 822 43 18 kast
284 821 80 22 anhälla,
377 822 33 17 det
421 822 44 18 ville
478 822 78 19 Ständet
569 823 6 17 i
588 823 74 18 samräd
672 823 43 17 med
722 822 61 23 öfriga
789 822 55 18 ständ
852 822 135 22 underdänigst

230 847 83 31 anhälla:
621 856 3 3 :

437 911 32 18 att
492 909 65 21 Hans
579 909 123 28 Kejserliga
717 909 107 27 Majestät
839 909 70 20 skulle
924 909 61 27 före-

368 938 63 27 lägga
446 938 262 21 nästsammanträdande
721 937 98 22 Ständer
831 937 68 28 nädig
905 945 81 20 propo-

368 966 69 21 sition
444 966 113 28 angående
565 966 151 27 kanalisering
724 966 29 27 af
760 966 101 21 Vuoksen
869 967 63 26 längs
939 967 47 20 dess

367 995 71 22 södra,
447 995 20 21 d.
477 1002 20 14 v.
507 1002 16 14 s.
534 995 150 20 Kiviniemi—
689 995 102 21 Suvanto
804 1007 12 2 —
824 995 89 27 Taipale
920 995 65 26 strät,

367 1024 60 20 ända
449 1024 60 27 fram
533 1024 35 21 till
583 1023 90 28 Ladoga
688 1024 58 26 eller,
763 1030 37 14 om
815 1023 74 21 denna
905 1024 33 20 led
954 1023 33 21 be-

367 1052 75 27 finnes
464 1053 111 26 olämplig,
597 1059 79 20 genom
698 1053 43 20 den
762 1052 105 27 nordliga
889 1052 20 21 d.
930 1059 20 14 v.
967 1059 17 14 s.

369 1081 118 21 Kerxholms
509 1081 91 24 sträten,
621 1081 117 27 äfvensom
760 1082 34 19 att
809 1080 37 28 för
860 1081 127 20 ändamålet

368 1110 146 27 erforderliga
529 1110 68 20 medel
611 1109 68 22 mätte
694 1109 101 22 anvisas.

302 1177 116 22 Helsingfors
432 1177 35 18 den
480 1177 11 18 9
504 1177 90 18 Februari
608 1177 50 18 1894.

776 1219 21 20 A.
814 1218 104 27 Bergroth.

302 1458 201 18 Petitionsbetänkande
515 1458 35 18 N:o
562 1459 28 17 12.
