1070 1795
240 159 277 22 Petitionsbetänkande
533 158 46 22 N:o
594 159 36 21 13.

337 462 165 21 Allmänna
517 461 299 23 Besvärsutskottets

270 496 187 22 betänkande
480 496 50 22 N:o
553 496 41 27 11,
616 496 8 21 i
642 496 134 28 anledning
791 496 28 22 af

270 531 35 21 ett
326 530 2 21 i
344 529 183 23 Bondeståndet
542 530 137 22 inlemnadt
690 531 125 27 petitions-

270 564 127 22 memorial
419 570 39 16 om
475 565 49 21 rätt
539 563 40 23 för
593 565 89 27 qvinna
698 565 44 26 att,
758 565 59 21 utan

271 598 89 22 hinder
382 598 27 22 af
428 599 44 21 sitt
493 598 56 27 kön,
571 599 89 22 ansöka
687 599 45 21 och
755 598 63 22 efter

270 632 116 28 förtjenst
408 632 95 22 erhålla
525 633 181 28 läraretjenst
698 628 15 38 i
727 633 91 22 statens

272 667 82 22 skolor
370 667 46 22 och
432 667 152 22 seminarier.

135 734 89 22 Genom
244 735 213 28 protokollsutdrag
485 735 26 22 af
531 735 44 21 den
602 737 25 19 16
652 735 101 21 februari
777 734 43 21 har

68 769 142 21 hedervärda
224 769 174 22 Bondeståndet
414 770 37 21 till
461 769 125 22 Allmänna
596 769 223 21 Besvärsutskottets

68 803 142 28 behandling
226 803 128 28 hänskjutit
369 803 104 29 följande
488 803 206 29 petitionsförslag:

71 897 149 26 (Öfversättning.)

206 993 54 18 Till
275 993 179 18 Hedervärda
470 993 215 18 Bondeståndet.

139 1090 39 19 Det
192 1090 57 19 torde
272 1090 17 23 ej
305 1090 48 19 råda
374 1095 42 14 mer
430 1091 26 18 än
479 1095 23 14 en
518 1090 77 23 mening
610 1095 30 14 om
656 1091 94 23 qvinnans
764 1091 55 18 med-

70 1119 61 19 födda
145 1118 95 19 fallenhet
254 1118 31 19 för
300 1117 151 25 uppfostrarens
468 1118 36 19 och
519 1118 89 19 lärarens
619 1119 73 23 vigtiga
702 1119 46 19 kall.
771 1119 48 19 Med

71 1147 43 20 skäl
136 1147 36 19 har
186 1153 44 13 man
253 1147 61 19 kallat
334 1147 92 19 moderns
450 1146 39 19 knä
505 1147 37 19 den
563 1146 62 20 första
645 1147 75 20 skolan.
750 1147 69 20 Ehuru

71 1179 64 16 staten
149 1176 35 19 hos
200 1181 32 14 oss
248 1181 41 13 mer
304 1177 24 18 än
343 1176 6 18 i
365 1175 79 24 månget
460 1177 61 17 annat
536 1175 46 19 land
593 1176 71 19 erkänt
675 1177 144 23 qvinnounder-

71 1205 111 23 visningens
197 1205 48 23 vigt,
260 1204 54 19 såväl
328 1209 70 18 genom
412 1205 30 18 att
458 1204 133 24 upprätthålla
599 1205 145 22 läroanstalter,
754 1205 66 19 hvilka

71 1233 42 19 afse
129 1233 216 24 qvinnoundervisning,
368 1238 40 13 som
424 1238 70 17 genom
517 1234 29 17 att
561 1233 32 18 vid
616 1233 97 19 särskilda
729 1233 90 19 tillfällen

71 1261 96 24 medgifva
182 1262 82 23 qvinnor
284 1263 39 17 rätt
338 1263 30 17 att
382 1261 113 19 handhafva
517 1261 139 24 undervisning
671 1262 6 18 i
692 1261 50 20 både
764 1261 56 20 flick-

71 1291 37 19 och
123 1290 110 24 gosskolor,
248 1290 22 19 så
284 1290 36 19 har
335 1290 37 19 den
388 1289 62 20 likväl
473 1291 52 18 ännu
541 1290 16 23 ej
574 1289 96 24 aflägsnat
685 1291 39 18 alla
739 1291 24 19 de
778 1291 43 18 hin-

71 1319 42 23 der,
136 1324 41 14 som
199 1318 31 20 för
253 1319 84 23 gvinnan
359 1318 92 19 försvåra
474 1318 96 19 tillträdet
588 1318 30 19 till
634 1321 28 16 ett
677 1319 144 19 verksamhets-

71 1347 85 24 område,
172 1346 30 20 för
217 1346 75 20 hvilket
307 1347 38 19 hon
360 1346 36 20 har
412 1352 24 13 en
452 1347 86 23 naturlig
553 1346 101 20 fallenhet.
684 1347 38 19 Det
738 1348 37 19 kan
791 1347 29 19 in-

71 1376 65 24 träffa,
152 1377 29 18 att
196 1381 24 14 en
242 1376 106 22 lärarinna,
371 1380 41 15 som
429 1376 31 19 väl
483 1374 98 25 uppfyller
602 1375 40 20 alla
656 1376 24 19 de
702 1375 119 24 fordringar,

71 1405 67 20 hvilka
152 1404 62 25 enligt
228 1405 90 22 gällande
333 1403 143 24 författniogar
491 1406 70 22 utgöra
576 1404 72 19 villkor
663 1404 31 19 för
706 1404 113 19 erhållande

72 1433 21 20 af
107 1433 174 24 lärarebefattning
294 1436 14 16 t.
323 1439 33 13 ex.
373 1433 6 18 i
395 1433 190 24 qvionoseminarier
600 1433 49 19 eller
662 1433 7 18 i
679 1433 142 19 fruntimmers-

72 1462 73 24 skolor,
160 1462 61 19 likväl
236 1461 43 22 icke
295 1461 85 20 erhåller
395 1462 66 19 denna
476 1462 61 23 tjenst
547 1461 69 20 endast
628 1461 36 20 och
680 1461 84 20 allenast
776 1461 44 19 där-

140 1500 102 17 Allmänna
254 1499 168 18 Besvärsutskottets
435 1499 111 18 betänkande
558 1499 37 18 N:o
608 1500 25 17 11.
