<?xml version="1.0" encoding="UTF-8"?>
<alto xmlns="http://www.loc.gov/standards/alto/ns-v3#" xmlns:xlink="http://www.w3.org/1999/xlink" xmlns:xsi="http://www.w3.org/2001/XMLSchema-instance" xsi:schemaLocation="http://www.loc.gov/standards/alto/ns-v3# http://www.loc.gov/alto/v3/alto-3-0.xsd">
	<Description>
		<MeasurementUnit>pixel</MeasurementUnit>
		<sourceImageInformation>
			<fileName>/tmp/tess_vtxoqpxp_input.PNG</fileName>
		</sourceImageInformation>
		<OCRProcessing ID="OCR_0">
			<ocrProcessingStep>
				<processingSoftware>
					<softwareName>tesseract 5.3.4</softwareName>
				</processingSoftware>
			</ocrProcessingStep>
		</OCRProcessing>
	</Description>
	<Layout>
		<Page WIDTH="1070" HEIGHT="1795" PHYSICAL_IMG_NR="0" ID="page_0">
			<PrintSpace HPOS="0" VPOS="0" WIDTH="1070" HEIGHT="1795">
				<ComposedBlock ID="cblock_0" HPOS="264" VPOS="108" WIDTH="506" HEIGHT="21">
					<TextBlock ID="block_0" HPOS="264" VPOS="108" WIDTH="506" HEIGHT="21">
						<TextLine ID="line_0" HPOS="264" VPOS="108" WIDTH="506" HEIGHT="21">
							<String ID="string_0" HPOS="264" VPOS="108" WIDTH="28" HEIGHT="21" WC="0.96" CONTENT="42"/><SP WIDTH="162" VPOS="108" HPOS="292"/>
							<String ID="string_1" HPOS="454" VPOS="108" WIDTH="229" HEIGHT="21" WC="0.91" CONTENT="Petitionsbetänkande"/><SP WIDTH="17" VPOS="108" HPOS="683"/>
							<String ID="string_2" HPOS="700" VPOS="108" WIDTH="35" HEIGHT="21" WC="0.95" CONTENT="N:o"/><SP WIDTH="15" VPOS="108" HPOS="735"/>
							<String ID="string_3" HPOS="750" VPOS="108" WIDTH="20" HEIGHT="21" WC="0.96" CONTENT="2."/>
						</TextLine>
					</TextBlock>
				</ComposedBlock>
				<ComposedBlock ID="cblock_1" HPOS="304" VPOS="219" WIDTH="326" HEIGHT="68">
					<TextBlock ID="block_1" HPOS="304" VPOS="219" WIDTH="326" HEIGHT="68">
						<TextLine ID="line_1" HPOS="304" VPOS="219" WIDTH="158" HEIGHT="26">
							<String ID="string_4" HPOS="304" VPOS="219" WIDTH="158" HEIGHT="26" WC="0.90" CONTENT="(Öfversättning)"/>
						</TextLine>
						<TextLine ID="line_2" HPOS="597" VPOS="268" WIDTH="33" HEIGHT="19">
							<String ID="string_5" HPOS="597" VPOS="268" WIDTH="33" HEIGHT="19" WC="0.76" CONTENT="12."/>
						</TextLine>
					</TextBlock>
				</ComposedBlock>
				<ComposedBlock ID="cblock_2" HPOS="412" VPOS="331" WIDTH="409" HEIGHT="18">
					<TextBlock ID="block_2" HPOS="412" VPOS="331" WIDTH="409" HEIGHT="18">
						<TextLine ID="line_3" HPOS="412" VPOS="331" WIDTH="409" HEIGHT="18">
							<String ID="string_6" HPOS="412" VPOS="331" WIDTH="46" HEIGHT="18" WC="0.93" CONTENT="Till"/><SP WIDTH="16" VPOS="331" HPOS="458"/>
							<String ID="string_7" HPOS="474" VPOS="331" WIDTH="150" HEIGHT="18" WC="0.90" CONTENT="Hedervärda"/><SP WIDTH="15" VPOS="331" HPOS="624"/>
							<String ID="string_8" HPOS="639" VPOS="331" WIDTH="182" HEIGHT="18" WC="0.91" CONTENT="Bondeständet."/>
						</TextLine>
					</TextBlock>
				</ComposedBlock>
				<ComposedBlock ID="cblock_3" HPOS="231" VPOS="395" WIDTH="763" HEIGHT="1053">
					<TextBlock ID="block_3" HPOS="231" VPOS="395" WIDTH="763" HEIGHT="967">
						<TextLine ID="line_4" HPOS="304" VPOS="395" WIDTH="689" HEIGHT="23">
							<String ID="string_9" HPOS="304" VPOS="395" WIDTH="41" HEIGHT="18" WC="0.92" CONTENT="Den"/><SP WIDTH="13" VPOS="395" HPOS="345"/>
							<String ID="string_10" HPOS="358" VPOS="395" WIDTH="75" HEIGHT="23" WC="0.92" CONTENT="nyligen"/><SP WIDTH="16" VPOS="395" HPOS="433"/>
							<String ID="string_11" HPOS="449" VPOS="395" WIDTH="28" HEIGHT="17" WC="0.93" CONTENT="för"/><SP WIDTH="15" VPOS="395" HPOS="477"/>
							<String ID="string_12" HPOS="492" VPOS="395" WIDTH="56" HEIGHT="17" WC="0.92" CONTENT="trafik"/><SP WIDTH="14" VPOS="395" HPOS="548"/>
							<String ID="string_13" HPOS="562" VPOS="395" WIDTH="86" HEIGHT="23" WC="0.92" CONTENT="öppnade"/><SP WIDTH="14" VPOS="395" HPOS="648"/>
							<String ID="string_14" HPOS="662" VPOS="395" WIDTH="54" HEIGHT="18" WC="0.96" CONTENT="delen"/><SP WIDTH="15" VPOS="395" HPOS="716"/>
							<String ID="string_15" HPOS="731" VPOS="395" WIDTH="20" HEIGHT="17" WC="0.93" CONTENT="af"/><SP WIDTH="11" VPOS="395" HPOS="751"/>
							<String ID="string_16" HPOS="762" VPOS="395" WIDTH="92" HEIGHT="18" WC="0.91" CONTENT="Karelska"/><SP WIDTH="12" VPOS="395" HPOS="854"/>
							<String ID="string_17" HPOS="866" VPOS="395" WIDTH="60" HEIGHT="18" WC="0.92" CONTENT="banan"/><SP WIDTH="13" VPOS="395" HPOS="926"/>
							<String ID="string_18" HPOS="939" VPOS="395" WIDTH="54" HEIGHT="18" WC="0.92" CONTENT="berör"/>
						</TextLine>
						<TextLine ID="line_5" HPOS="234" VPOS="423" WIDTH="760" HEIGHT="23">
							<String ID="string_19" HPOS="234" VPOS="424" WIDTH="88" HEIGHT="17" WC="0.92" CONTENT="stranden"/><SP WIDTH="14" VPOS="424" HPOS="322"/>
							<String ID="string_20" HPOS="336" VPOS="424" WIDTH="20" HEIGHT="17" WC="0.96" CONTENT="af"/><SP WIDTH="10" VPOS="424" HPOS="356"/>
							<String ID="string_21" HPOS="366" VPOS="424" WIDTH="76" HEIGHT="22" WC="0.93" CONTENT="Ladoga"/><SP WIDTH="12" VPOS="424" HPOS="442"/>
							<String ID="string_22" HPOS="454" VPOS="424" WIDTH="27" HEIGHT="22" WC="0.93" CONTENT="sjö"/><SP WIDTH="14" VPOS="424" HPOS="481"/>
							<String ID="string_23" HPOS="495" VPOS="424" WIDTH="66" HEIGHT="18" WC="0.93" CONTENT="endast"/><SP WIDTH="13" VPOS="424" HPOS="561"/>
							<String ID="string_24" HPOS="574" VPOS="424" WIDTH="50" HEIGHT="17" WC="0.91" CONTENT="invid"/><SP WIDTH="14" VPOS="424" HPOS="624"/>
							<String ID="string_25" HPOS="638" VPOS="424" WIDTH="102" HEIGHT="17" WC="0.92" CONTENT="Sordavala"/><SP WIDTH="9" VPOS="424" HPOS="740"/>
							<String ID="string_26" HPOS="749" VPOS="424" WIDTH="46" HEIGHT="22" WC="0.93" CONTENT="stad,"/><SP WIDTH="10" VPOS="424" HPOS="795"/>
							<String ID="string_27" HPOS="805" VPOS="424" WIDTH="61" HEIGHT="18" WC="0.93" CONTENT="fastän"/><SP WIDTH="9" VPOS="424" HPOS="866"/>
							<String ID="string_28" HPOS="875" VPOS="424" WIDTH="61" HEIGHT="17" WC="0.92" CONTENT="banan"/><SP WIDTH="10" VPOS="424" HPOS="936"/>
							<String ID="string_29" HPOS="946" VPOS="423" WIDTH="48" HEIGHT="18" WC="0.92" CONTENT="ända"/>
						</TextLine>
						<TextLine ID="line_6" HPOS="234" VPOS="451" WIDTH="759" HEIGHT="24">
							<String ID="string_30" HPOS="234" VPOS="451" WIDTH="41" HEIGHT="18" WC="0.92" CONTENT="från"/><SP WIDTH="19" VPOS="451" HPOS="275"/>
							<String ID="string_31" HPOS="294" VPOS="452" WIDTH="71" HEIGHT="17" WC="0.93" CONTENT="Hiitola"/><SP WIDTH="18" VPOS="452" HPOS="365"/>
							<String ID="string_32" HPOS="383" VPOS="452" WIDTH="53" HEIGHT="23" WC="0.96" CONTENT="löper"/><SP WIDTH="15" VPOS="452" HPOS="436"/>
							<String ID="string_33" HPOS="451" VPOS="457" WIDTH="66" HEIGHT="18" WC="0.91" CONTENT="genom"/><SP WIDTH="13" VPOS="457" HPOS="517"/>
							<String ID="string_34" HPOS="530" VPOS="452" WIDTH="84" HEIGHT="23" WC="0.91" CONTENT="Ladogas"/><SP WIDTH="14" VPOS="452" HPOS="614"/>
							<String ID="string_35" HPOS="628" VPOS="453" WIDTH="131" HEIGHT="17" WC="0.88" CONTENT="kustsocknar."/><SP WIDTH="24" VPOS="453" HPOS="759"/>
							<String ID="string_36" HPOS="783" VPOS="452" WIDTH="66" HEIGHT="18" WC="0.96" CONTENT="Redan"/><SP WIDTH="13" VPOS="452" HPOS="849"/>
							<String ID="string_37" HPOS="862" VPOS="452" WIDTH="31" HEIGHT="18" WC="0.96" CONTENT="vid"/><SP WIDTH="13" VPOS="452" HPOS="893"/>
							<String ID="string_38" HPOS="906" VPOS="452" WIDTH="44" HEIGHT="18" WC="0.93" CONTENT="1885"/><SP WIDTH="13" VPOS="452" HPOS="950"/>
							<String ID="string_39" HPOS="963" VPOS="452" WIDTH="30" HEIGHT="17" WC="0.95" CONTENT="års"/>
						</TextLine>
						<TextLine ID="line_7" HPOS="234" VPOS="480" WIDTH="760" HEIGHT="23">
							<String ID="string_40" HPOS="234" VPOS="480" WIDTH="95" HEIGHT="23" WC="0.91" CONTENT="landtdag,"/><SP WIDTH="13" VPOS="480" HPOS="329"/>
							<String ID="string_41" HPOS="342" VPOS="481" WIDTH="34" HEIGHT="17" WC="0.93" CONTENT="och"/><SP WIDTH="14" VPOS="481" HPOS="376"/>
							<String ID="string_42" HPOS="390" VPOS="481" WIDTH="73" HEIGHT="17" WC="0.93" CONTENT="säledes"/><SP WIDTH="12" VPOS="481" HPOS="463"/>
							<String ID="string_43" HPOS="475" VPOS="481" WIDTH="64" HEIGHT="17" WC="0.92" CONTENT="förrän"/><SP WIDTH="13" VPOS="481" HPOS="539"/>
							<String ID="string_44" HPOS="552" VPOS="481" WIDTH="92" HEIGHT="18" WC="0.92" CONTENT="Karelska"/><SP WIDTH="11" VPOS="481" HPOS="644"/>
							<String ID="string_45" HPOS="655" VPOS="481" WIDTH="71" HEIGHT="18" WC="0.92" CONTENT="banans"/><SP WIDTH="10" VPOS="481" HPOS="726"/>
							<String ID="string_46" HPOS="736" VPOS="481" WIDTH="85" HEIGHT="22" WC="0.93" CONTENT="riktning"/><SP WIDTH="8" VPOS="481" HPOS="821"/>
							<String ID="string_47" HPOS="829" VPOS="481" WIDTH="62" HEIGHT="17" WC="0.92" CONTENT="blifvit"/><SP WIDTH="10" VPOS="481" HPOS="891"/>
							<String ID="string_48" HPOS="901" VPOS="480" WIDTH="93" HEIGHT="19" WC="0.92" CONTENT="definitivt"/>
						</TextLine>
						<TextLine ID="line_8" HPOS="234" VPOS="509" WIDTH="759" HEIGHT="24">
							<String ID="string_49" HPOS="234" VPOS="509" WIDTH="98" HEIGHT="21" WC="0.88" CONTENT="fastställd,"/><SP WIDTH="20" VPOS="509" HPOS="332"/>
							<String ID="string_50" HPOS="352" VPOS="510" WIDTH="65" HEIGHT="22" WC="0.91" CONTENT="ansägs"/><SP WIDTH="17" VPOS="510" HPOS="417"/>
							<String ID="string_51" HPOS="434" VPOS="514" WIDTH="23" HEIGHT="13" WC="0.92" CONTENT="en"/><SP WIDTH="12" VPOS="514" HPOS="457"/>
							<String ID="string_52" HPOS="469" VPOS="509" WIDTH="116" HEIGHT="18" WC="0.92" CONTENT="förbindelse"/><SP WIDTH="14" VPOS="509" HPOS="585"/>
							<String ID="string_53" HPOS="599" VPOS="509" WIDTH="80" HEIGHT="18" WC="0.91" CONTENT="emellan"/><SP WIDTH="13" VPOS="509" HPOS="679"/>
							<String ID="string_54" HPOS="692" VPOS="509" WIDTH="76" HEIGHT="23" WC="0.96" CONTENT="Ladoga"/><SP WIDTH="12" VPOS="509" HPOS="768"/>
							<String ID="string_55" HPOS="780" VPOS="510" WIDTH="7" HEIGHT="17" WC="0.96" CONTENT="i"/><SP WIDTH="13" VPOS="510" HPOS="787"/>
							<String ID="string_56" HPOS="800" VPOS="509" WIDTH="43" HEIGHT="18" WC="0.93" CONTENT="dess"/><SP WIDTH="13" VPOS="509" HPOS="843"/>
							<String ID="string_57" HPOS="856" VPOS="509" WIDTH="92" HEIGHT="24" WC="0.92" CONTENT="sydligare"/><SP WIDTH="14" VPOS="509" HPOS="948"/>
							<String ID="string_58" HPOS="962" VPOS="509" WIDTH="31" HEIGHT="18" WC="0.91" CONTENT="de-"/>
						</TextLine>
						<TextLine ID="line_9" HPOS="234" VPOS="537" WIDTH="759" HEIGHT="24">
							<String ID="string_59" HPOS="234" VPOS="537" WIDTH="29" HEIGHT="18" WC="0.96" CONTENT="lar"/><SP WIDTH="13" VPOS="537" HPOS="263"/>
							<String ID="string_60" HPOS="276" VPOS="538" WIDTH="35" HEIGHT="17" WC="0.93" CONTENT="och"/><SP WIDTH="12" VPOS="538" HPOS="311"/>
							<String ID="string_61" HPOS="323" VPOS="537" WIDTH="140" HEIGHT="23" WC="0.92" CONTENT="ifrägavarande"/><SP WIDTH="17" VPOS="537" HPOS="463"/>
							<String ID="string_62" HPOS="480" VPOS="538" WIDTH="49" HEIGHT="17" WC="0.93" CONTENT="bana"/><SP WIDTH="12" VPOS="538" HPOS="529"/>
							<String ID="string_63" HPOS="541" VPOS="543" WIDTH="44" HEIGHT="13" WC="0.96" CONTENT="vara"/><SP WIDTH="13" VPOS="543" HPOS="585"/>
							<String ID="string_64" HPOS="598" VPOS="544" WIDTH="22" HEIGHT="12" WC="0.93" CONTENT="en"/><SP WIDTH="14" VPOS="544" HPOS="620"/>
							<String ID="string_65" HPOS="634" VPOS="538" WIDTH="108" HEIGHT="23" WC="0.92" CONTENT="nödvändig"/><SP WIDTH="13" VPOS="538" HPOS="742"/>
							<String ID="string_66" HPOS="755" VPOS="539" WIDTH="147" HEIGHT="22" WC="0.93" CONTENT="komplettering"/><SP WIDTH="12" VPOS="539" HPOS="902"/>
							<String ID="string_67" HPOS="914" VPOS="538" WIDTH="20" HEIGHT="17" WC="0.93" CONTENT="af"/><SP WIDTH="8" VPOS="538" HPOS="934"/>
							<String ID="string_68" HPOS="942" VPOS="539" WIDTH="51" HEIGHT="21" WC="0.93" CONTENT="jern-"/>
						</TextLine>
						<TextLine ID="line_10" HPOS="233" VPOS="567" WIDTH="760" HEIGHT="22">
							<String ID="string_69" HPOS="233" VPOS="568" WIDTH="66" HEIGHT="20" WC="0.93" CONTENT="vägen."/><SP WIDTH="27" VPOS="568" HPOS="299"/>
							<String ID="string_70" HPOS="326" VPOS="567" WIDTH="26" HEIGHT="17" WC="0.92" CONTENT="Pä"/><SP WIDTH="19" VPOS="567" HPOS="352"/>
							<String ID="string_71" HPOS="371" VPOS="567" WIDTH="59" HEIGHT="22" WC="0.93" CONTENT="grund"/><SP WIDTH="19" VPOS="567" HPOS="430"/>
							<String ID="string_72" HPOS="449" VPOS="567" WIDTH="54" HEIGHT="18" WC="0.92" CONTENT="deraf"/><SP WIDTH="16" VPOS="567" HPOS="503"/>
							<String ID="string_73" HPOS="519" VPOS="567" WIDTH="76" HEIGHT="18" WC="0.91" CONTENT="anhöllo"/><SP WIDTH="27" VPOS="567" HPOS="595"/>
							<String ID="string_74" HPOS="622" VPOS="567" WIDTH="106" HEIGHT="18" WC="0.92" CONTENT="Ständerna"/><SP WIDTH="23" VPOS="567" HPOS="728"/>
							<String ID="string_75" HPOS="751" VPOS="572" WIDTH="29" HEIGHT="12" WC="0.93" CONTENT="om"/><SP WIDTH="21" VPOS="572" HPOS="780"/>
							<String ID="string_76" HPOS="801" VPOS="567" WIDTH="58" HEIGHT="22" WC="0.90" CONTENT="nädig"/><SP WIDTH="19" VPOS="567" HPOS="859"/>
							<String ID="string_77" HPOS="878" VPOS="567" WIDTH="115" HEIGHT="22" WC="0.96" CONTENT="proposition"/>
						</TextLine>
						<TextLine ID="line_11" HPOS="233" VPOS="595" WIDTH="759" HEIGHT="23">
							<String ID="string_78" HPOS="233" VPOS="595" WIDTH="29" HEIGHT="17" WC="0.93" CONTENT="till"/><SP WIDTH="20" VPOS="595" HPOS="262"/>
							<String ID="string_79" HPOS="282" VPOS="595" WIDTH="125" HEIGHT="23" WC="0.92" CONTENT="nästföljande"/><SP WIDTH="18" VPOS="595" HPOS="407"/>
							<String ID="string_80" HPOS="425" VPOS="595" WIDTH="89" HEIGHT="23" WC="0.92" CONTENT="landtdag"/><SP WIDTH="17" VPOS="595" HPOS="514"/>
							<String ID="string_81" HPOS="531" VPOS="595" WIDTH="79" HEIGHT="18" WC="0.91" CONTENT="rörande"/><SP WIDTH="21" VPOS="595" HPOS="610"/>
							<String ID="string_82" HPOS="631" VPOS="595" WIDTH="131" HEIGHT="23" WC="0.91" CONTENT="kanalisering"/><SP WIDTH="15" VPOS="595" HPOS="762"/>
							<String ID="string_83" HPOS="777" VPOS="595" WIDTH="20" HEIGHT="18" WC="0.92" CONTENT="af"/><SP WIDTH="19" VPOS="595" HPOS="797"/>
							<String ID="string_84" HPOS="816" VPOS="595" WIDTH="98" HEIGHT="18" WC="0.92" CONTENT="Vuoksens"/><SP WIDTH="21" VPOS="595" HPOS="914"/>
							<String ID="string_85" HPOS="935" VPOS="595" WIDTH="57" HEIGHT="18" WC="0.92" CONTENT="nedre"/>
						</TextLine>
						<TextLine ID="line_12" HPOS="233" VPOS="623" WIDTH="760" HEIGHT="24">
							<String ID="string_86" HPOS="233" VPOS="623" WIDTH="44" HEIGHT="24" WC="0.96" CONTENT="lopp"/><SP WIDTH="13" VPOS="623" HPOS="277"/>
							<String ID="string_87" HPOS="290" VPOS="625" WIDTH="7" HEIGHT="16" WC="0.95" CONTENT="i"/><SP WIDTH="12" VPOS="625" HPOS="297"/>
							<String ID="string_88" HPOS="309" VPOS="624" WIDTH="35" HEIGHT="18" WC="0.95" CONTENT="den"/><SP WIDTH="13" VPOS="624" HPOS="344"/>
							<String ID="string_89" HPOS="357" VPOS="625" WIDTH="134" HEIGHT="22" WC="0.95" CONTENT="utsträckning,"/><SP WIDTH="13" VPOS="625" HPOS="491"/>
							<String ID="string_90" HPOS="504" VPOS="626" WIDTH="27" HEIGHT="16" WC="0.95" CONTENT="att"/><SP WIDTH="12" VPOS="626" HPOS="531"/>
							<String ID="string_91" HPOS="543" VPOS="624" WIDTH="36" HEIGHT="18" WC="0.93" CONTENT="den"/><SP WIDTH="16" VPOS="624" HPOS="579"/>
							<String ID="string_92" HPOS="595" VPOS="624" WIDTH="153" HEIGHT="23" WC="0.92" CONTENT="segelbargjorda"/><SP WIDTH="14" VPOS="624" HPOS="748"/>
							<String ID="string_93" HPOS="762" VPOS="624" WIDTH="53" HEIGHT="17" WC="0.96" CONTENT="delen"/><SP WIDTH="13" VPOS="624" HPOS="815"/>
							<String ID="string_94" HPOS="828" VPOS="624" WIDTH="21" HEIGHT="18" WC="0.96" CONTENT="af"/><SP WIDTH="10" VPOS="624" HPOS="849"/>
							<String ID="string_95" HPOS="859" VPOS="624" WIDTH="51" HEIGHT="18" WC="0.93" CONTENT="detta"/><SP WIDTH="12" VPOS="624" HPOS="910"/>
							<String ID="string_96" HPOS="922" VPOS="625" WIDTH="71" HEIGHT="16" WC="0.93" CONTENT="vatten-"/>
						</TextLine>
						<TextLine ID="line_13" HPOS="234" VPOS="652" WIDTH="758" HEIGHT="23">
							<String ID="string_97" HPOS="234" VPOS="652" WIDTH="46" HEIGHT="23" WC="0.92" CONTENT="drag"/><SP WIDTH="19" VPOS="652" HPOS="280"/>
							<String ID="string_98" HPOS="299" VPOS="653" WIDTH="72" HEIGHT="18" WC="0.96" CONTENT="komme"/><SP WIDTH="16" VPOS="653" HPOS="371"/>
							<String ID="string_99" HPOS="387" VPOS="653" WIDTH="6" HEIGHT="17" WC="0.97" CONTENT="i"/><SP WIDTH="14" VPOS="653" HPOS="393"/>
							<String ID="string_100" HPOS="407" VPOS="653" WIDTH="62" HEIGHT="18" WC="0.93" CONTENT="direkt"/><SP WIDTH="13" VPOS="653" HPOS="469"/>
							<String ID="string_101" HPOS="482" VPOS="653" WIDTH="115" HEIGHT="18" WC="0.96" CONTENT="förbindelse"/><SP WIDTH="13" VPOS="653" HPOS="597"/>
							<String ID="string_102" HPOS="610" VPOS="653" WIDTH="42" HEIGHT="17" WC="0.93" CONTENT="med"/><SP WIDTH="15" VPOS="653" HPOS="652"/>
							<String ID="string_103" HPOS="667" VPOS="653" WIDTH="93" HEIGHT="17" WC="0.96" CONTENT="Karelska"/><SP WIDTH="13" VPOS="653" HPOS="760"/>
							<String ID="string_104" HPOS="773" VPOS="653" WIDTH="114" HEIGHT="17" WC="0.94" CONTENT="stambanan."/><SP WIDTH="24" VPOS="653" HPOS="887"/>
							<String ID="string_105" HPOS="911" VPOS="653" WIDTH="29" HEIGHT="17" WC="0.92" CONTENT="Då"/><SP WIDTH="11" VPOS="653" HPOS="940"/>
							<String ID="string_106" HPOS="951" VPOS="658" WIDTH="41" HEIGHT="17" WC="0.93" CONTENT="pro-"/>
						</TextLine>
						<TextLine ID="line_14" HPOS="233" VPOS="681" WIDTH="759" HEIGHT="23">
							<String ID="string_107" HPOS="233" VPOS="681" WIDTH="82" HEIGHT="22" WC="0.93" CONTENT="position"/><SP WIDTH="12" VPOS="681" HPOS="315"/>
							<String ID="string_108" HPOS="327" VPOS="681" WIDTH="105" HEIGHT="18" WC="0.96" CONTENT="emellertid"/><SP WIDTH="12" VPOS="681" HPOS="432"/>
							<String ID="string_109" HPOS="444" VPOS="682" WIDTH="41" HEIGHT="17" WC="0.96" CONTENT="icke"/><SP WIDTH="14" VPOS="682" HPOS="485"/>
							<String ID="string_110" HPOS="499" VPOS="681" WIDTH="30" HEIGHT="18" WC="0.96" CONTENT="vid"/><SP WIDTH="14" VPOS="681" HPOS="529"/>
							<String ID="string_111" HPOS="543" VPOS="682" WIDTH="44" HEIGHT="17" WC="0.93" CONTENT="1888"/><SP WIDTH="14" VPOS="682" HPOS="587"/>
							<String ID="string_112" HPOS="601" VPOS="682" WIDTH="30" HEIGHT="17" WC="0.93" CONTENT="års"/><SP WIDTH="10" VPOS="682" HPOS="631"/>
							<String ID="string_113" HPOS="641" VPOS="681" WIDTH="89" HEIGHT="22" WC="0.92" CONTENT="landtdag"/><SP WIDTH="9" VPOS="681" HPOS="730"/>
							<String ID="string_114" HPOS="739" VPOS="681" WIDTH="41" HEIGHT="18" WC="0.93" CONTENT="blef"/><SP WIDTH="8" VPOS="681" HPOS="780"/>
							<String ID="string_115" HPOS="788" VPOS="681" WIDTH="105" HEIGHT="18" WC="0.92" CONTENT="Ständerna"/><SP WIDTH="10" VPOS="681" HPOS="893"/>
							<String ID="string_116" HPOS="903" VPOS="681" WIDTH="89" HEIGHT="23" WC="0.92" CONTENT="förelagd,"/>
						</TextLine>
						<TextLine ID="line_15" HPOS="233" VPOS="709" WIDTH="759" HEIGHT="24">
							<String ID="string_117" HPOS="233" VPOS="709" WIDTH="115" HEIGHT="18" WC="0.91" CONTENT="inlemnades"/><SP WIDTH="19" VPOS="709" HPOS="348"/>
							<String ID="string_118" HPOS="367" VPOS="715" WIDTH="23" HEIGHT="12" WC="0.96" CONTENT="en"/><SP WIDTH="19" VPOS="715" HPOS="390"/>
							<String ID="string_119" HPOS="409" VPOS="716" WIDTH="23" HEIGHT="17" WC="0.93" CONTENT="ny"/><SP WIDTH="15" VPOS="716" HPOS="432"/>
							<String ID="string_120" HPOS="447" VPOS="711" WIDTH="79" HEIGHT="22" WC="0.92" CONTENT="petition"/><SP WIDTH="16" VPOS="711" HPOS="526"/>
							<String ID="string_121" HPOS="542" VPOS="715" WIDTH="29" HEIGHT="12" WC="0.93" CONTENT="om"/><SP WIDTH="14" VPOS="715" HPOS="571"/>
							<String ID="string_122" HPOS="585" VPOS="710" WIDTH="127" HEIGHT="22" WC="0.92" CONTENT="kanalisering"/><SP WIDTH="12" VPOS="710" HPOS="712"/>
							<String ID="string_123" HPOS="724" VPOS="709" WIDTH="21" HEIGHT="18" WC="0.93" CONTENT="af"/><SP WIDTH="11" VPOS="709" HPOS="745"/>
							<String ID="string_124" HPOS="756" VPOS="710" WIDTH="98" HEIGHT="17" WC="0.92" CONTENT="Vuoksens"/><SP WIDTH="12" VPOS="710" HPOS="854"/>
							<String ID="string_125" HPOS="866" VPOS="710" WIDTH="87" HEIGHT="22" WC="0.93" CONTENT="nordliga"/><SP WIDTH="12" VPOS="710" HPOS="953"/>
							<String ID="string_126" HPOS="965" VPOS="712" WIDTH="27" HEIGHT="15" WC="0.93" CONTENT="ut-"/>
						</TextLine>
						<TextLine ID="line_16" HPOS="233" VPOS="738" WIDTH="760" HEIGHT="23">
							<String ID="string_127" HPOS="233" VPOS="738" WIDTH="105" HEIGHT="23" WC="0.86" CONTENT="loppsgren."/><SP WIDTH="25" VPOS="738" HPOS="338"/>
							<String ID="string_128" HPOS="363" VPOS="739" WIDTH="43" HEIGHT="17" WC="0.93" CONTENT="Med"/><SP WIDTH="20" VPOS="739" HPOS="406"/>
							<String ID="string_129" HPOS="426" VPOS="739" WIDTH="101" HEIGHT="22" WC="0.93" CONTENT="anledning"/><SP WIDTH="19" VPOS="739" HPOS="527"/>
							<String ID="string_130" HPOS="546" VPOS="738" WIDTH="55" HEIGHT="18" WC="0.90" CONTENT="häraf"/><SP WIDTH="16" VPOS="738" HPOS="601"/>
							<String ID="string_131" HPOS="617" VPOS="738" WIDTH="83" HEIGHT="23" WC="0.96" CONTENT="föreslog"/><SP WIDTH="19" VPOS="738" HPOS="700"/>
							<String ID="string_132" HPOS="719" VPOS="739" WIDTH="45" HEIGHT="17" WC="0.93" CONTENT="1888"/><SP WIDTH="19" VPOS="739" HPOS="764"/>
							<String ID="string_133" HPOS="783" VPOS="739" WIDTH="30" HEIGHT="17" WC="0.93" CONTENT="års"/><SP WIDTH="17" VPOS="739" HPOS="813"/>
							<String ID="string_134" HPOS="830" VPOS="739" WIDTH="163" HEIGHT="22" WC="0.91" CONTENT="jernvägsutskott"/>
						</TextLine>
						<TextLine ID="line_17" HPOS="233" VPOS="766" WIDTH="760" HEIGHT="23">
							<String ID="string_135" HPOS="233" VPOS="766" WIDTH="59" HEIGHT="18" WC="0.96" CONTENT="bland"/><SP WIDTH="19" VPOS="766" HPOS="292"/>
							<String ID="string_136" HPOS="311" VPOS="769" WIDTH="63" HEIGHT="16" WC="0.95" CONTENT="annat:"/><SP WIDTH="20" VPOS="769" HPOS="374"/>
							<String ID="string_137" HPOS="394" VPOS="769" WIDTH="26" HEIGHT="16" WC="0.93" CONTENT="att"/><SP WIDTH="16" VPOS="769" HPOS="420"/>
							<String ID="string_138" HPOS="436" VPOS="769" WIDTH="44" HEIGHT="16" WC="0.91" CONTENT="enär"/><SP WIDTH="16" VPOS="769" HPOS="480"/>
							<String ID="string_139" HPOS="496" VPOS="767" WIDTH="122" HEIGHT="18" WC="0.91" CONTENT="förevarande"/><SP WIDTH="19" VPOS="767" HPOS="618"/>
							<String ID="string_140" HPOS="637" VPOS="767" WIDTH="164" HEIGHT="22" WC="0.91" CONTENT="petitionsförslag"/><SP WIDTH="18" VPOS="767" HPOS="801"/>
							<String ID="string_141" HPOS="819" VPOS="767" WIDTH="67" HEIGHT="18" WC="0.93" CONTENT="endast"/><SP WIDTH="13" VPOS="767" HPOS="886"/>
							<String ID="string_142" HPOS="899" VPOS="772" WIDTH="94" HEIGHT="17" WC="0.92" CONTENT="upprepar"/>
						</TextLine>
						<TextLine ID="line_18" HPOS="233" VPOS="795" WIDTH="760" HEIGHT="24">
							<String ID="string_143" HPOS="233" VPOS="795" WIDTH="49" HEIGHT="18" WC="0.93" CONTENT="hvad"/><SP WIDTH="14" VPOS="795" HPOS="282"/>
							<String ID="string_144" HPOS="296" VPOS="798" WIDTH="73" HEIGHT="15" WC="0.92" CONTENT="senaste"/><SP WIDTH="14" VPOS="798" HPOS="369"/>
							<String ID="string_145" HPOS="383" VPOS="796" WIDTH="79" HEIGHT="18" WC="0.92" CONTENT="Ständer"/><SP WIDTH="12" VPOS="796" HPOS="462"/>
							<String ID="string_146" HPOS="474" VPOS="797" WIDTH="7" HEIGHT="16" WC="0.93" CONTENT="i"/><SP WIDTH="12" VPOS="797" HPOS="481"/>
							<String ID="string_147" HPOS="493" VPOS="796" WIDTH="152" HEIGHT="23" WC="0.92" CONTENT="underdänighet"/><SP WIDTH="12" VPOS="796" HPOS="645"/>
							<String ID="string_148" HPOS="657" VPOS="795" WIDTH="105" HEIGHT="18" WC="0.92" CONTENT="framhällit"/><SP WIDTH="13" VPOS="795" HPOS="762"/>
							<String ID="string_149" HPOS="775" VPOS="796" WIDTH="34" HEIGHT="18" WC="0.96" CONTENT="och"/><SP WIDTH="14" VPOS="796" HPOS="809"/>
							<String ID="string_150" HPOS="823" VPOS="796" WIDTH="51" HEIGHT="17" WC="0.93" CONTENT="Hans"/><SP WIDTH="13" VPOS="796" HPOS="874"/>
							<String ID="string_151" HPOS="887" VPOS="796" WIDTH="106" HEIGHT="23" WC="0.92" CONTENT="Kejserliga"/>
						</TextLine>
						<TextLine ID="line_19" HPOS="233" VPOS="824" WIDTH="759" HEIGHT="23">
							<String ID="string_152" HPOS="233" VPOS="824" WIDTH="99" HEIGHT="23" WC="0.92" CONTENT="Majestäts"/><SP WIDTH="19" VPOS="824" HPOS="332"/>
							<String ID="string_153" HPOS="351" VPOS="825" WIDTH="79" HEIGHT="22" WC="0.93" CONTENT="slutliga"/><SP WIDTH="18" VPOS="825" HPOS="430"/>
							<String ID="string_154" HPOS="448" VPOS="825" WIDTH="101" HEIGHT="22" WC="0.92" CONTENT="afgörande"/><SP WIDTH="16" VPOS="825" HPOS="549"/>
							<String ID="string_155" HPOS="565" VPOS="825" WIDTH="6" HEIGHT="17" WC="0.96" CONTENT="i"/><SP WIDTH="16" VPOS="825" HPOS="571"/>
							<String ID="string_156" HPOS="587" VPOS="825" WIDTH="61" HEIGHT="17" WC="0.96" CONTENT="denna"/><SP WIDTH="14" VPOS="825" HPOS="648"/>
							<String ID="string_157" HPOS="662" VPOS="825" WIDTH="33" HEIGHT="17" WC="0.96" CONTENT="sak"/><SP WIDTH="12" VPOS="825" HPOS="695"/>
							<String ID="string_158" HPOS="707" VPOS="825" WIDTH="59" HEIGHT="17" WC="0.93" CONTENT="redan"/><SP WIDTH="14" VPOS="825" HPOS="766"/>
							<String ID="string_159" HPOS="780" VPOS="825" WIDTH="152" HEIGHT="20" WC="0.87" CONTENT="mellankommit,"/><SP WIDTH="12" VPOS="825" HPOS="932"/>
							<String ID="string_160" HPOS="944" VPOS="824" WIDTH="48" HEIGHT="23" WC="0.93" CONTENT="peti-"/>
						</TextLine>
						<TextLine ID="line_20" HPOS="233" VPOS="853" WIDTH="760" HEIGHT="23">
							<String ID="string_161" HPOS="233" VPOS="853" WIDTH="131" HEIGHT="18" WC="0.91" CONTENT="tionsärendet"/><SP WIDTH="12" VPOS="853" HPOS="364"/>
							<String ID="string_162" HPOS="376" VPOS="854" WIDTH="42" HEIGHT="17" WC="0.96" CONTENT="icke"/><SP WIDTH="14" VPOS="854" HPOS="418"/>
							<String ID="string_163" HPOS="432" VPOS="854" WIDTH="55" HEIGHT="17" WC="0.96" CONTENT="måtte"/><SP WIDTH="14" VPOS="854" HPOS="487"/>
							<String ID="string_164" HPOS="501" VPOS="854" WIDTH="28" HEIGHT="17" WC="0.93" CONTENT="till"/><SP WIDTH="13" VPOS="854" HPOS="529"/>
							<String ID="string_165" HPOS="542" VPOS="854" WIDTH="61" HEIGHT="22" WC="0.96" CONTENT="någon"/><SP WIDTH="13" VPOS="854" HPOS="603"/>
							<String ID="string_166" HPOS="616" VPOS="853" WIDTH="64" HEIGHT="18" WC="0.93" CONTENT="vidare"/><SP WIDTH="14" VPOS="853" HPOS="680"/>
							<String ID="string_167" HPOS="694" VPOS="853" WIDTH="64" HEIGHT="22" WC="0.96" CONTENT="åtgärd"/><SP WIDTH="13" VPOS="853" HPOS="758"/>
							<String ID="string_168" HPOS="771" VPOS="853" WIDTH="42" HEIGHT="18" WC="0.93" CONTENT="från"/><SP WIDTH="14" VPOS="853" HPOS="813"/>
							<String ID="string_169" HPOS="827" VPOS="853" WIDTH="115" HEIGHT="18" WC="0.91" CONTENT="Ständernas"/><SP WIDTH="10" VPOS="853" HPOS="942"/>
							<String ID="string_170" HPOS="952" VPOS="853" WIDTH="41" HEIGHT="17" WC="0.97" CONTENT="sida"/>
						</TextLine>
						<TextLine ID="line_21" HPOS="233" VPOS="881" WIDTH="758" HEIGHT="23">
							<String ID="string_171" HPOS="233" VPOS="881" WIDTH="104" HEIGHT="18" WC="0.96" CONTENT="föranleda."/><SP WIDTH="30" VPOS="881" HPOS="337"/>
							<String ID="string_172" HPOS="367" VPOS="882" WIDTH="56" HEIGHT="17" WC="0.87" CONTENT="Detta"/><SP WIDTH="23" VPOS="882" HPOS="423"/>
							<String ID="string_173" HPOS="446" VPOS="882" WIDTH="99" HEIGHT="17" WC="0.96" CONTENT="utskottets"/><SP WIDTH="25" VPOS="882" HPOS="545"/>
							<String ID="string_174" HPOS="570" VPOS="881" WIDTH="70" HEIGHT="23" WC="0.92" CONTENT="förslag"/><SP WIDTH="24" VPOS="881" HPOS="640"/>
							<String ID="string_175" HPOS="664" VPOS="881" WIDTH="41" HEIGHT="18" WC="0.95" CONTENT="blef"/><SP WIDTH="23" VPOS="881" HPOS="705"/>
							<String ID="string_176" HPOS="728" VPOS="881" WIDTH="20" HEIGHT="18" WC="0.91" CONTENT="af"/><SP WIDTH="19" VPOS="881" HPOS="748"/>
							<String ID="string_177" HPOS="767" VPOS="881" WIDTH="106" HEIGHT="18" WC="0.91" CONTENT="Ständerna"/><SP WIDTH="18" VPOS="881" HPOS="873"/>
							<String ID="string_178" HPOS="891" VPOS="881" WIDTH="100" HEIGHT="23" WC="0.90" CONTENT="godkändt."/>
						</TextLine>
						<TextLine ID="line_22" HPOS="233" VPOS="910" WIDTH="759" HEIGHT="23">
							<String ID="string_179" HPOS="233" VPOS="910" WIDTH="86" HEIGHT="17" WC="0.93" CONTENT="Nämnda"/><SP WIDTH="12" VPOS="910" HPOS="319"/>
							<String ID="string_180" HPOS="331" VPOS="911" WIDTH="82" HEIGHT="22" WC="0.92" CONTENT="segelled"/><SP WIDTH="13" VPOS="911" HPOS="413"/>
							<String ID="string_181" HPOS="426" VPOS="911" WIDTH="41" HEIGHT="17" WC="0.96" CONTENT="från"/><SP WIDTH="15" VPOS="911" HPOS="467"/>
							<String ID="string_182" HPOS="482" VPOS="911" WIDTH="101" HEIGHT="17" WC="0.96" CONTENT="Kexholms"/><SP WIDTH="14" VPOS="911" HPOS="583"/>
							<String ID="string_183" HPOS="597" VPOS="911" WIDTH="55" HEIGHT="17" WC="0.96" CONTENT="hamn"/><SP WIDTH="13" VPOS="911" HPOS="652"/>
							<String ID="string_184" HPOS="665" VPOS="910" WIDTH="30" HEIGHT="17" WC="0.96" CONTENT="till"/><SP WIDTH="12" VPOS="910" HPOS="695"/>
							<String ID="string_185" HPOS="707" VPOS="911" WIDTH="71" HEIGHT="17" WC="0.95" CONTENT="Antrea"/><SP WIDTH="13" VPOS="911" HPOS="778"/>
							<String ID="string_186" HPOS="791" VPOS="911" WIDTH="69" HEIGHT="17" WC="0.93" CONTENT="station"/><SP WIDTH="13" VPOS="911" HPOS="860"/>
							<String ID="string_187" HPOS="873" VPOS="912" WIDTH="21" HEIGHT="15" WC="0.96" CONTENT="är"/><SP WIDTH="12" VPOS="912" HPOS="894"/>
							<String ID="string_188" HPOS="906" VPOS="915" WIDTH="51" HEIGHT="12" WC="0.96" CONTENT="mera"/><SP WIDTH="12" VPOS="915" HPOS="957"/>
							<String ID="string_189" HPOS="969" VPOS="911" WIDTH="23" HEIGHT="16" WC="0.96" CONTENT="än"/>
						</TextLine>
						<TextLine ID="line_23" HPOS="233" VPOS="938" WIDTH="760" HEIGHT="23">
							<String ID="string_190" HPOS="233" VPOS="939" WIDTH="101" HEIGHT="17" WC="0.92" CONTENT="etthundra"/><SP WIDTH="12" VPOS="939" HPOS="334"/>
							<String ID="string_191" HPOS="346" VPOS="939" WIDTH="99" HEIGHT="18" WC="0.93" CONTENT="kilometer"/><SP WIDTH="12" VPOS="939" HPOS="445"/>
							<String ID="string_192" HPOS="457" VPOS="939" WIDTH="48" HEIGHT="22" WC="0.93" CONTENT="läng,"/><SP WIDTH="14" VPOS="939" HPOS="505"/>
							<String ID="string_193" HPOS="519" VPOS="939" WIDTH="34" HEIGHT="18" WC="0.96" CONTENT="och"/><SP WIDTH="13" VPOS="939" HPOS="553"/>
							<String ID="string_194" HPOS="566" VPOS="939" WIDTH="60" HEIGHT="18" WC="0.93" CONTENT="skulle"/><SP WIDTH="10" VPOS="939" HPOS="626"/>
							<String ID="string_195" HPOS="636" VPOS="939" WIDTH="57" HEIGHT="17" WC="0.93" CONTENT="blifva"/><SP WIDTH="9" VPOS="939" HPOS="693"/>
							<String ID="string_196" HPOS="702" VPOS="939" WIDTH="20" HEIGHT="18" WC="0.96" CONTENT="af"/><SP WIDTH="7" VPOS="939" HPOS="722"/>
							<String ID="string_197" HPOS="729" VPOS="941" WIDTH="60" HEIGHT="16" WC="0.93" CONTENT="större"/><SP WIDTH="10" VPOS="941" HPOS="789"/>
							<String ID="string_198" HPOS="799" VPOS="938" WIDTH="194" HEIGHT="19" WC="0.92" CONTENT="nationalekonomisk"/>
						</TextLine>
						<TextLine ID="line_24" HPOS="233" VPOS="967" WIDTH="760" HEIGHT="23">
							<String ID="string_199" HPOS="233" VPOS="967" WIDTH="97" HEIGHT="23" WC="0.96" CONTENT="betydelse"/><SP WIDTH="18" VPOS="967" HPOS="330"/>
							<String ID="string_200" HPOS="348" VPOS="967" WIDTH="28" HEIGHT="18" WC="0.96" CONTENT="för"/><SP WIDTH="16" VPOS="967" HPOS="376"/>
							<String ID="string_201" HPOS="392" VPOS="968" WIDTH="36" HEIGHT="17" WC="0.92" CONTENT="den"/><SP WIDTH="14" VPOS="968" HPOS="428"/>
							<String ID="string_202" HPOS="442" VPOS="968" WIDTH="89" HEIGHT="17" WC="0.92" CONTENT="händelse"/><SP WIDTH="14" VPOS="968" HPOS="531"/>
							<String ID="string_203" HPOS="545" VPOS="970" WIDTH="27" HEIGHT="15" WC="0.96" CONTENT="att"/><SP WIDTH="12" VPOS="970" HPOS="572"/>
							<String ID="string_204" HPOS="584" VPOS="968" WIDTH="6" HEIGHT="17" WC="0.96" CONTENT="i"/><SP WIDTH="14" VPOS="968" HPOS="590"/>
							<String ID="string_205" HPOS="604" VPOS="967" WIDTH="101" HEIGHT="18" WC="0.93" CONTENT="framtiden"/><SP WIDTH="13" VPOS="967" HPOS="705"/>
							<String ID="string_206" HPOS="718" VPOS="968" WIDTH="81" HEIGHT="17" WC="0.92" CONTENT="emellan"/><SP WIDTH="14" VPOS="968" HPOS="799"/>
							<String ID="string_207" HPOS="813" VPOS="967" WIDTH="88" HEIGHT="18" WC="0.97" CONTENT="Vuoksen"/><SP WIDTH="13" VPOS="967" HPOS="901"/>
							<String ID="string_208" HPOS="914" VPOS="967" WIDTH="34" HEIGHT="18" WC="0.93" CONTENT="och"/><SP WIDTH="12" VPOS="967" HPOS="948"/>
							<String ID="string_209" HPOS="960" VPOS="967" WIDTH="33" HEIGHT="17" WC="0.93" CONTENT="Vi-"/>
						</TextLine>
						<TextLine ID="line_25" HPOS="233" VPOS="995" WIDTH="759" HEIGHT="24">
							<String ID="string_210" HPOS="233" VPOS="996" WIDTH="46" HEIGHT="23" WC="0.91" CONTENT="borg"/><SP WIDTH="20" VPOS="996" HPOS="279"/>
							<String ID="string_211" HPOS="299" VPOS="997" WIDTH="94" HEIGHT="22" WC="0.91" CONTENT="öppnades"/><SP WIDTH="20" VPOS="997" HPOS="393"/>
							<String ID="string_212" HPOS="413" VPOS="997" WIDTH="35" HEIGHT="17" WC="0.93" CONTENT="den"/><SP WIDTH="20" VPOS="997" HPOS="448"/>
							<String ID="string_213" HPOS="468" VPOS="997" WIDTH="88" HEIGHT="22" WC="0.88" CONTENT="segelled,"/><SP WIDTH="19" VPOS="997" HPOS="556"/>
							<String ID="string_214" HPOS="575" VPOS="1002" WIDTH="30" HEIGHT="12" WC="0.93" CONTENT="om"/><SP WIDTH="18" VPOS="1002" HPOS="605"/>
							<String ID="string_215" HPOS="623" VPOS="997" WIDTH="55" HEIGHT="17" WC="0.92" CONTENT="hvars"/><SP WIDTH="13" VPOS="997" HPOS="678"/>
							<String ID="string_216" HPOS="691" VPOS="997" WIDTH="142" HEIGHT="22" WC="0.93" CONTENT="undersökning"/><SP WIDTH="13" VPOS="997" HPOS="833"/>
							<String ID="string_217" HPOS="846" VPOS="995" WIDTH="105" HEIGHT="18" WC="0.93" CONTENT="Ständerna"/><SP WIDTH="11" VPOS="995" HPOS="951"/>
							<String ID="string_218" HPOS="962" VPOS="995" WIDTH="30" HEIGHT="18" WC="0.97" CONTENT="vid"/>
						</TextLine>
						<TextLine ID="line_26" HPOS="232" VPOS="1025" WIDTH="760" HEIGHT="22">
							<String ID="string_219" HPOS="232" VPOS="1025" WIDTH="46" HEIGHT="18" WC="0.90" CONTENT="1885"/><SP WIDTH="20" VPOS="1025" HPOS="278"/>
							<String ID="string_220" HPOS="298" VPOS="1025" WIDTH="29" HEIGHT="18" WC="0.90" CONTENT="ärs"/><SP WIDTH="19" VPOS="1025" HPOS="327"/>
							<String ID="string_221" HPOS="346" VPOS="1025" WIDTH="88" HEIGHT="22" WC="0.92" CONTENT="landtdag"/><SP WIDTH="12" VPOS="1025" HPOS="434"/>
							<String ID="string_222" HPOS="446" VPOS="1025" WIDTH="67" HEIGHT="22" WC="0.92" CONTENT="jemväl"/><SP WIDTH="13" VPOS="1025" HPOS="513"/>
							<String ID="string_223" HPOS="526" VPOS="1025" WIDTH="144" HEIGHT="22" WC="0.89" CONTENT="petitionerade."/><SP WIDTH="24" VPOS="1025" HPOS="670"/>
							<String ID="string_224" HPOS="694" VPOS="1025" WIDTH="67" HEIGHT="18" WC="0.93" CONTENT="Denna"/><SP WIDTH="12" VPOS="1025" HPOS="761"/>
							<String ID="string_225" HPOS="773" VPOS="1025" WIDTH="84" HEIGHT="22" WC="0.91" CONTENT="segelled"/><SP WIDTH="13" VPOS="1025" HPOS="857"/>
							<String ID="string_226" HPOS="870" VPOS="1025" WIDTH="60" HEIGHT="17" WC="0.93" CONTENT="skulle"/><SP WIDTH="13" VPOS="1025" HPOS="930"/>
							<String ID="string_227" HPOS="943" VPOS="1026" WIDTH="49" HEIGHT="15" WC="0.91" CONTENT="näm-"/>
						</TextLine>
						<TextLine ID="line_27" HPOS="232" VPOS="1053" WIDTH="761" HEIGHT="24">
							<String ID="string_228" HPOS="232" VPOS="1054" WIDTH="51" HEIGHT="22" WC="0.96" CONTENT="ligen"/><SP WIDTH="14" VPOS="1054" HPOS="283"/>
							<String ID="string_229" HPOS="297" VPOS="1054" WIDTH="73" HEIGHT="17" WC="0.96" CONTENT="komma"/><SP WIDTH="13" VPOS="1054" HPOS="370"/>
							<String ID="string_230" HPOS="383" VPOS="1056" WIDTH="27" HEIGHT="15" WC="0.93" CONTENT="att"/><SP WIDTH="12" VPOS="1056" HPOS="410"/>
							<String ID="string_231" HPOS="422" VPOS="1054" WIDTH="74" HEIGHT="23" WC="0.93" CONTENT="betjena"/><SP WIDTH="12" VPOS="1054" HPOS="496"/>
							<String ID="string_232" HPOS="508" VPOS="1054" WIDTH="43" HEIGHT="17" WC="0.93" CONTENT="icke"/><SP WIDTH="14" VPOS="1054" HPOS="551"/>
							<String ID="string_233" HPOS="565" VPOS="1054" WIDTH="81" HEIGHT="17" WC="0.92" CONTENT="allenast"/><SP WIDTH="9" VPOS="1054" HPOS="646"/>
							<String ID="string_234" HPOS="655" VPOS="1053" WIDTH="134" HEIGHT="18" WC="0.96" CONTENT="lokaltrafiken"/><SP WIDTH="10" VPOS="1053" HPOS="789"/>
							<String ID="string_235" HPOS="799" VPOS="1053" WIDTH="50" HEIGHT="18" WC="0.93" CONTENT="inom"/><SP WIDTH="10" VPOS="1053" HPOS="849"/>
							<String ID="string_236" HPOS="859" VPOS="1053" WIDTH="39" HEIGHT="18" WC="0.96" CONTENT="åtta"/><SP WIDTH="9" VPOS="1053" HPOS="898"/>
							<String ID="string_237" HPOS="907" VPOS="1053" WIDTH="86" HEIGHT="21" WC="0.95" CONTENT="socknar,"/>
						</TextLine>
						<TextLine ID="line_28" HPOS="233" VPOS="1081" WIDTH="760" HEIGHT="24">
							<String ID="string_238" HPOS="233" VPOS="1084" WIDTH="45" HEIGHT="15" WC="0.92" CONTENT="utan"/><SP WIDTH="20" VPOS="1084" HPOS="278"/>
							<String ID="string_239" HPOS="298" VPOS="1083" WIDTH="34" HEIGHT="16" WC="0.90" CONTENT="ock"/><SP WIDTH="18" VPOS="1083" HPOS="332"/>
							<String ID="string_240" HPOS="350" VPOS="1083" WIDTH="126" HEIGHT="22" WC="0.90" CONTENT="framforsling"/><SP WIDTH="19" VPOS="1083" HPOS="476"/>
							<String ID="string_241" HPOS="495" VPOS="1083" WIDTH="20" HEIGHT="17" WC="0.93" CONTENT="af"/><SP WIDTH="17" VPOS="1083" HPOS="515"/>
							<String ID="string_242" HPOS="532" VPOS="1084" WIDTH="67" HEIGHT="21" WC="0.92" CONTENT="gvarts,"/><SP WIDTH="19" VPOS="1084" HPOS="599"/>
							<String ID="string_243" HPOS="618" VPOS="1082" WIDTH="78" HEIGHT="23" WC="0.92" CONTENT="fältspat"/><SP WIDTH="15" VPOS="1082" HPOS="696"/>
							<String ID="string_244" HPOS="711" VPOS="1083" WIDTH="35" HEIGHT="17" WC="0.93" CONTENT="och"/><SP WIDTH="13" VPOS="1083" HPOS="746"/>
							<String ID="string_245" HPOS="759" VPOS="1084" WIDTH="83" HEIGHT="16" WC="0.93" CONTENT="trävaror"/><SP WIDTH="13" VPOS="1084" HPOS="842"/>
							<String ID="string_246" HPOS="855" VPOS="1081" WIDTH="39" HEIGHT="18" WC="0.92" CONTENT="frän"/><SP WIDTH="15" VPOS="1081" HPOS="894"/>
							<String ID="string_247" HPOS="909" VPOS="1082" WIDTH="84" HEIGHT="22" WC="0.92" CONTENT="Ladogas"/>
						</TextLine>
						<TextLine ID="line_29" HPOS="232" VPOS="1111" WIDTH="761" HEIGHT="23">
							<String ID="string_248" HPOS="232" VPOS="1111" WIDTH="86" HEIGHT="22" WC="0.93" CONTENT="nordliga"/><SP WIDTH="17" VPOS="1111" HPOS="318"/>
							<String ID="string_249" HPOS="335" VPOS="1111" WIDTH="44" HEIGHT="18" WC="0.92" CONTENT="kust"/><SP WIDTH="18" VPOS="1111" HPOS="379"/>
							<String ID="string_250" HPOS="397" VPOS="1111" WIDTH="93" HEIGHT="18" WC="0.92" CONTENT="äfvensom"/><SP WIDTH="19" VPOS="1111" HPOS="490"/>
							<String ID="string_251" HPOS="509" VPOS="1111" WIDTH="127" HEIGHT="23" WC="0.89" CONTENT="tilläfventyrs"/><SP WIDTH="20" VPOS="1111" HPOS="636"/>
							<String ID="string_252" HPOS="656" VPOS="1111" WIDTH="34" HEIGHT="18" WC="0.91" CONTENT="säd"/><SP WIDTH="19" VPOS="1111" HPOS="690"/>
							<String ID="string_253" HPOS="709" VPOS="1111" WIDTH="42" HEIGHT="17" WC="0.92" CONTENT="frän"/><SP WIDTH="16" VPOS="1111" HPOS="751"/>
							<String ID="string_254" HPOS="767" VPOS="1111" WIDTH="76" HEIGHT="22" WC="0.93" CONTENT="Ladoga"/><SP WIDTH="12" VPOS="1111" HPOS="843"/>
							<String ID="string_255" HPOS="855" VPOS="1111" WIDTH="102" HEIGHT="17" WC="0.91" CONTENT="hamnarna"/><SP WIDTH="12" VPOS="1111" HPOS="957"/>
							<String ID="string_256" HPOS="969" VPOS="1111" WIDTH="24" HEIGHT="22" WC="0.96" CONTENT="pä"/>
						</TextLine>
						<TextLine ID="line_30" HPOS="232" VPOS="1139" WIDTH="759" HEIGHT="24">
							<String ID="string_257" HPOS="232" VPOS="1139" WIDTH="56" HEIGHT="23" WC="0.89" CONTENT="ryska"/><SP WIDTH="19" VPOS="1139" HPOS="288"/>
							<String ID="string_258" HPOS="307" VPOS="1140" WIDTH="58" HEIGHT="17" WC="0.93" CONTENT="sidan."/><SP WIDTH="29" VPOS="1140" HPOS="365"/>
							<String ID="string_259" HPOS="394" VPOS="1139" WIDTH="94" HEIGHT="24" WC="0.90" CONTENT="Betydligt"/><SP WIDTH="18" VPOS="1139" HPOS="488"/>
							<String ID="string_260" HPOS="506" VPOS="1140" WIDTH="92" HEIGHT="22" WC="0.96" CONTENT="billigare,"/><SP WIDTH="19" VPOS="1140" HPOS="598"/>
							<String ID="string_261" HPOS="617" VPOS="1142" WIDTH="23" HEIGHT="15" WC="0.90" CONTENT="än"/><SP WIDTH="20" VPOS="1142" HPOS="640"/>
							<String ID="string_262" HPOS="660" VPOS="1139" WIDTH="108" HEIGHT="18" WC="0.90" CONTENT="utförandet"/><SP WIDTH="18" VPOS="1139" HPOS="768"/>
							<String ID="string_263" HPOS="786" VPOS="1139" WIDTH="21" HEIGHT="18" WC="0.96" CONTENT="af"/><SP WIDTH="15" VPOS="1139" HPOS="807"/>
							<String ID="string_264" HPOS="822" VPOS="1145" WIDTH="23" HEIGHT="12" WC="0.93" CONTENT="en"/><SP WIDTH="18" VPOS="1145" HPOS="845"/>
							<String ID="string_265" HPOS="863" VPOS="1139" WIDTH="82" HEIGHT="22" WC="0.87" CONTENT="segelled"/><SP WIDTH="17" VPOS="1139" HPOS="945"/>
							<String ID="string_266" HPOS="962" VPOS="1139" WIDTH="29" HEIGHT="18" WC="0.96" CONTENT="till"/>
						</TextLine>
						<TextLine ID="line_31" HPOS="232" VPOS="1167" WIDTH="761" HEIGHT="24">
							<String ID="string_267" HPOS="232" VPOS="1168" WIDTH="77" HEIGHT="23" WC="0.93" CONTENT="Viborg,"/><SP WIDTH="19" VPOS="1168" HPOS="309"/>
							<String ID="string_268" HPOS="328" VPOS="1174" WIDTH="41" HEIGHT="12" WC="0.92" CONTENT="vore"/><SP WIDTH="20" VPOS="1174" HPOS="369"/>
							<String ID="string_269" HPOS="389" VPOS="1169" WIDTH="31" HEIGHT="17" WC="0.96" CONTENT="det"/><SP WIDTH="12" VPOS="1169" HPOS="420"/>
							<String ID="string_270" HPOS="432" VPOS="1171" WIDTH="27" HEIGHT="15" WC="0.93" CONTENT="att"/><SP WIDTH="12" VPOS="1171" HPOS="459"/>
							<String ID="string_271" HPOS="471" VPOS="1169" WIDTH="66" HEIGHT="18" WC="0.90" CONTENT="förena"/><SP WIDTH="12" VPOS="1169" HPOS="537"/>
							<String ID="string_272" HPOS="549" VPOS="1169" WIDTH="76" HEIGHT="22" WC="0.96" CONTENT="Ladoga"/><SP WIDTH="12" VPOS="1169" HPOS="625"/>
							<String ID="string_273" HPOS="637" VPOS="1169" WIDTH="43" HEIGHT="17" WC="0.93" CONTENT="med"/><SP WIDTH="14" VPOS="1169" HPOS="680"/>
							<String ID="string_274" HPOS="694" VPOS="1169" WIDTH="92" HEIGHT="17" WC="0.93" CONTENT="Karelska"/><SP WIDTH="10" VPOS="1169" HPOS="786"/>
							<String ID="string_275" HPOS="796" VPOS="1169" WIDTH="104" HEIGHT="22" WC="0.91" CONTENT="jernvägen"/><SP WIDTH="14" VPOS="1169" HPOS="900"/>
							<String ID="string_276" HPOS="914" VPOS="1167" WIDTH="79" HEIGHT="18" WC="0.96" CONTENT="medelst"/>
						</TextLine>
						<TextLine ID="line_32" HPOS="232" VPOS="1196" WIDTH="760" HEIGHT="24">
							<String ID="string_277" HPOS="232" VPOS="1202" WIDTH="23" HEIGHT="12" WC="0.93" CONTENT="en"/><SP WIDTH="19" VPOS="1202" HPOS="255"/>
							<String ID="string_278" HPOS="274" VPOS="1197" WIDTH="172" HEIGHT="23" WC="0.92" CONTENT="kanalanläggning"/><SP WIDTH="17" VPOS="1197" HPOS="446"/>
							<String ID="string_279" HPOS="463" VPOS="1197" WIDTH="29" HEIGHT="18" WC="0.96" CONTENT="till"/><SP WIDTH="19" VPOS="1197" HPOS="492"/>
							<String ID="string_280" HPOS="511" VPOS="1197" WIDTH="61" HEIGHT="18" WC="0.96" CONTENT="Inkilä"/><SP WIDTH="19" VPOS="1197" HPOS="572"/>
							<String ID="string_281" HPOS="591" VPOS="1197" WIDTH="74" HEIGHT="18" WC="0.92" CONTENT="station."/><SP WIDTH="25" VPOS="1197" HPOS="665"/>
							<String ID="string_282" HPOS="690" VPOS="1197" WIDTH="121" HEIGHT="18" WC="0.85" CONTENT="Sistnämnda"/><SP WIDTH="18" VPOS="1197" HPOS="811"/>
							<String ID="string_283" HPOS="829" VPOS="1197" WIDTH="84" HEIGHT="22" WC="0.92" CONTENT="segelled"/><SP WIDTH="17" VPOS="1197" HPOS="913"/>
							<String ID="string_284" HPOS="930" VPOS="1196" WIDTH="62" HEIGHT="18" WC="0.55" CONTENT="blefve"/>
						</TextLine>
						<TextLine ID="line_33" HPOS="232" VPOS="1225" WIDTH="761" HEIGHT="23">
							<String ID="string_285" HPOS="232" VPOS="1225" WIDTH="87" HEIGHT="23" WC="0.93" CONTENT="omkring"/><SP WIDTH="18" VPOS="1225" HPOS="319"/>
							<String ID="string_286" HPOS="337" VPOS="1225" WIDTH="104" HEIGHT="23" WC="0.92" CONTENT="fyratiofem"/><SP WIDTH="16" VPOS="1225" HPOS="441"/>
							<String ID="string_287" HPOS="457" VPOS="1226" WIDTH="99" HEIGHT="17" WC="0.93" CONTENT="kilometer"/><SP WIDTH="12" VPOS="1226" HPOS="556"/>
							<String ID="string_288" HPOS="568" VPOS="1226" WIDTH="45" HEIGHT="22" WC="0.96" CONTENT="lång"/><SP WIDTH="13" VPOS="1226" HPOS="613"/>
							<String ID="string_289" HPOS="626" VPOS="1226" WIDTH="35" HEIGHT="17" WC="0.93" CONTENT="och"/><SP WIDTH="13" VPOS="1226" HPOS="661"/>
							<String ID="string_290" HPOS="674" VPOS="1225" WIDTH="73" HEIGHT="18" WC="0.96" CONTENT="komme"/><SP WIDTH="14" VPOS="1225" HPOS="747"/>
							<String ID="string_291" HPOS="761" VPOS="1225" WIDTH="42" HEIGHT="18" WC="0.93" CONTENT="dess"/><SP WIDTH="12" VPOS="1225" HPOS="803"/>
							<String ID="string_292" HPOS="815" VPOS="1225" WIDTH="133" HEIGHT="18" WC="0.52" CONTENT="trafiikomräde"/><SP WIDTH="19" VPOS="1225" HPOS="948"/>
							<String ID="string_293" HPOS="967" VPOS="1227" WIDTH="26" HEIGHT="15" WC="0.97" CONTENT="att"/>
						</TextLine>
						<TextLine ID="line_34" HPOS="232" VPOS="1253" WIDTH="760" HEIGHT="23">
							<String ID="string_294" HPOS="232" VPOS="1253" WIDTH="82" HEIGHT="22" WC="0.93" CONTENT="omfatta,"/><SP WIDTH="12" VPOS="1253" HPOS="314"/>
							<String ID="string_295" HPOS="326" VPOS="1254" WIDTH="80" HEIGHT="17" WC="0.93" CONTENT="förutom"/><SP WIDTH="19" VPOS="1254" HPOS="406"/>
							<String ID="string_296" HPOS="425" VPOS="1255" WIDTH="100" HEIGHT="17" WC="0.92" CONTENT="Kexholms"/><SP WIDTH="17" VPOS="1255" HPOS="525"/>
							<String ID="string_297" HPOS="542" VPOS="1255" WIDTH="59" HEIGHT="17" WC="0.92" CONTENT="stads-"/><SP WIDTH="13" VPOS="1255" HPOS="601"/>
							<String ID="string_298" HPOS="614" VPOS="1255" WIDTH="35" HEIGHT="17" WC="0.93" CONTENT="och"/><SP WIDTH="13" VPOS="1255" HPOS="649"/>
							<String ID="string_299" HPOS="662" VPOS="1254" WIDTH="171" HEIGHT="22" WC="0.93" CONTENT="landsförsamling,"/><SP WIDTH="13" VPOS="1254" HPOS="833"/>
							<String ID="string_300" HPOS="846" VPOS="1254" WIDTH="99" HEIGHT="22" WC="0.96" CONTENT="Pyhäjärvi"/><SP WIDTH="13" VPOS="1254" HPOS="945"/>
							<String ID="string_301" HPOS="958" VPOS="1253" WIDTH="34" HEIGHT="18" WC="0.96" CONTENT="och"/>
						</TextLine>
						<TextLine ID="line_35" HPOS="231" VPOS="1282" WIDTH="762" HEIGHT="19">
							<String ID="string_302" HPOS="231" VPOS="1283" WIDTH="78" HEIGHT="17" WC="0.91" CONTENT="Räisälä"/><SP WIDTH="11" VPOS="1283" HPOS="309"/>
							<String ID="string_303" HPOS="320" VPOS="1283" WIDTH="80" HEIGHT="17" WC="0.91" CONTENT="socknar"/><SP WIDTH="14" VPOS="1283" HPOS="400"/>
							<String ID="string_304" HPOS="414" VPOS="1285" WIDTH="46" HEIGHT="15" WC="0.96" CONTENT="samt"/><SP WIDTH="13" VPOS="1285" HPOS="460"/>
							<String ID="string_305" HPOS="473" VPOS="1289" WIDTH="22" HEIGHT="12" WC="0.96" CONTENT="en"/><SP WIDTH="14" VPOS="1289" HPOS="495"/>
							<String ID="string_306" HPOS="509" VPOS="1283" WIDTH="30" HEIGHT="18" WC="0.96" CONTENT="del"/><SP WIDTH="14" VPOS="1283" HPOS="539"/>
							<String ID="string_307" HPOS="553" VPOS="1283" WIDTH="20" HEIGHT="18" WC="0.96" CONTENT="af"/><SP WIDTH="11" VPOS="1283" HPOS="573"/>
							<String ID="string_308" HPOS="584" VPOS="1283" WIDTH="86" HEIGHT="18" WC="0.96" CONTENT="Kaukola"/><SP WIDTH="8" VPOS="1283" HPOS="670"/>
							<String ID="string_309" HPOS="678" VPOS="1283" WIDTH="76" HEIGHT="17" WC="0.93" CONTENT="socken."/><SP WIDTH="19" VPOS="1283" HPOS="754"/>
							<String ID="string_310" HPOS="773" VPOS="1283" WIDTH="85" HEIGHT="17" WC="0.92" CONTENT="Kanalen"/><SP WIDTH="9" VPOS="1283" HPOS="858"/>
							<String ID="string_311" HPOS="867" VPOS="1282" WIDTH="52" HEIGHT="17" WC="0.96" CONTENT="torde"/><SP WIDTH="9" VPOS="1282" HPOS="919"/>
							<String ID="string_312" HPOS="928" VPOS="1282" WIDTH="65" HEIGHT="18" WC="0.96" CONTENT="kunna"/>
						</TextLine>
						<TextLine ID="line_36" HPOS="231" VPOS="1311" WIDTH="761" HEIGHT="23">
							<String ID="string_313" HPOS="231" VPOS="1311" WIDTH="99" HEIGHT="18" WC="0.92" CONTENT="trafikeras"/><SP WIDTH="14" VPOS="1311" HPOS="330"/>
							<String ID="string_314" HPOS="344" VPOS="1311" WIDTH="20" HEIGHT="18" WC="0.93" CONTENT="af"/><SP WIDTH="10" VPOS="1311" HPOS="364"/>
							<String ID="string_315" HPOS="374" VPOS="1311" WIDTH="101" HEIGHT="18" WC="0.92" CONTENT="halfannan"/><SP WIDTH="13" VPOS="1311" HPOS="475"/>
							<String ID="string_316" HPOS="488" VPOS="1314" WIDTH="59" HEIGHT="15" WC="0.93" CONTENT="meter"/><SP WIDTH="12" VPOS="1314" HPOS="547"/>
							<String ID="string_317" HPOS="559" VPOS="1311" WIDTH="119" HEIGHT="23" WC="0.91" CONTENT="djupgäende"/><SP WIDTH="14" VPOS="1311" HPOS="678"/>
							<String ID="string_318" HPOS="692" VPOS="1311" WIDTH="99" HEIGHT="22" WC="0.92" CONTENT="farkoster,"/><SP WIDTH="12" VPOS="1311" HPOS="791"/>
							<String ID="string_319" HPOS="803" VPOS="1311" WIDTH="34" HEIGHT="18" WC="0.96" CONTENT="och"/><SP WIDTH="14" VPOS="1311" HPOS="837"/>
							<String ID="string_320" HPOS="851" VPOS="1311" WIDTH="52" HEIGHT="18" WC="0.96" CONTENT="torde"/><SP WIDTH="14" VPOS="1311" HPOS="903"/>
							<String ID="string_321" HPOS="917" VPOS="1311" WIDTH="31" HEIGHT="17" WC="0.96" CONTENT="vid"/><SP WIDTH="9" VPOS="1311" HPOS="948"/>
							<String ID="string_322" HPOS="957" VPOS="1311" WIDTH="35" HEIGHT="17" WC="0.96" CONTENT="den"/>
						</TextLine>
						<TextLine ID="line_37" HPOS="232" VPOS="1340" WIDTH="539" HEIGHT="22">
							<String ID="string_323" HPOS="232" VPOS="1345" WIDTH="71" HEIGHT="11" WC="0.92" CONTENT="samma"/><SP WIDTH="12" VPOS="1345" HPOS="303"/>
							<String ID="string_324" HPOS="315" VPOS="1340" WIDTH="41" HEIGHT="22" WC="0.92" CONTENT="fyra"/><SP WIDTH="13" VPOS="1340" HPOS="356"/>
							<String ID="string_325" HPOS="369" VPOS="1340" WIDTH="46" HEIGHT="17" WC="0.96" CONTENT="eller"/><SP WIDTH="12" VPOS="1340" HPOS="415"/>
							<String ID="string_326" HPOS="427" VPOS="1340" WIDTH="36" HEIGHT="17" WC="0.93" CONTENT="fem"/><SP WIDTH="14" VPOS="1340" HPOS="463"/>
							<String ID="string_327" HPOS="477" VPOS="1340" WIDTH="81" HEIGHT="17" WC="0.93" CONTENT="slusssar"/><SP WIDTH="13" VPOS="1340" HPOS="558"/>
							<String ID="string_328" HPOS="571" VPOS="1340" WIDTH="58" HEIGHT="17" WC="0.93" CONTENT="blifva"/><SP WIDTH="13" VPOS="1340" HPOS="629"/>
							<String ID="string_329" HPOS="642" VPOS="1340" WIDTH="129" HEIGHT="22" WC="0.93" CONTENT="erforderliga."/>
						</TextLine>
					</TextBlock>
					<TextBlock ID="block_4" HPOS="232" VPOS="1367" WIDTH="761" HEIGHT="81">
						<TextLine ID="line_38" HPOS="302" VPOS="1367" WIDTH="691" HEIGHT="24">
							<String ID="string_330" HPOS="302" VPOS="1368" WIDTH="32" HEIGHT="18" WC="0.92" CONTENT="Ett"/><SP WIDTH="18" VPOS="1368" HPOS="334"/>
							<String ID="string_331" HPOS="352" VPOS="1368" WIDTH="60" HEIGHT="23" WC="0.92" CONTENT="tredje"/><SP WIDTH="20" VPOS="1368" HPOS="412"/>
							<String ID="string_332" HPOS="432" VPOS="1370" WIDTH="36" HEIGHT="16" WC="0.96" CONTENT="sätt"/><SP WIDTH="15" VPOS="1370" HPOS="468"/>
							<String ID="string_333" HPOS="483" VPOS="1370" WIDTH="28" HEIGHT="16" WC="0.93" CONTENT="att"/><SP WIDTH="12" VPOS="1370" HPOS="511"/>
							<String ID="string_334" HPOS="523" VPOS="1368" WIDTH="66" HEIGHT="18" WC="0.93" CONTENT="förena"/><SP WIDTH="12" VPOS="1368" HPOS="589"/>
							<String ID="string_335" HPOS="601" VPOS="1368" WIDTH="75" HEIGHT="22" WC="0.96" CONTENT="Ladoga"/><SP WIDTH="12" VPOS="1368" HPOS="676"/>
							<String ID="string_336" HPOS="688" VPOS="1368" WIDTH="35" HEIGHT="17" WC="0.93" CONTENT="och"/><SP WIDTH="14" VPOS="1368" HPOS="723"/>
							<String ID="string_337" HPOS="737" VPOS="1368" WIDTH="100" HEIGHT="18" WC="0.92" CONTENT="Vuoksens"/><SP WIDTH="13" VPOS="1368" HPOS="837"/>
							<String ID="string_338" HPOS="850" VPOS="1368" WIDTH="88" HEIGHT="22" WC="0.92" CONTENT="mynning"/><SP WIDTH="14" VPOS="1368" HPOS="938"/>
							<String ID="string_339" HPOS="952" VPOS="1367" WIDTH="41" HEIGHT="17" WC="0.96" CONTENT="med"/>
						</TextLine>
						<TextLine ID="line_39" HPOS="232" VPOS="1397" WIDTH="761" HEIGHT="23">
							<String ID="string_340" HPOS="232" VPOS="1397" WIDTH="93" HEIGHT="18" WC="0.92" CONTENT="Karelska"/><SP WIDTH="12" VPOS="1397" HPOS="325"/>
							<String ID="string_341" HPOS="337" VPOS="1397" WIDTH="61" HEIGHT="18" WC="0.92" CONTENT="banan"/><SP WIDTH="14" VPOS="1397" HPOS="398"/>
							<String ID="string_342" HPOS="412" VPOS="1402" WIDTH="42" HEIGHT="13" WC="0.93" CONTENT="vore"/><SP WIDTH="13" VPOS="1402" HPOS="454"/>
							<String ID="string_343" HPOS="467" VPOS="1399" WIDTH="27" HEIGHT="15" WC="0.96" CONTENT="att"/><SP WIDTH="12" VPOS="1399" HPOS="494"/>
							<String ID="string_344" HPOS="506" VPOS="1397" WIDTH="60" HEIGHT="23" WC="0.96" CONTENT="bygga"/><SP WIDTH="13" VPOS="1397" HPOS="566"/>
							<String ID="string_345" HPOS="579" VPOS="1402" WIDTH="22" HEIGHT="12" WC="0.93" CONTENT="en"/><SP WIDTH="11" VPOS="1402" HPOS="601"/>
							<String ID="string_346" HPOS="612" VPOS="1397" WIDTH="78" HEIGHT="22" WC="0.91" CONTENT="jernväg"/><SP WIDTH="14" VPOS="1397" HPOS="690"/>
							<String ID="string_347" HPOS="704" VPOS="1397" WIDTH="78" HEIGHT="18" WC="0.90" CONTENT="emellan"/><SP WIDTH="14" VPOS="1397" HPOS="782"/>
							<String ID="string_348" HPOS="796" VPOS="1397" WIDTH="72" HEIGHT="18" WC="0.96" CONTENT="Hiitola"/><SP WIDTH="12" VPOS="1397" HPOS="868"/>
							<String ID="string_349" HPOS="880" VPOS="1397" WIDTH="69" HEIGHT="17" WC="0.96" CONTENT="station"/><SP WIDTH="9" VPOS="1397" HPOS="949"/>
							<String ID="string_350" HPOS="958" VPOS="1397" WIDTH="35" HEIGHT="16" WC="0.96" CONTENT="och"/>
						</TextLine>
						<TextLine ID="line_40" HPOS="232" VPOS="1424" WIDTH="761" HEIGHT="24">
							<String ID="string_351" HPOS="232" VPOS="1426" WIDTH="102" HEIGHT="17" WC="0.91" CONTENT="Kexholms"/><SP WIDTH="13" VPOS="1426" HPOS="334"/>
							<String ID="string_352" HPOS="347" VPOS="1426" WIDTH="61" HEIGHT="17" WC="0.93" CONTENT="hamn."/><SP WIDTH="19" VPOS="1426" HPOS="408"/>
							<String ID="string_353" HPOS="427" VPOS="1426" WIDTH="66" HEIGHT="18" WC="0.96" CONTENT="Denna"/><SP WIDTH="12" VPOS="1426" HPOS="493"/>
							<String ID="string_354" HPOS="505" VPOS="1428" WIDTH="35" HEIGHT="20" WC="0.93" CONTENT="väg"/><SP WIDTH="13" VPOS="1428" HPOS="540"/>
							<String ID="string_355" HPOS="553" VPOS="1425" WIDTH="60" HEIGHT="18" WC="0.92" CONTENT="blefve"/><SP WIDTH="14" VPOS="1425" HPOS="613"/>
							<String ID="string_356" HPOS="627" VPOS="1425" WIDTH="87" HEIGHT="23" WC="0.93" CONTENT="omkring"/><SP WIDTH="12" VPOS="1425" HPOS="714"/>
							<String ID="string_357" HPOS="726" VPOS="1425" WIDTH="102" HEIGHT="18" WC="0.93" CONTENT="trettiofem"/><SP WIDTH="13" VPOS="1425" HPOS="828"/>
							<String ID="string_358" HPOS="841" VPOS="1425" WIDTH="99" HEIGHT="18" WC="0.93" CONTENT="kilometer"/><SP WIDTH="9" VPOS="1425" HPOS="940"/>
							<String ID="string_359" HPOS="949" VPOS="1424" WIDTH="44" HEIGHT="23" WC="0.93" CONTENT="läng"/>
						</TextLine>
					</TextBlock>
				</ComposedBlock>
				<ComposedBlock ID="cblock_4" HPOS="302" VPOS="1465" WIDTH="282" HEIGHT="18">
					<TextBlock ID="block_5" HPOS="302" VPOS="1465" WIDTH="282" HEIGHT="18">
						<TextLine ID="line_41" HPOS="302" VPOS="1465" WIDTH="282" HEIGHT="18">
							<String ID="string_360" HPOS="302" VPOS="1465" WIDTH="201" HEIGHT="18" WC="0.91" CONTENT="Petitionsbetänkande"/><SP WIDTH="13" VPOS="1465" HPOS="503"/>
							<String ID="string_361" HPOS="516" VPOS="1466" WIDTH="37" HEIGHT="17" WC="0.95" CONTENT="N:o"/><SP WIDTH="13" VPOS="1466" HPOS="553"/>
							<String ID="string_362" HPOS="566" VPOS="1466" WIDTH="18" HEIGHT="17" WC="0.96" CONTENT="2."/>
						</TextLine>
					</TextBlock>
				</ComposedBlock>
			</PrintSpace>
		</Page>
	</Layout>
</alto>
