1070 1795
258 167 272 24 Petitionsbetänkande
545 167 42 22 N:o
602 166 36 23 21.
785 169 12 19 3

70 234 98 22 hvilken
190 233 82 30 åtgärd
294 233 20 29 ej
330 233 74 22 heller
419 232 26 23 af
457 232 183 29 petitionärerna
655 231 106 29 äsyftats.
791 232 37 21 Då

71 269 40 21 vid
127 268 81 22 sådant
223 267 145 23 förhållande
379 268 77 28 någon
467 274 77 15 annan
552 269 73 26 utväg
633 266 37 22 för
677 265 118 23 vinnande
803 265 27 22 af

69 303 44 22 den
131 303 101 22 önskade
248 302 185 29 likställigheten
449 302 21 29 ej
487 309 55 14 vore
557 301 89 29 möjlig,
662 301 42 21 har
714 300 113 29 förslaget

69 337 80 22 härom
172 339 88 20 ansetts
283 336 39 22 vid
344 336 77 22 denna
441 335 112 29 landtdag
571 335 71 22 hafva
657 335 106 22 förfallit.
793 335 34 21 På

69 372 77 29 grund
171 371 68 22 häraf
258 371 42 22 har
322 370 88 29 förslag
433 371 88 27 väckts,
546 372 35 20 att
602 369 41 22 vid
665 369 162 29 uppgörandet

70 406 26 23 af
116 405 352 30 sammanjämkningsförslaget
490 405 57 29 utgå
570 405 51 21 från
637 404 45 22 den
698 404 128 29 synpunkt,

69 443 35 20 att
119 440 101 23 Stånden
236 440 70 22 fattat
324 440 173 29 samstämmiga
516 439 77 22 beslut
610 438 98 23 rörande
724 438 102 22 nedsätt-

69 476 59 28 ning
150 475 26 22 af
194 474 223 29 terminsafgifterna
434 474 8 22 i
461 473 276 28 fruntimmersskolorna,
754 473 72 22 ehuru

69 510 28 21 de
120 509 21 30 ej
164 509 91 22 kunnat
277 517 54 14 enas
354 516 38 15 om
414 509 133 28 grunderna
564 509 37 21 för
616 508 56 22 eller
688 507 39 22 det
742 507 83 29 belopp

69 544 95 23 hvartill
180 543 75 23 denna
270 543 152 29 nedsättning
437 543 70 22 borde
523 543 48 22 ske.

138 578 148 29 Majoriteten
308 578 64 21 inom
393 577 118 22 utskottet
534 577 42 22 har
595 577 58 22 dock
669 577 51 22 icke
736 577 91 22 kunnat

70 613 98 22 omfatta
183 613 97 28 åsigten,
297 614 35 20 att
346 612 28 22 de
391 612 80 28 Stånd,
488 612 81 22 hvilka
585 612 106 29 godkänt
700 611 126 22 betänkan-

69 647 46 29 det,
131 647 134 29 härigenom
281 647 62 22 velat
358 649 111 20 motsätta
485 647 36 28 sig
537 646 79 29 hvarje
632 646 100 29 höjning
747 646 26 22 af
781 648 44 20 ter-

69 681 187 30 minsafgifterna
273 682 8 21 i
296 682 269 27 elementarläroverken,
582 682 20 29 ej
619 681 73 22 heller
707 683 35 20 att
758 682 67 21 Stån-

69 717 45 22 den
129 717 75 22 såsom
220 716 134 23 hufvudsak
370 716 72 22 afsett
457 724 29 15 en
497 716 175 29 förminskning
683 716 26 22 af
715 716 108 22 fruntim-

69 751 182 22 mersskolornas
266 751 201 29 terminsafgifter.
494 751 54 22 Men
564 751 64 22 såväl
643 751 182 29 petitionärerna

69 793 50 15 som
134 786 108 29 samtliga
257 785 74 23 Stånd
346 785 71 23 hafva
432 786 86 22 uttalat
533 786 36 29 sig
584 785 36 22 för
636 785 153 29 aflägsnande
803 785 26 22 af

69 821 40 22 det
131 828 32 15 nu
186 820 124 22 bestående
332 819 220 29 missförhållandet,
576 822 34 20 att
632 819 83 22 flickor
736 819 89 29 nödgas

69 855 95 29 erlägga
185 855 72 29 högre
277 855 193 29 terminsafgifter
490 859 29 18 än
535 862 85 21 gossar.
651 854 91 22 Härvid
756 855 70 22 hafva

71 891 39 21 tvä
133 890 74 22 Ständ
226 889 53 22 med
294 890 171 28 godkännande
481 889 26 22 af
519 889 136 23 Utskottets
671 889 153 27 betänkande,

69 925 88 29 äsyftat
179 925 156 28 likställighet
356 925 9 21 i
388 924 135 23 förenämda
543 924 109 22 afseende
667 924 69 22 äfven
752 923 73 22 under

68 959 178 29 förutsättning,
261 961 35 20 att
315 961 88 20 statens
424 959 183 22 skolinkomster
624 959 135 28 härigenom
774 958 51 22 lede

69 995 78 28 nägon
162 994 143 29 minskning,
321 994 121 23 hvaremot
452 995 29 21 de
491 994 76 29 öfriga
578 995 40 22 tvä
626 994 110 29 Ständen,
746 994 79 22 hvilka

69 1029 106 29 godkänt
190 1029 44 22 den
250 1029 70 22 andra
335 1029 181 28 reservationen,
527 1029 52 22 icke
591 1029 63 22 velat
661 1037 85 21 genom
754 1029 71 29 sagda

67 1063 86 22 reform
169 1063 94 22 äsamka
279 1065 75 20 staten
370 1064 78 28 nägon
463 1064 138 29 minskning
616 1065 8 20 i
638 1064 135 22 inkomster.

137 1098 33 21 Pä
188 1098 76 29 grund
280 1098 67 22 häraf
359 1098 37 22 fär
410 1098 124 23 Utskottet
549 1098 119 22 vördsamt
682 1098 91 28 föreslä,
790 1100 35 20 att

69 1132 130 23 Ständerna
214 1133 55 22 ville
284 1133 80 22 förena
379 1133 37 29 sig
432 1140 37 15 om
485 1141 28 14 en
529 1133 100 29 petition
645 1133 85 28 därom,

342 1205 30 20 att
387 1203 64 22 Hans
461 1203 122 27 Kejserliga
591 1203 104 28 Majestät
703 1204 64 21 mätte
777 1205 48 26 taga

274 1238 66 21 under
362 1238 159 27 öfvervägande,
539 1239 32 25 pä
588 1238 54 21 hvad
657 1239 44 21 sätt
716 1239 107 26 skolafgif:
843 1263 2 2 -

274 1274 59 20 terna
351 1273 35 26 för
404 1272 74 27 flickor
497 1272 36 22 och
546 1279 77 21 gossar
638 1273 8 20 i
660 1275 81 20 statens
756 1273 69 21 skolor

274 1307 35 21 mä
322 1307 71 22 kunna
409 1307 112 22 likställas.

136 1375 35 22 Af
183 1374 125 23 Allmänna
329 1374 224 29 Besvärsutskottet,
577 1375 149 29 Helsingfors
750 1375 45 22 den
811 1378 12 19 4

67 1410 45 29 maj
132 1413 60 20 1894.

135 1485 104 18 Allmänna
252 1485 176 18 Besvärsutskottets
442 1485 123 22 betänkande,
579 1487 35 16 N:o
628 1487 26 17 10.
