1070 1795
218 159 27 20 16
390 157 259 24 Motionsbetänkande
665 157 46 24 N:o
726 158 24 22 3.

187 233 44 14 som
254 227 84 25 uppnätt
359 228 34 19 nio
412 233 45 14 men
471 228 19 24 ej
506 229 76 18 tretton
598 227 32 20 års
646 227 62 20 ålder.
739 227 58 20 Dock
811 229 23 18 är
848 227 98 25 kommun,

188 261 42 14 som
253 257 61 18 redan
336 256 144 25 upprätthåller
495 262 24 13 en
543 257 61 22 högre
626 256 107 23 folkskola,
748 256 44 20 icke
809 256 138 24 ovillkorligen

187 284 111 25 förpligtad
313 287 30 17 att
358 286 74 19 inrätta
447 285 57 19 skola
519 285 26 24 på
561 285 61 19 sådan
636 285 58 24 plats,
708 285 35 18 där
754 285 45 19 icke
809 285 59 19 minst
879 285 68 20 trettio

187 313 52 20 barn
256 315 34 18 äro
305 314 81 19 bosatta
401 313 25 25 på
441 313 57 24 högst
513 313 44 24 fyra
573 313 113 20 kilometers
702 313 79 20 afstånd
797 313 43 20 från
855 313 77 20 skolan.

545 410 8 26 8
573 409 20 20 6.

257 478 40 19 För
320 478 48 19 barn
391 478 21 19 af
434 478 105 23 föräldrar,
558 478 67 19 hvilka
644 480 34 17 äro
698 479 52 18 inom
765 478 117 19 kommunen
898 477 49 20 eller

187 507 141 23 församlingen
351 507 160 19 mantalsskrifna
535 509 50 17 samt
606 507 40 19 tala
661 510 61 16 annat
738 507 60 24 språk
813 509 26 17 än
854 506 92 24 flertalet,

187 535 37 20 bör
240 536 140 23 undervisning
396 535 26 24 på
436 535 139 20 modersmålet
591 535 99 20 anordnas
706 535 93 20 sålunda:

258 566 30 17 att
310 565 43 18 stad
376 564 49 19 eller
447 563 173 24 landsförsamling
642 565 85 18 inrättar
750 564 36 19 och
803 563 144 25 upprätthåller

186 593 60 18 minst
262 599 24 13 en
302 593 52 23 lägre
371 593 100 19 folkskola
486 593 31 19 för
533 593 68 19 trettio
617 593 50 18 eller
682 592 48 19 flere
745 593 49 19 barn
810 593 45 19 från
871 593 30 24 sju
916 593 31 18 till

187 621 33 19 nio
236 621 34 19 års
286 621 64 24 ålder;

257 652 30 17 att
309 650 45 19 stad
376 650 84 19 inrättar
483 650 36 19 och
542 649 146 25 upprätthåller
703 650 59 18 minst
777 655 24 14 en
817 649 60 24 högre
893 649 53 20 folk-

186 678 58 20 skola
263 678 32 19 för
313 678 66 19 femtio
396 678 48 19 eller
458 677 47 20 flere
521 678 49 19 barn
587 677 43 20 från
646 679 32 18 nio
694 678 31 19 till
741 680 74 17 tretton
831 679 32 18 års
879 677 65 24 ålder;

186 709 53 17 samt

258 737 30 18 att
303 735 148 20 landskommun
467 735 96 19 likaledes
579 735 85 19 inrättar
680 735 36 19 och
732 735 145 24 upprätthäller
887 735 59 19 minst

187 769 24 14 en
227 764 62 24 högre
305 764 99 19 folkskola
419 763 31 20 för
464 764 67 19 femtio
547 764 50 19 eller
608 763 48 20 flere
669 764 49 19 barn
729 763 43 20 från
785 764 33 19 nio
829 764 31 19 till
871 766 75 17 tretton

185 792 34 19 års
235 793 63 23 ålder,
315 793 35 19 där
364 793 59 18 miost
438 793 54 23 tjngu
508 792 21 19 af
544 793 44 18 dem
596 792 63 19 finnas
675 793 78 18 bosatte
769 793 52 19 inom
836 792 44 25 fyra
895 792 51 19 kilo-

186 823 74 17 meters
276 821 79 20 afstånd
371 821 43 20 från
430 820 76 21 skolan.

543 912 11 25 8
571 912 19 19 7.

256 975 74 24 Hvarje
346 975 148 20 landskommun
510 975 75 24 åligger
601 977 29 17 att
645 975 127 22 oförtöfvadt
782 975 67 19 indela
859 975 87 19 kommu-

186 1009 49 13 nens
260 1003 79 20 omräde
355 1005 6 18 i
382 1004 22 19 sä
422 1004 69 24 mänga
506 1003 187 24 folkskoledistrikt,
709 1006 30 17 att
754 1003 51 20 efter
819 1003 127 24 möjligheten

186 1031 40 20 alla
243 1031 49 20 barn
308 1033 5 18 i
329 1033 116 18 kommunen
460 1033 60 19 måtte
536 1033 62 19 blifva
612 1032 126 25 läropligtige
754 1032 61 24 enligt
825 1032 24 25 88
861 1031 11 20 1
886 1032 37 19 och
934 1031 12 20 2

185 1061 7 18 i
208 1061 68 19 denna
292 1061 39 24 lag,
346 1063 51 18 samt
413 1067 45 18 eger
473 1061 65 20 tillika
553 1061 85 24 besluta,
653 1062 53 18 inom
721 1061 79 19 hvilken
816 1061 39 19 tids
866 1061 80 24 förlopp

186 1089 36 20 och
239 1089 7 19 i
262 1090 78 19 hvilken
356 1090 84 24 ordning
455 1090 38 19 alla
508 1095 70 19 genom
589 1090 65 19 denna
664 1089 118 24 författning
792 1090 75 19 äskade
877 1089 70 20 skolor

185 1117 59 20 skola
260 1118 91 21 inrättas.
377 1119 222 19 Kommunalstämmans
614 1119 65 19 beslut
695 1118 51 19 skall
762 1119 5 18 i
783 1119 66 23 vanlig
862 1118 84 24 ordning

184 1147 137 20 underställas
344 1147 138 20 Guvernörens
504 1147 100 26 pröfning,
628 1147 37 20 och
681 1153 47 18 eger
742 1146 136 24 Guvernören,
894 1146 52 20 efter

184 1175 114 20 inhämtadt
319 1176 92 24 yttrande
433 1175 21 20 af
467 1172 158 28 Öfverstyrelsen
641 1175 31 20 för
688 1175 150 24 Skolväsendet,
854 1175 92 20 däröfver

186 1204 92 19 meddela
300 1205 70 24 utslag.
400 1205 105 19 Likaledes
527 1205 76 23 äligger
625 1204 129 19 Guvernören
776 1206 30 17 att
825 1204 53 19 hälla
893 1204 53 19 hand

186 1232 102 24 däröfver,
304 1235 28 17 att
348 1233 139 20 kommunerna
502 1233 85 24 fullgöra
601 1233 51 19 hvad
667 1233 7 18 i
690 1233 64 19 denna
764 1233 33 23 lag
807 1235 22 17 är
840 1233 44 19 dem
893 1232 53 20 före-

186 1261 94 19 skrifvet.
309 1262 75 19 Besvär
399 1261 55 20 öfver
469 1262 140 19 Guvernörens
624 1262 71 23 ätgärd
710 1261 32 20 mä
756 1261 79 20 anföras
851 1261 36 19 hos
898 1261 46 24 Kej-

185 1289 75 24 serliga
276 1289 94 21 Senatens
386 1291 254 24 Ekonomiedepartement.

256 1317 91 25 Omräde,
363 1325 42 13 som
420 1319 43 19 före
479 1319 121 20 tillkomsten
616 1319 21 19 af
650 1319 66 20 denna
730 1319 32 24 lag
775 1319 114 19 afsöndrats
901 1318 44 20 frän

186 1346 119 20 kommunen
328 1347 30 19 till
381 1347 95 20 särskildt
490 1347 134 23 skoldistrikt,
639 1347 22 19 sä
677 1348 37 19 ock
731 1347 81 19 distrikt
827 1352 42 14 som
884 1347 62 23 enligt

185 1374 123 25 föregående
331 1379 86 17 moment
439 1376 71 19 bildats
531 1378 51 17 samt
599 1376 79 19 erhållit
693 1376 90 19 tillstånd
799 1378 30 18 att
844 1376 102 23 öfvertaga

185 1403 113 20 folkskolas
320 1405 182 24 upprätthållande,
517 1404 82 25 fritages
614 1405 44 19 från
674 1404 82 25 afgiften
772 1405 29 19 till
817 1405 128 19 kommunens

185 1431 115 21 folkskolor
322 1434 38 19 och
382 1434 54 23 njute
459 1433 30 20 sin
512 1433 59 20 andel
587 1433 22 19 af
622 1434 24 17 de
662 1433 113 25 tillgångar,
791 1439 40 14 som
847 1433 32 20 för
893 1433 52 20 folk-

186 1460 151 21 skoleändamä!
352 1461 64 20 blifvit
431 1462 116 19 kommunen
563 1461 93 20 samfäldt
670 1461 117 21 öfverlätne.

255 1499 104 19 Allmänna
371 1500 169 18 Besvärsuitskottets
553 1500 111 19 betänkande
676 1500 38 18 N:o
727 1500 33 18 20.
