1070 1795
238 135 12 20 2
414 135 260 22 Motionsbetänkande
690 135 44 22 N:o
751 135 21 22 7.

210 204 33 19 del
258 204 60 19 redan
334 205 111 24 betydande
460 211 46 19 nog,
521 211 46 13 men
583 205 39 19 den
638 205 143 25 öfvervägande
796 204 57 19 delen
865 204 19 19 af
895 204 70 25 skogs-

209 232 136 26 produkterna
360 239 48 13 voro
424 233 44 19 icke
483 233 114 25 egentligen
609 233 158 24 fabriksmessigt
777 232 130 24 framställda,
916 234 49 17 utan

209 261 117 20 tillverkade
342 267 71 19 genom
429 262 156 25 skogsegarenes
601 268 50 19 egen
670 261 104 25 hemslöjd.
805 261 160 24 Tillverkningen

210 290 20 19 af
245 290 37 19 och
297 290 86 19 handeln
398 290 45 19 med
458 291 91 18 trävaror
563 292 61 23 antog
640 290 30 19 sin
685 290 93 19 karaktär
793 290 19 19 af
827 289 76 25 verklig
914 291 50 17 stor-

209 318 87 19 industri
317 319 49 19 först
388 319 46 19 med
457 319 38 19 den
511 319 144 19 vidsträcktare
670 319 147 24 anläggningen
833 319 20 18 af
867 317 99 25 ångsågar

209 347 31 19 för
255 348 29 18 ett
299 347 104 25 fjerdedels
419 347 52 19 sekel
487 347 68 19 sedan.
585 347 78 20 Nästan
680 347 102 24 samtidigt
797 346 118 20 utvecklade
934 346 32 25 sig

208 375 6 19 i
238 375 68 20 landet
328 382 24 13 en
375 382 66 13 annan
465 375 97 20 tillförene
581 376 67 19 okänd
663 375 134 25 storindustri,
812 375 153 25 träsliperierna,

208 403 70 20 hvilka
300 404 58 20 äfven
373 404 6 19 i
395 406 53 18 stora
470 404 121 26 gvantiteter
612 404 138 25 tillgodogjort
771 405 31 24 sig
817 404 97 25 skogarna
928 403 38 19 och

210 432 43 19 åter
268 433 7 18 i
291 433 30 19 sin
344 434 34 18 tur
398 433 86 24 bidragit
499 433 30 19 till
545 439 25 13 en
586 433 90 24 stegring
691 434 20 17 af
726 432 239 25 pappersproduktionen.

279 461 30 19 De
323 461 129 20 ekonomiska
466 461 86 20 fördelar
567 461 59 20 dessa
640 461 116 24 industrier,
767 461 93 19 särskildt
871 460 94 25 sågindu-

211 489 58 24 strin,
285 490 56 24 bragt
356 489 68 20 landet
439 492 39 21 äro,
491 489 66 20 såsom
573 490 33 25 jag
621 491 87 23 antager,
724 490 20 19 af
758 489 167 26 Borgareståndet
936 489 29 19 till

210 518 36 19 sitt
262 518 49 19 fulla
326 518 60 19 värde
402 518 125 25 rättvisligen
542 519 140 24 uppskattade.
712 518 38 25 Jag
765 519 63 18 skulle
843 518 66 19 därför
922 517 43 20 icke

210 546 108 25 uppehålla
341 547 41 24 mig
404 547 32 18 vid
459 547 50 24 dem,
526 553 32 13 om
573 547 34 24 jag
621 547 43 19 icke
680 547 75 24 ansåge
770 547 41 24 mig
826 547 58 18 hafva
899 546 66 19 anled-

208 575 51 24 ning
274 575 64 25 påstå,
354 577 29 18 att
398 575 34 19 det
446 575 7 19 i
467 575 67 19 landet
549 575 63 25 gifves
628 581 25 13 en
669 575 73 25 mängd
758 575 141 25 inflytelserika
911 575 54 18 med-

209 603 91 25 borgare,
322 604 67 19 hvilka
411 604 64 25 aldrig
496 604 116 25 allvarligen
634 604 88 24 betänkt,
745 604 74 19 hvilket
844 603 121 25 nödvändigt

208 632 101 19 lifsvilkor
323 633 183 18 trävaruindustrin
521 632 7 19 i
544 632 69 25 sjelfva
631 633 68 18 verket
714 635 22 17 är
759 635 21 16 för
794 632 78 19 landets
887 631 78 19 materi-

208 660 38 19 ella
270 661 37 18 och
329 661 80 24 andliga
430 661 105 23 förkofran,
559 661 38 19 och
618 661 81 19 hvilken
722 661 122 19 omvårdnad
863 660 103 19 samhället

208 689 67 19 därför
290 691 22 17 är
326 689 81 25 pligtigt
422 691 30 17 att
466 695 51 19 egna
533 689 20 20 åt
569 689 63 19 denna
647 690 83 24 närings
746 689 87 20 soliditet
849 689 36 19 och
907 689 59 18 säkra

208 717 114 20 fortkomst.
351 718 37 25 Jag
402 718 90 19 anhåller
506 718 27 25 på
548 718 66 19 denna
629 718 66 25 grund
710 719 30 18 att
755 717 20 20 få
784 718 109 24 framlägga
904 717 61 24 några

208 746 112 24 belysande
342 746 53 19 fakta
418 753 24 12 ur
464 746 36 19 vår
522 746 178 20 handelsstatistik.
741 747 93 24 Exporten
857 747 19 18 af
895 746 70 24 skogs-

208 775 110 24 produkter
333 775 36 18 har
384 775 62 24 enligt
461 775 92 19 officiella
569 775 106 24 uppgifter,
691 775 45 19 dem
754 775 30 24 jag
799 775 45 19 med
855 775 110 19 kännedom

208 809 32 13 om
264 805 30 17 att
316 803 108 19 tullverket
446 803 63 25 aldrig
531 803 31 20 till
584 803 50 20 fullo
656 804 120 25 uppskattar
795 809 70 14 varans
878 803 87 24 verkliga

208 831 61 20 värde
284 832 42 25 höjt
341 832 45 19 med
402 833 26 18 20
437 831 32 26 "/,,
482 832 64 19 under
556 832 47 19 åren
616 833 140 18 1869—1893
768 832 55 25 stigit
833 832 31 19 till
875 831 90 25 omkring

207 866 25 13 en
260 860 77 25 miljard
362 861 109 18 trehundra
496 861 90 24 miljoner
611 861 175 25 (1,300,000,000)
811 861 64 18 finska
898 860 67 18 marks

208 889 68 23 värde,
293 889 41 18 däri
350 889 26 19 då
391 889 130 19 inberäknadt
537 889 56 25 tjära,
603 895 155 19 pappersmassa
769 889 36 19 och
816 891 85 23 träpapp
914 890 51 17 samt

208 923 78 19 papper
307 917 37 19 och
367 919 81 23 tapeter,
471 917 31 19 till
519 918 38 19 den
573 917 32 19 del
620 917 60 20 dessa
695 918 113 24 antagligen
824 917 51 20 varit
890 917 74 19 tillver-

208 946 50 19 kade
274 945 176 26 hufvudsakligast
464 946 19 19 af
498 948 102 17 trämassa.

277 974 10 19 I
302 975 110 24 jemförelse
428 975 44 18 med
487 975 64 18 denna
566 975 100 19 kolossala
680 975 89 19 inkomst
784 974 26 25 på
825 975 76 18 utrikes
916 974 49 19 han-

208 1002 46 19 deln
272 1003 65 24 spelar
352 1003 38 19 den
406 1003 61 24 öfriga
482 1005 98 23 exporten
595 1003 71 19 endast
682 1009 23 13 en
723 1003 140 19 underordnad
877 1003 35 19 rol.
928 1003 37 18 Det

208 1033 22 16 är
250 1031 176 25 hufvudsakligast
444 1032 188 23 trävaruindustrin,
649 1037 42 14 som
708 1032 57 24 bragt
779 1032 69 19 landet
863 1031 35 20 allt
914 1031 52 19 hvad

207 1059 34 19 det
265 1060 63 19 under
350 1060 54 19 detta
424 1060 104 25 fjerdedels
545 1060 53 19 sekel
613 1061 109 18 förvärfvat
737 1060 30 19 uti
782 1060 96 19 handelns
893 1060 72 19 förkof-

207 1094 42 18 ran,
266 1089 30 18 uti
307 1089 151 24 industriernas,
468 1089 133 24 jordbrukets,
611 1089 230 19 kommunikationernas
854 1089 37 18 och
901 1089 64 24 bygg-

206 1117 218 19 nadsverksamhetens
444 1117 119 25 utveckling,
585 1117 28 19 uti
630 1117 143 25 befrämjandet
784 1117 20 19 af
819 1117 34 19 det
867 1117 99 19 allmänna

207 1145 122 24 välståndet,
345 1146 30 19 uti
390 1146 265 24 undervisningsväsendets
670 1146 120 24 förbättring
805 1146 37 19 och
857 1145 30 20 uti
898 1145 67 25 höjan-

208 1173 33 20 det
262 1174 20 18 af
304 1174 78 19 landets
405 1174 74 19 krafter
494 1174 6 19 i
516 1175 109 24 vetenskap
643 1175 37 18 och
695 1175 67 18 konst.
792 1173 37 20 Om
845 1174 36 19 ock
896 1174 25 19 de
936 1173 30 19 uti

207 1202 93 19 utlandet
314 1203 172 24 uppnegocierade
501 1203 154 24 järnvägslånen
670 1203 59 19 äfven
745 1203 5 18 i
762 1203 32 19 sin
807 1202 46 19 mån
864 1202 102 25 befrämjat

207 1231 68 18 denna
291 1231 167 25 uppblomstring,
475 1231 21 19 så
511 1231 36 19 har
562 1231 34 20 det
610 1231 62 19 likväl
688 1231 52 19 varit
756 1233 133 23 träexporten,
902 1237 42 12 som
959 1230 6 19 i

206 1259 86 19 främsta
316 1261 86 18 rummet
427 1260 98 19 befordrat
547 1260 192 25 kapitalbildningen
760 1260 55 19 inom
836 1259 69 20 landet
929 1259 37 19 och

206 1287 53 25 gjort
283 1288 34 19 det
337 1289 77 24 möjligt
436 1290 29 17 att
480 1289 5 18 i
501 1295 24 12 en
546 1289 80 24 ovanlig
641 1289 128 24 progression
783 1290 98 17 amortera
895 1288 25 19 de
935 1289 31 18 ut-

207 1316 85 19 ländska
314 1317 160 19 statsskulderna
497 1319 52 17 samt
570 1319 30 17 att
621 1317 83 24 indraga
730 1317 208 24 statsobligationerna
959 1316 6 19 i

207 1345 107 19 ijnländska
329 1351 69 19 egares
415 1345 79 19 händer.

279 1373 66 20 Under
360 1374 34 19 det
409 1375 190 24 trävaruexportens
615 1374 119 24 verkningar
750 1374 61 19 förete
825 1373 66 20 denna
902 1375 64 17 utom-

208 1402 114 25 ordentliga
344 1402 82 24 anblick,
450 1403 71 18 väcker
541 1403 34 18 det
590 1409 25 12 en
630 1403 112 24 berättigad
756 1401 111 26 förväning,
883 1403 29 18 att
926 1403 39 18 trä-

208 1431 164 19 varuindustrins
389 1431 83 19 rättvisa
486 1431 150 22 förväntningar
651 1431 25 22 pä
692 1437 80 16 omsorg
787 1437 32 12 om
835 1431 46 18 dess
899 1430 66 19 säker-

279 1481 133 22 Lagutskottets
424 1481 110 18 betänkande
547 1483 36 15 N:o
597 1481 26 17 11.
