1070 1795
279 153 279 24 Petitionsbetänkande
573 154 46 23 N:o
635 154 23 23 9.
807 157 13 20 5

92 222 46 22 den
153 222 25 21 år
195 223 55 21 1888
265 221 96 22 stiftade
376 221 138 29 föreningen
529 222 85 26 Turva,
629 222 96 22 hvilken
740 223 63 28 gjort
813 223 37 21 till

92 257 37 21 sin
144 256 94 29 uppgift
256 258 36 20 att
306 255 91 30 grunda
411 256 44 21 och
469 256 160 29 upprätthålla
644 264 29 14 en
688 256 162 30 förbättrings-

93 291 88 22 anstalt
195 291 37 21 för
246 297 115 22 personer,
377 290 81 21 hvilka
468 290 48 22 lida
526 291 27 21 af
561 293 34 20 ett
608 291 97 29 sjukligt
712 291 72 29 begär
792 291 59 22 efter

93 325 78 22 starka
194 325 99 28 drycker
315 324 43 22 och
378 324 111 29 frivilligt
509 325 74 22 önska
603 325 142 22 underkasta
760 326 36 29 sig
811 326 40 21 det

92 360 88 28 fysiska
202 359 44 22 och
266 359 124 22 moraliska
411 359 81 29 tvång,
511 367 49 14 som
575 363 26 18 är
615 359 101 22 vilkoret
730 360 37 22 för
781 360 70 22 fram-

92 395 94 28 gången
202 393 26 23 af
241 401 29 14 en
280 393 105 22 däremot
395 393 78 22 riktad
484 393 50 23 kur.
556 393 35 23 Ur
601 393 29 23 de
642 393 75 30 bägge
729 395 122 28 petitions-

93 428 150 22 memorialen
264 428 108 28 framgår,
395 430 35 19 att
444 428 95 22 Turva's
556 428 57 29 asyl,
629 428 8 22 i
652 428 82 29 början
748 429 103 22 inrättad

93 463 36 21 uti
141 462 96 29 förhyrd
254 461 63 22 lokal
335 461 8 22 i
360 461 138 28 Orimattila,
514 462 72 22 sedan
602 463 25 21 år
644 464 61 26 1891,
720 463 55 22 tack
796 471 55 14 vare

93 499 35 19 ett
160 496 26 22 af
217 499 77 19 staten
324 495 97 23 erhållet
452 496 119 22 räntefritt
605 497 192 29 amorteringslån
828 497 26 22 af

93 532 79 26 40,000
201 531 46 25 mk,
277 531 89 21 kunnat
395 530 118 29 förläggas
544 531 36 21 till
605 533 34 19 ett
663 531 36 22 för
724 532 127 21 anstaltens

93 565 102 28 räkning
215 565 83 28 inköpt
320 565 108 21 hemman
443 565 8 21 i
466 565 76 22 Yläne
565 565 92 27 socken,
673 565 119 23 äfvensom
817 568 35 20 att

94 599 172 29 behandlingen
281 599 9 22 i
311 599 115 22 anstalten
442 599 88 22 lemnat
545 602 34 19 ett
594 600 26 21 så
638 599 213 23 tillfredsställande

93 634 104 27 resultat,
223 641 48 15 som
297 634 65 21 öfver
386 634 91 21 hufvud
504 634 91 22 kunnat
620 637 90 19 väntas.
740 635 111 22 Förutom

95 668 39 22 det
156 668 85 22 nämda
266 669 120 21 statslånet
410 668 44 22 har
478 669 138 28 föreningen
644 669 36 21 för
704 669 147 29 fullföljande

95 703 26 22 af
143 703 36 21 sin
201 703 95 29 uppgift
317 703 50 21 icke
389 703 53 21 haft
461 703 73 22 andra
555 703 127 29 tillgångar
704 707 29 18 än
755 703 44 22 den
815 704 36 22 till

95 737 83 22 endast
195 739 39 20 100
250 737 39 22 mk
300 737 119 22 bestämda
430 737 137 30 årsafgiften
575 737 37 22 för
620 737 79 30 hvarje
707 738 77 22 intern
792 741 60 19 samt

95 772 28 21 de
144 779 48 14 mer
214 772 56 21 eller
292 771 90 22 mindre
401 771 124 30 frikostiga
541 772 87 29 bidrag,
645 779 48 14 som
709 773 27 20 af
749 773 103 21 kommu-

95 813 42 15 ner
158 806 44 22 och
225 805 104 22 enskilde
352 805 111 23 tilldelats
489 806 145 29 föreningen.
667 807 63 21 Från
754 809 33 19 att
802 806 50 23 haf-

95 847 30 15 va
150 840 101 22 varierat
278 840 84 22 mellan
388 842 25 19 13
437 841 44 21 och
504 842 76 26 19,000
602 841 40 21 mk
665 841 95 28 årligen,
783 841 70 21 hafva

96 875 66 21 dessa
177 875 83 28 bidrag
275 874 73 22 under
364 877 78 19 senast
457 875 112 22 förflutna
579 875 26 22 år
615 875 98 28 nedgått
723 875 37 22 till
777 876 76 24 10,000

95 909 47 28 mk,
165 909 26 22 så
212 911 35 20 att
267 909 167 28 inrättningen,
453 909 73 22 ehuru
542 910 45 21 den
602 909 95 29 inköpta
714 909 139 29 lägenheten

95 943 62 22 visat
172 943 36 29 sig
223 943 78 22 lemna
316 951 28 14 en
359 943 51 22 icke
426 943 121 29 obetydlig
562 943 204 30 nettoafkastning
781 943 73 28 (öfver

96 978 64 26 3,000
175 978 55 27 mk),
246 977 98 29 nödgats
359 978 128 21 inskränka
503 978 36 21 sin
554 978 147 22 verksamhet
716 978 93 27 därhän,
819 980 34 19 att

97 1019 96 15 numera
211 1012 81 22 endast
308 1014 12 20 9
336 1012 116 29 patienter
467 1012 119 22 därstädes
603 1012 81 22 vårdas
700 1013 8 21 i
723 1013 79 21 stället
817 1012 36 22 för

97 1046 95 22 afsedda
212 1047 71 21 minst
305 1048 33 20 20.
368 1047 72 21 Detta
459 1047 146 21 förhållande
620 1047 42 21 har
677 1047 116 22 föranledt
807 1046 46 22 för-

97 1081 113 28 eningens
225 1084 88 19 vänner
330 1081 63 22 inom
411 1081 215 29 representationen
643 1081 37 22 till
697 1081 156 28 framläggan-

97 1115 40 21 det
156 1115 26 21 af
201 1123 32 14 nu
248 1115 177 29 ifrågavarande
444 1115 206 29 petitionsförslag,
666 1116 8 21 i
690 1115 79 22 hvilka
783 1115 70 29 yrkas

96 1150 31 28 på
149 1152 89 19 statens
258 1149 167 29 öfvertagande
446 1150 26 21 af
493 1150 116 21 anstalten
632 1150 56 21 eller
710 1149 143 22 densammas

97 1183 225 22 subventionerande
337 1184 53 21 med
406 1185 77 24 10,000
499 1184 45 21 mk.

165 1218 123 22 Utskottet
307 1218 43 21 har
372 1218 40 21 vid
436 1218 107 22 ärendets
564 1218 142 29 behandling
727 1220 76 20 ansett
819 1218 36 28 sig

97 1252 81 21 kunna
192 1252 78 23 lemna
285 1253 39 21 det
338 1253 63 21 förra
416 1253 26 21 af
455 1253 193 29 petitionärernes
664 1253 124 22 alternativ
804 1252 51 21 där-

97 1287 54 27 hän,
166 1290 56 18 enär
237 1287 121 22 Utskottet
372 1287 52 22 icke
439 1287 47 22 kan
502 1287 99 25 förorda,
614 1290 35 19 att
663 1289 77 20 staten
752 1287 29 28 på
791 1287 64 21 detta

98 1323 47 19 sätt
164 1321 178 22 mellankomme
363 1321 37 22 för
416 1324 36 19 att
467 1321 73 22 rädda
555 1324 34 19 ett
603 1329 27 14 ur
646 1321 39 22 det
700 1321 105 22 enskilda
820 1321 35 21 in-

97 1357 84 19 tresset
203 1355 43 22 och
268 1355 46 22 den
336 1355 106 22 enskilda
465 1355 199 29 hängifvenheten
684 1355 172 29 framsprunget

97 1388 99 30 företag,
212 1389 69 22 hvars
297 1389 80 30 styrka
388 1389 50 30 just
454 1390 71 22 borde
541 1390 64 29 ligga
619 1390 9 21 i
643 1390 51 21 dess
709 1389 146 29 frivillighet.

167 1423 69 22 Hvad
260 1424 39 21 det
322 1431 80 15 senare
424 1424 26 21 af
467 1424 193 29 petitionärernes
679 1424 125 22 alternativ
819 1423 38 22 be-

98 1457 88 28 träffar,
209 1458 56 21 eller
286 1458 126 22 anstaltens
435 1458 233 28 subventionerande,
689 1459 25 20 så
734 1459 41 21 har
793 1458 63 21 inom

167 1498 100 18 Allmänna
280 1498 172 18 Besvärsutskottets
465 1499 111 17 betänkande
590 1498 36 18 N:o
640 1499 17 17 6.
