1070 1795
298 139 230 22 Petitionsbetänkande
545 139 34 22 N:o
595 139 21 22 2.
768 139 40 22 139

78 198 104 27 rälsvigt,
203 204 49 16 som
276 198 13 21 å
313 199 79 20 senast
411 197 93 22 utförda
523 197 134 22 statsbanor
677 198 63 20 samt
759 197 35 20 för
814 203 27 15 en

77 232 96 27 jernväg
195 233 51 21 med
270 234 10 19 1
304 239 30 14 m.
355 232 107 27 spårvidd
485 232 42 21 och
554 231 85 22 lättare
662 231 179 30 öfverbyggnad

79 267 73 21 Dessa
171 267 150 27 beräkningar
341 267 71 20 hafva
432 266 67 27 gifvit
518 267 38 20 vid
576 267 96 26 handen,
688 267 37 20 att
746 265 95 22 normal.

80 301 129 26 spärbanan
232 301 73 22 skulle
324 301 102 22 erfordra
449 307 28 15 en
499 301 60 21 total
583 301 99 21 kostnad
705 300 27 21 af
748 300 94 26 770,000

79 335 73 27 mark,
171 336 54 21 eller
244 335 78 27 53,600
341 335 67 21 mark
428 335 34 21 för
481 335 54 26 km.,
552 335 82 21 medan
650 335 191 26 smalspärbanan

80 370 102 22 deremot
205 370 79 21 kräfde
306 370 82 21 endast
412 369 93 27 650,000
528 369 74 27 mark,
626 369 54 22 eller
702 369 81 26 45,000
802 369 39 21 mk

79 411 40 20 per
137 405 46 21 km.

149 439 40 21 Uti
208 439 254 26 petitionsmemorialet
481 438 104 27 föresläs,
605 440 36 19 att
664 438 177 27 ifrägavarande

79 473 161 27 jernvägslinie
260 473 73 22 mätte
352 473 34 22 för
403 474 90 21 statens
509 473 97 26 räkning
621 472 101 26 utföras;
743 473 40 21 och
799 473 42 20 har

80 507 189 22 Fredrikshamns
286 508 58 26 stad,
358 507 78 22 säsom
452 507 26 21 af
491 509 35 20 ett
541 507 119 22 utskottet
670 507 110 26 delgifvet
792 513 48 20 pro-

80 542 168 27 tokollsutdrag
265 542 107 27 framgår,
388 542 116 21 förbundit
520 542 34 27 sig
570 543 37 20 att
625 542 3 20 i
645 541 71 22 sådan
732 541 108 22 händelse

80 576 165 22 kostnadsfritt
263 576 95 27 upplåta
376 576 30 21 all
425 577 36 20 för
480 577 125 26 jernvägen
624 576 96 27 behöflig
742 576 72 21 mark.
827 575 13 22 å

82 611 94 22 stadens
192 611 98 26 omräde,
307 611 120 21 äfvensom
444 612 35 20 att
494 611 35 21 till
545 611 127 26 företagets
687 610 152 21 realiserande

81 645 93 27 bidraga
188 645 52 22 med
256 651 28 16 en
300 651 90 16 summa
406 645 26 21 af
445 645 93 27 100,000
552 645 72 21 mark.

150 679 80 22 Säsom
239 680 117 21 utskottet
365 680 69 21 redan
442 680 129 27 upprepadt
579 679 132 26 framhällit,
718 681 67 25 tagas
794 679 45 21 lan-

81 714 50 21 dets
147 714 35 21 för
193 714 107 27 jernvägs
313 714 163 27 anläggningar
487 714 126 27 disponibla
625 714 73 21 medel
710 713 26 22 sä
748 715 91 26 strängt

81 749 6 20 i
103 748 101 27 anspräk
223 749 35 20 för
276 749 70 20 andra
367 749 200 26 betydelsefullare
581 749 205 26 jernvägsföretag,
803 750 36 20 att

81 783 38 21 det
133 783 51 22 icke
199 783 46 21 kan
260 789 68 16 anses
347 783 105 27 lämpligt
467 784 36 21 att
518 783 35 21 för
570 783 158 22 statsverkets
743 783 97 26 räkning

80 817 78 22 utföra
176 817 173 27 ifrågavarande
372 818 89 21 bibana.
492 817 85 22 Härtill
600 818 92 21 komma
712 819 127 25 yttermera

80 851 27 22 de
126 852 37 21 vid
183 852 113 21 särskilda
315 852 106 21 tillfällen
440 852 95 21 anförda
555 852 42 21 och
615 852 26 21 af
653 852 118 21 utskottet
785 852 54 25 jem-

81 886 38 21 väl
134 886 95 27 tidigare
245 886 117 27 påpekade
374 886 81 21 skälen
467 887 62 20 emot
541 887 36 20 att
588 887 78 21 staten
678 885 161 22 öfverhufvud-

80 922 65 25 taget
165 921 73 21 skulle
261 921 179 26 omhändertaga
463 921 130 26 byggandet
616 921 41 21 och
675 921 164 21 trafikerandet

81 955 26 20 af
120 956 87 20 smärre
222 955 99 22 bibanor.
346 955 46 22 Och
408 955 93 22 hvilken
516 955 148 27 uppfattning
677 957 29 19 än
718 955 38 21 mä
768 955 71 26 hysas

80 989 140 22 beträffande
247 990 43 21 den
315 990 97 27 uppgift,
437 995 50 16 som
509 989 267 23 Fredrikshamnsbanan
799 989 40 21 har

81 1025 36 20 att
136 1024 63 26 fylla,
216 1024 26 21 sä
258 1025 64 21 torde
338 1024 57 21 dock
410 1024 78 21 måsta
503 1024 121 26 erkännas,
641 1025 37 20 att
692 1024 75 21 denna
781 1023 58 26 jern-

80 1060 45 25 väg
151 1059 58 26 finge
235 1059 140 21 karaktären
398 1059 26 20 af
444 1064 28 16 en
496 1059 89 26 bibana,
609 1060 54 20 enär
685 1058 155 27 grannstaden

80 1093 84 26 Kotka,
179 1093 52 22 med
249 1093 53 22 dess
320 1093 121 22 utmärkta
460 1093 76 26 hamn,
552 1093 39 21 der
609 1092 90 22 tillfälle
715 1093 46 20 kan
778 1093 61 21 bere-

80 1127 41 21 das
137 1127 35 21 för
186 1127 69 22 äfven
270 1120 146 34 djupgående
426 1127 78 27 fartyg
520 1128 37 21 att
572 1127 62 21 lasta
649 1127 41 21 och
706 1127 63 21 lossa
781 1132 57 15 ome-

80 1161 88 22 delbart
190 1161 62 22 invid
276 1161 170 28 jernvägsspår,
471 1161 129 27 säkerligen
622 1161 7 21 i
652 1161 45 21 alla
719 1161 121 22 händelser

80 1195 98 22 framom
193 1195 176 22 Fredrikshamn
386 1196 58 21 skall
460 1196 70 27 draga
545 1196 35 21 till
597 1196 33 26 sig
645 1195 115 22 inlandets
776 1197 63 20 stora

80 1232 88 25 export-
184 1231 41 20 och
235 1230 183 27 '"importrörelse.

149 1265 41 20 Om
206 1266 29 19 än
250 1265 118 21 utskottet
383 1265 29 26 på
428 1265 68 21 dessa
511 1265 52 21 skäl
579 1265 49 21 icke
644 1265 90 21 kunnat
749 1264 90 21 förorda

80 1298 42 22 den
141 1298 7 21 i
168 1299 253 26 petitionsmemorialet
445 1299 146 21 framställda
612 1299 114 26 anhållan,
748 1300 36 20 att
803 1299 36 20 ba-

81 1338 44 15 nan
142 1333 73 21 skulle
231 1333 35 21 för
281 1333 158 22 statsverkets
454 1333 97 27 räkning
565 1333 97 26 utföras,
678 1333 26 21 så
718 1333 72 21 finner
805 1334 34 20 ut-

81 1367 89 21 skottet
188 1367 58 21 dock
265 1367 13 21 å
294 1367 70 21 andra
380 1367 65 21 sidan
462 1367 144 27 synnerligen
621 1367 108 28 önskligt,
745 1368 36 20 att
797 1367 43 21 den

80 1401 74 22 måtte
173 1401 78 21 kunna
270 1401 35 22 fås
323 1401 36 22 till
375 1401 68 22 stånd
459 1401 77 22 såsom
552 1401 173 28 privatföretag.
756 1401 41 21 Till
813 1401 26 21 de

81 1435 115 22 allmänna
215 1436 150 27 synpunkter,
381 1436 51 21 dem
453 1436 117 21 utskottet
588 1436 7 20 i
610 1436 65 21 detta
690 1435 107 22 afseende
813 1435 26 22 ti-

148 1487 206 17 Petitionsbetänkande
366 1486 38 18 N:o
416 1487 18 17 2.
