1070 1795
300 144 231 22 Petitionsbetänkande
548 145 35 21 N:o
598 144 20 21 2.
773 145 39 21 127

77 202 75 22 derför
172 203 5 20 i
198 203 68 26 högre
290 203 54 26 grad
363 204 29 19 än
415 203 61 21 invid
500 202 179 22 H:fors—T:hus
704 202 73 21 banan
796 203 46 20 alla

78 237 194 27 förutsättningar
286 237 34 20 för
336 242 28 16 en
380 238 50 20 stor
446 237 92 26 rörelse,
551 242 50 16 som
616 237 30 26 på
659 237 60 21 intet
732 238 48 21 sätt
793 237 49 21 står

77 271 6 21 i
100 272 113 20 motsatts
229 271 34 22 till
280 271 53 22 eller
349 272 40 25 gör
405 271 92 27 intrång
510 271 29 27 på
551 271 28 22 de
590 271 77 27 gamla
677 271 164 27 jernvägarnes

77 305 76 27 trafik,
172 307 57 20 utan
252 305 98 27 grundar
374 305 34 27 sig
430 305 29 27 på
482 306 70 21 redan
576 305 123 22 bestående
721 305 119 22 förhållan-

78 340 49 26 den,
144 339 79 22 hvilka
242 345 81 22 genom
342 339 125 28 jernvägen
487 340 83 21 endast
589 342 28 19 än
633 340 78 21 vidare
728 340 63 21 skola
807 347 33 14 ut-

78 374 101 21 vecklas.

147 409 49 21 Med
220 408 106 22 afseende
349 408 13 22 å
385 409 42 21 den
451 409 35 21 för
510 409 182 27 persontrafiken
712 409 128 21 beräknade

78 443 232 26 medelvägalängden
326 443 26 20 af
366 443 28 20 60
408 443 47 21 km.
471 444 42 20 har
528 444 108 25 uttalats,
653 444 37 21 att
706 444 135 21 densamma

78 483 54 16 vore
153 477 35 21 för
203 477 51 27 hög,
270 477 28 21 då
313 477 24 26 ju
357 477 13 21 å
389 477 42 21 den
447 483 31 15 nu
494 477 120 22 tilltänkta
632 478 74 21 banan
722 477 42 22 den
780 477 60 22 kort-

79 514 58 25 väga
156 511 99 22 trafiken
274 511 30 28 på
319 511 79 22 H:fors
414 512 105 21 kommer
535 514 36 20 att
587 512 78 27 intaga
680 513 36 21 ett
732 512 26 21 så
773 512 66 21 fram-

78 546 94 22 stående
192 551 57 16 rum.
280 545 112 22 Häremot
411 546 42 21 har
472 546 51 21 åter
543 546 147 27 framhållits,
706 548 38 19 att
759 546 80 21 medel-

77 581 158 27 vägalängden
258 580 35 21 för
314 580 177 27 jernvägsnätet
511 581 7 20 i
538 581 54 21 dess
610 581 84 26 helhet,
715 587 37 15 om
771 581 68 21 lokal-

77 616 99 21 trafiken
195 615 96 22 emellan
311 615 34 22 S:t
364 615 139 27 Petersburg
523 615 42 21 och
582 615 143 22 stationerna
740 617 16 20 t.
773 621 19 15 o.
809 621 29 15 m.

77 649 111 27 Teerijoki
211 649 144 27 fränräknas,
378 651 69 25 utgör
470 649 28 21 70
520 649 47 22 km.
592 651 62 20 samt
676 649 36 21 för
732 649 108 27 samtliga

78 685 50 20 frän
147 684 145 27 Helsingfors
311 684 88 21 afresta
419 689 151 22 passagerare
589 683 87 28 uppgär
692 684 34 21 till
742 684 40 20 111
799 684 40 21 km

78 719 41 21 och
138 718 35 21 för
192 719 43 20 den
254 718 52 21 från
322 711 50 29 Åbo
388 718 115 27 afgängna
518 717 184 28 persontrafiken
718 718 70 27 stiger
804 718 35 21 till

79 753 41 20 146
138 753 54 26 km.,
212 754 62 20 samt
294 754 36 19 att
348 753 43 21 den
407 754 102 25 antagna
523 753 234 26 medelvägalängden
773 752 26 21 af
811 752 29 21 60

82 793 49 21 km.,
144 787 35 21 för
196 787 64 21 säväl
276 787 169 27 genomgäende
461 793 49 15 som
527 787 138 26 lokaltrafik,
677 789 68 25 utgör
757 787 82 21 endast

79 822 24 26 1/3
126 821 26 21 af
170 822 87 21 banans
275 821 51 22 hela
345 821 73 27 längd,
438 821 96 22 hvarför
552 821 176 28 ifrågavarande
746 821 92 21 invänd-

76 856 53 27 ning
145 856 20 26 ej
182 856 46 21 kan
243 861 69 16 anses
326 855 71 22 hafva
414 856 51 21 skäl
481 856 35 21 för
533 856 40 27 sig.

145 886 77 25 Äfven
238 890 42 21 den
296 890 130 21 beräknade
442 890 197 22 trävarutrafiken
658 890 26 21 af
700 890 79 27 20,000
798 891 40 20 ton

81 931 36 15 har
129 925 68 27 gifvit
210 925 120 26 anledning
345 925 35 21 till
392 925 159 26 anmärkning,
565 925 63 21 såväl
642 925 52 21 med
706 925 107 21 afseende
825 924 14 21 å

62 986 2 5 —
77 960 26 21 de
118 959 168 27 jemförelsevis
302 959 64 27 ringa
378 959 225 27 skogstillgångarna
614 959 6 21 i
633 959 43 22 den
688 959 103 21 landsort
802 959 35 21 ba-

77 999 44 16 nan
132 993 152 28 genomlöper,
294 999 50 16 som
356 995 54 20 enär
423 995 138 20 trävarorna
569 993 162 28 förnämligast
739 993 56 22 söka
804 993 35 27 sig

81 1029 100 20 kortaste
190 1029 45 26 väg
243 1028 34 21 till
286 1028 126 21 hamnarna
420 1028 39 21 vid
470 1027 93 28 kusten,
572 1028 82 21 medan
666 1034 31 15 nu
708 1028 130 26 föreslagna

75 1063 96 26 jernväg
183 1062 73 21 skulle
268 1062 52 27 löpa
331 1062 107 27 parallelt
450 1063 52 21 med
514 1063 93 21 kusten.
630 1062 10 21 I
652 1063 101 21 motsats
760 1062 77 21 härtill

92 1102 25 15 ar
132 1097 116 26 betonats,
260 1097 110 20 hurusom
386 1097 42 21 den
444 1097 131 21 beräknade
592 1097 207 26 trävarumängden
812 1098 26 19 är

77 1131 86 21 mindre
175 1133 29 18 än
216 1131 112 26 mängden
341 1131 26 21 af
372 1131 120 21 enahanda
504 1131 96 27 varulag
612 1131 13 21 ä
634 1131 42 22 den
685 1131 53 20 vida
745 1131 93 21 kortare

76 1165 111 22 bandelen
203 1164 278 28 Helsingfors—Turengi.
506 1165 49 22 Den
571 1165 45 21 kan
632 1165 26 21 sä
673 1165 94 27 mycket
782 1165 55 21 min-

77 1200 38 21 dre
135 1205 57 16 anse
208 1205 56 15 vara
280 1199 35 21 för
329 1199 51 27 hög,
397 1205 50 16 som
463 1201 92 20 ensamt
570 1199 35 22 till
621 1199 144 27 Helsingfors
780 1199 58 24 (icke

77 1234 92 25 Sörnäs)
185 1234 71 21 under
272 1233 26 22 är
313 1233 61 27 1892,
387 1233 29 22 dä
432 1239 28 16 en
475 1234 69 27 högst
559 1234 65 27 ringa
639 1234 119 27 byggnads
773 1234 64 21 verk-

77 1268 93 21 samhet
180 1268 55 27 egde
248 1274 57 20 rum,
317 1274 40 21 per
368 1268 97 27 jernväg
476 1268 85 21 införts
577 1268 79 27 12,600
670 1270 40 19 ton
725 1269 112 20 trävaror.

77 1302 33 21 Då
127 1304 109 25 stormen,
249 1302 25 21 är
291 1302 61 27 1890,
370 1302 66 22 svårt
449 1303 85 21 sköflat
546 1303 115 26 skogarna
672 1302 61 21 invid
746 1302 91 26 kusten,

76 1337 76 21 måste
172 1337 123 21 framdeles
313 1343 28 15 en
360 1337 52 21 vida
431 1339 74 19 större
521 1337 36 21 del
573 1339 28 19 än
617 1337 63 21 förut
695 1337 26 20 af
734 1337 103 33 Helsing-

77 1371 47 21 fors
143 1371 134 27 platsbehof
294 1371 68 27 fyllas
383 1370 52 22 från
454 1371 109 22 inlandet.
593 1367 77 26 Äfven
689 1371 35 22 till
742 1364 51 28 Åbo
812 1372 25 20 är

77 1405 127 28 säkerligen
224 1411 28 16 en
271 1405 21 27 ej
307 1406 64 26 ringa
392 1406 184 21 trävarurörelse
593 1407 35 20 att
644 1407 94 20 emotse.
769 1406 68 21 Trak-

76 1442 67 19 terna
158 1439 104 28 omkring
278 1440 42 21 den
332 1446 31 15 nu
375 1439 177 28 ifrågavarande
565 1440 81 27 banan,
659 1440 97 21 likasom
768 1440 68 21 äfven

145 1489 203 18 Petitionsbetänkande
361 1490 38 18 N:o
411 1491 18 17 2.
