1070 1795
264 150 275 23 Petitionsbetänkande
555 151 45 22 N:o
615 151 41 22 40.

355 527 71 28 Lag-
446 527 54 22 och
519 527 322 24 Ekonomiutskottets

288 561 215 23 betänkande
527 562 43 22 N:o
593 562 29 21 14
642 562 9 21 i
666 562 134 29 anledning
815 563 28 22 af

287 595 55 28 fyra
357 596 122 22 särskilda
486 596 67 22 inom
561 596 183 23 Bondeståndet
752 597 87 22 väckta

288 630 212 28 petitionsförslag
526 630 124 28 angående
672 631 135 28 ändringar
829 631 10 22 i

286 663 178 29 förordningen
491 670 40 17 om
561 666 85 26 vägars
676 665 46 22 och
752 666 85 21 broars

287 699 113 27 byggnad
415 699 47 22 och
477 699 133 22 underhåll
626 699 13 22 å
654 699 85 23 landet
754 699 27 22 af
789 699 48 23 den

287 733 28 22 15
330 733 103 22 Januari
448 733 67 23 1883.

149 830 57 21 Från
220 830 164 21 Bondeståndet
398 830 39 21 har
448 831 114 22 Utskottet
571 831 42 21 fått
624 833 106 26 emottaga
740 831 96 29 följande

79 864 48 28 fyra
143 865 220 28 petitionsmemorial:

149 999 169 30 (Öfversättning).

237 1078 47 19 Till
306 1078 158 20 Hedervärda
485 1078 198 21 Bondeståndet.

149 1140 39 26 28
204 1141 7 19 i
227 1141 140 24 förordningen
387 1141 37 19 den
442 1141 26 20 15
483 1142 77 23 januari
577 1141 54 20 1883
648 1142 101 24 angående
765 1143 70 22 vägars

80 1169 37 20 och
140 1169 60 20 broar
222 1169 102 24 byggande
344 1170 36 19 och
396 1170 105 19 underhåll
517 1170 115 19 bestämmes
648 1171 60 19 bland
723 1173 67 21 annat,
806 1173 29 17 att

79 1198 77 19 kronan
180 1198 88 24 deltager
291 1198 30 19 för
344 1199 44 18 sina
411 1199 136 24 skogsparker
570 1199 6 18 i
599 1199 97 20 allmänna
712 1200 70 23 vägars
798 1199 37 20 och

79 1227 70 18 broars
173 1227 109 24 byggande.
312 1227 95 19 Däremot
429 1230 23 17 är
474 1227 76 20 kronan
573 1228 62 23 enligt
656 1233 72 14 samma
744 1227 93 25 paragraf

79 1255 78 19 befriad
178 1255 44 20 från
244 1256 84 19 nämnda
344 1256 114 24 skyldighet
473 1257 52 19 hvad
541 1257 44 18 dess
601 1257 99 23 egentliga
715 1257 72 23 skogar
802 1257 33 19 be-

79 1283 75 20 träffar.
185 1285 9 20 I
210 1284 132 19 betraktande
358 1284 58 20 däraf
430 1287 29 17 att
475 1285 76 19 kronan
568 1285 51 20 dock
634 1285 36 20 har
685 1285 43 19 sina
738 1285 99 25 egentliga

79 1312 111 20 inkomster
210 1313 42 24 just
274 1313 43 19 från
333 1314 43 19 sina
392 1319 15 14 s.
423 1313 21 21 k.
459 1314 80 23 skogar,
554 1314 67 19 hvilka
638 1315 98 18 dessutom
752 1317 35 17 äro
804 1315 31 18 be-

79 1341 58 23 lägna
152 1341 7 19 i
174 1341 74 20 afsides
264 1341 70 24 fattiga
349 1342 81 24 bygder,
446 1343 36 18 där
497 1343 217 19 kommunikationerna
728 1343 62 19 också
800 1345 35 17 äro

79 1371 64 17 sämre
158 1372 25 17 än
198 1370 80 24 vanligt,
294 1370 96 25 föreslogs
405 1371 26 24 på
447 1370 62 24 1885,
526 1370 55 20 1888
597 1371 35 19 och
642 1370 54 20 1891
704 1371 58 20 årens
770 1372 65 19 landt-

79 1398 62 24 dagar
164 1401 30 18 att
216 1399 149 20 Bondeståndet
382 1399 36 20 hos
432 1399 57 20 Hans
505 1399 111 25 Kejserliga
631 1399 95 25 Majestät
741 1401 7 18 i
763 1401 73 18 under-

79 1427 94 24 dånighet
196 1427 45 26 ville
264 1428 78 19 anhålla
364 1428 34 19 det
422 1429 23 18 de
461 1429 7 18 i
484 1428 130 20 ofvannämda
629 1429 95 24 paragraf
738 1429 99 20 förekom-

79 1457 70 18 mande
172 1456 62 19 orden
257 1457 90 24 ,,kronan
370 1456 31 20 för
417 1457 43 19 sina
476 1457 151 24 skogsmarker'
644 1457 63 20 skulle
723 1457 112 26 förändras,

149 1496 47 20 Lag-
210 1494 31 17 och
253 1494 182 18 Ekonomiutskottets
447 1495 111 18 betänkande
570 1496 36 16 N:o
620 1496 25 17 14.
