1070 1795
274 169 269 24 Petitionsbetänkande
559 169 42 22 N:o
616 169 36 22 21.

345 409 159 23 Allmänna
532 409 293 23 Besvärsutskottets

276 445 93 27 förslag
380 444 38 22 till
429 444 231 28 sammanjämkning
668 444 28 22 af
707 444 117 23 Ståndens

276 478 143 29 skiljaktiga
434 478 79 23 beslut
528 479 8 21 i
552 478 71 27 fråga
638 484 38 16 om
686 477 139 24 Utskottets

277 513 148 23 betänkande
446 513 42 22 N:o
504 513 28 22 10
546 513 9 22 i
566 513 128 27 anledning
706 513 27 22 af
740 513 85 22 tvenne

276 549 9 22 i
305 547 183 23 Presteståndet
507 547 133 23 inlemnade
659 547 166 28 petitionsför-

277 583 51 28 slag
348 583 105 22 rörande
473 582 122 23 särskilda
612 582 173 28 förändringar
800 582 27 22 af

277 617 109 28 gällande
402 617 149 28 stadganden
563 623 38 16 om
612 617 213 28 terminsafgifter-

277 653 8 22 i
301 653 92 22 statens
409 652 240 23 elementarläroverk
660 652 45 23 och
713 651 111 23 fruntim-

275 687 154 23 mersskolor.

137 751 123 22 Utskottet
275 751 41 22 har
331 751 7 22 i
356 750 41 22 sitt
412 749 147 23 betänkande
574 750 128 28 föreslagit,
712 751 36 20 att
756 749 68 22 Stän-

69 786 71 22 derna
155 786 56 22 ville
226 786 56 29 ingå
298 785 51 22 med
364 784 147 29 underdånig
525 784 100 29 petition
641 784 85 28 därom,

344 856 35 20 att
401 855 28 21 N.
450 853 165 30 Kungörelsen
638 853 26 22 af
684 853 45 22 den
745 856 26 19 22
787 860 39 15 au-

276 889 63 28 gusti
360 891 54 20 1889
433 896 67 15 mom.
518 891 11 20 3
546 889 71 21 mätte
632 887 120 23 förändras
768 887 7 22 i
791 888 34 21 sä-

276 923 56 22 dant
356 923 68 29 syfte,
446 925 36 20 att
504 923 161 29 mottagandet
680 922 26 23 af
718 922 108 22 frielever

277 959 36 21 till
323 958 276 23 elementarläroverkens
607 958 42 22 och
658 958 167 22 fruntimmers-

278 993 120 22 skolornas
417 993 75 22 första
511 993 62 22 klass
588 993 78 22 blefve
681 993 93 28 tillätet,
790 993 37 21 till

277 1027 40 22 det
335 1027 63 22 antal
419 1027 43 22 och
478 1029 30 28 pä
523 1027 28 22 de
567 1027 87 22 villkor
669 1027 74 30 fjärde
758 1035 68 14 mom.

277 1062 26 22 af
316 1062 173 23 ofvannämnda
504 1062 147 29 Kungörelse
666 1062 133 27 fastställer,

70 1100 61 19 samt

345 1133 36 20 att
406 1139 32 14 nu
461 1131 108 30 gällande
591 1131 174 30 bestämningar
787 1139 40 14 an-

277 1166 89 29 gäende
392 1166 110 29 beloppet
525 1166 26 22 af
572 1166 224 29 terminsafgifterna
819 1166 7 21 i

277 1201 270 22 fruntimmersskolorna
563 1201 71 22 mätte
645 1201 120 22 förändras
777 1200 50 22 där-

277 1235 53 28 hän,
346 1237 35 20 att
396 1235 225 29 terminsafgifterna
636 1235 40 22 vid
691 1235 67 22 dessa
768 1235 57 22 läro-

277 1270 56 23 verk
353 1270 120 22 nedsättas
491 1271 38 21 till
545 1278 86 14 samma
647 1271 91 28 belopp,
754 1277 49 15 som
819 1270 7 21 i

278 1305 264 22 elementarläroverken
558 1305 37 22 för
609 1313 87 21 gossar.

139 1374 46 22 Vid
208 1374 107 22 ärendets
335 1374 178 29 handläggning
532 1374 8 21 i
556 1374 103 22 Ständen
674 1374 71 23 hafva
760 1374 67 22 dessa

71 1411 95 20 stannat
188 1409 40 22 vid
248 1409 108 29 följande,
376 1409 124 22 Utskottet
514 1416 83 19 genom
611 1409 216 29 protokollsutdrag

70 1443 105 29 delgifna
190 1443 86 22 beslut:

139 1484 105 18 Allmänna
257 1484 176 18 Besvärsutskottets
446 1485 121 22 betänkande,
581 1485 37 18 N:o
633 1485 25 17 10.
