1070 1795
239 144 277 23 Petitionsbetänkande
532 143 45 23 N:o
593 144 40 21 20.

333 413 172 21 Allmänna
544 412 271 22 Besvärsutskot-

263 448 70 21 tets
356 447 193 22 betänkande
572 446 45 23 N:o
640 446 36 27 16,
703 447 9 21 i
733 446 81 22 anled-

266 482 59 27 ning
340 481 27 22 af
376 481 91 22 tvänne
482 481 9 22 i
506 481 207 28 Borgareständet
728 481 87 22 väckta

266 515 220 29 petitionsförslag,
509 515 42 22 det
565 521 46 16 ena
626 515 125 28 angäende
766 515 48 28 pri-

263 551 55 21 vata
338 550 149 22 samskolors
506 550 158 22 likställande
680 549 56 22 med
752 555 62 22 goss-

266 585 85 21 skolor
366 584 9 22 i
392 584 114 22 afseende
522 584 14 22 ä
551 584 219 27 subventionering
785 589 30 16 ur

265 619 125 21 allmänna
412 619 89 27 medel,
525 619 42 21 det
589 619 76 21 andra
691 617 124 28 angäende

265 653 158 22 tilldelandet
448 652 27 23 af
493 652 198 23 statsunderstöd
716 652 25 22 ät
765 644 50 30 Åbo

266 687 95 28 privata
377 687 130 22 samskola.

130 756 88 21 Genom
244 755 214 29 protokollsutdrag
484 755 26 22 af
533 756 44 20 den
604 757 25 20 12
647 755 113 21 Februari
774 755 41 21 har

60 790 196 29 Borgareständet
268 790 36 21 till
317 789 142 29 behandling
471 790 8 21 i
490 790 125 21 Allmänna
627 789 188 22 Besvärsutskot-

61 827 33 20 tet
109 825 129 20 remitterat
253 827 85 18 tvänne
354 825 26 20 sä
394 824 102 28 lydande
511 824 242 29 petitionsmemorial:

220 907 45 19 Till
289 907 131 23 Vällofliga
442 907 213 24 Borgareständet.

129 964 55 19 Inom
207 964 43 19 värt
273 964 57 19 lands
353 964 119 23 skolsystem
495 965 66 22 intaga
585 964 23 19 de
628 964 78 23 privata
720 963 95 19 lärdoms-

61 993 94 19 skolorna
178 995 28 17 ett
225 993 155 19 beaktansvärdt
396 999 48 14 rum,
475 993 73 18 Genom
565 993 29 18 sin
611 995 64 16 större
691 992 59 19 frihet
764 992 7 18 i
787 991 28 19 af-

61 1022 73 19 seende
150 1021 12 20 å
178 1022 158 23 organisationen
352 1022 67 18 kunna
434 1021 161 24 privatskolorna
611 1021 97 19 snabbare
721 1023 24 16 än
757 1022 58 17 stats-

61 1051 94 18 skolorna
178 1053 86 21 upptaga
287 1055 59 19 nyare
368 1050 135 24 pedagogiska
525 1050 56 19 ideer
604 1050 36 19 och
664 1050 87 19 metoder
767 1051 50 16 samt

61 1081 49 22 göra
133 1079 42 18 dem
200 1079 161 23 fruktbringande
377 1079 31 18 för
423 1079 121 23 ungdomens
560 1078 116 24 uppfostran
693 1078 36 19 och
744 1078 71 19 under-

62 1108 82 23 visning.
182 1107 64 19 Jämte
270 1108 34 18 det
326 1107 162 24 privatskolorna
510 1107 132 24 komplettera
664 1107 151 22 statsskolorna,

61 1136 82 23 bidraga
166 1137 23 18 de
214 1137 82 18 sålunda
318 1137 5 18 i
344 1136 87 24 betydlig
448 1137 42 18 mån
507 1136 29 19 till
553 1139 28 16 att
598 1135 91 20 utveckla
705 1136 43 18 vårt
763 1135 52 18 skol-

61 1167 72 21 system
149 1165 5 18 i
171 1165 86 23 enlighet
272 1165 43 18 med
331 1165 64 18 tidens
411 1165 51 23 kraf,
478 1165 7 18 i
501 1165 34 19 det
550 1167 28 16 att
595 1165 23 18 de
634 1170 38 18 nya
683 1163 134 25 pedagogiska

52 1192 146 24 "riktningarna
212 1194 6 18 i
235 1194 42 19 dem
293 1193 49 19 först
359 1194 19 18 få
394 1194 95 23 genomgå
504 1193 148 20 erfarenhetens
672 1193 92 24 pröfning
780 1193 36 18 och

62 1222 42 19 visa
126 1222 29 19 sin
179 1222 104 24 praktiska
301 1222 148 19 användbarhet
464 1222 31 19 för
511 1223 46 18 våra
573 1222 142 19 förhållanden.
746 1221 31 19 Då
792 1221 24 18 de

61 1251 78 24 privata
154 1250 168 20 läroanstalterna
337 1251 95 23 därjämte
449 1251 50 19 visat
515 1252 29 22 sig
555 1251 75 24 åtnjuta
641 1253 51 16 stort
703 1250 113 19 förtroende

61 1280 36 18 hos
119 1279 138 24 allmänheten,
280 1280 35 19 har
338 1283 64 16 staten
425 1280 7 18 i
454 1279 67 24 regeln
536 1279 44 20 icke
596 1280 132 22 undandragit
743 1279 29 24 sig
787 1282 30 15 att

62 1308 152 19 subventionera
230 1309 43 18 dem
289 1308 51 19 efter
356 1309 57 18 deras
429 1308 137 19 beskaffenhet
581 1309 37 18 och
634 1307 116 24 omfattning
765 1308 6 18 i
783 1313 32 13 en-

61 1337 62 23 lighet
137 1337 44 18 med
196 1337 7 18 i
219 1337 31 23 lag
266 1337 106 19 faststälda
389 1343 83 13 normer.

131 1365 9 19 I
155 1366 25 18 de
195 1365 161 24 lagstadganden,
373 1371 41 13 som
430 1366 51 22 angä
496 1366 169 24 privatskolornas
678 1365 139 23 smbventione-

61 1394 50 23 ring,
127 1396 22 17 är
165 1395 109 18 emellertid
290 1395 36 18 den
343 1398 67 21 nyaste
427 1394 126 24 skolformen,
570 1395 24 18 de
610 1401 15 13 s.
642 1395 19 18 k.
674 1394 143 23 samskolorna,

62 1423 43 18 icke
129 1423 125 20 observerad.
284 1423 69 19 Redan
376 1423 33 19 vid
432 1423 165 24 nästföregäende
613 1423 93 24 landtdag
721 1423 96 18 länkades

62 1451 117 20 ständernas
195 1452 173 23 uppmärksamhet
388 1452 26 24 pä
429 1452 56 19 detta
500 1451 130 20 förhällande.
660 1452 30 19 De
706 1451 111 19 inlämnade

131 1489 103 18 Allmänna
246 1490 168 17 Besvärsutskottets
426 1490 111 17 betänkande
549 1490 37 17 N:o
599 1491 29 16 16.
