1124 1771
279 27 42 27 po
344 25 7 5 s
398 27 2 3 +
447 33 106 24 Kn
605 46 2 3 N
687 36 2 3 Å
747 35 23 21 5

289 124 27 21 24
473 126 228 25 Petitionsbetänkande
717 125 41 34 N:o
770 118 89 40 12.

259 181 35 21 för
309 182 43 22 den
367 183 26 21 af
406 184 150 26 petitionären
573 186 130 28 föreslagna
716 189 103 23 kanalen.
838 191 44 27 En
897 193 114 21 utsträck-

258 216 53 27 ning
326 217 27 21 af
368 218 100 22 farleden
487 220 34 21 till
540 215 64 28 detta
622 224 143 27 vattendrag,
781 224 88 23 hvilket
885 226 64 22 berör
964 227 46 22 Lei-

241 274 2 2 .
258 252 115 26 Vonmäki,
391 253 88 28 Joutsa,
499 254 103 29 Hartola,
622 256 146 29 Mäntyharju
792 260 41 21 och
856 260 153 23 Hirvensalmi

258 284 141 29 kommuner,
415 293 69 21 synes-
504 289 122 23 Utskottet
644 292 124 22 emellertid
784 294 144 28 synnerligen
944 296 66 21 önsk-

257 320 62 26 värd,
335 320 35 22 för
385 317 45 26 den
447 322 107 24 händelse
572 325 78 21 härför
664 326 145 28 erforderliga
825 329 93 22 arbeten
935 330 76 22 kunde

257 355 51 21 med
327 356 130 22 ändamålet
474 359 162 23 motsvarande
655 360 124 24 kostnader
799 363 95 27 utföras,
913 366 98 21 emedan

257 389 128 27 derigenom
400 393 35 20 ett
449 392 166 27 jemförelsevis
631 396 60 22 stort
707 396 91 23 område
810 398 91 22 komme
916 401 37 21 att
963 402 45 20 sät-

256 424 37 20 tas
309 424 6 20 i
334 424 135 24 förbindelse
478 428 58 21 med
551 428 193 24 Savolaksbanan.
775 432 122 23 Utskottet
913 434 34 21 för
962 435 48 21 der-

256 458 49 22 före
320 460 120 22 vördsamt
454 461 93 23 föreslå:

461 526 32 20 att
517 516 126 43 Ständerna
657 520 59 29 ville
739 529 38 21 hos
799 530 66 20 Hans
885 530 125 30 Kejserliga

391 558 106 28 Majestät
510 560 10 20 i
533 561 177 28 underdånighet
725 563 97 25 anhålla,
839 566 32 19 att
885 566 152 22 undersök--

392 593 56 28 ning
462 594 37 27 för
515 594 182 30 Suontienjärvis
715 597 122 28 förenande
851 600 50 21 med
911 600 95 22 Puula-

391 628 46 20 vest
452 628 66 21 måtte
533 629 10 20 i
556 630 73 21 sinom
646 631 32 20 tid
692 633 108 20 anställas
816 634 39 21 och
869 634 68 28 deraf
947 636 59 27 möj-

391 661 58 28 ligen
463 663 131 26 föranledda
606 661 105 31 ätgärder
725 667 104 28 vidtagas.

616 860 21 18 2.

310 902 90 28 -Säsom
415 910 7 21 i
437 895 252 48 petitionsmemorialet
705 905 131 32 framhälles
851 917 71 21 hafva
932 904 74 35 under

251 937 93 28 senaste
359 943 26 22 är
399 944 109 23 Käränkä
523 952 30 15 m.
569 947 20 21 fl.
609 949 58 20 sund
681 952 145 25 upprensats,
843 951 26 22 sä
887 953 37 20 att
939 952 80 22 farle-'

222 986 5 3 +.
251 977 41 21 den
308 977 51 22 från
374 978 85 27 Kuopio
471 981 67 20 sidan
557 981 74 22 blifvit
646 984 119 21 utsträckt
779 986 59 21 ända
849 986 26 21 till
893 987 112 22 Karvion-

223 1013 3 2 —
250 1013 73 21 ranta.
353 1012 121 23 Farledens
492 1015 154 23 fortsättande
664 1018 34 21 till
717 1018 144 28 Kermajärvi'
881 1022 31 25 är,
932 1021 74 28 enligt

250 1046 59 21 hvad
325 1047 123 22 Utskottet
463 1049 85 28 erfarit,
561 1056 47 16 som
620 1051 53 22 bäst
683 1053 70 22 under
763 1054 134 28 behandling
908 1056 7 21 i
926 1053 77 25 Öfver-
1017 1054 2 3 '

250 1081 114 26 styrelsen
379 1082 35 21 för
430 1085 50 25 väg-
490 1084 47 21 och
553 1086 242 28 vattenbyggnaderna
811 1089 40 22 och
869 1090 41 21 har
925 1087 79 26 Ofver-

250 1115 114 26 styrelsen
383 1116 117 29 föreslagit
519 1120 36 20 att
569 1119 186 29 Karviontaipale
770 1125 43 20 näs
828 1124 74 22 mätte
917 1125 86 22 kanali-

250 1155 69 16 seras..
349 1151 49 21 Den
417 1152 41 21 här
477 1153 144 28 erforderliga
637 1155 90 22 slussen
742 1157 92 22 komma
853 1160 35 20 alt
903 1159 70 23 hafva
988 1161 14 21 2

248 1190 29 16 m.
294 1186 118 27 sänkning."
439 1187 48 21 Det
505 1188 26 20 af
547 1188 137 32 kommunen
702 1192 124 27 utlofvade,
842 1194 27 20 åf
883 1195 119 25 petitionä-

248 1225 39 15 ren
303 1221 136 21 omnämnda
454 1222 103 27 bidraget
571 1224 64 22 torde
650 1225 49 22 icke
715 1227 156 27 oväsentligen
897 1228 108 28 äskyndä
1030 1224 4 2 -

248 1254 91 26 frågans
359 1255 92 27 slutliga
470 1256 129 29 afgörande,
616 1259 39 21 och
676 1266 69 20 synes
763 1261 38 21 det
817 1262 95 22 sålunda
927 1260 74 25 finnas

232 1312 2 3 .
247 1288 80 27 utsigt,
343 1290 36 20 att
394 1290 140 23 åtminstone
549 1292 140 24 beträffande
708 1295 72 21 denna
796 1296 34 22 del
846 1297 26 21 af
900 1298 102 22 petitions-

235 1322 129 28 "förslaget
375 1324 38 22 det
428 1325 93 30 afsedda
537 1326 130 24 ändamälet
677 1329 63 26 skall
755 1331 88 26 uppnås
859 1332 68 22 äfven
943 1334 57 20 utan

247 1357 69 27 något
331 1358 133 27 tillgörande
479 1360 6 20 i
503 1360 71 22 saken
589 1362 51 21 från
655 1362 140 24 Ständernas
811 1366 54 21 sida.
956 1384 31 8 J

315 1392 68 22 Hvad
391 1394 102 22 deremot
500 1395 168 24 förbättrandet
676 1398 26 21 af
707 1398 99 23 farleden
815 1400 50 22 frän
877 1400 123 24 Heinävesi

247 1426 73 27 kyrka
336 1428 92 22 söderut
447 1429 114 28 beträffar,
581 1431 26 21 sä
625 1432 42 21 har
686 1433 125 23 tillsvidare
829 1435 74 27 nägon
921 1437 80 21 under-

314 1483 202 21 Petitionsbetänkande
528 1487 37 18 N:o
577 1488 28 17 12.
764 1502 3 2 :
835 1492 26 12 <!
923 1491 3 7 a
