1070 1795
250 103 42 20 110
439 102 231 21 Petitionsbetänkande
687 102 35 21 N:o
737 102 21 22 2.

220 159 201 28 kajbyggnaderna
436 160 38 21 vid
489 159 145 27 Mäntyluoto
649 160 7 20 i
673 160 73 21 minst
760 160 53 27 lika,
830 166 37 15 om
879 160 19 26 ej
910 161 67 26 högre

220 194 55 22 grad
298 195 106 26 påkallas
427 195 25 20 af
473 194 152 27 Björneborgs
649 195 65 20 stads
734 196 83 25 export
832 195 41 21 och
889 195 89 26 import,

220 233 50 16 som
286 229 34 20 för
336 229 38 21 det
389 229 49 21 inre
449 228 90 21 landets
550 228 27 21 af
583 228 125 27 jernvägen
720 228 139 22 förmedlade
872 227 105 23 rörelse."

221 263 60 20 Enär
296 263 126 22 emellertid
437 263 152 26 Björneborgs
606 263 52 20 stad
674 263 70 21 redan
758 263 73 22 iklädt
847 263 34 26 sig
891 263 88 26 ganska

220 297 129 26 betydande
372 297 156 27 uppoffringar
551 297 34 21 för
608 297 142 22 erhällandet
769 297 26 21 af
807 298 96 26 jernväg
918 299 61 20 samt

220 333 129 24 yttermera
372 331 34 22 får
430 331 110 27 nedlägga
564 333 62 20 stora
650 331 125 22 kostnader
798 331 35 22 för
856 332 124 21 ordnandet

221 365 26 20 af
267 366 242 21 hamnförhållandena
531 366 38 21 vid
592 365 151 27 Mäntyluoto,
763 372 70 20 synes
853 367 38 20 det
906 366 74 26 billigt

224 401 36 20 att
276 402 77 20 staten
366 401 35 20 för
418 400 143 22 sistnämnda
577 400 107 21 ändamål
695 400 88 22 lemnar
796 400 85 27 skäligt
893 400 86 27 bidrag;

222 434 42 21 och
280 435 40 20 har
336 436 118 20 utskottet
470 436 60 19 trott
546 435 34 26 sig
595 435 6 20 i
618 434 83 21 sådant
712 435 108 21 afseende
832 436 53 20 böra
897 434 83 21 föreslå

222 474 26 15 en
274 475 90 14 summa
388 469 26 20 af
434 469 93 26 250,000
549 469 72 26 mark,
646 469 28 26 på
697 469 39 21 det
759 469 150 26 Björneborgs
930 469 50 21 stad

221 503 51 21 icke
288 503 73 21 skulle
376 503 100 22 behöfva
491 503 66 21 anslå
573 509 63 15 mera
652 505 29 19 än
698 503 26 21 de
738 503 26 21 af
773 503 82 22 staden
865 503 114 21 allaredan

223 537 108 22 voterade
347 537 94 27 300,000
456 537 73 26 mark,
545 537 68 22 äfven
629 543 38 15 om
683 537 224 27 kostnadsförslaget
922 537 5 20 i
944 537 36 20 nå-

222 577 44 20 gon
283 572 85 21 mindre
379 571 54 22 mån
449 572 91 21 komme
555 573 36 20 att
607 571 164 27 öfverskridas,
788 572 54 21 eller
858 572 56 21 den
902 567 12 36 i
926 571 53 27 peti-

223 605 207 22 tionsmemorialet
452 606 41 21 N:o
510 607 12 20 7
538 606 129 21 förutsatta
687 606 163 27 utvidgningen
867 606 26 21 af
905 606 75 20 hamn-

223 640 105 22 området
351 640 71 21 blifve
441 640 134 27 nödvändig.
606 641 91 20 Jemväl
713 646 70 21 synes
803 641 106 20 afseende
926 641 55 20 böra

223 675 77 21 fästas
315 675 84 26 dervid,
417 677 36 19 att
472 675 27 21 de
515 675 26 20 af
558 675 81 21 staden
657 675 137 26 Björneborg
809 675 6 20 i
832 674 149 22 förevarande

224 709 107 22 afseende
354 709 89 21 fattade
468 709 105 22 besluten
593 711 38 25 egt
647 715 51 15 rum
720 709 70 21 under
809 709 38 21 det
865 708 116 26 förbehåll,

224 745 36 20 att
276 743 145 22 hamnbanan
436 744 61 21 inom
512 743 116 28 utgången
644 743 26 21 af
684 743 25 21 år
725 743 56 21 1897
795 743 66 22 befve
871 742 108 27 upplåten

224 777 35 20 för
277 778 73 21 trafik.

294 812 50 21 Med
368 813 52 20 stöd
443 813 25 20 af
488 813 39 21 det
549 812 143 27 ofvansagda
716 811 34 22 får
773 811 118 22 utskottet
914 811 68 21 alltså

226 847 119 21 vördsamt
361 847 94 21 föreslå:

433 918 32 19 att
490 916 127 21 Ständerna
640 916 52 21 ville
715 916 39 20 hos
777 915 65 21 Hans
861 915 122 27 Kejserliga

364 950 106 27 Majestät
485 951 9 20 i
509 950 177 27 underdånighet
701 949 106 21 anhålla:

433 986 32 19 att
480 985 9 20 i
505 987 29 18 ett
553 984 108 21 samband
676 985 49 20 med
740 983 103 21 arbetena
858 983 14 21 å
888 983 94 28 Björne-

366 1019 63 27 borgs
447 1019 84 28 jenväg
551 1019 73 20 såsom
648 1018 147 27 fortsättning
816 1018 29 27 af
856 1018 127 20 densamma

364 1053 68 21 måtte
457 1053 81 28 byggas
563 1060 27 14 en
616 1053 130 20 hamnbana
775 1052 35 21 till
837 1052 142 27 Mäntyluoto

366 1088 77 26 holme,
467 1087 36 27 för
526 1087 86 21 hvilken
630 1087 59 20 bana
704 1087 150 20 kostnaderna
870 1086 115 21 beräknats

366 1122 35 20 till
417 1123 124 26 1,130,000
556 1122 76 25 mark;

434 1158 33 19 att
489 1158 73 19 staten
577 1156 36 27 för
628 1155 131 28 utförandet
772 1155 31 30 af
819 1155 25 21 de
863 1155 38 20 vid
915 1155 68 20 Män-

366 1191 84 27 tyluoto
473 1191 145 26 erforderliga
634 1189 267 28 hamnanläggningarna
916 1189 69 20 måtte

367 1225 74 21 lemna
465 1225 147 27 Björneborgs
632 1224 51 21 stad
698 1226 29 19 ett
744 1224 77 27 bidrag
836 1223 29 27 af
878 1224 108 23 250,000

368 1260 74 24 mark;
457 1261 58 19 samt

436 1296 33 19 att
484 1294 74 21 såsom
573 1293 73 21 vilkor
662 1293 36 27 för
714 1293 129 26 utförandet
858 1292 29 27 af
897 1291 88 28 ifråga-

368 1329 96 20 varande
480 1328 128 21 hamnbana
620 1327 39 21 och
668 1327 133 27 beviljandet
811 1326 27 27 af
847 1326 140 21 sistnämnda

367 1362 134 28 statsbidrag
520 1362 67 21 måtte
603 1362 131 27 fastställas,
750 1362 33 19 att
797 1361 78 21 staden
891 1360 94 27 Björne-

368 1397 52 28 borg
432 1397 157 27 kostnadsfritt
601 1396 105 28 upplåter
713 1396 32 20 all
753 1395 36 28 för
797 1395 100 21 nämnda
905 1395 80 20 hamn-

299 1449 203 17 Perivionsberankanie
514 1448 37 17 N:v
564 1448 17 17 &.
