1070 1795
194 139 82 23 Ständ.
292 139 53 22 Pet.
360 152 30 3 —
405 139 172 22 Petitionsbet.
593 139 41 22 N:o
650 139 36 22 37.
779 140 13 20 3

130 205 34 22 På
186 205 104 22 enskildt
308 205 105 21 initiativ
428 205 41 21 har
485 205 79 21 derför
579 205 96 28 inköpts
692 212 29 13 en
737 205 84 28 ångare

63 239 80 22 afsedd
154 241 34 20 att
198 239 128 22 försöksvis
342 239 137 22 underhålla
489 239 233 22 vintersamfärdseln
737 239 86 21 mellan

64 267 77 28 Åland
163 274 43 21 och
228 273 60 22 fasta
309 273 86 22 landet.
426 273 35 22 Då
479 266 79 29 Åland
577 273 75 22 under
667 273 45 22 den
728 273 95 29 vanliga

64 308 192 29 seglationstiden
272 308 102 28 åtnjuter
389 307 122 22 förmånen
527 307 25 22 af
565 315 30 14 en
610 307 160 29 regelbunden
779 307 43 22 och

62 343 61 29 liflig
144 343 302 28 ångbåtskommunikation
469 342 53 22 med
542 343 62 20 fasta
618 342 80 21 landet
713 343 31 28 på
760 345 62 18 ömse

64 378 68 27 sidor,
155 377 66 22 torde
246 377 156 29 nyssberörda
424 378 85 27 ångare
533 377 74 22 likväl
630 377 20 28 ej
674 377 81 22 kunna
769 377 53 22 med

64 412 75 22 fördel
164 414 102 27 upptaga
293 412 173 22 korkurrensen
488 412 54 22 med
564 411 77 29 andra,
666 411 76 22 denna
764 411 57 29 linje

64 447 70 21 redan
150 447 154 21 trafikerande
315 446 119 29 ångbåtar,
446 449 57 18 utan
519 446 119 21 sannolikt
648 446 90 29 nödgas
748 446 75 21 under

63 481 240 22 sommarmånaderna
324 481 65 28 ligga
405 481 130 28 overksam,
551 481 9 21 i
576 481 59 28 följd
658 480 86 22 hvaraf
762 480 60 22 före-

63 518 70 27 taget,
149 515 133 22 betraktadt
297 515 75 22 såsom
388 515 93 22 enskild
497 515 63 28 affär,
577 515 105 22 kommer
697 517 35 19 att
745 515 78 22 lemna

62 550 90 23 förlust.

132 584 204 29 Tillgodoseendet
351 584 25 22 af
390 586 34 20 ett
440 585 25 21 så
481 585 98 21 allmänt
593 584 79 28 behof,
688 591 49 14 som
754 585 68 20 fram-

63 619 155 22 befordrande
240 619 26 22 af
286 621 53 26 post
362 619 44 22 och
428 619 97 22 resande
548 619 67 22 öfver
638 618 86 28 hafvet,
746 619 76 21 skulle

65 654 97 22 sålunda
184 654 42 21 allt
246 653 144 22 fortfarande
414 654 30 28 på
462 647 78 28 Åland
555 653 79 28 åligga
648 653 174 21 vederbörande

62 689 130 28 jordegare,
214 689 91 21 hvilket
327 688 127 29 onekligen
474 689 74 20 måste
567 695 67 14 anses
649 695 56 14 vara
720 695 30 14 en
765 687 58 22 obil-

63 723 81 28 lighet.
167 723 87 22 Härtill
269 723 104 21 kommer
388 725 36 19 att
438 723 171 28 postföringen,
626 723 75 20 såsom
718 722 45 21 den
777 722 46 21 hit-

64 757 49 22 tills
121 758 61 21 varit
196 757 118 22 anordnad
324 757 88 22 medels
426 758 26 20 så
462 757 91 21 kallade
566 758 123 27 postrotar,
701 760 25 17 är
736 758 87 27 ytterst

63 792 179 29 oregelbunden,
262 795 55 18 enär
332 791 110 22 stundom
461 791 112 27 inträffat,
589 793 35 19 att
638 793 84 26 posten
737 791 86 22 mellan

63 819 52 29 Åbo
131 827 44 21 och
189 819 77 29 Åland
282 826 61 29 dröjt
359 826 60 21 ända
434 826 38 21 till
488 827 27 21 22
533 825 70 29 dygn.
702 852 2 3 |

131 861 83 28 Enligt
236 861 61 22 hvad
319 861 132 21 Ständerna
466 861 116 21 inhemtat
597 860 66 21 torde
678 860 74 22 under
767 867 55 14 van-

63 895 48 28 liga
125 895 161 22 förhällanden
298 895 44 22 den
357 895 138 29 ifrägasatta
510 895 312 21 vinterkommunikationen

63 930 42 21 och
121 930 111 21 särskildt
247 930 44 21 den
311 930 99 21 emellan
431 923 78 28 Äland
524 929 44 22 och
583 929 137 22 Stockholm
743 929 80 22 kunna

63 965 169 28 upprätthållas
247 964 112 29 temligen
374 964 161 29 regelbundet,
547 971 38 14 om
595 963 118 29 företaget
723 963 100 22 erhåller

63 998 88 29 skäligt
166 999 192 22 statsunderstöd.

131 1033 52 22 Den
204 1033 118 29 egentliga
344 1033 235 22 vintersamfärdseln
601 1033 53 21 från
676 1025 78 29 Äland
776 1032 47 22 kan

63 1067 8 22 i
85 1069 81 27 regeln
182 1075 67 14 anses
264 1068 78 28 fortgä
356 1068 53 21 frän
420 1068 87 21 medlet
515 1068 26 21 af
547 1067 132 22 November
688 1067 38 21 till
737 1067 86 22 medlet

64 1101 26 22 af
102 1102 74 29 April,
192 1102 43 22 och
250 1103 70 21 borde
341 1103 39 21 det
395 1103 81 21 härtill
491 1102 107 22 använda
607 1102 111 28 fartyget,
733 1101 29 22 dä
775 1101 48 22 för-

63 1135 139 23 hällandena
217 1137 51 22 icke
284 1141 38 17 äro
338 1137 96 22 alldeles
452 1144 159 21 ogynsamma,
627 1136 81 21 kunna
722 1139 57 26 göra
793 1143 30 14 en

64 1177 52 15 resa
131 1171 8 21 i
154 1171 96 28 veckan,
273 1173 38 20 tur
333 1171 43 22 och
396 1174 71 25 retur,
484 1171 87 22 mellan
587 1171 143 27 Stockholm,
746 1163 77 29 Äland

64 1205 43 22 och
121 1198 60 30 Åbo.
211 1206 35 21 Då
261 1205 198 22 isförhällandena
473 1206 49 21 åter
532 1205 84 22 hindra
626 1205 71 22 båten
708 1207 35 20 att
754 1206 69 21 fram-

64 1240 93 22 komma
173 1241 37 21 till
225 1233 57 36 Åbo,
305 1240 72 22 borde
392 1243 118 20 närmaste
525 1241 152 28 tillgängliga
692 1240 75 29 punkt
783 1247 40 14 an-

63 1274 73 29 löpas,
159 1283 53 14 men
235 1276 29 21 då
286 1275 69 22 äfven
378 1275 66 22 detta
466 1275 63 22 visar
552 1275 37 28 sig
612 1275 114 28 omöjligt,
747 1275 75 21 skulle

63 1309 77 28 båten,
156 1310 74 21 under
245 1310 39 21 det
299 1310 44 21 den
358 1309 147 22 fortfarande
521 1309 122 22 trafikerar
656 1309 74 28 linjen
742 1309 81 22 Stock-

63 1333 81 44 holm—
158 1333 81 44 Äland,
256 1345 141 21 åtminstone
419 1352 29 14 en
464 1345 63 28 gäng
542 1345 9 21 i
565 1344 115 21 mänaden
695 1344 56 21 böra
766 1346 57 26 göra

64 1385 28 14 en
107 1385 51 15 resa
173 1378 38 22 till
224 1379 91 28 Hangö.

133 1413 182 24 Vidkommande
329 1413 111 29 beloppet
460 1413 27 22 af
507 1413 44 22 den
574 1413 80 21 härför
672 1413 151 28 erforderliga

63 1447 171 22 subventionen
249 1447 70 22 hafva
341 1447 133 22 Ständerna
496 1447 69 22 tänkt
587 1447 43 28 sig,
654 1449 35 20 att
704 1449 34 19 ett
754 1447 69 28 ärligt
