1070 1795
317 170 262 23 Motionsbetänkande
595 170 43 22 N:o
654 170 23 22 3.
822 170 25 21 31

121 240 131 24 påminnelser
274 240 83 19 rörande
378 240 101 19 skolornas
501 240 130 23 verksamhet,
655 240 24 19 då
701 240 37 19 han
762 239 61 20 finner
838 239 43 20 skäl

122 269 66 19 därtill
204 268 125 20 förekomma.

479 365 45 25 89.

192 450 150 19 Vederbörande
364 450 99 24 kyrkoråd
483 450 47 19 eller
545 450 144 19 skoldirektion
705 450 116 19 tillkommer
835 453 46 16 när-

126 480 50 18 mast
191 479 103 24 uppsigten
311 478 96 25 däröfver,
424 481 28 16 att
463 478 73 19 barnen
549 479 74 18 erhälla
636 479 36 18 den
682 479 143 26 undervisning,
838 485 42 14 som

123 508 7 19 i
145 508 63 18 denna
232 507 123 24 förordning.
367 508 84 23 stadgas,
481 507 126 19 Beträffande
631 508 36 18 den
690 507 117 20 föreskrifna
828 508 52 19 skol-

114 536 77 19 "åldern
207 536 38 19 kan
261 536 120 23 kyrkorådet
396 537 48 18 eller
459 536 168 19 skoldirektionen
644 536 70 24 bevilja
724 537 98 18 lättnader
833 537 48 18 eller

123 565 137 23 förändringar
275 565 60 18 under
351 565 146 23 förutsättning,
506 567 29 16 att
551 565 33 18 det
600 565 100 19 bestämda
712 565 169 24 kunskapsmåttet

123 594 59 19 likväl
204 593 101 20 inhemtas.
334 593 105 19 Likaledes
458 599 45 18 eger
519 593 100 24 kyrkoråd
636 594 47 18 eller
698 594 141 19 skoldirektion
855 594 26 24 på

123 623 62 23 grund
208 622 21 19 af
250 621 91 20 inträffad
364 622 96 23 sjukdom,
479 622 99 24 synnerlig
594 622 112 25 sjuklighet,
722 624 41 17 stor
778 622 102 23 fattigdom

125 651 47 19 eller
192 654 60 16 annat
274 650 161 24 oöfvervinneligt
453 651 69 18 hinder
537 651 64 18 befria
616 651 48 19 barn
679 651 43 19 från
738 651 93 24 skolgång
845 657 36 13 un-

124 680 35 19 der
175 680 66 23 längre
257 680 47 19 eller
319 679 79 20 kortare
414 679 36 24 tid,
465 680 86 18 varande
567 680 33 19 det
615 679 209 24 folkskoleinspektors
839 683 42 16 rät-

124 708 62 23 tighet
206 711 29 16 att
258 709 82 18 rörande
363 709 69 18 sådant
454 708 63 19 beslut
532 711 48 21 göra
595 708 126 23 anmärkning
736 709 35 18 hos
787 709 94 18 vederbö-

124 737 60 19 rande
207 737 131 24 Domkapitel,
356 737 72 23 Andlig
444 737 81 24 styrelse
542 737 48 19 eller
609 733 154 28 Öfverstyrelsen
778 737 31 19 för
825 737 56 20 Skol-

124 766 100 19 väsendet.

194 794 35 19 Om
252 796 29 17 ett
303 794 57 19 barns
382 794 94 24 skolgång
492 794 120 23 försummas,
629 795 116 18 tillkommer
760 795 33 18 det
808 794 73 24 kyrko-

124 823 57 19 rådet
204 823 48 19 eller
276 823 221 19 folkskoledirektionen
520 826 29 16 att
572 823 74 19 tilldela
662 823 43 19 dess
721 823 96 19 föräldrar
833 823 48 19 eller

125 852 91 19 målsmän
240 852 86 23 varning,
349 852 6 18 i
375 852 74 19 hvilket
464 852 51 23 syfte
531 852 37 19 den
584 852 96 23 skyldige,
695 857 29 14 om
741 852 68 19 sådant
823 854 22 17 är
861 851 21 20 af

125 881 70 24 nöden,
217 881 38 18 kan
270 880 87 19 inställas
373 881 42 18 med
431 881 84 23 tillhjälp
531 880 21 19 af
566 881 168 23 kronobetjening.
764 880 9 19 I
789 881 91 18 händelse

124 909 21 19 af
159 909 87 23 tredska,
261 909 90 24 antingen
366 909 78 19 barnets
460 909 95 24 skolgång
572 909 118 24 fullkomligt
704 909 113 19 försummas
833 909 48 19 eller

125 937 92 24 fullgöres
240 938 139 23 oregelbundet
401 938 47 19 eller
470 939 70 18 endast
555 939 68 24 delvis,
639 944 45 13 vare
700 937 75 20 straffet
790 938 57 19 böter
861 937 22 20 af

124 967 58 18 minst
198 967 28 18 tio
242 967 36 18 och
294 967 56 23 högst
365 966 67 19 femtio
448 967 54 18 mark
518 967 37 18 och
571 973 34 17 ege
622 967 106 18 domstolen
745 966 95 19 fastställa
852 967 29 18 tid

125 995 37 19 och
178 995 38 19 vite
232 995 48 19 eller
296 998 58 16 annat
368 995 89 24 äfventyr
468 995 31 19 för
511 995 146 24 skyldighetens
670 995 128 26 fullgörande,
820 995 61 19 Böter

125 1024 37 19 och
184 1024 60 23 viten,
266 1029 40 14 som
329 1024 78 19 ådömas
423 1024 60 23 enligt
499 1024 63 19 denna
577 1023 121 24 förordning,
714 1023 76 20 tillfalla
805 1023 76 20 kronan

125 1053 37 18 och
178 1052 118 23 förvandlas,
317 1053 31 18 vid
364 1052 99 19 bristande
479 1053 81 23 tillgång
575 1055 30 16 att
620 1053 43 18 dem
678 1053 63 24 gälda,
757 1052 24 24 på
797 1054 39 17 sätt
851 1058 30 13 om

126 1081 106 19 vitesböter
248 1083 22 17 är
286 1081 89 24 stadgadt
391 1082 48 18 eller
454 1081 104 20 framdeles
573 1081 39 19 kan
628 1081 59 19 blifva
703 1081 121 20 förordnadt.

475 1172 10 25 $
502 1172 33 20 10.

195 1240 55 19 Inom
271 1240 41 19 åtta
334 1241 22 18 år
378 1240 50 19 efter
451 1241 34 18 det
508 1241 63 19 denna
592 1241 113 23 förordning
727 1239 92 25 utgifvits,
836 1240 47 19 böra

127 1269 143 19 barnskolorna
284 1269 7 18 i
307 1269 37 19 alla
360 1269 135 24 församlicgar
510 1275 47 13 vara
572 1269 21 20 så
608 1269 142 24 organiserade,
766 1275 40 13 som
821 1269 7 18 i
843 1269 11 25 $
870 1269 13 19 4

126 1297 134 21 föreskrifves,
290 1297 105 20 Likaledes
416 1298 47 19 böra
487 1299 88 22 samtliga
598 1298 167 19 landskommuner
788 1298 51 18 inom
855 1298 28 19 tio

125 1327 31 19 års
180 1326 85 24 förlopp,
281 1327 83 18 räknadt
383 1326 41 19 från
440 1332 73 14 samma
527 1327 99 23 tidpunkt,
642 1327 61 19 ordna
726 1327 28 18 sin
776 1325 107 20 folkskole-

125 1355 107 23 inrättning
248 1356 7 17 i
271 1355 85 23 enlighet
371 1355 42 19 med
430 1354 10 25 $
456 1355 20 19 5.

195 1384 9 19 I
218 1384 93 19 händelse
326 1383 65 20 lokala
407 1383 135 20 förhållanden
558 1385 48 22 göra
615 1383 63 24 någon
688 1384 83 23 lindring
781 1383 43 18 med
835 1382 46 20 hän-

126 1418 34 18 syn
176 1413 30 18 till
222 1413 96 18 särskilda
334 1412 91 19 församli:
435 1418 44 17 gars
495 1413 48 18 eller
559 1413 122 18 kommuners
697 1412 109 24 skyldighet
821 1412 62 19 ound-

125 1441 102 24 gängligen
250 1441 115 23 nödvändig,
389 1441 36 19 bör
448 1442 81 18 ärendet
550 1441 26 24 på
596 1442 67 18 därom
676 1441 56 24 gjord
748 1441 89 19 anhållan
852 1440 31 19 af-

125 1471 57 22 göras
198 1469 21 20 af
233 1470 109 23 Kejserliga
359 1469 95 20 Senatons
469 1469 251 25 Ekonomiedepartement.

194 1508 105 18 Allmänna
310 1508 169 17 Besvärsutskottets
490 1508 111 19 betänkande
612 1510 38 16 N:o
662 1508 32 18 20.
