1070 1795
262 147 279 23 Petitionsbetänkande
563 147 43 23 N:o
621 147 39 23 36.
797 148 14 21 3

80 218 108 25 sökningar
202 218 7 19 i
224 217 66 20 skilda
304 218 55 19 delar
372 217 21 20 af
406 218 69 19 landet
490 217 109 24 erfordras,
614 217 22 20 så
651 217 49 25 våga
715 218 19 19 vi
751 217 87 24 anhålla,

81 249 30 18 att
125 247 127 24 Högvördiga
273 246 149 20 Presteståndet
437 247 46 19 ville
498 246 71 20 förena
584 246 30 23 sig
628 251 32 14 om
675 251 24 14 en
715 246 123 25 underdånig

81 275 83 25 petition
180 276 77 19 därom:

355 333 32 19 att
399 331 33 27 på
446 331 74 28 grund
535 331 32 28 af
576 330 124 21 verkstälda
716 330 121 21 undersök-

287 359 81 28 ningar
392 362 28 19 ett
444 359 127 28 lagförslag
595 359 65 21 måtte
687 359 110 21 utarbetas
829 359 9 21 i

287 388 58 28 syfte
360 391 32 18 att
402 388 140 28 förekomma
557 387 158 29 skogssköfling
728 387 39 22 och
778 388 61 27 isyn-

288 417 73 21 nerhet
376 420 32 18 att
419 417 142 28 förekomma
576 417 93 27 sågning
681 416 39 22 och
730 419 76 25 export
814 417 31 27 af

288 446 152 27 undermåliga
461 445 110 27 barrträd,
587 448 57 18 samt
658 448 32 18 att
704 446 69 26 nådig
788 451 52 21 pro-

285 475 96 26 position
397 475 9 20 i
422 476 71 19 ämnet
509 474 67 28 blefve
593 473 124 22 Ständerna
732 474 36 21 vid
778 476 61 19 näst-

288 503 128 21 kommande
431 503 108 28 landtdag
549 502 114 29 förelagd.

150 572 124 25 Helsingfors
290 573 38 20 den
344 572 11 20 7
372 573 88 20 februari
477 572 62 21 1894.

154 669 27 23 E.
196 668 138 24 Bonsdorff.
603 668 29 22 H.
648 668 131 23 Melander.

151 803 149 26 (Öfrersättning.)

239 899 51 20 Till
306 899 163 24 Högvördiga
485 899 198 20 Presteständet.

154 968 45 19 Som
213 967 74 20 bekant
301 967 36 20 har
351 967 177 24 tjärubränningen
544 968 36 19 allt
595 967 50 20 ifrän
661 968 65 19 äldsta
741 968 52 19 tider
808 970 31 17 ut-

81 997 54 24 gjort
156 1002 24 14 en
196 997 61 24 viktig
272 997 127 23 näringsgren
415 997 7 18 i
438 997 24 19 de
479 997 56 19 delar
559 996 22 20 af
602 997 43 19 värt
666 997 54 23 land,
743 997 98 24 synnerli-

81 1028 44 21 gast
145 1025 8 20 i
172 1031 61 14 norra
252 1025 36 19 och
307 1025 100 19 mellersta
424 1025 92 24 Finland,
535 1025 36 20 der
588 1025 78 20 landets
685 1025 154 26 hufvudnäring,

80 1054 125 24 jordbruket,
221 1054 30 19 till
266 1053 48 24 följä
329 1053 21 20 af
364 1054 101 19 klimatets
481 1054 36 19 och
531 1054 127 24 jordmänens
672 1053 138 20 beskaffenhet
820 1054 18 24 ej

81 1083 76 19 kunnat
171 1083 26 19 nä
212 1088 24 14 en
252 1082 60 19 sädan
328 1082 120 24 utveckling,
464 1084 30 18 att
504 1082 150 24 befolkningens
665 1083 89 19 utkomst
763 1082 77 20 kunnat

81 1111 86 24 grundas
182 1111 26 24 pä
223 1111 119 20 densamma.

153 1140 104 19 Erkännas
276 1139 68 24 måste,
364 1142 30 17 att
416 1139 67 20 denna
502 1139 129 24 näringsgren
646 1139 51 20 varit
712 1139 21 20 af
746 1139 94 20 behofvet

81 1168 93 25 päkallad
194 1169 22 24 ja
236 1170 13 17 t.
266 1173 18 14 o.
300 1174 23 13 m.
339 1168 114 24 nödvändig
468 1169 7 18 i
493 1170 29 17 ett
536 1167 68 26 fattigt
618 1169 47 19 land
680 1173 42 15 som
738 1168 49 26 värt,
803 1168 37 20 der

81 1197 132 24 tillgängarna
234 1197 44 19 icke
300 1197 66 19 tilläta
388 1199 30 17 att
441 1197 117 20 ödemarker
573 1197 6 18 i
595 1199 29 17 ett
638 1203 26 13 nu
680 1197 113 20 förvandlas
809 1197 32 19 till

82 1225 100 20 sädesfält.
205 1226 46 19 Men
264 1226 60 23 jämte
340 1226 35 19 det
389 1231 45 14 man
450 1226 80 23 medger
543 1226 62 23 detta,
616 1225 62 20 mäste
689 1231 45 14 man
745 1225 96 24 erkänna,

81 1257 31 17 att
125 1255 48 19 vära
188 1255 72 23 skogar
274 1254 45 19 lidit
334 1253 94 25 ofantligt
442 1254 22 20 af
473 1255 34 19 det
517 1256 47 24 sätt,
575 1254 74 25 hvarpä
664 1254 176 25 tjärubränningen

81 1283 99 20 härintills
195 1283 109 20 bedrifvits.

153 1311 84 25 Sålänge
256 1311 72 24 skogar
342 1311 73 20 funnos
430 1312 7 19 i
452 1311 97 20 öfverflöd
565 1311 37 20 och
617 1312 34 19 det
666 1311 44 21 icke
725 1311 64 20 heller
804 1317 36 14 var

81 1341 77 23 möjligt
180 1343 30 17 att
232 1340 25 24 pä
272 1340 59 24 nägot
348 1343 62 17 annat
424 1342 42 18 sätt
481 1341 44 19 med
540 1341 72 19 lätthet
626 1340 96 20 realisera
738 1341 50 24 dem,
804 1345 36 14 var

81 1369 76 20 skadan
172 1368 22 21 af
208 1369 37 19 den
260 1368 167 27 skogsförödelse,
443 1374 42 14 som
500 1374 71 19 genom
586 1368 150 25 tjärubränning
752 1368 88 20 förorsa-

81 1397 69 27 kades,
170 1398 76 19 mindre
268 1397 82 26 känbar,
366 1403 44 14 men
425 1403 89 20 numera,
530 1398 25 19 dä
570 1398 96 24 skogarne
682 1397 67 20 blifvit
763 1397 78 20 mindre

82 1427 36 20 och
133 1427 89 23 klenare,
235 1429 23 17 är
272 1426 35 19 det
320 1427 38 18 lätt
372 1428 31 17 att
417 1427 51 26 inse,
483 1427 81 19 hvilken
579 1429 42 17 stor
636 1426 117 20 ekonomisk
767 1425 75 21 förlast

80 1455 46 20 hela
148 1455 68 20 landet
236 1455 50 19 lider
301 1455 62 25 däraf,
378 1457 30 18 att
423 1455 52 24 skog
489 1455 7 19 i
512 1455 124 24 obegränsad
650 1455 72 24 mängd
738 1454 101 21 användes

150 1493 180 18 Ekonomtutskoitets
343 1493 112 18 betänkande
467 1493 38 18 N:o
517 1493 28 18 14.
