1070 1795
270 117 26 21 32
422 117 279 24 Petitionsbetänkande
717 119 45 23 N:o
777 119 38 22 33.

240 185 76 28 enligt
337 185 131 28 beräkning
489 185 26 22 af
536 187 61 25 7,000
613 187 39 21 mk
668 194 41 21 per
729 187 68 28 klass,
814 187 37 22 för
873 188 88 22 enhvar
975 187 27 22 af

240 219 52 21 dem
316 226 18 14 c.
358 220 78 26 35,000
458 220 40 21 mk
519 220 44 22 och
584 221 90 21 således
689 221 37 22 för
741 223 46 20 alla
802 229 29 14 en
847 226 46 18 stat
909 222 27 22 af
947 222 52 23 icke

239 253 90 22 mindre
345 257 30 18 än
392 255 91 26 140,000
499 255 65 20 mark

309 288 24 27 d)
348 288 84 28 Enligt
443 288 100 29 tidigare
552 289 135 21 meddelade
701 289 120 29 uppgifter
831 290 50 27 (sid.
893 292 35 26 29)
938 291 60 28 stiga

238 322 158 21 kostnaderna
412 323 36 20 för
464 323 143 28 utvidgning
622 323 27 21 af
662 324 44 21 den
717 324 63 21 reala
794 324 73 29 linjen
883 325 39 21 vid
938 325 60 22 klas-

238 357 60 21 siskt
313 357 91 28 lyceum
420 365 83 20 genom
519 357 143 22 läroverkets
678 358 46 21 alla
746 359 89 21 klasser
851 359 36 22 till
910 360 88 21 inemot

239 392 65 25 7,000
322 391 72 22 mark.
425 392 47 21 För
497 399 28 14 en
540 392 106 29 reallinje
661 392 41 22 vid
724 393 104 21 etthvart
850 394 27 21 af
893 393 28 23 de
936 394 60 22 klas-

238 426 65 21 siska
317 426 108 28 lyceerna
441 426 7 21 i
463 426 86 29 Borgä,
567 426 119 29 Uleäborg
701 427 43 21 och
760 427 131 29 Jyväskylä
906 428 92 22 komme

237 460 91 21 säledes
354 460 168 29 skolbudgeten
550 463 34 18 att
608 461 137 28 ytterligare
771 461 100 22 belastas
900 462 52 22 med
977 470 18 14 c.

237 496 78 24 21,000
330 495 72 21 mark.

308 529 192 28 Sammandragas
516 537 31 13 nu
563 529 97 22 anförda
676 529 91 29 belopp,
784 529 98 22 erhälles
893 531 103 28 följande

236 563 147 22 slutsumma:

235 609 49 22 För
300 609 38 22 det
353 609 74 22 under
442 611 21 23 a)
479 609 84 22 nämda
580 609 133 22 ändamälet
744 627 4 4 .
780 627 3 4 .
829 611 78 26 35,000
930 611 65 21 mark

251 661 70 10 on
381 661 11 9 n
442 644 23 27 BD
525 661 12 10 n
643 661 12 10 ”
744 661 41 10 0,
831 646 78 26 -20,000
954 663 11 9 ,,

251 695 69 10 Hoa
381 696 11 8 m
445 684 20 17 MM
525 695 12 10 W
642 695 13 10 ji
744 695 40 4 20.
818 680 91 26 140,000

251 729 69 13 mon
381 730 11 9 »
442 713 23 27 OV
527 729 11 11 n
644 730 11 9 ”
746 729 40 4 <.
832 714 77 25 21000

689 753 94 21 Summa
815 755 92 25 216,000
929 753 66 22 mark

305 799 82 28 Enligt
402 799 131 21 Utskottets
550 799 87 28 förslag
652 799 82 26 skulle,
751 806 36 14 om
799 799 75 22 såsom
885 799 108 22 medeltal

233 832 38 22 för
288 833 38 21 det
342 833 136 28 visserligen
489 833 59 21 efter
559 833 63 21 olika
632 833 79 22 lokala
722 833 162 22 förhällanden
895 833 98 22 bestäm-

233 867 58 21 bara
316 867 90 29 belopp,
431 867 111 21 hvarmed
569 870 77 18 staten
668 867 92 22 komme
783 870 36 19 att
841 867 97 29 bidraga
956 867 36 22 till

233 901 159 22 kostnaderna
407 901 36 22 för
459 902 119 21 skolornas
593 901 213 29 upprätthällande,
823 905 95 25 antages
930 903 62 26 3,000

233 937 68 20 mark
316 944 40 21 per
372 937 68 26 klass,
457 936 56 21 eller
528 939 37 18 det
581 936 89 29 belopp,
681 936 112 22 hvarmed
805 936 28 21 de
844 937 148 21 kommunala

232 971 60 20 real-
308 971 43 21 och
366 971 207 28 borgareskolorna
588 971 7 20 i
611 970 193 27 Villmanstrand,
820 971 118 21 Kexholm
949 971 43 22 och

233 1005 129 22 Sordavala
388 1005 37 21 för
447 1005 144 22 närvarande
614 1005 198 24 subventioneras,
836 1005 155 22 kostnaderna

232 1074 122 22 äfvensom
378 1074 36 21 för
436 1074 144 21 inrättandet
603 1073 25 22 af
644 1075 27 20 de
686 1073 119 30 päyrkade
821 1081 47 21 nya
883 1073 108 23 skolorna

232 1108 95 22 komma
342 1111 36 19 att
389 1109 84 28 belöpa
488 1109 37 28 sig
541 1108 35 21 till

232 1154 38 21 för
286 1155 39 20 det
340 1154 73 21 under
429 1156 23 25 a)
467 1154 86 21 nämda
568 1154 132 21 ändamålet
752 1171 5 4 =.
789 1171 4 4 .
825 1155 77 26 15,000
924 1155 66 21 mark

246 1205 12 10 ”
302 1205 11 10 »
371 1205 11 10 »
426 1189 22 26 b)
507 1205 11 10 ”
638 1205 11 10 ”
841 1189 63 26 9,000
950 1205 11 10 ,

246 1239 12 11 ”
304 1240 11 10 »
372 1240 11 9 »
427 1223 20 28 9)
506 1239 10 10 ”
637 1239 11 10 »”
754 1240 39 4 +.
825 1224 78 23 60,000
950 1240 10 9 ,

696 1257 96 22 Summa
821 1259 79 25 84,000
923 1258 65 21 mark

230 1303 98 22 hvartill
352 1307 62 18 ännu
436 1303 104 21 kommer
555 1303 36 21 för
607 1303 39 21 det
662 1303 74 21 under
749 1302 24 28 d)
788 1302 116 29 uppgifna
919 1303 69 22 ända-

230 1338 74 21 mälet
328 1340 34 18 ett
384 1337 140 28 statsbidrag
547 1337 26 21 af
592 1337 136 28 förslagsvis
754 1338 76 24 12,000
846 1337 70 27 mark,
934 1337 55 22 eller

229 1372 173 29 sammanlagdt
418 1373 77 27 96,000
510 1372 72 22 mark.

300 1459 104 18 Allmänna
416 1459 168 18 Besvärsutskotteis
596 1458 110 19 betänkande
719 1460 39 17 N:o
771 1460 32 16 22.
