1070 1795
294 138 243 22 Petitionsbetänkande
552 138 37 22 N:o
604 136 35 23 44.
789 139 26 21 13

88 201 100 17 trakterna
200 199 22 19 af
231 195 43 23 Åbo
286 201 33 17 län
331 201 58 17 borde
402 201 130 24 medgitvas*;
547 201 36 17 och
596 201 62 17 under
670 200 46 18 flere
730 201 20 17 år
762 201 82 23 tidigare

88 229 49 18 hade
154 228 198 19 Guvernörsembetet
370 229 29 17 uti
418 226 43 21 Åbo
477 229 33 18 län
525 230 30 17 uti
567 230 43 17 sina
622 229 32 18 till
666 229 55 18 Hans
734 229 111 23 Kejserliga

89 257 92 24 Majestät
198 257 75 23 afgifna
291 258 146 18 årsberättelser
450 257 87 18 förordat
549 257 189 24 skatteförmaedling,
751 257 93 18 särskildt

88 286 32 18 för
137 281 75 23 Ålands
228 286 65 18 härad.
316 286 111 23 Kejserliga
445 286 85 18 Senaten
547 287 49 17 hade
609 286 76 18 derföre
697 286 30 17 uti
740 285 103 19 skrifvelse

88 314 21 18 af
121 315 36 18 den
170 315 22 16 13
204 315 39 22 Maj
257 315 44 17 1890
313 315 30 17 till
351 315 55 18 Hans
415 315 112 23 Kejserliga
534 315 93 23 Majestät
635 315 141 22 underdånigst
784 315 59 17 fram-

88 343 57 18 hållit
157 343 25 18 bl.
194 349 16 12 a.
223 343 95 24 följande:

296 403 39 21 »att
353 401 55 23 Kejs.
427 401 86 18 Senaten
530 401 42 18 icke
585 401 77 17 kunnat
673 401 79 25 förbise,
765 402 29 16 att
806 401 37 18 den

224 430 51 23 höga
285 430 129 23 jordskatten,
427 430 72 18 hvaraf
509 430 140 23 lägenheterna
661 430 25 22 på
697 427 66 20 Åland
774 430 69 17 betun-

225 464 35 17 gas
272 469 21 2 —
305 469 22 2 —
339 469 22 2 —
374 458 103 18 efterhand
489 458 112 18 framkallat
614 459 28 16 ett
654 457 31 19 för
697 459 66 16 ortens
772 458 71 18 ekono-

226 487 63 17 miska
305 486 102 18 förkofran
425 487 117 17 hämmande
555 487 35 17 och
603 486 76 18 derföre
691 486 152 18 beaktansvärdt

226 515 174 18 missförhållande.
424 515 31 18 Då
471 515 147 24 skattläggning
630 515 72 18 skedde
714 521 48 12 voro
775 515 23 18 de
810 515 32 17 od-

225 544 98 23 lingsbara
335 545 103 16 markerna
450 544 7 17 i
470 544 56 18 dessa
538 544 65 23 gamla
615 544 143 17 kulturtrakter
769 543 31 18 för
810 543 33 18 det

226 574 62 16 mesta
305 573 59 17 redan
382 573 115 22 uppodlade.
522 572 120 18 Afkomsten
660 572 44 17 från
719 572 70 23 jorden
808 572 35 17 har

226 601 64 17 derför
307 601 43 18 icke
367 601 78 18 kunnat
462 601 64 18 såsom
545 601 6 17 i
569 601 61 18 andra
648 601 53 18 delar
719 600 22 18 af
757 601 85 17 landet
830 596 15 33 i

226 629 108 18 nämnvärd
352 630 47 23 grad
417 630 48 17 ökas
483 630 48 17 eller
546 631 44 16 med
602 630 78 23 hänsyn
692 629 31 18 till
736 630 35 17 sitt
783 630 58 17 värde

224 658 52 18 hålla
291 658 66 23 jemna
374 661 43 20 steg
429 659 45 17 med
487 659 23 18 de
523 659 61 17 under
596 659 86 17 tidernas
694 659 47 23 lopp
754 659 88 22 stegrade

224 687 201 18 arbetskostnaderna.
450 687 67 18 Såsom
527 687 87 23 exempel
626 687 60 23 härpå
698 687 57 18 utber
767 687 30 23 sig
809 687 32 18 Se-

224 717 59 16 naten
296 715 19 18 fä
327 715 73 23 anföra,
414 717 29 16 att
456 716 70 17 medan
538 716 186 23 spanmälstunnans
737 716 104 23 medelpris

224 744 60 18 sedan
302 744 68 23 början
388 744 22 17 af
424 744 54 18 detta
490 744 126 23 ärhundrade,
630 744 61 23 enligt
703 744 51 18 hvad
767 745 73 17 marke-

224 773 144 22 gängstaxorna
380 772 70 24 utvisa,
463 773 7 17 i
483 767 42 24 Åbo
538 773 32 17 län
583 773 57 23 stigit
652 773 44 18 med
708 772 46 24 föga
765 779 42 12 mer
815 775 26 15 än

225 803 21 16 25
253 802 27 22 %/o,
300 802 33 17 har
350 801 87 18 deremot
452 801 61 24 priset
525 801 31 18 för
569 801 120 24 dagsverken
702 801 83 24 förhöjts
797 802 44 18 med

224 831 33 16 300
275 831 35 17 och
328 830 50 18 ända
396 830 31 17 till
445 831 63 22 400%,
525 831 36 16 och
574 830 82 18 sålunda
669 830 22 17 af
702 830 37 18 den
751 830 90 18 behällna

223 859 91 22 inkomst,
332 859 94 18 hvarmed
442 859 117 23 jordegaren
574 859 50 18 skall
641 859 63 18 betala
716 859 44 18 sina
771 859 69 18 krono-

223 887 105 23 utskylder,
346 887 49 18 efter
410 887 53 18 hand
475 887 35 18 allt
522 889 62 16 större
596 887 58 18 andel
666 887 59 24 tagits
738 887 7 18 i
756 887 84 24 anspräk

223 915 22 18 af
262 916 200 23 arbetskostnaderna,
481 915 90 19 hvarföre
583 916 36 17 ock
631 916 89 17 skattens
732 916 108 23 utgörande

223 945 44 18 med
280 945 54 18 tiden
347 945 66 18 blifvit
425 945 36 18 allt
474 945 93 18 svårare."

154 1002 30 17 Dä
198 1008 46 11 man
257 1003 107 17 emellertid
378 1003 52 17 erfor
442 1004 29 16 att
483 1003 119 17 Ständernas
614 1003 36 17 och
663 1002 95 18 Senatens
771 1002 68 17 under-

85 1031 71 23 däniga
168 1031 91 18 anhållan
272 1031 31 18 för
315 1031 63 18 denna
390 1031 52 24 gång
454 1032 43 17 icke
509 1031 87 23 bifallits,
610 1031 64 18 såsom
687 1031 32 18 det
732 1033 55 20 säges
797 1030 43 18 huf-

85 1059 135 24 vudsakligast
232 1059 81 24 tillfölje
326 1059 22 18 af
354 1060 235 23 landtmäteristyrelsens
598 1059 127 23 afstyrkande
734 1059 105 22 utlåtande,

85 1088 121 23 upprepades
224 1088 108 23 petitionen
350 1095 31 11 om
394 1088 185 24 skatteförmedling
594 1089 24 22 pä
629 1083 65 22 Äland
706 1088 33 17 vid
753 1088 42 17 1891
809 1088 30 17 års

85 1117 102 23 Landtdag
205 1117 36 18 och
259 1117 62 18 denna
339 1117 83 24 petition
438 1117 135 18 remitterades
585 1117 42 17 åter
639 1117 31 17 till
683 1116 155 22 Statsutskottet,

85 1151 45 12 men
147 1145 60 24 några
225 1146 59 23 dagar
302 1146 41 18 före
361 1146 140 23 Landtdagens
517 1146 111 17 afslutande
645 1145 38 18 fick
696 1151 45 12 man
754 1145 43 17 från
809 1147 29 15 ut-

85 1175 73 16 skottet
170 1175 87 22 mottaga
269 1175 36 17 den
319 1175 106 17 ledsamma
438 1174 155 18 underrättelsen
607 1175 29 16 att
648 1173 119 24 behandling
775 1173 21 18 af
806 1179 32 18 pe-

85 1203 83 17 titionen
181 1203 43 17 icke
236 1203 131 18 medhunnits.

152 1225 75 24 Ålands
240 1232 60 17 härad
311 1233 70 16 suckar
392 1232 49 17 dock
454 1231 120 18 fortfarande
586 1231 62 18 under
660 1237 24 12 en
697 1231 92 18 orättvist
801 1231 38 23 hög

84 1259 131 24 beskattning,
231 1260 35 17 och
282 1260 23 18 de
317 1260 127 18 ekonomiska
456 1260 149 17 förhållandena
617 1259 59 18 hafva
688 1259 61 18 sedan
761 1259 21 18 år
794 1260 44 17 1891

83 1288 7 17 i
103 1288 63 17 denna
178 1288 88 18 landsdel
279 1289 28 17 uti
319 1289 50 17 intet
382 1289 93 17 afseende
487 1288 120 21 förbättrats,
620 1289 21 17 så
654 1290 28 15 att
694 1288 103 23 möjlighet
808 1288 31 17 till

84 1317 23 17 de
125 1317 50 23 höga
192 1317 112 18 skatternas
322 1317 107 24 utgörande
448 1323 47 12 vore
514 1319 67 20 större,
599 1323 79 12 snarare
690 1319 91 15 tvärtom.
805 1317 34 17 Ett

84 1345 126 23 vidlyftigare
228 1346 118 22 utläggande
363 1346 35 17 och
414 1346 125 23 upprepande
552 1345 21 18 af
584 1346 23 17 de
618 1345 60 23 fakta,
690 1345 68 17 hvilka
769 1345 32 18 vid
815 1345 22 17 de

85 1376 71 15 tvenne
174 1376 78 16 senaste
269 1374 149 23 Landtdagarne
436 1374 36 18 hos
492 1374 163 23 Borgareståndet
673 1373 117 18 framhållits
803 1373 36 17 och

84 1402 72 21 hvilka;
168 1402 82 19 förmått
268 1403 77 18 ståndet
362 1405 28 16 att
408 1403 45 18 med
469 1403 82 24 välvilja
563 1403 82 17 omfatta
657 1403 114 23 petitionen,
784 1403 54 17 torde

84 1431 48 17 dock
145 1431 43 18 icke
200 1431 33 18 vid
246 1431 52 18 detta
310 1431 79 18 tillfälle
401 1438 47 11 vara
461 1432 129 23 nödvändigt;
603 1432 35 17 och
651 1431 24 18 då
686 1431 69 23 frågan
767 1431 34 18 vid
809 1437 29 12 se-

84 1462 55 15 naste
157 1460 103 23 Landtdag
277 1460 41 18 blef
332 1460 88 24 oafgjord
433 1461 50 18 blott
495 1461 24 22 på
532 1461 63 22 grund
607 1460 21 17 af
640 1460 37 17 den
689 1460 78 23 knappa
778 1459 60 22 tiden,

153 1494 146 19 Statsutskottets
310 1495 109 18 betänkande
431 1495 36 18 N:o
482 1495 27 17 13.
