1070 1795
259 138 13 21 6
343 153 3 4 .
411 137 279 24 Petitionsbetänkande
709 138 43 23 N:o
767 138 39 23 33.

232 203 29 18 att
286 202 32 19 det
333 202 6 18 i
356 207 23 14 en
401 201 104 25 fyrklussig
526 202 162 19 elementarskola
711 202 86 19 erhållna
819 201 168 25 kunskapsmättet

232 230 47 20 icke
297 230 37 19 kan
350 235 56 14 anses
421 236 46 13 vara
481 230 116 25 tillräckligt
612 230 32 20 för
659 231 49 23 dem,
724 236 41 14 som
780 231 51 19 efter
845 230 142 25 genomgängen

231 259 92 20 skolkars
339 259 29 19 slå
391 259 29 24 sig
442 259 25 24 pä
489 259 103 24 praktiska
614 260 79 23 sysslor,
714 260 41 19 lika
777 260 44 19 litet
843 265 41 14 som
909 259 77 19 skolans

232 288 72 19 kurser
319 287 66 20 kunna
400 287 143 20 tillfredsställa
557 288 109 25 anspråken
682 288 25 24 pä
722 294 24 13 en
763 289 65 18 bildad
843 288 81 19 kvinnas
939 288 47 19 kun-

230 317 78 24 skaper.

301 345 86 20 Oaktadt
406 345 70 19 nämda
498 345 166 24 omständigheter
678 345 35 19 har
729 345 118 20 elevantalet
864 345 32 18 vid
912 344 75 20 Torneå

231 373 163 20 elementarskola
417 374 50 19 varit
489 374 74 23 ganska
586 377 56 17 stort.
674 374 84 19 Sålunda
777 374 36 19 har
834 374 69 19 skolan
927 373 60 19 under

231 403 57 19 detta
304 403 64 19 läseår
387 402 26 20 71
436 403 71 23 elever,
524 402 21 20 af
561 403 65 19 hvilka
644 402 27 20 23
688 405 34 17 äro
746 402 78 20 flickor.
854 402 27 20 Af
898 403 89 19 eleverna

231 432 42 19 läsa
297 432 12 19 9
324 432 54 19 latin.
409 432 8 18 I
434 432 128 18 betraktande
579 431 57 20 häraf
650 432 37 18 kan
703 438 45 13 man
763 432 52 19 hålla
829 431 49 23 före,
893 434 29 16 att
938 432 48 18 elev-

232 460 75 19 antalet
328 459 64 20 blefve
413 462 50 17 ännu
485 461 69 22 större,
574 465 29 14 om
627 460 68 19 skolan
710 461 6 18 i
732 460 62 23 någon
810 460 43 19 mån
869 459 119 24 utvidgades,

232 489 130 24 synnerligast
377 493 30 14 om
423 488 127 24 fortfarande,
566 489 62 19 såsom
644 489 93 23 naturligt
752 494 53 17 vore,
820 488 57 19 äfven
893 488 94 19 flickorna

232 517 52 24 finge
303 518 5 18 i
324 523 71 13 samma
411 517 54 20 skola
481 517 92 20 fortsätta
583 518 41 19 sina
636 517 73 20 studier
724 517 61 20 också
799 517 26 24 på
839 517 60 23 högre
914 517 74 19 klasser

232 549 24 16 än
273 547 37 18 den
324 545 70 24 fjärde.

303 575 117 22 Visserligen
443 579 45 14 vore
509 574 119 20 inrättandet
643 574 21 19 af
678 581 23 13 en
717 575 60 23 högre
789 575 115 19 läroanstalt
918 574 6 19 i
940 573 47 20 Tor-

232 603 38 19 neå
286 603 21 19 af
321 605 41 17 stor
378 603 48 23 vikt,
441 609 43 13 man
501 603 24 18 då
540 603 116 19 åtminstone
672 609 23 13 en
712 604 30 19 del
754 603 21 19 af
784 603 24 19 de
819 603 58 19 ofvan
887 603 100 24 påpekade

233 632 132 23 olägenheter,
381 637 40 14 som
436 631 69 24 åtfölja
516 632 36 19 den
563 631 117 25 fyrklassiga
690 632 183 22 elementarskolan,
887 631 61 19 skulle
959 630 29 20 af-

233 661 83 24 hjelpas,
332 666 30 13 om
378 660 127 19 ofvannämda
528 661 160 18 elementarskola
711 661 114 23 utvidgades
841 661 50 22 med,
906 660 28 19 lät
943 665 44 13 vara

234 690 70 19 endast
319 695 23 13 en
358 689 58 23 klass,
432 689 36 19 och
484 689 25 18 dä
524 689 98 19 dessutom
638 692 62 16 större
711 689 85 24 anspråk
807 689 109 19 säkerligen
926 688 61 19 skulle

232 720 51 17 röna
298 718 103 23 motständ,
417 718 21 19 sä
453 723 58 14 anser
523 719 34 22 jag
573 719 37 22 mig
627 718 46 19 böra
688 718 107 19 inskränka
810 718 38 19 min
859 717 89 20 anhällan
959 717 29 18 till

232 747 36 19 det
282 747 69 19 minsta
366 747 83 23 möjliga.

304 775 44 19 Med
371 775 73 24 hänsyn
465 775 30 19 till
516 775 33 19 det
570 775 93 24 ofantliga
684 775 85 24 omräde,
792 775 74 19 hvilket
881 775 60 18 mäste
956 774 32 19 be-

233 804 78 19 traktas
326 804 62 19 säsom
405 805 84 18 hörande
505 804 30 19 till
550 804 77 19 Torneä
642 804 129 23 skoldistrikt,
787 804 25 19 dä
827 809 46 14 norr
888 809 30 13 om
932 803 56 19 Uleä-

234 832 51 24 borg
300 833 43 19 icke
359 832 59 19 finnes
433 833 63 23 nägon
512 833 59 22 högre
587 832 117 20 läroanstalt
715 835 24 16 än
750 832 117 23 folkskolor,
878 833 56 18 torde
946 837 43 14 man

234 861 67 19 kunna
323 867 45 14 anse
384 861 179 20 tillfredställandet
578 861 21 19 af
613 862 37 18 den
664 861 72 20 talrika
752 861 148 23 befolknivgens
914 861 6 18 i
936 860 53 19 detta

234 890 81 19 omräde
330 889 131 24 oafvisligaste
476 889 60 20 behof
550 890 21 18 af
585 890 55 19 skola
656 896 45 13 vara
717 893 28 16 ett
760 891 73 18 ärende
848 889 21 19 af
885 889 20 19 sä
920 889 69 19 allmän

234 919 114 24 bedydelse,
366 921 30 16 att
410 919 75 18 landets
502 919 83 19 Ständer
601 918 57 19 hafva
668 919 44 18 fullt
727 919 42 18 skäl
780 922 29 15 att
819 918 119 19 understöda
948 918 40 19 det-

235 953 79 14 samma.
344 947 46 19 Med
406 947 102 24 anledning
523 947 58 19 häraf
595 948 59 23 vågar
666 948 34 23 jag
716 947 97 20 vördsamt
829 947 86 19 anhålla:

509 1016 32 19 att
554 1014 184 27 Borgareständet
749 1015 70 27 jämte
835 1014 75 28 öfriga
922 1013 69 22 Ständ

441 1043 65 20 mätte
531 1043 52 27 ingä
611 1043 47 20 med
684 1050 26 13 en
736 1043 139 28 underdänig
899 1042 92 27 petition

442 1078 33 14 om
491 1071 131 27 utvidgande
638 1071 30 28 af
680 1072 40 21 den
731 1071 148 28 fyrklassiga,
888 1071 42 28 för
943 1078 48 21 gos-

440 1107 39 14 sar
488 1100 38 21 och
532 1099 83 28 flickor
626 1107 159 21 gemensamma
799 1099 192 22 elementarskolan

441 1129 9 20 i
475 1129 84 20 Torneå
582 1129 35 20 till
642 1131 28 18 ett
690 1129 142 28 femklassigt
857 1128 104 25 läroverk,
983 1129 8 20 i

442 1157 64 21 hvars
521 1157 76 28 högsta
612 1157 60 21 klass
686 1157 68 28 äfven
760 1157 84 28 flickor
854 1157 71 21 kunde
935 1157 57 20 inta-

442 1193 40 20 gas
497 1186 71 21 säsom
583 1186 73 21 elever.

307 1261 121 24 Helsingfors
444 1261 37 19 den
497 1263 12 16 8
526 1261 56 20 Febr.
600 1260 60 21 1894.

707 1306 94 33 Kaarlo
817 1316 107 23 Castrén.

307 1471 104 18 Allmänna
423 1471 170 18 Besvärsutskottets
605 1470 109 18 betänkande
726 1469 37 19 N:o
775 1470 31 17 22.
