1070 1795
281 158 278 23 Petitionsbetänkande
577 158 46 23 N:o
639 158 40 23 20.
813 159 26 21 15

111 226 51 21 icke
177 226 97 22 föreslår
289 227 72 28 något
376 226 111 22 särskildt
501 226 127 22 understöd
644 227 24 21 åt
680 219 52 29 Åbo
745 227 122 22 samskola.

110 261 46 21 Det
180 261 121 21 anmärker
322 261 67 26 blott,
413 263 35 19 att
466 261 69 21 också
550 254 52 29 Åbo
618 261 116 22 samskola
749 261 35 22 får
799 264 69 19 stats-

110 295 134 26 understöd,
260 302 36 14 om
312 295 133 28 Utskottets
461 295 88 29 förslag
559 295 141 29 godkännes.
720 295 148 29 Regeringen

109 329 57 22 kan.
177 329 94 22 likvisst
294 329 39 22 vid
352 329 237 30 subventioneringen
604 329 71 22 hafva
690 330 128 29 anledning
833 332 36 19 att

111 366 55 27 taga
188 364 7 21 i
219 363 151 22 betraktande
391 363 69 22 äfven
477 364 72 21 andra
565 364 198 29 omständigheter
778 368 30 17 än
823 367 45 19 ter-

111 397 196 30 minsafgifternas
326 398 90 29 belopp.
447 398 46 22 Det
509 402 24 18 är
548 399 118 29 nämligen
681 398 128 30 ingalunda
823 399 45 21 lik-

111 433 86 28 giltigt,
222 432 113 21 huruvida
359 435 33 18 ett
414 433 187 28 privatläroverk
619 433 157 28 grundlägges
794 434 30 27 på
839 441 30 13 en

111 469 42 25 ort,
171 467 41 21 där
227 466 63 21 förut
304 467 71 28 ingen
390 467 65 21 skola
470 467 81 26 finnes,
567 467 57 21 eller
639 467 29 28 på
684 475 34 19 en,
735 467 41 22 där
791 469 77 20 staten

111 501 55 29 sjelf
178 501 170 28 upprätthåller
362 501 186 22 lärdomsskolor.

180 535 69 22 Hvad
264 535 109 21 särskildt
386 535 260 29 samundervisningens
659 536 92 28 princip
762 535 107 22 vidkom-

112 577 54 20 mer,
182 570 25 21 så
222 569 43 22 har
276 570 42 28 jag
334 569 50 22 icke
397 569 52 22 med
460 570 48 21 min
519 570 142 21 reservation
670 570 88 29 åsyftat
765 573 35 18 att
811 572 58 19 mot-

112 606 61 19 sätta
188 604 48 29 mig
252 604 137 21 densamma.
420 604 47 28 Jag
486 604 88 29 hoppas
590 605 101 25 fastmer,
708 607 34 18 att
757 604 113 29 Regerin-

112 646 45 21 gen
172 639 8 20 i
196 639 43 21 allt
253 638 71 29 högre
340 639 53 20 mån
402 639 60 20 skall
471 638 142 29 förverkliga
622 638 199 29 samuppfostrans
829 638 38 22 idé

111 673 9 22 i
137 673 50 22 sina
203 680 59 21 egna
281 673 169 21 läroanstalter.
466 673 79 22 Såsom
561 675 34 19 ett
608 673 124 29 glädjande
742 675 51 26 steg
803 673 8 21 i
822 673 48 22 den

113 707 136 29 riktningen
272 707 64 22 torde
359 715 53 14 man
435 707 40 22 väl
496 706 25 23 få
544 707 105 22 betrakta
672 710 34 19 att
721 707 148 29 Regeringen

114 744 88 27 öppnat
218 742 101 21 tillträde
336 741 69 22 äfven
421 741 36 22 för
471 742 82 21 flickor
568 742 36 21 till
612 742 74 29 några
696 742 64 28 lägre
769 742 101 21 elemen-

114 777 115 21 tarskolor
256 779 60 18 samt
338 776 59 22 efter
420 780 91 18 senaste
533 776 112 29 landtdag
660 776 100 22 tilldelat
781 779 87 19 tvänne

114 811 91 28 privata
220 811 132 27 samskolor,
369 819 28 13 en
409 811 86 21 svensk
511 811 42 21 och
564 819 29 13 en
608 811 67 27 finsk,
686 811 96 21 dubbelt
797 813 73 19 större

114 845 184 22 statsunderstöd
314 849 28 17 än
358 845 28 21 de
402 845 64 22 förut
481 845 56 22 haft.
567 840 78 27 Äfven
664 845 66 22 torde
746 845 51 22 skäl
811 845 60 22 före-

113 879 75 21 finnas
211 879 36 21 för
269 879 149 29 antagandet,
441 882 35 19 att
491 879 119 29 Styrelsen
626 880 60 28 tagit
702 879 65 21 dessa
783 880 87 28 privat-

115 913 77 22 skolor
207 914 37 21 till
255 913 175 22 försöksskolor.

183 948 52 22 Med
257 948 52 21 stöd
332 948 26 21 af
378 948 40 21 det
440 948 98 22 anförda
561 951 65 26 tager
644 948 42 29 jag
706 949 48 28 mig
769 948 100 21 friheten

114 982 85 22 föreslå

388 1048 32 18 att
433 1046 244 27 petitionsmemorialen
692 1045 46 21 icke
754 1046 64 21 måtte
836 1046 35 21 till

320 1081 72 26 någon
408 1081 80 26 åtgärd
502 1080 54 26 från
573 1080 135 21 Ständernas
724 1081 49 20 sida
785 1080 84 27 föran-

322 1115 55 21 leda.

402 1177 30 22 H.
450 1177 133 22 Melander.

184 1228 42 22 Om
243 1229 75 21 denna
333 1228 145 22 reservation
493 1228 81 22 förena
589 1228 46 29 sig:

182 1285 28 22 A.
225 1285 130 28 Bergroth.
631 1285 101 23 Severus
748 1285 120 23 Konkola.

182 1337 30 23 K.
226 1337 29 23 V.
271 1337 143 23 Hellström.
633 1337 65 23 Juho
714 1337 133 23 Pitkänen.

183 1509 103 18 Allmänna
298 1509 171 18 Besvärsutskottets
482 1509 110 18 betänkande
604 1509 36 18 N:o
652 1509 30 18 16.
