1070 1795
262 112 41 21 126
454 111 232 22 Petitionsbetänkande
702 112 36 21 N:o
754 112 20 21 2.

302 168 150 18 Sammanställas
465 168 38 17 alla
519 168 55 18 dessa
587 168 68 21 siffror,
668 169 85 17 kommer
766 173 42 13 man
821 168 30 18 till
864 168 36 19 den
913 169 82 25 slutsats,

232 199 28 15 att
275 202 29 13 om
317 197 229 22 förvaltningskostnaden
559 197 29 17 för
600 197 132 22 föreliggande
744 197 50 18 bana
803 197 92 18 beräknas
905 197 29 18 till
944 197 51 21 4,000

231 225 31 18 mk
278 231 34 17 per
326 225 139 18 bankilometer
480 225 35 18 och
531 225 74 18 således
620 225 68 18 endast
702 225 106 24 obetydligt
823 226 53 23 lägre
891 227 24 16 än
932 227 11 17 &
955 223 40 21 Åbo

231 255 67 21 banan,
314 255 50 18 detta
383 254 33 18 bör
435 259 43 12 vara
497 254 44 17 fullt
556 254 116 23 tillräckligt.
698 255 65 17 Under
783 255 58 17 sådan
860 255 135 22 förutsättning

231 283 68 18 blifver
317 283 36 18 den
372 283 58 18 totala
451 283 244 22 exploatationskostnaden
716 283 30 18 för
765 283 62 18 banan
849 283 81 22 712,000
948 284 45 21 my.

231 312 67 17 Denna
315 312 57 23 utgift
390 313 55 21 utgör
459 312 38 21 58,9
505 312 22 22 %
543 311 20 18 af
578 312 35 17 den
629 311 110 24 päräknade
756 312 176 17 bruttoinkomsten.
957 312 37 17 För

229 341 120 22 jemförelses
362 341 49 17 skull
424 341 37 16 kan
471 342 84 19 nämnas,
565 342 27 16 att
603 341 61 17 under
675 341 45 17 1889
731 341 264 22 exploatationskostnaderna

231 369 87 23 utgjorde
333 370 7 17 i
355 370 22 21 %/
389 369 21 18 af
423 369 135 18 inkomsterna:
576 369 29 18 för
618 370 144 22 jernvägsnätet
774 369 7 17 i
795 369 42 18 dess
851 369 64 18 helhet
928 369 37 21 59,1
973 369 22 22 %

232 398 34 18 och
279 398 28 18 för
319 395 41 21 Åbo
372 398 62 18 banan
446 398 39 21 53,8
492 397 28 23 %o.

301 427 91 22 Afdrages
408 427 137 22 exploatations
559 426 104 18 kostnaden
677 426 43 18 från
736 427 36 18 den
786 427 108 18 beräknade
907 427 45 18 total
965 428 28 16 in-

231 455 93 22 komsten,
336 455 21 18 sä
370 455 80 18 erhålles
463 460 23 13 en
499 455 163 22 nettobehällning
674 455 20 18 af
707 455 88 22 608,000
807 455 51 18 Fmk.

300 514 153 22 Förestäende
472 515 80 26 kalkyl
571 515 41 20 har
628 514 27 21 af
668 521 28 15 en
712 515 100 21 särskild
828 515 61 21 inom
905 515 88 21 utskot-

232 550 36 20 tet
290 549 82 21 utsedd
395 549 127 26 delegation
546 549 7 20 i
576 549 70 26 detalj
669 549 126 26 granskats
815 551 62 20 samt
895 549 98 22 derefter

231 583 144 22 diskuterats
392 583 86 26 jemväl
493 583 62 21 inom
570 583 119 22 utskottet
704 583 7 20 i
727 583 54 22 dess
796 583 83 22 helhet.
910 583 82 22 Dervid

231 617 71 21 hafva
318 619 62 20 emot
395 617 184 27 beräkningarna
595 617 114 22 särskilda
725 618 178 27 anmärkningar
917 618 76 21 blifvit

231 651 84 28 gjorda.
346 652 10 21 I
376 651 99 22 främsta
493 653 102 20 rummet
613 651 71 22 hafva
705 652 69 21 dessa
789 652 57 27 gällt
862 652 82 26 sjelfva
958 654 34 19 ut-

231 686 183 27 gångspunkten,
431 687 34 26 ity
484 687 37 20 att
539 687 39 20 det
597 686 129 22 förmenats
746 692 57 15 vara
823 688 62 19 orätt
905 687 35 20 att
955 692 36 15 an-

232 723 62 24 taga,
310 722 36 20 att
365 720 98 22 trafiken
482 720 14 21 å
515 721 42 21 den
572 726 30 15 nu
619 721 121 21 tilltänkta
754 721 133 26 jernvägen,
903 726 40 15 ens
958 721 35 21 till

231 755 75 27 någon
328 755 42 26 del,
390 755 48 21 före
461 757 29 18 än
513 755 59 21 efter
595 761 27 15 en
646 755 80 27 längre
745 755 46 21 tids
810 755 88 26 förlopp
918 755 74 21 kunde

231 789 77 27 uppnå
326 789 118 22 enahanda
463 789 88 22 storlek
570 795 49 15 som
638 789 14 21 å
671 789 320 27 Helsingfors
828 785 10 35 —
846 789 145 27 Tavastehus

230 824 102 27 jernväg.
356 824 43 21 Vid
416 824 145 21 sistnämnda
576 824 60 21 bana
652 824 71 21 hafva
738 824 114 27 nemligen
867 824 71 21 under
950 824 41 21 den

231 857 69 28 långa
322 858 39 27 tid,
380 858 43 21 den
446 858 68 21 redan
538 857 61 22 varit
622 858 35 20 för
680 858 70 21 trafik
772 858 116 27 upplåten,
910 858 82 21 hunnit

232 892 86 27 skapas
337 892 163 27 förhållanden,
520 892 79 21 hvilka
618 892 20 27 ej
658 892 55 27 egde
734 892 34 21 sin
788 892 168 27 motsvarighet
979 892 13 21 å

231 927 43 21 den
290 933 30 15 nu
336 926 127 27 föreslagne
479 927 82 20 banan.
592 926 100 21 Sålunda
708 927 57 20 hade
781 927 62 21 invid
859 927 42 21 den
916 927 75 26 gamla

231 961 76 21 banan
322 961 71 21 under
408 961 101 21 tidernas
525 961 52 26 lopp
592 961 80 21 bosatt
687 961 35 27 sig
734 967 28 15 en
774 961 69 21 talrik
855 961 136 26 befolkning,

231 996 72 21 hvars
320 995 150 22 verksamhet
489 995 42 21 och
550 995 158 21 förhållanden
728 1001 55 15 voro
803 995 27 21 af
845 995 43 21 den
903 995 88 21 beskaf-

231 1029 86 28 fenhet,
338 1031 36 20 att
393 1029 27 22 de
438 1029 104 22 fordrade
561 1029 49 22 ofta
628 1029 190 22 återkommande
841 1035 63 16 resor
926 1029 65 22 emel-

231 1064 37 21 lan
289 1065 119 20 hemorten
426 1064 43 21 och
487 1063 145 28 Helsingfors
652 1063 58 22 stad.
742 1063 114 22 Häremot
875 1064 41 21 har
935 1063 57 22 dock

231 1098 13 21 å
261 1099 71 20 andra
348 1099 63 21 sidan
427 1099 72 26 gjorts
515 1098 109 27 gällande,
640 1100 38 19 att
693 1099 121 20 enahanda
829 1098 162 26 förhållanden,

231 1133 66 27 långt
315 1133 68 21 innan
401 1133 164 27 jernvägarnes
584 1132 122 27 tillkomst,
723 1133 140 21 förefunnits
878 1133 6 20 i
900 1133 93 21 trakten

232 1169 117 20 vesterom
372 1167 151 27 Helsingfors,
544 1173 81 21 genom
645 1167 94 21 hvilken
759 1167 42 22 den
823 1168 64 20 stora
905 1167 86 21 strand-

232 1203 74 26 vägen
322 1201 84 22 mellan
421 1201 145 27 Helsingfors
582 1201 41 21 och
638 1194 51 28 Åbo
706 1201 26 21 af
740 1201 63 22 ålder
813 1201 68 22 leder.
904 1201 10 20 I
925 1201 68 21 dessa

232 1236 91 21 trakter
342 1238 53 25 äger
414 1235 75 22 derför
508 1241 28 16 en
557 1235 192 28 utomordentligt
772 1237 49 20 stor
844 1235 69 22 trafik
935 1241 57 20 rum,

232 1271 73 20 ehuru
324 1271 42 20 den
384 1272 26 19 är
429 1272 102 25 tvungen
551 1271 37 20 att
603 1270 34 21 till
653 1270 172 27 öfvervägande
840 1270 36 21 del
891 1270 101 27 begagna

232 1305 122 26 landsväg;
374 1311 54 14 man
444 1304 109 22 behöfver
569 1305 36 20 för
620 1306 37 20 att
673 1305 124 26 öfvertyga
813 1305 34 26 sig
862 1305 80 20 härom
957 1310 35 15 en-

232 1339 54 21 dast
305 1339 62 27 gifva
386 1339 42 21 akt
447 1339 28 26 på
491 1339 42 21 den
553 1338 84 27 mängd
653 1339 220 26 landtmannaforor,
893 1344 49 15 som
957 1339 36 19 rör

232 1374 35 27 sig
286 1373 65 27 längs
370 1373 42 22 den
432 1374 80 21 vestra
529 1373 113 22 chaussen
659 1373 42 22 och
718 1373 26 21 af
757 1373 79 21 hvilka
851 1378 29 17 en
895 1374 48 20 stor
958 1372 35 22 del

232 1410 40 19 äro
288 1408 191 21 hemmahörande
494 1408 6 21 i
519 1409 48 20 rätt
582 1408 103 27 aflägsna
700 1408 137 21 landsdelar.
861 1407 48 22 Här
920 1407 73 21 finnas

303 1457 202 19 Petitionsbetänkande
518 1457 37 18 N:o
568 1458 17 17 2.
