1070 1795
275 103 14 20 2
380 101 81 24 Ständ.
477 102 53 23 Pet.
546 116 27 3 —
589 103 170 22 Petitionsbet.
775 103 42 22 N:o
832 102 37 23 22.

246 167 83 22 sådant
344 167 68 29 syfte,
428 169 33 20 att
476 168 36 21 uti
527 168 46 21 alla
588 169 28 21 de
625 169 47 20 mål
682 169 27 22 76
720 170 14 26 $
745 168 149 22 omförmäler
903 168 100 29 ändring

245 202 9 21 i
278 197 197 34 Öfverstyrelsens
497 203 38 21 för
555 203 165 22 skolväsendet
741 203 79 29 utslag
843 203 63 28 finge
929 203 74 29 sökas,

246 237 98 21 sälunda
358 237 70 22 äfven
442 237 144 22 beträffande
602 237 84 22 ädömd
700 237 107 29 varning.

316 271 71 22 Detta
402 271 177 29 önskningsmäl
594 271 156 22 behandlades
765 272 71 21 redan
851 271 41 22 vid
904 273 53 21 1888
968 273 37 21 års

246 305 113 30 landtdag
382 305 25 22 af
426 305 137 26 Ständerna,
586 306 81 21 hvilka
688 307 9 20 i
712 306 127 29 anledning
854 306 26 21 af
893 308 34 20 ett
941 307 64 21 inom

246 340 176 22 Presteständet
438 341 70 21 väckt
524 340 89 29 förslag
635 341 38 21 till
694 341 74 22 Eders
784 341 135 28 Kejserliga
933 341 71 28 Maje-

247 377 48 19 stät
309 375 69 21 afläto
394 383 28 14 en
437 375 145 29 underdänig
597 375 99 29 petition
711 375 7 22 i
729 377 86 26 ämnet,
831 375 97 22 hvilken
938 375 65 28 dock,

247 409 60 22 efter
317 409 39 22 det
367 404 187 34 Öfverstyrelsen
568 409 37 22 för
620 409 166 23 skolväsendet
796 409 67 23 öfver
873 410 130 29 petitionen

247 444 96 28 afgifvit
357 444 115 28 yttrande,
487 445 30 28 pä
532 444 113 22 Senatens
660 444 175 29 framställning
847 444 47 22 fick
904 444 99 22 förfalla.

316 478 46 21 Vid
387 478 188 29 handläggandet
600 479 26 21 af
648 479 153 22 förevarande
827 479 84 21 ärende
934 479 71 22 hafva

247 513 131 22 Ständerna
399 513 8 21 i
426 513 44 22 allo
486 513 109 22 omfattat
612 513 28 22 de
656 513 94 28 äsikter,
774 521 49 14 som
839 513 41 22 vid
897 514 53 21 1888
966 514 36 21 ärs

246 547 113 28 landtdag
381 547 9 22 i
412 547 151 22 omförmälda
585 547 99 29 petition
699 548 105 21 uttalats.
837 547 83 29 Enligt
938 547 67 22 Stän-

248 581 82 22 dernas
346 582 71 21 tanke
432 582 46 21 kan
493 582 119 28 nämligen
628 589 28 14 en
672 582 106 28 varning,
795 589 49 14 som
852 581 80 22 blifvit
942 582 63 21 skol-

247 616 74 21 lärare
336 616 89 27 ädömd,
441 616 52 21 icke
507 616 119 22 betraktas
642 617 76 21 såsom
734 619 34 18 ett
784 616 69 22 straff
865 616 26 21 af
901 617 26 20 sä
937 616 68 29 ringa

247 650 127 29 betydelse,
397 653 34 18 att
452 651 143 21 besvärsrätt
617 651 26 21 af
662 651 71 21 sädan
749 651 68 21 orsak
833 650 71 22 borde
919 651 85 21 honom

248 685 53 22 med
315 685 52 21 skäl
381 685 125 22 förmenas.

317 719 36 22 Dä
374 719 105 22 tilldelad
500 719 100 29 varning
625 719 75 29 enligt
725 719 108 29 gällande
857 719 147 22 föreskrifter

248 755 74 20 mäste
343 756 115 26 upptagas
476 753 9 22 i
499 753 184 22 vederbörandes
699 753 225 30 meritförteckning,
947 761 58 22 upp-

248 788 70 29 fyller
340 787 88 22 varnad
448 788 74 21 lärare
543 788 52 21 icke
612 788 82 29 längre
709 788 153 29 erforderliga
877 788 76 22 vilkor
968 789 37 21 för

248 823 134 21 erhällande
397 822 25 22 af
435 823 206 21 arvodestillskott.
664 823 36 21 En
715 823 60 28 följd
791 822 68 22 deraf
870 826 25 18 är
906 823 54 28 äter,
971 825 35 19 att

248 857 48 22 han
316 857 52 22 icke
390 857 47 22 kan
458 860 57 25 göra
537 857 36 21 sin
588 859 47 19 rätt
649 857 37 22 till
702 857 78 28 dylikt
795 857 85 22 arvode
897 857 106 28 gällande

248 892 45 22 och
307 893 35 20 att
357 891 137 29 afgörandet
509 898 36 15 om
561 891 71 28 tiden,
648 895 42 18 när
705 891 47 22 han
762 891 61 22 skall
833 891 87 22 erhälla
931 891 75 22 denna

248 926 152 28 löneförmän,
424 925 49 22 helt
495 926 43 21 och
556 925 72 22 hället
642 926 46 22 blir
702 926 116 21 beroende
834 925 26 22 af
873 925 131 29 Styrelsens

248 961 120 28 pröfning.
398 960 91 22 Jemväl
511 967 36 15 om
571 961 130 28 varningen
716 961 52 21 icke
785 960 76 22 skulle
875 960 91 29 ätföljas
982 961 26 21 af

248 995 78 28 nägon
349 995 145 28 löneförlust,
517 994 42 22 har
581 995 52 21 dess
648 995 150 29 upptagande
813 995 8 21 i
837 994 169 23 meritförteck-

248 1030 88 29 ningen
359 1029 59 22 dock
441 1029 44 22 den
505 1029 94 29 päföljd,
623 1031 35 20 att
672 1029 88 22 varnad
774 1030 83 27 lärare,
880 1029 7 22 i
903 1029 42 22 fall
959 1029 46 22 han

248 1064 124 21 framdeles
395 1067 43 25 gör
459 1064 37 28 sig
513 1063 96 30 skyldig
623 1064 38 22 till
675 1064 112 21 förseelse
802 1063 59 22 eller
875 1063 32 22 fel
922 1063 9 22 i
945 1063 60 29 tjen-

248 1101 59 26 sten,
322 1099 43 22 bör
379 1099 31 28 pä
424 1098 75 29 grund
514 1098 26 21 af
548 1100 27 21 76
586 1100 13 26 8
609 1099 9 21 i
628 1099 184 28 skolordningen
823 1098 122 22 bestraffas
953 1098 52 22 med

248 1133 147 29 suspension.
416 1128 78 27 Äfven
509 1133 9 21 i
532 1140 33 15 nu
575 1133 108 29 gällande
694 1133 116 29 kyrkolag
825 1133 119 21 betraktas
955 1140 51 14 var-

248 1168 59 29 ning
322 1168 76 21 såsom
413 1167 68 22 straff
493 1167 51 28 (126
559 1169 23 26 8)
598 1167 53 22 med
664 1170 48 19 rätt
726 1167 38 22 för
779 1167 46 22 den
841 1167 101 22 varnade
952 1167 53 22 att
994 1163 15 38 i

248 1203 104 28 utslaget
365 1202 56 21 söka
436 1201 98 29 ändring
550 1203 51 27 (415
614 1203 30 27 $).
673 1202 87 21 Likaså
776 1201 93 29 stadgas
885 1201 9 22 i
908 1201 97 29 Kungö-

248 1237 77 21 relsen
343 1237 45 21 den
404 1238 27 21 23
445 1236 58 22 Juni
520 1237 55 22 1885
590 1236 98 22 rörande
703 1236 134 27 tullverket,
861 1232 36 45 att
911 1235 95 29 tjenste-

249 1278 60 21 man,
332 1278 50 15 som
403 1271 37 22 för
461 1270 33 22 fel
513 1271 56 22 eller
583 1271 162 22 försummelse
761 1271 8 22 i
784 1271 104 28 tjensten
905 1269 25 22 af
943 1269 63 22 Tull-

249 1305 116 28 styrelsen
380 1305 89 22 ådömts
484 1305 107 29 varning,
606 1306 38 21 må
659 1305 66 22 öfver
734 1304 114 29 åtgärden
858 1304 37 28 sig
904 1304 102 23 besvära.

248 1339 38 21 Då
300 1339 88 22 således
403 1339 100 28 varning
517 1339 8 21 i
541 1339 64 21 såväl
620 1339 63 22 äldre
701 1346 50 15 som
762 1346 72 22 nyare
843 1338 164 29 förordningar

250 1373 118 23 betraktas
384 1374 75 21 såsom
474 1373 72 28 straff,
562 1380 69 23 synes
647 1381 32 15 nu
689 1372 178 31 ifrågavarande
878 1372 128 29 stadgande

248 1409 9 21 i
273 1408 183 29 skolordningen
468 1408 87 29 jemväl
571 1408 26 22 af
609 1408 64 22 detta
688 1409 51 21 skäl
754 1415 56 15 vara
826 1407 135 29 oegentligt.
