1070 1795
262 137 26 21 18
414 137 276 23 Petitionsbetänkande
706 138 45 22 N:o
766 137 39 23 36.

231 205 134 28 nordligaste
386 205 111 30 landskap,
511 206 141 28 stadganden,
672 213 77 21 genom
772 206 74 21 hvilka
863 205 125 29 försägning

232 239 44 21 och
291 242 75 26 export
381 239 23 22 af
418 239 145 29 undermäliga
579 239 96 22 barrträd
690 239 117 30 förbjudes.
837 239 70 22 Innan
923 239 64 22 Riks-

233 273 70 28 dagen
325 273 97 29 afgjorde
442 274 182 29 komiteförslaget
638 274 110 28 angäende
764 274 108 29 stäfjande
887 274 23 21 af
924 274 41 21 den
981 275 5 20 i

232 307 120 22 Norrlands
364 308 34 21 län
410 308 78 21 öfvade
506 308 185 29 skogssköflingen
708 308 147 22 understäldes
872 309 116 21 detsamma

233 342 160 28 forststyrelsen
405 343 6 20 i
418 342 39 21 och
468 343 35 20 för
513 342 136 22 inhemtande
660 343 22 20 af
692 342 81 22 dennas
783 343 118 21 utlåtande.
915 343 74 20 Forst-

233 376 105 28 styrelsen
362 376 71 29 ansåg,
454 379 33 19 att
501 377 34 20 för
550 377 80 21 folkets
645 377 197 21 rättemedvetande
857 376 131 22 främmande

234 411 175 28 lagstadganden,
431 411 83 22 hvilkas
535 411 129 21 efterlefnad
680 411 37 21 det
731 411 48 21 icke
794 419 52 14 vore
862 411 82 29 möjligt
958 414 31 18 att

234 445 124 26 öfvervaka,
379 445 65 21 ehuru
466 453 49 13 man
535 446 34 20 för
584 445 76 21 sådant
675 446 98 21 ändamål
789 446 81 21 offrade
885 446 41 21 alla
940 446 49 21 från

234 482 81 19 statens
338 479 77 28 skogar
437 479 89 22 inftutna
550 479 75 27 medel,
647 480 48 21 icke
711 480 68 21 skulle
795 480 65 28 stäfja
875 480 37 21 det
926 479 62 26 onda,

234 516 52 18 utan
308 516 31 18 att
361 515 91 20 tvärtom
468 514 74 28 dylika
557 513 135 29 stadganden
707 521 52 14 vore
775 514 83 28 egnade
874 517 31 18 att
920 517 70 18 utrota

234 547 43 22 den
298 547 39 22 hos
360 547 68 22 folket
445 548 130 28 förefintliga
596 548 141 28 laglydnaden
753 548 41 21 och
809 549 139 27 tillintetgöra
961 548 29 21 all

234 581 44 29 håg
300 582 34 21 för
355 589 26 14 en
404 582 68 21 bättre
495 582 209 28 skogshushällning.
733 582 64 21 Trots
820 583 71 21 denna
909 582 81 28 tydliga

235 617 91 27 varning
348 616 113 28 godkände
483 616 125 28 Riksdagen
624 617 6 20 i
645 616 123 21 hufvudsak
784 617 106 21 komiténs
904 616 86 28 förslag.

234 650 68 22 Hvad
313 650 39 21 har
361 650 81 29 följden
457 650 63 21 häraf
535 651 86 20 blifvit?
643 650 73 29 Något
728 658 45 14 som
790 651 44 21 står
849 651 6 20 i
871 650 120 28 fullkomlig

235 688 89 18 motsats
345 685 33 20 till
400 685 169 28 forststyrelsens
591 685 148 28 förutsägelse.
769 685 191 28 Landshöfdingen
984 685 6 20 i

237 719 120 21 Norrlands
366 719 34 21 län
411 721 61 26 säger
482 719 106 28 nämligen
599 720 6 20 i
618 720 33 20 sin
664 720 13 20 5
688 719 34 22 ärs
733 719 115 22 berättelse
865 720 60 25 1891,
940 719 51 21 eller

237 753 85 22 säledes
344 755 11 20 7
372 753 23 21 är
410 753 55 22 efter
479 753 38 21 det
531 753 154 28 förordningen
701 753 119 27 utkommit,
836 753 64 22 bland
916 755 74 19 annat:

238 787 152 29 »>jordegarene
412 795 51 14 anse
479 787 153 27 förordningen
648 788 30 21 alt
692 788 107 27 framgent
814 795 52 14 vara
880 787 111 28 förmånlig

234 822 43 21 och
288 821 94 22 önskade
396 822 46 21 icke
457 822 123 28 frigörande
595 822 23 21 af
632 822 27 21 de
676 822 62 26 band,
753 829 46 14 som
814 822 115 21 inskränka
944 822 44 21 för-

234 857 120 28 säljningen
369 856 23 21 af
406 856 136 28 skogsalster.
565 855 35 22 Dä
614 855 167 22 öfverträdelser
796 856 23 21 af
833 856 156 28 författningen

238 891 49 21 icke
298 890 125 28 tillskyndat
434 890 260 29 bevakningspersonalen
704 890 128 21 nämnvärdt
840 890 78 26 arbete,
926 889 65 23 hafva

240 924 71 21 dertill
326 924 94 21 hörande
431 925 116 28 polismäns
557 925 89 28 tjenster
656 924 104 29 indragits
772 925 75 21 1879».
870 925 43 20 Det
923 926 23 19 är
956 931 35 14 oss

238 966 44 21 nog
304 959 86 26 bekant,
405 962 37 23 att,
456 959 71 21 såsom
543 959 105 21 utskottet
662 958 129 27 framhåller,
806 959 49 21 från
870 958 123 28 forstnärlig

239 993 111 28 synpunkt
372 992 53 27 sedt,
446 993 71 28 dylika
533 993 179 28 inskränkningar
727 993 73 21 blifvit
815 992 123 27 klandrade,
953 992 40 21 och

238 1027 106 22 utskottet
358 1027 73 22 stöder
445 1027 65 21 äfven
525 1028 38 20 sitt
579 1027 134 21 betänkande
728 1027 29 28 på
771 1027 42 21 den
829 1026 119 27 förmodan,
963 1029 31 18 att

239 1061 91 22 berörda
352 1061 126 29 förbudslag
498 1063 7 20 i
521 1061 100 28 Sveriges
636 1061 131 28 nordligaste
783 1061 106 29 landskap
903 1061 45 21 ledt
962 1061 32 21 till

242 1096 123 28 betänkliga
380 1096 83 28 följder,
478 1097 5 20 i
499 1096 38 21 det
552 1099 32 18 att
598 1096 174 28 hemmansegare
787 1096 33 21 till
836 1096 63 28 bolag
907 1095 88 28 försälja

240 1131 49 21 sina
297 1131 123 28 lägenheter
426 1131 63 28 jemte
498 1131 89 28 skogen,
596 1130 88 21 emedan
692 1130 28 21 de
728 1130 49 22 icke
785 1132 40 26 äga
830 1132 43 19 rätt
880 1133 31 18 att
916 1129 79 29 afyttra

241 1164 147 29 undermåliga
402 1165 53 21 träd.
477 1164 32 22 Vi
523 1165 52 28 vilja
590 1165 48 21 icke
652 1165 73 21 härom
741 1165 66 21 tvista
822 1164 49 21 med
886 1164 111 25 utskottet,

242 1207 50 14 men
306 1202 34 18 tro
355 1200 22 20 vi
392 1206 35 14 oss
443 1199 47 21 icke
505 1199 46 21 fara
566 1199 86 28 mycket
666 1199 60 26 vilse,
742 1198 28 21 då
784 1199 22 21 vi
818 1201 77 25 antaga
906 1198 91 21 orsaken

242 1233 72 22 härtill
328 1233 57 28 ligga
400 1234 6 19 i
422 1233 66 21 andra
499 1233 139 21 ekonomiska
648 1233 40 21 och
700 1233 81 21 sociala
791 1232 206 22 missförhållanden.

242 1268 76 28 Enligt
339 1267 58 22 hvad
420 1269 22 20 vi
459 1267 65 22 hafva
541 1275 35 14 oss
593 1267 84 26 bekant,
692 1267 39 22 har
746 1275 79 13 samma
840 1267 100 21 lättsinne
956 1266 42 21 fått

242 1303 72 28 insteg
336 1302 65 22 äfven
417 1302 27 29 på
459 1301 67 22 finska
542 1301 68 27 sidan,
625 1301 66 22 ehuru
706 1301 111 22 härstädes
832 1301 49 22 icke
896 1302 103 20 existerar

242 1344 28 14 en
286 1336 58 29 dylik
360 1336 130 28 förbudslag.

313 1370 11 21 I
344 1370 80 29 Norge,
445 1370 87 22 hvarest
553 1370 189 28 skogssköflingen
762 1370 8 20 i
794 1368 62 29 följd
870 1368 31 22 af
916 1368 27 22 de
965 1372 34 18 ut-

245 1405 83 22 märkta
346 1404 121 22 farlederna
481 1405 7 20 i
500 1405 43 28 hög
557 1404 53 28 grad
625 1403 55 22 hade
694 1404 96 27 tilltagit,
806 1403 50 21 ville
871 1411 47 13 man
933 1403 66 22 likväl

244 1439 50 22 icke
316 1439 87 28 vidtaga
424 1438 66 29 några
512 1439 124 21 restriktiva
659 1437 105 29 åtgärder.
795 1437 60 22 Enär
876 1445 49 14 man
943 1437 56 22 dock

315 1479 181 17 Ekonomiutskottets
508 1478 111 18 betänkande
632 1477 36 18 N:o
680 1478 27 17 14.
