1070 1795
257 109 28 20 10
432 108 230 22 Petitionsbetänkande
679 109 34 20 N:o
728 108 21 21 2.

225 165 30 17 för
267 166 27 16 att
306 164 79 18 sålunda
396 165 24 22 på
432 165 55 17 bästa
499 165 78 22 möjliga
589 167 37 16 sätt
638 164 92 19 förmedla
743 165 112 17 sambandet
868 165 68 18 mellan
948 165 37 22 sjö-

226 193 34 18 och
283 193 314 22 jernvägskommunikationerna."
622 193 29 18 Då
668 198 43 13 man
729 195 54 21 tager
802 193 7 18 i
822 193 124 18 betraktande
959 195 27 16 att

226 221 58 19 Räfsö
302 222 55 17 hamn
375 221 61 18 under
453 223 62 16 större
527 221 57 19 delen
597 221 20 18 af
628 222 42 18 året
681 222 43 18 icke
736 221 93 24 tillfryser
841 222 35 17 och
888 221 30 18 för
930 222 57 22 öfrigt

226 252 22 15 är
266 255 24 13 en
308 251 7 17 i
330 250 36 18 alla
378 250 102 18 afseenden
494 250 77 23 lämplig
583 250 117 23 tillflyktsort
713 250 29 18 för
755 250 66 23 fartyg,
834 253 48 15 samt
895 252 27 16 att
933 251 52 17 Tam-

227 279 228 22 merfors—Björneborgs
483 279 84 22 jernväg,
585 279 7 18 i
610 279 92 18 händelse
720 279 38 18 den
774 279 105 18 utsträckes
888 279 32 17 till
932 279 53 18 Män-

227 307 77 23 tyluoto,
317 307 79 18 förutom
409 313 23 12 en
445 307 49 23 liflig
507 307 108 18 lokaltrafik
627 308 62 17 skulle
702 307 75 18 komma
789 309 27 16 att
824 307 92 18 förmedla
922 313 23 12 en
953 308 32 17 be-

226 335 82 23 tydande
320 336 139 22 genomgående
478 335 57 18 trafik
547 336 41 17 från
601 336 33 18 det
645 336 42 17 inre
700 336 21 17 af
732 336 65 18 landet
809 336 30 17 till
852 335 67 22 hafvet,
927 338 20 15 är
955 336 31 18 det

227 364 92 23 naturligt
330 366 27 16 att
369 364 141 21 ofvannämnda,
523 365 20 17 af
554 365 92 17 utskottet
658 364 106 23 åberopade
777 365 74 22 princip
866 365 34 17 bör
913 365 73 17 komma

226 393 30 17 till
269 393 118 23 tillämpning
399 393 54 18 äfven
466 393 48 18 hvad
527 399 25 12 nu
564 393 144 23 ifrågavarande
719 393 80 23 jernväg
811 393 94 18 beträffar.

297 428 38 17 Och
348 428 24 17 då
384 428 64 17 härtill
460 428 75 17 komma
547 428 68 22 många
627 427 61 18 andra
700 428 120 23 synnerligen
836 428 150 17 beaktansvärda

226 456 122 23 synpunkter,
361 455 70 22 hvilka,
444 455 78 18 emedan
535 456 23 17 de
571 456 77 18 beröras
660 456 7 17 i
680 456 137 18 ofvannämnda
829 456 124 21 betänkande,
966 456 17 22 ej

227 484 55 18 torde
294 485 34 17 här
340 484 80 18 behöfva
432 485 64 17 vidare
509 485 114 21 framhållas,
636 485 37 17 kan
685 490 43 13 man
741 485 42 18 icke
797 485 75 18 komma
884 485 29 17 till
930 487 55 15 annat

226 513 81 18 resultat
319 515 23 16 än
356 515 27 16 att
395 513 266 23 Tammerfors—Björneborg
677 514 79 22 jernväg
769 513 66 18 endast
847 515 7 16 i
867 514 31 17 det
911 513 36 22 fall,
959 515 26 16 att

228 541 36 18 den
284 542 104 17 utsträckes
406 542 42 17 från
463 542 126 23 Björneborgs
603 542 41 18 stad
656 543 29 17 till
698 543 43 17 dess
754 543 62 21 hamn,
830 543 60 17 skulle
903 542 82 18 medföra

227 569 75 24 åsyftad
314 573 50 20 nytta
377 571 16 22 ej
406 571 81 18 allenast
499 571 29 18 för
541 571 131 22 Björneborgs:
681 571 41 18 stad
732 571 34 17 och
775 571 104 18 Satakunta
888 571 97 22 landskap,

227 601 46 15 utan
292 599 34 17 ock
344 599 29 18 för
385 599 41 18 vårt
437 599 43 18 land
493 600 7 17 i
513 599 42 18 dess
568 599 69 18 helhet.
662 600 23 22 Ej
699 599 61 18 heller
773 599 34 18 bör
819 599 119 23 förglömmas
949 599 35 18 den

227 627 102 23 betydelse,
348 633 38 12 som
404 633 24 12 en
447 627 203 19 kommunikationsled
668 627 90 18 vintertid
775 628 81 18 emellan
869 628 116 23 Björneborg

227 655 35 18 och
287 656 113 17 Söderhamn
425 656 47 18 eller
490 656 124 23 tilläfventyrs
633 656 53 18 Gefle
705 656 61 18 skulle
786 657 76 21 erhålla,
876 657 24 17 då
913 657 72 22 engång

227 684 117 23 Mäntyluoto
363 685 61 17 banan
442 685 84 18 kommer
544 685 29 18 till
591 685 56 18 stånd
663 686 35 17 och
711 691 23 12 en
747 685 130 22 regelbunden
889 685 96 18 samtrafik

228 713 43 18 med
284 713 103 18 hamnarna
399 714 24 22 på
436 714 80 17 svenska
529 714 53 17 sidan
596 714 36 17 blir
644 713 103 18 anordnad.

298 747 64 18 Såsom
380 748 59 17 kändt
456 748 34 17 har
508 748 125 23 Björneborgs
652 748 41 18 stad
710 749 42 17 icke
766 748 80 18 allenast
859 748 73 23 förnyat
944 749 41 16 sina

228 775 81 23 tidigare
322 776 63 18 anbud
397 779 46 15 utan
456 776 53 19 äfven
522 777 93 18 måhända
627 777 57 23 något
696 777 45 18 ökat
754 777 99 21 desamma,
865 777 118 22 hvarigenom

228 806 72 16 statens
318 805 78 22 utgifter
408 805 30 18 för
449 805 143 23 ifrågavarande
603 805 175 24 jernvägsbyggnad
787 805 129 23 väsendtligen
923 805 61 18 skulle

227 833 89 18 minskas,

298 867 43 18 Med
360 867 88 19 afseende
464 868 47 18 härä
523 869 56 22 vågar
591 869 34 18 hos
638 869 117 22 högvördiga
766 868 178 23 Prestaständet
912 863 32 33 jag
953 869 31 17 öd-

228 896 82 22 mjukast
322 896 75 18 anhålla
409 902 29 12 om
451 897 103 18 understöd
566 897 30 18 för
608 899 27 16 ett
646 897 165 23 petitionsförslag
824 897 69 18 derom:

434 963 33 18 att
479 961 32 27 på
526 962 84 19 statens
626 961 118 20 bekostnad
758 961 9 20 i
783 960 132 21 omedelbart
922 967 60 14 sam-

364 989 113 27 manhang
499 989 49 21 med
572 989 150 28 Tammerfors
735 989 165 28 —Björneborgs
919 989 63 26 jern-

366 1017 155 28 vägsbyggnad
544 1017 68 22 måtte
635 1018 80 27 byggas
736 1025 27 13 en
778 1017 56 28 från
849 1017 136 28 Björneborg

368 1046 34 21 till
425 1046 143 27 Mäntyluoto
592 1047 90 20 ledande
707 1046 136 26 hamnbana,
858 1053 48 14 som
922 1045 63 22 borde

365 1075 37 27 för
427 1075 68 27 trafik
509 1077 86 26 öppnas
610 1077 75 18 senast
700 1075 75 20 innan
790 1074 114 28 utgången
918 1074 30 27 af
959 1074 27 21 år

366 1104 68 26 1897,
457 1105 59 19 samt
534 1105 33 19 att
584 1103 128 21 Ständerna
728 1103 58 27 ville,
803 1110 31 14 ur
849 1103 37 27 för
900 1103 85 20 sådana

365 1132 108 21 ändamål
494 1132 127 27 disponibla
642 1133 76 26 medel,
742 1131 81 22 anvisa
845 1133 30 19 ett
890 1131 25 21 så
929 1133 56 19 stort

366 1160 76 28 belopp
465 1167 47 14 som
529 1161 36 20 till
579 1161 158 27 nyssnämnda
752 1160 141 21 hamnbanas
908 1159 75 22 åstad-

366 1189 131 21 kommande
512 1196 65 14 anses
593 1189 147 28 erforderligt.

298 1257 117 22 Helsingfors
428 1257 35 18 den
477 1257 10 18 9
500 1257 91 18 Februari
605 1257 49 18 1894.

724 1315 22 22 G.
762 1315 20 21 A.
800 1315 82 22 Heman.

298 1457 200 18 Petitionsbetänkande
510 1457 37 18 N:o
559 1457 20 18 2.
