1070 1795
264 151 277 23 Petitionsbetänkande
557 152 42 22 N:o
616 152 38 22 33.
781 153 27 20 29

148 219 46 22 För
210 221 34 20 att
258 219 104 22 undvika
378 219 66 22 dessa
460 219 150 29 olägenheter
622 219 30 22 ha
664 221 12 20 &
687 227 28 14 en
727 220 37 21 del
775 224 62 18 orter

79 253 52 22 från
151 253 105 22 enskilda
275 257 120 24 garanters
412 254 56 21 eller
483 254 148 21 kommuners
647 254 50 21 sida
714 257 123 26 ansträng-

79 288 83 28 ningar
178 288 72 28 gjorts
265 287 37 22 för
316 288 155 28 upprättande
487 288 26 21 af
521 288 105 29 reallinje
637 289 37 20 till
684 289 153 28 fortsättning

79 323 73 26 uppåt
174 322 52 21 från
248 322 41 21 och
313 322 51 21 med
387 322 31 21 kl.
442 323 27 20 V.
501 323 101 21 Sålunda
624 323 71 21 hafva
712 323 72 21 redan
800 323 37 22 för

79 357 73 28 några
175 357 25 20 år
222 356 70 22 sedan
315 356 154 29 fullständiga
484 357 62 21 reala
561 357 69 28 linjer
646 357 135 22 tillkommit
796 357 40 22 vid

80 391 99 21 svenska
201 391 107 29 lyceerna
330 391 8 21 i
359 391 63 22 Vasa
445 391 43 21 och
507 391 129 29 Uleåborg;
659 391 9 21 i
682 391 90 29 Viborg
787 393 50 20 åter

79 425 71 22 hafva
166 425 25 21 af
204 425 212 28 stadsfullmäktige
432 426 75 20 medel
520 426 112 27 anslagits
644 426 36 21 till
693 426 143 22 bekostande

79 459 74 22 under
171 459 32 21 tio
223 460 35 20 års
274 459 34 21 tid
324 459 26 22 af
363 459 71 21 sådan
451 459 56 29 linje
523 459 40 22 vid
579 460 99 21 svenska
693 460 83 29 lyceet,
792 461 44 20 och

79 493 40 22 det
141 497 25 18 är
185 496 34 19 att
230 496 90 26 antaga,
338 496 34 19 att
388 493 76 22 denna
479 494 56 28 linje
551 494 71 21 redan
638 497 68 18 nästa
721 495 53 20 höst
789 497 47 18 trä-

80 528 40 21 der
135 529 7 20 i
157 528 152 21 verksamhet.

148 563 51 21 Den
214 563 62 21 reala
291 563 169 28 parallellinjen
474 563 36 21 till
527 563 30 22 kl.
566 563 21 21 V
597 576 10 3 -
617 563 58 21 VIII
686 563 109 22 omfattar
808 565 27 21 45

80 598 103 21 timmars
198 597 168 29 undervisning
376 598 8 21 i
394 598 91 21 veckan
499 597 94 22 utöfver
601 598 45 21 den
657 597 115 22 ordinarie
787 598 48 21 lek-

80 632 147 28 tionsplanen
249 631 37 22 för
304 632 137 21 laroverket.
472 632 118 21 Beräknas
607 632 96 21 arvodet
718 632 36 21 för
769 632 66 22 dessa

80 666 92 21 timmar
194 666 59 21 efter
276 667 40 21 140
332 667 38 20 mk
386 673 41 22 per
441 667 155 20 veckotimme
612 673 36 15 om
666 667 55 24 året,
737 667 98 21 erhålles

80 707 29 14 en
123 700 137 29 utgiftspost
275 700 25 21 af
309 701 63 26 6,300
384 701 40 20 mk
436 700 36 22 för
481 701 200 28 undervisningen
692 701 14 21 ä
716 701 45 21 den
773 701 63 21 reala

79 735 79 28 linjen.
181 735 87 21 Härtill
282 735 92 21 komma
390 739 64 17 ännu
469 735 62 21 vissa
547 735 72 21 andra
634 739 86 18 smärre
731 735 104 29 utgifter,

80 769 25 21 sä
121 771 39 25 att,
177 769 73 29 enligt
261 769 62 21 hvad
332 769 122 22 Utskottet
464 769 46 22 fätt
520 770 35 27 sig
568 769 138 28 meddeladt,
718 769 117 29 budgeten

79 803 37 22 för
130 803 177 29 ifrägavarande
322 804 68 29 linjer
406 804 73 28 stiger
493 804 37 21 till
545 805 89 20 inemot
650 806 62 25 7,000
728 805 45 20 mk.

147 838 108 29 Afslaget
271 839 13 20 &
299 839 224 28 ständerpetitionen
540 839 25 20 är
582 840 52 20 1891
648 839 119 28 angående
778 839 57 21 real-

79 872 56 28 linje
156 872 40 21 vid
219 873 75 21 finska
314 873 76 27 lyceet
405 873 8 21 i
428 873 118 27 Uleäborg
562 873 106 25 berodde,
685 873 73 28 enligt
773 873 62 21 hvad

79 906 122 23 Utskottet
218 907 8 21 i
242 907 69 22 saken
327 907 120 27 inhemtat,
464 908 30 28 pä
508 907 160 28 Regeringens
684 907 152 29 uppfattning

80 943 35 20 att
137 941 68 22 äfven
226 942 8 20 i
250 941 63 22 detta
328 941 42 22 fall
386 941 72 29 linjen
475 942 51 21 bort
541 941 27 22 af
580 941 104 22 enskilde
701 941 56 22 eller
771 942 64 21 kom-

79 983 85 14 munen
180 976 112 21 bekostas.

149 1010 75 22 Ofvan
240 1010 133 21 meddelade
389 1010 193 29 kostnadskalkyl
595 1017 41 22 ger
651 1010 127 21 emellertid
794 1011 41 21 vid

79 1044 99 28 handen,
195 1047 35 19 att
239 1045 179 21 kommunernas
434 1044 144 21 hänvisande
593 1044 50 21 helt
656 1044 43 22 och
712 1045 72 20 hållet
797 1045 38 20 till

79 1079 37 28 sig
131 1079 83 28 sjelfva
228 1079 40 21 vid
283 1079 194 21 underhällandet
493 1078 26 22 af
531 1079 118 28 reallinjer
664 1079 8 21 i
684 1079 27 21 de
719 1079 66 21 flesta
793 1079 42 21 fall

79 1114 91 21 komme
192 1116 34 19 att
248 1113 152 29 omöjliggöra
423 1113 166 29 upprättandet
612 1113 26 22 af
658 1113 92 25 sädana,
766 1113 30 22 dä
807 1113 28 29 ju

79 1148 166 21 kommunerna
255 1148 70 21 redan
336 1148 63 21 förut
409 1147 72 22 hafva
491 1150 36 19 att
535 1147 169 22 tillfredsställa
712 1155 28 14 en
748 1148 87 29 mängd

80 1182 123 29 oafvisliga
218 1182 58 22 kraf.
306 1182 138 21 Kostnaden
460 1182 36 21 för
512 1190 27 13 en
555 1183 106 28 reallinje
672 1183 91 20 komme
773 1182 62 21 dess-

79 1220 64 18 utom
166 1219 34 19 att
223 1217 85 21 drabba
324 1216 134 22 skolstaden
475 1217 114 26 orättvist,
605 1217 35 28 ity
656 1219 34 19 att
705 1217 76 21 denna
796 1224 37 14 en-

79 1259 48 14 sam
150 1251 74 21 skulle
247 1251 54 22 bära
323 1254 90 25 tungan
436 1251 26 21 af
480 1259 28 13 en
524 1251 138 28 anordning,
678 1251 84 21 hvaraf
775 1251 59 22 dock

79 1288 34 19 ett
121 1285 116 29 betydligt
245 1285 167 22 vidsträcktare
423 1285 94 22 omräde
529 1286 70 28 droge
612 1285 81 28 fördel,
704 1285 42 22 och
759 1285 76 22 denna

79 1321 112 21 orättvisa
213 1320 76 22 blefve
311 1320 66 21 desto
400 1323 79 24 större,
500 1321 27 27 ju
549 1320 110 28 fattigare
682 1320 43 21 och
745 1320 89 21 mindre

79 1354 133 22 skolstaden
238 1358 31 19 är.
298 1354 46 22 Vid
370 1354 83 22 sädant
477 1354 145 22 förhällande
647 1354 43 22 har
713 1354 122 22 Utskottet

79 1389 77 22 funnit
179 1389 39 22 det
240 1389 54 22 fullt
310 1389 84 29 billigt,
410 1392 34 19 att
460 1389 141 22 statsverket
619 1389 70 22 borde
705 1388 78 22 ikläda
798 1388 36 29 sig

79 1424 77 28 nägon
183 1424 99 21 kostnad
307 1424 35 21 för
368 1423 213 29 tillmötesgäendet
604 1423 26 22 af
649 1423 136 28 yrkandena
804 1423 30 28 pä

78 1458 127 29 reallinjers
213 1458 156 29 upprättande
377 1458 40 21 vid
430 1458 114 21 klassiska
552 1458 82 28 lyceer.
651 1458 36 28 Ty
702 1460 35 19 att
747 1460 87 26 gagnet

146 1499 102 17 Allmänna
260 1499 169 17 Besvärsutskottets
442 1498 110 18 betänkande
565 1498 38 17 N:o
616 1498 30 17 22.
