1070 1795
286 160 280 26 Peotitionsbetinkande
581 160 45 24 N:o
639 161 26 22 4.

374 494 160 23 Allmänna
553 494 302 23 Besvärsutskottets

307 528 187 23 betänkande
515 528 58 23 N:o
596 528 23 28 2,
642 528 10 22 i
673 528 134 28 anledning
829 527 29 23 af

307 563 36 22 ett
358 562 9 22 i
385 561 186 23 Presteständet
593 562 72 23 väekt
686 561 167 29 petitionsför-

305 596 51 28 slag
372 602 40 16 om
427 595 142 24 inrättande
584 595 28 23 af
623 596 36 22 ett
680 596 55 27 nytt
750 596 103 28 pedago-

306 630 65 26 giskt
386 630 214 28 resestipendium.
613 641 16 14 2

169 731 89 22 Genom
279 731 215 29 protokollsutdrag
515 731 26 22 af
561 731 45 22 den
629 733 27 20 12
678 731 111 22 Februari
809 731 42 22 har

100 765 176 22 Presteståndet
290 765 36 22 till
341 765 143 29 behandling
499 765 8 22 i
522 765 125 22 Allmänna
662 765 188 24 Besvärsutskot-

101 801 35 20 tet
150 800 130 22 remitterat
295 801 33 20 ett
342 800 26 21 sä
382 799 102 29 lydande
499 799 240 30 petitionsmemoria!:

100 892 154 27 (Öfrersättning.)

257 989 48 18 Till
320 989 161 24 Högvördiga
497 989 195 19 Presteständet.

167 1051 133 19 Alldenstund
310 1051 111 19 kännedom
431 1050 21 20 af
466 1051 62 19 andra
538 1051 79 19 länders
626 1050 181 20 skolförhällanden
817 1050 37 21 bör

98 1084 59 14 anses
168 1079 95 19 särskildt
273 1079 62 24 viktig
342 1079 45 20 icke
398 1079 71 19 endast
477 1079 31 19 för
518 1079 38 19 den
567 1079 90 19 enskilda
667 1079 89 19 lärarens
766 1079 87 24 pedago-

98 1107 58 24 giska
178 1107 118 24 utveckling,
312 1109 46 18 utan
374 1106 58 21 äfven
448 1107 81 20 emedan
544 1108 37 19 den
598 1107 108 20 medelbart
720 1113 75 18 gagnar
809 1107 45 20 värt

98 1137 45 22 eget
158 1135 57 20 lands
230 1136 163 23 skolinstitution,
408 1135 37 20 har
460 1136 35 19 vär
511 1136 90 23 styrelse,
615 1136 45 19 med
672 1135 44 20 klar
727 1135 126 25 uppfattning

98 1163 63 26 häraf,
177 1164 52 19 ända
244 1164 44 19 från
303 1164 22 19 är
340 1163 55 20 1862
411 1163 32 20 för
457 1164 140 27 pedagogiska
607 1164 90 19 ändamål
712 1164 77 19 utdelat
800 1169 53 14 rese-

98 1192 110 24 stipendier
218 1192 21 19 åt
249 1192 236 19 elementarläroverkens
496 1193 71 18 lärare.
588 1188 58 23 Ända
657 1192 30 19 till
702 1193 22 18 år
740 1191 55 20 1872
810 1192 44 24 gafs

97 1219 79 25 årligen
199 1222 29 17 ett
251 1220 62 23 1,000
332 1220 57 19 rubel
406 1221 36 24 (=
457 1219 62 25 4,000
535 1221 39 22 mk)
591 1223 50 17 stort
656 1221 119 24 stipendium
791 1221 64 19 under

94 1248 70 20 -vilkor
180 1248 21 20 af
215 1250 30 17 ett
260 1249 32 19 års
307 1249 80 20 vistelse
403 1249 119 20 utomlands.
542 1249 93 20 Därefter
649 1249 112 20 minskades
777 1249 76 24 stipen-

99 1277 42 19 diet
163 1277 31 19 till
214 1276 63 25 3,000
292 1277 38 24 mk,
346 1277 38 20 och
398 1278 101 23 samtidigt
515 1277 126 20 förkortades
656 1277 38 20 den
709 1277 146 24 obligatoriska

98 1305 174 20 utrikesvistelsen
294 1305 30 20 till
347 1308 29 17 ett
390 1305 50 20 halft
456 1306 29 19 år.
514 1305 59 20 Utom
589 1307 55 18 detta
659 1306 118 23 stipendium
793 1305 61 24 utgif-

98 1339 35 13 vas
156 1333 45 20 från
224 1334 38 19 och
284 1334 44 19 med
347 1334 22 19 år
386 1333 54 21 1890
456 1334 31 19 för
502 1335 85 18 studium
603 1334 21 20 af
637 1334 94 19 moderna
746 1333 61 25 språk
823 1337 31 16 tre

97 1362 76 18 mindre
193 1362 110 24 stipendier
326 1362 29 19 till
378 1364 28 17 ett
429 1362 142 24 sammanlagdt
593 1362 71 25 belopp
688 1361 21 20 af
730 1361 63 27 2,500
812 1362 39 19 mk.

92 1389 63 20 'Hvad
170 1390 36 20 sist
220 1391 72 20 nämda
307 1390 91 20 ändamål
414 1390 101 25 beträffar,
530 1391 36 20 har
585 1390 200 25 stipendie-behofvet
805 1390 46 20 här-

97 1418 78 23 igenom
189 1419 7 19 .i
211 1419 65 24 någon
291 1419 43 20 män
345 1419 65 20 blifvit
420 1419 153 21 tillfredsstäldt,
592 1420 112 19 Detsamma
712 1419 40 21 kan
763 1419 90 20 däremot

96 1446 108 25 ingalunda
215 1450 57 22 sägas
284 1453 31 14 om
330 1448 24 19 de
370 1448 99 20 allmänna
481 1448 187 26 resestipendierna.
690 1448 103 25 Knappast
803 1448 50 19 hvar

166 1485 104 18 Allmänna
282 1485 169 19 Besvärsutskottets
464 1486 110 19 betänkande
585 1486 37 18 N:o
635 1486 18 18 2.
