1070 1795
260 109 27 20 76
448 109 232 22 Petitionshetänkande
696 109 35 21 N:o
746 109 20 21 2.

300 213 156 26 (Otversättning)

591 251 39 18 34.

408 308 44 17 Till
465 308 151 18 Hedervärda
628 308 182 17 Bondeständet.

299 365 141 19 Förbindandet
457 365 20 18 af
494 365 104 23 Uleåborgs
613 365 41 18 stad
667 366 35 17 och
716 365 99 18 Uleäträsk
828 365 42 18 med
883 365 104 18 hvarandra

230 394 72 17 medels
325 399 23 12 en
365 395 79 22 jernväg
461 395 34 17 har
513 394 58 18 redan
584 395 54 22 länge
651 395 72 22 utgjort
736 396 27 16 ett
776 393 57 24 lifligt
845 394 143 22 önskningsmäl

229 423 30 17 för
272 423 61 17 denna
345 423 114 18 vidsträckta
472 423 103 23 landsbygd
588 426 48 15 samt
648 423 55 18 äfven
712 423 32 17 vid
753 423 45 18 flere
806 422 114 24 föregående
928 423 60 17 landt-

230 451 58 22 dagar
306 451 91 23 tilldragit
414 452 28 22 sig
460 451 74 18 landets
553 451 102 23 höglofliga
674 451 90 18 Ständers
781 451 94 22 välvilliga
888 451 99 23 uppmärk-

230 480 78 17 samhet.
332 480 65 17 Redan
416 481 30 16 vid
466 480 90 18 1877—78
574 481 31 17 års
622 480 91 23 landtdag
726 480 99 18 förordade
839 480 32 17 det
883 480 104 17 dåvarande

227 509 182 22 jernvägsutskottet
427 511 26 16 ett
464 509 97 21 räptefritt
575 509 113 22 statsbidrag
700 515 29 11 om
743 509 11 17 4
767 509 86 22 miljoner
866 508 29 18 för
907 508 80 23 byggan-

230 537 32 17 det
280 537 21 18 af
312 537 61 18 denna
385 538 54 21 bana,
451 537 34 18 och
496 538 183 22 jernvägsutskottet
692 537 31 18 vid
736 537 46 18 1882
795 538 30 17 års
837 537 89 22 landtdag
939 537 48 17 före-

230 566 41 23 slog
295 567 42 17 med
356 566 41 18 stöd
416 567 20 17 af
451 566 102 23 flerfaldigt
565 566 105 23 granskade
683 567 133 22 beräkningar,
829 565 160 23 kostnadsförslag

230 595 35 17 och
286 595 144 18 instrumentala
442 595 169 22 undersökningar,
624 598 27 15 att
664 598 61 15 staten
739 595 61 17 skulle
814 595 77 22 bidraga
904 595 42 17 med
959 596 28 16 tre

230 623 115 23 fjerdedelar
362 624 21 17 af
399 624 125 17 kostnaderna
543 624 28 17 för
584 624 107 23 byggandet
703 623 21 18 af
734 629 23 12 en
768 623 94 23 jernbana
875 623 41 18 från
928 623 61 18 Vaala

230 653 104 22 hamnplats
347 653 53 22 längs
413 653 88 17 stranden
515 652 20 18 af
546 653 75 18 Uleåelf
631 653 29 17 till
672 653 105 21 Uleåborgs
791 653 62 20 hamn,
865 652 63 17 hvilka
936 652 51 17 kost-

229 681 59 18 nader
301 681 23 18 då
336 681 117 18 beräknades
465 681 30 18 till
507 681 92 22 4,200,000
612 681 58 18 mark.
695 681 79 22 Frågan,
787 686 40 13 som
840 681 31 17 vid
885 681 104 17 sistnämda

230 709 89 23 landtdag
337 710 137 17 understöddes
487 710 20 17 af
518 710 30 17 två
561 710 59 21 stånd,
634 709 37 18 fick
683 709 58 18 likväl
754 709 55 18 äfven
822 709 29 18 för
865 709 61 18 denna
940 709 48 23 gång

230 738 74 18 afvakta
317 739 60 17 bättre
390 739 55 17 tider.
469 739 36 17 Vid
519 741 74 15 senaste
606 739 127 17 ständermöte
746 738 105 23 framdrogs
865 738 36 17 den
909 739 28 21 .pä
948 740 41 21 nytt

230 767 34 18 och
284 767 78 18 tillvann
378 767 29 23 sig
419 767 23 18 dä
455 768 31 17 det
498 767 21 18 af
529 768 45 17 1882
586 768 30 17 &rs
627 767 164 23 jernvägsutskott
811 767 95 22 enhälliga
922 767 67 22 gjorda

230 796 105 17 uttalandet
353 798 38 19 ,att
410 796 32 17 det
454 801 42 13 vore
509 796 28 17 till
550 796 72 18 landets
636 801 58 13 sanna
707 796 66 21 fördel,
787 801 29 13 om
830 801 23 12 en
864 795 126 23 jernvägsför-

230 824 86 18 bindelse
335 825 69 17 mellan
422 825 93 22 Uleåborg
527 825 34 17 och
578 825 58 17 Vaala
649 825 63 18 kunde
726 825 157 20 åstadkommas",
897 824 49 18 såväl
961 826 28 15 ut-

230 853 80 18 skottets
329 858 39 13 som
389 853 114 18 Ständernas
515 853 48 18 fulla
576 853 108 18 understöd.
710 854 44 17 Men
767 854 24 17 dä
805 853 57 22 nädig
874 853 115 22 proposition

230 881 29 18 till
285 887 24 12 nu
328 881 96 23 pågående
446 882 93 22 landtdag,
557 882 76 17 hvarom
653 882 107 18 Ständerna
778 883 24 17 dä
815 881 142 24 petitionerade,
972 882 16 22 ej

230 910 55 17 torde
299 915 43 12 vara
355 912 27 15 att
394 910 89 21 förvänta,
497 911 20 17 sä
529 911 57 22 vägar
596 911 32 22 jag
640 911 111 22 ytterligare
764 911 97 18 innesluta
874 911 68 17 nämda
951 911 38 17 vid-

230 939 84 17 sträckta
333 939 34 17 och
386 939 34 17 illa
438 939 68 18 lottade
525 939 95 18 landsdels
636 940 101 22 viktigaste
751 939 94 18 lifsvilkor
857 940 6 17 i
877 939 112 18 Ständernas

230 967 35 17 och
278 967 66 18 främst
356 967 6 17 i
376 967 32 18 det
420 967 55 18 ärade
488 968 149 18 Bondeständets
651 968 74 17 ätanke.

301 996 40 17 Den
352 996 142 23 jernvägslinje,
508 1002 39 12 som
560 996 60 18 skulle
633 996 89 18 förbinda
735 997 110 17 Uleäträsks
857 999 50 15 stora
919 997 71 16 vatten-

230 1027 70 20 system
319 1025 35 17 och
374 1025 22 17 de
416 1025 102 18 detsamma
537 1025 118 23 omgifvande
668 1025 56 18 härät
737 1025 90 23 pröfvade
841 1025 95 22 bygderna
948 1025 42 17 med

231 1053 95 22 Uleäborg
350 1053 35 18 och
409 1053 68 22 hafvet,
495 1055 21 16 är
534 1053 116 18 beträffande
668 1053 42 18 dess
724 1054 97 22 betydelse
835 1053 35 18 och
883 1053 65 18 skälen
961 1053 29 17 för

231 1082 43 17 dess
293 1082 131 22 tillstyrkande
444 1083 20 16 sä
476 1082 29 18 väl
518 1082 69 18 bekant
600 1082 28 18 för
641 1083 32 17 det
686 1083 58 17 ärade
758 1082 83 21 Ständet,
855 1082 35 17 och
903 1087 29 12 om
945 1081 44 18 den-

231 1116 71 12 samma
319 1111 96 17 innehålla
434 1111 22 18 de
469 1111 58 18 redan
540 1111 105 22 åberopade
659 1111 146 22 landtdagarnas
818 1110 112 23 handlingar
943 1113 47 14 samt

231 1139 23 18 de
280 1139 95 18 särskilda
393 1139 187 23 undersökningarna
598 1140 21 17 sä
638 1140 116 22 detaljerade
767 1140 35 17 och
815 1139 117 23 mångsidiga
944 1145 46 16 upp-

231 1167 62 23 gifter,
311 1169 27 16 att
356 1167 32 18 det
401 1169 16 22 ej
431 1169 52 17 torde
496 1173 44 12 vara
553 1168 20 17 af
583 1168 89 18 behofvet
683 1168 98 23 päkalladt
793 1170 28 16 att
833 1168 44 22 ingä
890 1168 24 22 pä
927 1168 62 21 nägon

231 1197 43 22 lång
287 1197 111 22 motivering
414 1197 29 17 till
456 1197 72 18 förmån
541 1197 29 18 för
582 1197 114 18 densamma.
720 1197 35 22 Jag
767 1197 86 17 anhåller
866 1196 66 18 endast
945 1198 26 15 att
983 1196 7 17 i

231 1225 76 18 korthet
320 1225 18 18 fä
350 1225 100 18 framhälla
462 1226 58 22 nägra
533 1225 165 23 omständigheter.

302 1253 116 18 Stränderna
438 1254 20 17 af
474 1254 35 17 den
528 1255 24 22 pä
565 1254 60 17 forsar
637 1254 43 17 rika
692 1255 35 16 och
740 1255 51 16 svärt
804 1253 100 18 trafikabla
917 1253 75 18 Uleäelf

232 1284 47 15 samt
300 1282 19 17 af
336 1283 48 18 Uleä
398 1283 38 22 sjös
448 1285 61 16 vestra
521 1283 35 18 och
569 1282 55 18 södra
636 1283 43 17 sida
692 1285 75 20 utgöras
781 1282 85 18 öfverallt
879 1281 20 18 af
909 1281 82 18 folkrika

231 1311 35 17 och
285 1311 29 17 väl
326 1311 68 18 odlade
406 1311 71 22 nejder,
490 1312 72 17 hvilkas
575 1312 6 17 i
595 1311 35 23 god
644 1311 66 23 början
724 1311 67 18 stadda
804 1311 138 22 mejerirörelse
956 1311 34 16 och

231 1340 69 21 många
323 1340 121 18 industriella
466 1341 132 21 inrättningar,
617 1340 61 17 såsom
694 1340 85 20 Kurimo,
792 1337 72 23 Ämmä,
877 1339 112 22 Myllyranta

232 1368 34 17 och
280 1368 57 18 Kives
347 1368 98 23 jernbruk,
458 1369 73 22 Kajana
537 1368 151 23 pelsvarufabrik
696 1369 34 17 och
738 1368 79 22 sågverk
825 1374 23 11 m.
855 1367 24 22 fl,,
887 1367 61 18 skulle
962 1372 28 12 er-

231 1397 58 22 bjuda
300 1398 102 22 jernvägen
416 1403 22 12 en
452 1397 61 18 direkt
525 1398 86 21 inkomst,
624 1397 130 18 hvarförutom
766 1397 110 22 oräkneliga
889 1398 48 16 ännu
947 1401 43 12 oan-

231 1426 61 18 vända
311 1426 60 18 forsar
390 1427 60 17 skulle
462 1427 63 17 lämna
537 1426 74 18 tillfälle
624 1426 29 17 till
667 1426 118 23 anläggande
799 1425 20 18 af
829 1431 37 17 nya
878 1425 112 18 industriela

304 1466 200 19 Petitionsbetänkande
516 1467 37 17 N:o
565 1467 18 17 2.
