1070 1795
298 183 259 23 Motionsbetänkande
573 183 45 23 N:o
634 183 24 23 3.
798 185 27 19 13

97 259 37 19 gen
149 253 22 20 af
182 253 162 24 järnvägsfrågor
359 253 37 20 fått
411 253 70 24 många
497 253 60 20 bevis.
588 253 9 20 I
612 253 72 24 själfva
699 253 70 19 verket
783 256 24 17 är
821 253 34 19 det

97 286 14 16 t.
131 288 30 14 ex.
176 282 79 24 mycket
269 282 73 19 lättare
358 284 29 17 att
402 282 6 19 i
424 282 109 19 elfdalarna
548 282 7 19 i
571 281 111 20 Satakunta
697 282 37 19 och
750 279 105 22 Österbot-

97 313 34 17 ten
146 311 80 24 placera
241 311 93 19 skolorna
349 311 6 18 i
370 311 87 18 barnens
472 311 77 25 närhet,
565 313 24 17 än
606 317 43 12 man
666 311 26 24 på
706 311 63 23 grund
785 311 21 19 af
815 316 39 13 me-

97 339 207 24 deltalsberäkningen
323 339 66 19 kunde
404 342 78 21 antaga,
499 339 36 20 och
551 339 61 19 redan
628 339 56 19 detta
699 341 57 22 utgör
771 341 29 17 ett
815 339 40 19 till-

98 368 84 24 räckligt
198 368 43 19 skäl
257 371 30 16 att
302 367 50 20 afstå
367 367 44 20 från
426 371 45 16 rent
487 368 103 19 abstrakta
602 368 152 24 bestämningar,
765 368 22 19 så
799 371 56 16 snart

97 402 55 14 mera
166 397 104 26 praktiska
284 396 66 20 blifvit
365 396 67 20 funna.

168 426 72 20 Därför
256 426 35 18 har
305 426 33 23 jag
354 426 64 19 såsom
433 430 55 14 norm
504 425 98 24 begagnat
612 431 24 13 en
650 431 63 13 annan
724 425 7 19 i
742 425 43 19 mitt
795 425 59 24 tycke

98 454 100 24 sakligare
214 454 106 24 synpunkt,
334 453 27 25 på
376 454 34 19 det
426 457 29 16 att
470 453 71 20 skolan
557 454 81 23 ihvarje
647 453 95 20 särskildt
750 453 35 20 fall
793 453 61 20 måtte

97 483 79 19 komma
183 483 27 24 på
218 483 61 19 sådan
287 483 58 24 plats,
354 483 37 18 där
399 483 33 18 det
440 482 37 19 fins
486 485 29 16 ett
522 482 117 23 tillräckligt
646 483 54 18 antal
709 483 56 18 barn.
781 482 73 19 Skolan

100 511 37 20 bör
147 512 91 23 placeras
246 512 43 22 där,
298 511 78 19 hvarest
391 511 52 19 inom
459 513 30 17 ett
504 511 80 19 område
600 511 22 20 af
636 511 67 19 femtio
714 513 22 21 []
747 511 108 19 kmätmin-

99 543 57 16 stone
176 541 68 18 trettio
260 541 7 18 i
282 539 113 20 skolåldern
413 540 85 19 varande
515 540 48 19 barn
579 542 35 17 äro
630 540 86 25 bosatta,
732 539 37 20 och
784 539 71 20 inalles

98 569 32 19 må
144 574 43 14 man
204 569 68 18 fordra
288 574 23 13 en
327 568 101 19 folkskola
443 568 31 19 för
489 569 68 23 hvarje
573 568 93 20 sextiotal
683 569 55 18 barn.
767 567 31 20 En
814 568 41 19 olä-

99 598 78 25 genhet,
200 603 41 14 som
264 597 88 19 vidlåder
368 597 56 19 detta
439 597 74 24 förslag
528 599 23 17 är
565 597 127 24 naturligtvis
708 597 44 23 den,
767 600 29 16 att
811 603 44 12 man

99 627 44 18 icke
164 628 47 17 utan
234 631 24 14 en
281 625 84 20 särskild
380 625 149 24 undersökning
544 627 6 17 i
565 625 68 25 hvarje
649 626 72 19 socken
736 625 39 20 kan
787 625 70 24 afgöra

99 655 51 19 huru
164 655 70 23 många
249 655 68 18 skolor
332 655 36 18 där
383 655 36 19 äro
434 654 22 19 af
470 655 77 23 nöden;
563 660 23 13 en
600 654 64 19 fördel
680 655 43 18 åter
738 657 22 16 är
775 657 30 16 att
819 654 36 19 lin-

99 683 108 24 dringarna
222 687 47 16 utan
285 683 114 24 gensägelse
415 683 77 20 komma
507 683 24 19 de
547 683 76 24 glesare
636 683 106 19 befolkade
753 683 102 19 trakterna

99 712 32 19 till
146 712 57 24 godo.
232 713 37 18 Att
284 713 54 18 detta
353 711 75 24 förslag
442 712 7 18 i
464 712 59 24 ingen
538 712 94 19 händelse
644 712 109 24 uppställer
763 711 93 24 omöjliga

99 741 119 24 fordringar,
241 746 58 19 synes
321 740 63 25 däraf,
404 742 30 17 att
447 746 44 13 man
507 741 26 24 på
548 741 70 23 många
634 744 55 15 orter
703 741 6 18 i
724 740 79 24 Nyland
819 739 37 20 och

99 769 121 20 Tavastland
235 769 37 20 har
286 769 52 24 gjort
352 774 55 14 mera
422 771 25 17 än
463 769 10 25 $
487 769 12 19 5
515 769 22 20 af
551 770 42 18 mitt
604 769 75 24 förslag
689 769 83 19 fordrar.

168 798 27 19 Af
216 800 74 17 största
313 798 39 23 vigt
374 800 29 23 är,
426 801 29 16 att
470 797 104 20 skolornas
590 798 120 19 dislokation
725 798 50 24 icke,
792 797 64 20 säsom

100 826 70 20 hittills
186 829 66 22 tyvärr
268 827 50 19 varit
332 826 64 23 fallet,
412 827 59 19 måtte
488 827 35 18 ske
539 827 62 23 enligt
615 826 100 24 tillfälliga
728 826 127 24 synpunkter,

99 857 22 22 ty
136 855 84 20 sålunda
234 855 118 20 förfördelas
368 856 82 23 mången
465 855 33 24 by,
514 856 58 19 hvars
588 855 60 19 behof
662 855 22 19 af
694 855 55 20 skola
760 855 36 19 lätt
806 855 51 18 kun-

99 886 36 17 nat
150 884 122 23 tillgodoses.
303 883 29 19 En
348 884 22 19 af
384 884 24 18 de
424 884 105 24 vigtigaste
544 884 114 24 punkterna
672 885 7 17 i
694 885 44 17 mitt
750 883 75 24 förslag
834 885 22 17 är

101 912 67 20 därför
190 918 25 13 en
237 913 7 18 i
267 913 66 23 hvarje
352 913 73 19 socken
438 913 87 19 skeende
540 913 148 23 undersökning
704 913 36 19 och
756 912 79 24 delning
849 912 7 18 i

101 941 132 22 skoldistrikt,
256 941 37 20 och
315 947 31 14 om
366 941 35 19 det
422 941 62 20 också
506 944 22 16 är
549 942 121 23 nödvändigt
684 943 30 18 att
729 941 87 19 erkänna
831 941 24 18 de

100 970 62 19 redan
182 969 120 25 förefintliga
323 970 116 19 distriktens
457 970 124 24 rättigheter,
597 971 58 18 torde
671 970 33 19 det
719 970 50 19 dock
785 972 70 17 nästan

100 999 57 19 alltid
180 1004 47 14 vara
249 1004 24 13 en
294 999 101 23 möjlighet
417 1001 30 16 att
469 999 63 19 förmä
554 999 54 19 förut
630 999 141 22 ofördelaktigt
786 998 70 19 delade

101 1027 80 20 distrikt
196 1030 30 16 att
240 1027 101 24 samtycka
354 1027 30 19 till
401 1033 25 18 ny
442 1027 86 24 delning.

170 1055 10 20 I
195 1056 38 19 och
248 1056 32 20 för
294 1056 117 24 tryggandet
426 1056 22 19 af
460 1056 138 19 minoritetens
613 1058 41 17 rätt
668 1056 39 19 kan
718 1056 92 23 antingen
822 1061 34 14 an-

101 1085 50 19 talet
166 1084 21 19 af
200 1085 75 19 barnen
291 1085 47 18 eller
351 1085 45 19 hela
411 1085 39 19 den
465 1084 121 25 befolkning,
603 1090 41 14 som
656 1085 51 19 talar
719 1086 60 18 annat
788 1084 68 24 spräk,

101 1113 110 25 uppställas
234 1113 65 20 såsom
320 1119 62 14 norm.
412 1113 37 19 Att
471 1113 58 20 äfven
551 1114 6 18 i
580 1113 56 20 detta
651 1113 35 20 fall
701 1114 56 23 lägga
771 1113 86 19 barnens

101 1141 55 20 antal
171 1142 31 19 till
217 1142 70 25 grund,
303 1142 101 19 förefaller
419 1142 39 24 mig
474 1142 126 24 följdriktigt.
630 1142 69 19 Andra
714 1141 143 25 omständighe-

101 1173 31 17 ter
147 1170 75 24 framgå
238 1170 21 20 af
272 1170 12 27 &
300 1170 12 20 6
327 1171 6 18 i
349 1171 134 24 lagförslaget.

170 1199 158 24 Lagstiftningen
335 1199 7 19 i
350 1200 63 19 andra
422 1199 71 20 länder
504 1199 99 20 erkänner
612 1199 74 24 lagliga
692 1199 70 20 hinder
769 1199 31 19 för
808 1204 49 19 upp-

102 1227 97 24 fyllandet
220 1228 21 19 af
255 1228 125 24 läropligten,
400 1229 2 18 i
418 1228 38 20 och
472 1229 44 18 med
532 1229 107 19 detsamma
654 1229 38 18 den
708 1229 79 22 stadgar
803 1227 56 20 straff

102 1256 32 19 för
156 1256 110 21 förfallolös
291 1256 141 20 försummelse.
461 1257 40 24 Jag
523 1258 36 18 har
581 1257 7 19 i
611 1257 23 25 $$
658 1256 13 20 9
687 1257 36 19 och
740 1256 25 19 10
781 1256 78 19 försökt

104 1285 89 24 tillämpa
209 1286 59 19 dessa
282 1286 128 23 grundsatser
425 1285 26 25 pä
466 1286 49 19 våra
530 1285 146 27 förhållanden,
691 1286 59 19 likväl
765 1285 44 19 med
825 1285 34 20 det

103 1314 109 24 undantag,
234 1319 42 14 som
299 1314 22 25 $$
343 1313 41 20 101
408 1314 38 20 och
462 1313 41 20 102
519 1315 6 18 i
541 1315 128 24 Kyrkolagen
684 1320 58 18 synas
757 1313 80 25 påkalla
852 1314 7 18 i

103 1342 93 20 afseende
211 1343 27 24 på
253 1343 24 19 de
293 1348 15 14 s.
323 1343 20 19 k.
359 1343 153 19 barnskolorna.

171 1371 32 19 Då
220 1372 7 18 i
243 1371 129 20 betraktande
388 1371 22 19 af
424 1372 38 18 den
478 1372 79 23 ojämna
571 1371 115 24 utveckling
701 1371 35 19 vär
751 1370 107 20 folkskole-

103 1400 113 19 institution
231 1400 32 19 för
278 1400 123 19 närvarande
416 1401 43 26 har,
473 1400 137 25 förpligtelsen
621 1404 29 15 att
660 1400 121 24 grundlägga
791 1400 68 20 skolor

103 1429 39 19 kan
157 1429 62 19 blifva
234 1429 77 24 mycket
326 1429 60 24 olika,
402 1429 57 19 torde
475 1429 35 20 det
525 1435 48 13 vara
587 1429 66 24 billigt
668 1431 30 17 att
712 1429 55 19 anslä
778 1435 24 13 en
810 1429 49 24 jäm-

103 1457 103 20 förelsevis
228 1457 47 24 läng
296 1457 29 20 tid
347 1456 49 21 eller
418 1457 74 20 femton
508 1458 23 19 är
545 1458 32 19 för
591 1457 163 24 genomförandet
767 1457 22 20 af
802 1458 59 19 dessa

102 1485 188 25 lagbestämningar.
319 1486 69 20 Under
410 1486 101 25 förloppet
533 1486 22 20 af
575 1487 65 18 denna
662 1487 29 18 tid
712 1486 38 20 blir
771 1488 29 17 ett
817 1489 44 22 nytt

172 1525 104 18 Allmänna
287 1525 169 18 Besvärsutskottets
469 1525 113 18 betänkande
594 1525 38 18 N:o
644 1525 33 18 20.
