1070 1795
253 126 25 21 16
409 125 278 23 Petitionsbetänkande
703 126 21 22 N:o
726 125 75 28 21.

511 395 187 29 Reservationer.

595 464 17 22 I

295 509 151 29 Stadgandet,
471 512 35 19 att
527 510 30 27 pä
579 509 222 22 elementarskolans
823 509 73 22 första
922 509 61 22 klass

224 544 76 28 några
314 544 87 28 platser
416 543 35 22 för
466 543 109 22 frielever
589 544 51 21 icke
655 544 116 28 upplåtas,
787 543 42 22 har
837 544 38 21 väl
883 543 102 22 tillkom-

225 578 44 21 mit
290 578 9 21 i
314 578 44 21 den
374 578 77 27 afsikt,
467 581 35 18 att
517 578 120 27 föräldrar,
654 585 48 15 som
718 579 74 20 sakna
808 578 75 21 medel
899 581 34 19 att
948 578 37 21 be-

225 612 69 21 kosta
316 613 50 20 sina
382 612 68 22 barns
469 613 122 28 skolgäng,
607 613 51 21 icke
674 613 38 21 mä
727 613 80 21 lockas
823 615 35 19 att
873 613 47 21 läta
935 612 50 22 bar-

225 654 47 13 nen
294 647 93 21 inträda
402 647 8 21 i
426 655 28 13 en
469 647 73 28 skola,
558 647 69 21 hvars
642 647 55 21 kurs
713 647 29 22 de
758 647 37 22 för
810 647 125 28 fattigdom
951 655 34 13 se-

226 680 45 23 dan
288 681 73 21 mäste
376 681 94 28 afbryta
486 681 56 21 eller
557 681 60 22 blott
632 688 84 21 genom
723 681 178 29 skuldsättning
908 681 78 22 kunna

226 715 122 28 genomgä.
378 715 52 21 Den
445 715 120 29 afsiktliga
582 715 86 22 bristen
684 716 30 28 pä
729 715 120 29 friplatser
864 716 13 21 &
893 715 92 22 skolans

226 749 78 29 lägsta
323 749 61 22 klass
407 752 68 26 utgör
498 750 59 22 altsä
580 757 28 14 en
631 750 100 28 varning
754 749 37 22 för
813 749 115 22 föräldrar
943 749 42 22 och

226 784 114 21 mälsmän
356 786 36 19 att
406 784 75 21 införa
497 785 50 21 sina
562 784 57 22 barn
635 784 43 21 och
687 784 152 29 myndlingar
846 785 30 28 pä
884 791 28 14 en
920 784 66 26 bana,

227 818 43 21 där
286 818 65 21 deras
367 818 31 21 lif
410 819 7 20 i
434 819 88 21 saknad
538 819 24 21 af
577 819 87 28 nödiga
678 818 131 22 materiella
826 826 102 14 resurser
942 818 45 23 blir

228 859 29 14 en
273 852 129 29 tryckande
422 853 70 28 kamp
507 853 37 21 för
558 853 134 21 utkomsten
707 853 52 21 icke
775 853 61 21 blott
851 853 73 21 under
939 856 48 19 stu-

228 886 110 26 dietiden,
361 889 57 19 utan
440 887 100 28 mängen
562 887 62 28 gäng
647 887 69 21 äfven
738 887 104 21 därefter
864 887 7 21 i
891 887 57 29 följd
964 887 26 22 af

228 921 124 22 &samkade
368 921 223 22 skuldförbindelser
606 921 43 22 och
667 921 151 29 svårigheten
834 923 35 20 att
884 922 56 21 ernä
954 925 34 18 ett

228 955 127 26 lefvebröd,
378 955 30 22 dä
430 955 175 22 konkurrensen
627 963 37 14 om
682 956 46 21 alla
745 956 94 29 platser,
857 955 36 22 till
908 955 80 23 hvilka

228 990 172 21 skolstudierna
415 989 162 30 förnämligast
591 991 69 28 syfta,
674 991 26 21 är
708 990 57 22 efter
779 990 25 21 är
811 990 46 22 blir
868 990 33 21 alt
909 993 78 20 större.

228 1024 202 29 Anmärkningen,
453 1027 34 19 att
509 1025 46 21 den
573 1024 36 22 för
624 1025 52 21 värt
692 1025 174 22 demokratiska
881 1025 107 22 samfund

228 1059 26 20 sä
270 1059 86 28 nödiga
372 1058 254 30 ständsomsättningen
642 1059 74 22 skulle
732 1059 113 28 hämmas,
861 1066 37 15 om
907 1059 81 22 tillträ-

228 1093 41 21 det
284 1093 37 21 till
337 1093 109 22 skolorna
460 1093 116 22 försväras
591 1093 37 22 för
642 1093 29 22 de
686 1093 135 28 medellösa,
836 1093 112 26 förfaller,
959 1093 30 23 dä

228 1127 25 21 vi
274 1133 60 21 veta,
352 1130 34 19 att
402 1127 39 22 det
455 1128 76 29 gifves
547 1128 85 29 mänga
646 1128 124 29 förmögna
786 1127 72 22 bland
873 1127 116 30 allmogen

229 1161 44 22 och
297 1162 84 29 mänga
396 1162 85 29 fattiga
496 1162 71 22 bland
582 1162 117 22 säkallade
715 1162 198 29 ständspersoner.
943 1163 47 29 Jag

229 1203 69 14 anser
313 1196 39 21 det
367 1196 79 22 därför
460 1204 56 14 vara
531 1197 142 26 välbetänkt,
690 1199 34 19 att
740 1197 119 28 friplatser
875 1197 13 21 &
903 1197 87 22 skolor-

228 1237 43 14 nas
292 1230 76 29 lägsta
390 1230 62 22 klass
474 1231 51 21 icke
547 1231 36 21 stä
605 1231 37 21 till
662 1231 64 26 buds,
748 1231 44 22 och
807 1231 43 21 har
865 1231 59 22 altså
938 1231 51 22 icke

229 1264 92 23 kunnat
336 1264 81 22 förena
434 1265 47 28 mig
492 1272 37 15 om
537 1265 124 22 utskottets
668 1265 78 22 beslut
752 1265 99 22 rörande
859 1265 76 22 denna
942 1265 47 22 sak.

507 1323 89 22 Viktor
607 1317 103 33 Öhberg.

299 1361 86 23 Härom
401 1362 80 22 förena
496 1362 47 29 sig:

230 1401 59 23 Otto
305 1402 45 23 Im.
367 1403 144 28 Appelberg.
765 1403 77 22 Adolf
855 1403 133 28 Törngren.

301 1470 102 19 Allmänna
415 1471 169 18 Besvärsutskottets
596 1471 110 18 betänkande
720 1473 37 16 N:o
769 1471 31 18 10.
