1070 1795
254 110 26 21 78
436 110 230 21 Petitionsbetänkande
682 110 35 21 N:o
733 110 21 21 2.

222 167 136 23 jernvägslinje
383 167 94 23 uppfyller
495 167 37 18 alla
550 167 23 18 de
590 167 100 22 viktigaste
710 167 162 22 förutsättningar,
891 172 37 13 som
947 167 37 22 mig

224 196 102 22 veterligen
347 196 52 23 följts
417 196 31 18 vid
466 195 147 23 planläggandet
632 195 20 18 af
670 196 45 17 våra
725 196 106 22 jernvägar.
857 195 41 18 Den
910 201 73 17 genom-

224 224 54 23 löper
297 230 22 13 en
337 225 93 20 välodlad,
442 224 73 18 folkrik
525 225 36 18 och
573 225 43 18 med
628 225 163 22 naturprodukter
803 225 84 22 rikligen
899 224 85 19 utrustad

224 253 44 22 nejd
287 253 77 18 hvarför
381 259 23 12 en
423 253 33 18 der
475 253 48 23 bygd
534 254 78 22 jernväg
625 253 63 18 skulle
701 253 74 17 komma
788 255 28 16 att
829 253 45 22 fylla
887 255 27 16 ett
926 253 57 18 redan

224 281 110 24 förefintligt
346 283 35 16 och
394 282 78 17 allmänt
489 282 60 17 kändt
567 281 57 19 behof
642 281 20 18 af
673 282 243 17 kommunikationsmedel.
940 283 43 16 Men

225 310 91 23 derjemte
334 311 48 17 talar
400 311 28 18 till
441 310 44 18 dess
496 310 61 19 fördel
570 310 54 19 äfven
638 315 23 13 en
674 315 62 13 annan
750 311 102 22 synpunkt,
865 315 39 13 som
916 311 32 17 vid
961 311 22 17 de

225 338 113 23 föregående
355 339 223 23 jernvägsbyggnaderna
596 339 92 18 likaledes
704 339 94 22 tilldragit
811 339 29 22 sig
853 339 49 18 såväl
915 339 68 22 Styrel-

224 372 43 13 sens
281 373 38 12 som
333 367 23 18 de
370 367 101 24 höglofliga
483 367 115 18 Ständernas
605 368 172 23 uppmärksamhet.
793 368 43 17 Den
844 367 59 18 skulle
911 367 73 18 komma

225 398 27 15 att
265 396 83 18 medföra
361 402 23 12 en
397 397 53 23 djupt
462 396 72 18 saknad
547 396 80 18 lifvande
640 396 91 18 inverkan
738 397 29 22 på,
775 396 95 18 äfvensom
878 398 27 16 ett
916 396 67 18 under-

225 424 41 18 stöd
284 426 20 16 åt
321 425 178 18 framåtskridandet
514 426 7 16 i
534 425 116 18 ekonomiskt
663 425 91 18 afseende
766 425 7 17 i
786 425 73 23 nejder,
872 425 76 18 hvarest
960 430 23 12 en

226 453 110 24 visserligen
360 459 51 12 mera
428 453 65 23 fåtalig
511 453 109 23 befolkning
640 454 78 23 kämpar
731 455 38 16 mot
781 453 38 18 alla
832 454 23 17 de
869 453 115 23 svårigheter

226 487 39 12 som
284 483 66 22 skapas
369 482 20 18 af
406 485 26 15 ett
450 482 79 18 afskildt
547 483 40 22 läge
601 485 48 15 samt
661 482 43 23 föga
718 483 45 17 eller
777 483 83 22 ensidigt
873 482 110 18 utvecklade

226 511 128 23 näringsfång,
372 517 44 12 men
431 511 6 18 i
450 511 63 18 hvilka
526 513 80 16 naturen
619 513 81 16 ersätter
712 511 68 18 fåtalet
793 511 20 18 af
825 511 23 18 de
861 511 52 18 olika
924 511 59 17 råäm-

225 545 36 12 nen
281 540 35 17 den
336 540 88 23 erbjuder
444 545 66 17 genom
524 540 54 17 deras
589 540 70 23 rikliga
671 539 109 22 förekomst,
793 541 22 16 så
828 542 27 15 att
867 539 36 18 den
916 541 49 16 ännu
977 540 5 17 i

226 569 28 16 sin
273 574 58 17 vagga
346 569 87 18 hvilande
446 569 168 22 företagsamheten
628 569 35 17 och
676 569 141 22 produktionen
831 569 67 17 endast
911 568 73 18 afvakta

226 597 154 18 underlättandet
393 597 20 18 af
424 597 121 23 möjligheten
557 597 30 17 till
601 603 22 12 en
637 597 109 22 nödvändig
758 597 111 22 afsättning.

296 626 32 17 Om
347 631 42 12 man
408 628 50 15 utom
475 626 34 17 allt
521 626 51 17 detta
585 627 49 16 ännu
647 628 54 20 tager
713 626 7 17 i
734 626 131 21 betraktande,
877 628 28 15 att
916 626 67 22 ifråga-

226 654 81 18 varande
326 655 50 17 bana
394 654 59 18 skulle
472 655 74 17 komma
559 656 27 16 att
598 654 41 18 med
651 654 64 18 hafvet
728 655 35 17 och
777 654 42 17 med
833 654 37 18 den
883 654 57 18 redan
954 655 30 17 be-

226 683 74 22 fintliga
310 683 74 22 längsta
396 683 108 18 stambanan
517 683 66 18 förena
595 686 26 15 ett
634 683 20 18 af
664 683 42 18 vårt
718 683 54 18 lands
785 685 72 16 största
868 683 41 18 inre
916 685 67 19 vatten,

226 712 24 22 på
262 711 71 18 hvilket
345 711 58 18 redan
417 717 25 12 nu
455 717 24 12 en
492 712 83 22 betydlig
587 711 55 18 trafik
654 711 131 21 förekommer,
795 712 22 17 så
830 707 78 31 framgår
917 712 68 22 ganska

226 740 110 23 uppenbart,
356 742 28 16 att
396 740 29 18 för
444 745 22 13 en
483 741 78 22 jernväg
579 741 68 17 mellan
666 740 60 18 Vaala
738 740 35 17 och
786 740 95 23 Uleåborg
893 741 37 16 tala
938 740 46 21 skäl,

226 773 40 12 som
291 769 54 17 ställa
364 769 106 18 densamma
488 769 7 17 i
514 769 58 18 raden
591 769 55 17 bland
660 769 42 17 dem
714 769 21 17 af
745 769 46 17 våra
801 769 108 22 jernbanor,
922 769 63 18 hvilka

228 799 32 16 äro
284 797 90 22 viktigast
398 798 35 17 och
457 798 80 17 sålunda
555 798 10 21 i
581 798 36 17 den
636 797 47 18 allra
702 799 95 16 närmaste
814 797 100 18 framtiden
927 798 57 17 borde

228 825 74 24 byggas.

298 855 43 18 Med
359 855 73 23 hänsyn
450 855 31 18 till
499 855 38 18 alla
553 855 54 18 dessa
620 855 163 22 omständigheter
795 855 58 22 vågar
862 855 33 22 jag
908 855 32 18 hos
954 855 31 18 det

228 884 117 18 hedervärda
368 885 141 17 Bondeståndet
530 884 104 23 ödmjukast
652 884 82 21 anhålla,
747 885 28 15 att
791 884 75 17 ståndet
879 884 44 18 ville
936 884 49 23 gifva

229 913 33 17 sitt
275 913 84 22 benägna
371 913 100 18 understöd
484 913 20 18 åt
517 918 22 13 en
553 913 117 22 underdånig
682 913 79 22 petition
775 912 73 18 derom:

436 979 32 19 att
491 977 66 20 Hans
579 977 125 27 Kejserliga
726 976 107 27 Majestät
857 977 79 20 täcktes
952 977 34 20 till

366 1005 210 28 förstinstundande
614 1005 106 27 —landtdag
750 1005 138 27 öfverlemna
918 1005 67 27 nådig

365 1034 140 28 proposition
536 1041 35 14 om
595 1034 111 27 byggande
730 1033 26 28 af
778 1041 27 13 en
819 1034 97 27 jernväg
931 1033 55 28 från

373 1063 74 26 Vaala,
462 1063 38 20 vid
514 1063 107 20 stranden
636 1063 26 27 af
678 1062 124 27 Uleåträsk,
813 1062 36 21 till
867 1062 118 28 Uleåborgs

368 1092 55 21 stad.

301 1149 123 22 Helsingfors,
437 1149 35 18 den
485 1149 10 18 9
508 1149 92 18 Februari
613 1149 49 17 1894.

336 1208 44 21 Isak
397 1207 81 22 Hoikka.
730 1206 26 21 Eli
776 1206 108 22 Juntunen.

279 1248 137 22 Representant
428 1247 28 17 för
468 1247 74 17 Torneå
680 1246 141 23 Representant
834 1246 29 18 för
875 1247 71 22 Kajana

358 1272 91 30 domsaga.
762 1275 95 22 domsaga.

555 1322 20 21 P.
598 1322 62 21 Aulin.

430 1362 137 22 Representant
579 1361 28 17 för
619 1361 55 17 Kemi
688 1360 93 23 domsaga.

303 1471 199 19 Petitionsbetänkande
515 1471 36 18 N:o
564 1471 18 17 2.
