1070 1795
254 107 41 21 138
449 107 231 22 Petitionsbetänkande
694 108 38 21 N:o
746 108 20 21 2.

587 210 37 19 13.

294 269 31 22 Pä
348 271 49 20 sätt
420 269 33 22 uti
477 269 255 26 petitionsmemorialet
754 271 103 25 nämnes,
878 269 40 21 har
942 269 41 21 för-

225 304 74 26 slaget
322 309 37 16 om
382 310 28 15 en
428 303 83 21 bibana
531 303 50 22 från
601 303 119 22 Tavastila
740 304 87 21 station
854 304 5 21 &
878 304 102 21 Kotka—

224 338 106 21 Kouvola
344 338 95 27 jernväg
455 337 35 22 till
505 337 178 22 Fredrikshamn
699 338 38 21 vid
753 340 84 20 tvenne
849 338 135 27 föregäende

224 372 135 27 landtdagar
375 373 62 20 varit
452 372 96 22 föremäl
561 372 34 21 för
607 372 142 22 Ständernas
762 373 141 26 behandling.
925 373 59 20 Enär

224 407 37 21 vid
278 407 56 21 1888
349 407 38 21 ärs
403 407 108 27 landtdag
529 396 169 43 undersökning
714 407 26 21 af
754 407 42 22 den
811 407 173 27 ifrägavarande

224 441 68 22 linien
311 442 49 21 icke
379 442 57 21 hade
456 443 39 25 egt
513 448 58 20 rum,
594 442 99 26 föreslog
711 442 227 26 jernvägsutskottet
956 447 28 16 en

224 475 106 22 anhällan
348 476 42 21 hos
411 476 148 27 Regeringen,
575 477 37 20 att
632 475 72 22 sädan
723 476 169 27 undersökning
911 476 73 21 mätte

224 509 153 22 föranstaltas
396 512 62 20 samt
476 511 140 26 proposition
633 516 37 15 om
686 511 88 20 banans
790 511 118 26 byggande
923 511 60 20 näst-

224 545 218 21 sammanträdande
458 545 98 22 Ständer
572 545 134 26 föreläggas.
731 545 43 20 För
789 545 65 21 detta
866 545 117 21 uttalande

224 584 76 16 vanns
315 579 58 21 dock
388 579 50 22 icke
454 579 131 27 erforderlig
601 579 219 27 ständerpluralitet,
833 579 94 21 hvarför
942 578 41 21 frä-

224 618 43 21 gan
284 613 82 21 förföll.
391 613 130 22 Emellertid
537 613 155 22 verkställdes
704 613 135 27 sedermera,
851 613 29 27 pä
891 613 93 22 stadens

224 647 107 27 initiativ,
354 647 82 22 liniens
457 648 177 27 undersökning,
658 648 129 26 hvarjemte
810 648 26 21 af
856 647 128 28 ingeniören

225 682 19 21 J.
260 681 23 22 F.
300 682 124 27 Smedberg
442 682 35 21 för
497 683 74 21 denna
590 682 57 27 14,35
666 683 46 20 km.
733 682 67 27 långa
818 682 95 26 jernväg
932 688 52 20 upp-

224 716 90 27 gjordes
336 718 35 20 ett
394 717 199 26 kostnadsförslag
611 717 123 21 utvisande
758 723 27 14 en
805 717 138 21 slatsumma
961 716 26 21 af

225 751 114 26 1,120,000
354 751 73 26 mark,
440 751 90 22 hvilket
542 751 80 27 belopp
634 751 228 27 jernvägsutskottet
880 751 37 20 vid
930 750 53 21 1891

225 784 38 22 ärs
282 785 108 27 landtdag
409 785 58 22 dock
487 785 72 28 ansäg
578 786 33 26 sig
630 786 79 20 kunna
728 785 73 22 sänka
819 785 35 22 till
871 785 113 26 1,047,000

224 819 74 21 mark.
328 819 50 22 Med
399 820 90 26 hänsyn
509 820 82 26 dertill,
610 821 37 20 att
667 820 88 21 banans
774 819 210 27 anläggningskost-

224 854 45 21 nad
289 854 48 21 blef
353 856 85 19 nästan
457 855 94 21 dubbelt
569 855 76 26 högre,
664 856 29 19 än
712 855 61 20 hvad
793 854 55 21 1888
867 854 38 21 ärs
928 855 56 26 jern-

225 889 151 26 vägsutskott
403 889 114 21 förutsatt
539 890 62 20 samt
624 889 28 21 dä
675 888 84 27 mänga
781 889 70 20 andra
874 889 110 26 vigtigare

224 923 201 27 jernvägsföretag
440 925 61 20 ännu
520 923 100 21 väntade
636 923 30 27 pä
681 923 189 26 förverkligande,
887 923 98 26 föreslog

225 957 118 22 utskottet
363 959 37 20 att
415 958 152 26 petitionerna
583 963 37 15 om
636 957 120 27 byggande
771 957 26 21 af
810 963 28 16 en
853 957 83 21 bibana
950 957 35 21 till

225 991 176 22 Fredrikshamn
424 992 50 21 icke
497 991 74 22 mätte
594 992 118 21 föranleda
734 991 35 22 till
791 991 87 27 ätgärd,
898 991 87 22 hvilket

225 1025 86 28 förslag
326 1026 84 27 jemväl
428 1032 61 15 vann
505 1026 141 21 Ständernas
661 1026 172 27 godkännande.

295 1061 33 20 Dä
347 1061 43 21 den
410 1061 58 26 höga
487 1061 280 27 anläggningskostnaden
786 1060 95 21 sälunda
899 1060 86 27 utgjort

225 1096 35 20 ett
276 1095 79 21 hinder
371 1095 35 22 för
421 1095 88 22 banans
521 1095 130 26 utförande,
664 1095 41 21 har
718 1095 81 21 staden
810 1094 176 22 Fredrikshamn

225 1129 53 22 lätit
298 1129 34 27 sig
350 1130 121 27 angeläget
490 1135 57 16 vara
565 1131 37 20 att
618 1130 57 21 söka
690 1129 88 26 utreda,
794 1129 112 21 huruvida
922 1129 20 26 ej
958 1134 28 16 en

224 1164 132 27 minskning
379 1164 139 21 härutinnan
541 1164 75 21 kunde
640 1163 74 22 ernäs.
746 1163 9 21 I
779 1163 82 21 sädant
879 1163 107 21 afseende

225 1198 41 21 har
289 1199 239 26 kostnadsberäkning
550 1199 87 20 utförts
661 1199 36 20 för
720 1204 28 15 en
771 1204 31 20 ny
825 1197 58 26 linie,
903 1197 83 27 dragen

225 1238 53 15 norr
299 1239 37 15 om
356 1233 155 26 strandvägen
527 1233 34 21 till
577 1233 184 25 Fredrikshamn,
777 1232 34 21 för
827 1231 93 22 hvilken
935 1231 51 22 linie

225 1267 130 27 tillämpats
375 1267 106 22 starkare
501 1267 127 27 stigningar
653 1267 42 21 och
718 1267 87 20 mindre
828 1266 158 26 krökningsra-

226 1301 54 26 dier,
293 1303 29 19 än
337 1301 27 22 de
381 1307 49 16 som
442 1302 38 21 vid
492 1302 43 21 den
547 1301 95 27 tidigare
654 1301 199 26 undersökningen
865 1300 121 25 användts,

225 1335 113 27 nemligen
358 1336 224 26 maximistigningar
600 1335 13 22 å
628 1335 44 21 rak
687 1335 59 21 bana
763 1335 25 20 af
800 1335 55 25 0,025
872 1335 62 20 samt
949 1334 38 20 mi-

226 1369 192 22 nimikurvradier
442 1370 14 21 &
478 1370 28 21 fri
525 1370 60 20 bana
605 1369 25 21 af
648 1369 43 21 300
709 1375 30 15 m.
770 1368 123 27 Förslagen
917 1367 70 21 hafva

225 1404 120 27 uppgjorts
358 1404 137 22 alternativt
507 1405 35 20 för
554 1410 27 16 en
593 1403 167 27 normalspärig
771 1403 59 21 bana
838 1403 52 21 med
899 1407 88 16 samma

298 1455 203 18 Petitionsbetänkande
513 1455 38 17 N:o
563 1455 18 17 2.
