1070 1795
193 134 377 24 Petitionsbetänkande
586 135 58 22 N:o
660 135 48 22 12.

278 455 293 29 Jernvägsutskottets
589 455 168 23 betänkande
769 455 36 22 N:o
817 455 12 22 3

210 484 48 22 med
280 485 118 28 anledning
418 485 24 21 af
467 485 112 21 särskilda
604 485 34 21 till
664 485 27 21 de
707 484 122 29 Höglofliga

211 513 95 22 Stånden
324 513 126 22 inlemnade
465 513 191 29 petitionsförslag
672 520 32 15 om
720 513 109 22 kanalise-

211 542 153 28 ringsarbeten
380 542 8 21 i
403 542 60 22 olika
479 542 63 22 delar
559 542 24 22 af
596 542 81 22 landet.

143 645 36 18 Till
196 645 186 22 jernvägsutskottet
397 645 60 18 hafva
474 645 119 18 remitterats
605 645 83 22 följande
700 644 130 23 petitionsför-

74 674 48 23 slag,
135 673 104 19 berörande
252 673 51 19 olika
315 673 228 24 kanaliseringsarbeten.

145 745 157 26 (Öfversättning)

444 795 20 19 1.

256 852 43 17 Till
312 852 148 23 Högvördiga
472 853 183 17 Prestaständet.

146 910 72 21 Frägan
237 915 28 12 om
278 909 129 22 kanalisering
420 909 21 18 af
452 909 95 22 Vuoksen,
560 909 36 18 den
610 910 82 22 mäktiga
704 909 128 18 hufvudädern

77 939 7 17 i
97 938 85 23 sydöstra
194 938 89 17 Finlands
296 938 115 23 vattendrag,
424 939 35 17 har
472 939 55 22 länge
541 939 113 17 diskuterats
667 939 35 17 och
709 938 84 18 öfverallt
800 939 34 17 har

77 967 44 18 dess
135 967 149 22 förverkligande
298 967 74 18 erkänts
386 972 40 12 som
439 969 27 16 ett
479 967 66 22 vigtigt
557 967 60 18 vilkor
627 967 28 18 för
662 967 44 18 vära
712 969 50 16 östra
769 969 65 20 gräns-

77 995 83 18 trakters
179 995 103 18 materiella
294 995 102 18 förkofran.
422 996 57 17 Detta
492 996 73 17 bevisas
576 996 69 23 jemväl
658 995 57 22 deraf,
728 998 32 19 att,
773 996 62 17 säsom

77 1024 64 21 kändt,
158 1023 104 18 Ständerna
274 1024 32 17 vid
319 1024 45 18 1885
376 1025 32 16 års
422 1024 90 23 landtdag
524 1025 30 16 till
567 1025 51 17 Hans
630 1025 106 22 Kejserliga
748 1025 87 22 Majestät

78 1053 107 18 inlemnade
202 1058 22 12 en
238 1053 117 22 underdänig
368 1053 89 17 anhållan
470 1059 29 12 om
512 1053 138 18 verkställande
664 1053 20 17 af
695 1053 140 22 undersökning

78 1081 29 18 för
125 1083 27 16 att
170 1083 66 16 utröna
251 1081 92 18 huruvida
356 1087 22 12 en
391 1082 130 22 kanalisering
534 1082 20 17 af
564 1082 133 22 vattendragen
710 1082 79 17 emellan
801 1082 34 17 La-

79 1110 48 22 doga
145 1111 27 22 sjö
189 1110 35 17 och
236 1111 70 16 Finska
318 1111 56 17 viken
386 1110 54 18 invid
453 1111 87 22 Wiborgs
553 1111 41 17 stad
607 1111 59 17 skulle
679 1111 63 16 kunna
755 1110 81 23 försiggä

80 1139 34 17 och
133 1139 49 17 huru
196 1139 46 22 högt
252 1139 127 18 kostnaderna
392 1139 29 18 för
434 1139 63 18 denna
509 1139 128 22 kanalisering
650 1139 59 17 skulle
722 1139 53 22 stiga,
789 1141 48 15 samt

79 1169 28 16 att
119 1167 216 18 nästsammanträdande
348 1167 82 18 Ständer
442 1168 57 17 måtte
505 1167 105 23 föreläggas
617 1168 57 22 nådig
681 1168 114 23 proposition
805 1173 31 12 an-

80 1196 71 23 gäende
164 1196 152 23 kanaliseringen
328 1196 20 17 af
362 1197 101 17 Vuoksens
476 1197 58 17 nedre
548 1197 29 16 del
591 1197 20 17 sä
623 1197 55 22 längt,
692 1199 26 15 att
730 1197 35 17 den
779 1197 58 22 segel-

80 1225 33 17 bar
132 1225 66 22 gjorda
218 1225 54 17 delen
290 1225 21 17 af
328 1225 51 18 detta
391 1225 112 22 vattendrag
516 1225 59 18 skulle
589 1225 91 18 komma
667 1221 14 31 i
694 1225 62 18 direkt
767 1225 70 17 förbin-

81 1253 51 18 delse
151 1253 42 17 med
212 1253 35 17 den
266 1253 93 18 blifvande
379 1254 96 17 Karelska
491 1253 114 18 stambanan.
630 1254 51 17 Hans
694 1254 87 22 Majestät
793 1253 44 18 fann

81 1281 105 18 emellertid
198 1281 30 18 för
240 1283 44 21 godt
297 1284 26 15 att
335 1283 63 17 lemna
410 1282 63 18 denna
487 1283 113 17 Ständernas
610 1283 79 21 petition
697 1284 44 15 utan
748 1282 89 17 afseende

80 1311 35 17 och
134 1312 26 16 att
178 1311 6 17 i
204 1311 42 17 dess
265 1311 53 17 ställe
337 1311 95 21 förordna,
452 1313 27 15 att
492 1311 89 18 Vuoksen
594 1311 60 18 skulle
668 1311 115 18 kanaliseras
796 1311 41 17 frän

80 1339 75 17 Jääskis
169 1339 28 17 till
210 1340 108 17 Kaasniemi
336 1340 7 16 i
359 1340 78 17 Räisälä
450 1340 35 17 och
497 1340 29 16 till
539 1340 101 17 Kiviniemi
653 1340 6 16 i
672 1340 86 17 Sakkola.
782 1340 56 16 Detta

81 1367 211 23 kanaliseringsföretag
305 1370 21 15 är
338 1368 57 18 också
407 1368 60 17 redan
480 1368 29 17 till
522 1374 23 12 en
559 1368 28 18 del
601 1368 75 21 utfördt,
690 1370 44 16 enär
744 1368 94 17 Paakkola

81 1396 56 17 kanal
149 1399 52 15 snart
213 1397 67 17 blifver
292 1397 112 17 fullbordad.
425 1397 73 18 Genom
505 1397 68 17 nämda
579 1397 127 22 kanalisering
712 1397 83 23 kommer
802 1397 36 16 vis-

82 1425 81 22 serligen
182 1431 22 12 en
218 1425 30 18 del
262 1425 20 17 af
292 1425 146 18 Vuoksendalen
452 1428 27 15 att
491 1426 74 17 förenas
578 1425 41 18 med
633 1426 36 17 den
682 1426 91 17 Karelska
783 1427 55 15 stam-

81 1454 68 21 banan,
168 1459 41 12 men
228 1454 57 17 nekas
299 1454 35 17 kan
348 1454 48 17 dock
409 1455 44 17 icke
467 1456 27 16 att
506 1454 106 18 fördelarna
624 1454 20 17 af
655 1454 98 18 Vuoksens
766 1453 72 18 kanali-

152 1493 198 18 Petitionsbetänkande
364 1494 37 17 N:o
414 1495 28 17 12.
