1070 1795
226 136 26 21 14
391 135 262 23 Motionsbetänkande
677 135 45 23 N:o
746 135 20 22 7.

196 205 56 19 hand
267 205 97 24 traderad,
380 211 41 14 som
438 205 32 26 lag
486 211 32 14 om
533 205 135 25 öfvergången
684 205 20 19 af
718 205 141 25 cganderätten
875 205 30 19 till
920 207 34 17 vä-

196 233 66 20 xande
284 234 114 25 afkastning
421 233 25 26 pä
467 233 114 26 legotagare
596 233 84 25 förmär;
705 233 40 26 2:0)
760 233 53 20 hvad
827 233 127 25 legotagaren

196 263 64 18 under
282 263 148 24 legostämman,
453 263 48 18 eller
523 263 33 18 vid
577 262 155 25 legostämmans
755 262 77 25 utgäng
853 262 37 19 och
907 262 47 19 dess

196 291 100 25 brytande
311 291 20 19 af
346 291 62 19 andra
423 291 81 19 orsaker
519 297 47 18 eger
581 293 39 17 rätt
635 293 29 17 att
680 291 44 18 frän
737 291 74 24 skogen
826 291 79 24 afskilja
917 291 37 18 och

195 319 90 20 bortföra
305 319 48 20 eller
374 319 87 25 försälja;
486 320 40 24 3:0)
546 319 53 19 hvad
614 319 30 19 till
659 319 114 20 konkursbo
788 319 106 24 rätteligen
909 319 45 24 hör;

196 348 42 25 4:0)
258 348 99 19 huruvida
379 348 126 25 legotagaren
523 348 33 19 vid
572 350 90 23 tvungen
678 347 98 26 återgång
791 349 19 18 af
824 347 132 25 legostämma

195 377 36 18 bör
246 376 78 25 åtnjuta
338 377 44 24 laga
397 377 68 24 fardag
481 377 48 18 eller
542 377 55 24 icke;
615 383 17 13 o.
649 383 15 12 s.
681 383 18 12 v.

267 405 67 20 Skulle
350 405 58 19 dessa
423 405 118 25 rättsfirägor
556 405 82 19 hänföra
654 405 32 25 sig
695 405 30 19 till
736 406 29 18 ett
776 405 116 20 intecknadt
901 405 54 25 lego-

196 434 48 18 aftal
260 440 32 13 om
307 434 87 19 besuttet
410 434 97 24 hemman,
523 434 159 19 tillerkännande
696 434 127 24 legotagaren
837 434 118 24 fullständig

196 462 109 25 nyttjorätt
320 462 28 19 till
365 462 124 19 hemmanets
505 462 92 25 samtliga
612 462 104 24 förmäner,
731 462 71 19 endast
817 462 105 19 inskränkt
935 463 21 18 af

196 497 84 18 egarens
297 491 78 24 vanliga
391 491 102 24 undantag
508 491 63 24 enligt
587 492 67 18 ortens
670 491 42 24 sed,
727 497 46 12 men
789 491 106 24 utvidgadt
909 491 45 19 med

197 525 77 13 samma
289 521 39 17 rätt
344 519 30 19 till
390 520 86 24 skogens
491 519 123 25 afverkning,
629 519 131 24 förbrukning
775 519 48 19 eller
832 519 122 25 försäljning,

197 553 42 14 som
261 548 312 25 skogsafverkningskontrakten
589 548 41 19 afse
646 550 29 17 att
690 548 119 19 tillförsäkra
824 548 130 25 legotagaren,

197 575 23 20 sä
244 576 65 19 skulle
334 577 30 24 jag
383 577 43 18 icke
441 583 47 12 anse
504 577 41 24 mig
559 577 69 18 kunna
643 577 53 24 hysa
711 576 62 25 nägot
787 576 120 19 tvifvelsmäl
922 583 32 12 om

196 604 146 20 domstolarnas
363 605 151 24 beredvillignet
535 606 31 17 att
588 605 41 19 lösa
650 605 40 18 alla
708 605 59 18 dessa
781 605 128 25 tvistefrägor
924 605 32 18 till

196 633 141 24 legotagarens
352 633 83 19 förmån.
454 633 44 19 Men
513 634 6 18 i
534 633 69 24 regeln
613 633 81 19 hänföra
705 634 31 23 sig
746 633 25 19 de
784 633 90 24 brukliga
884 633 70 25 skogs-

196 661 250 26 afverkningskontrakten
464 662 71 19 endast
551 662 29 19 till
597 662 114 19 territorielt
726 662 102 19 bestämda
842 662 112 19 hemmans-

196 696 53 19 egor,
273 691 37 18 och
332 696 37 13 den
392 690 85 19 aftalade
499 690 134 25 nyttjorätten
652 693 22 16 är
689 691 7 18 i
712 691 76 24 ganska
803 691 90 24 betydlig
907 690 47 19 män

195 718 107 19 inskränkt
318 719 30 18 till
370 719 128 24 jordegarens
522 718 82 20 förmän.
635 719 63 19 Dessa
713 719 172 24 omständigheter
899 719 56 18 kom-

196 747 75 24 plicera
286 747 126 25 rättsirägan,
428 747 82 19 emedan
526 753 46 13 man
587 747 43 20 icke
646 749 21 17 är
682 748 90 24 benägen
787 750 76 22 antaga,
879 749 29 17 att
916 747 38 19 den

196 775 125 24 aftalsfrihet,
337 782 43 13 som
396 776 105 25 onekligen
516 775 69 20 bestär
600 776 29 19 för
644 776 93 25 legoaftal
754 782 31 13 om
801 775 154 26 sjelfbestäende

196 803 94 20 hemman
306 805 36 18 och
358 805 25 18 all
399 811 65 12 annan
480 804 127 25 lagstiftning
622 805 75 24 därom,
708 811 71 18 genom
790 805 25 18 de
825 811 40 18 nya
875 805 80 24 lagarna

196 832 85 19 rörande
304 833 94 24 legoaftal
414 839 31 13 om
460 833 67 24 någon
543 833 31 19 del
589 833 20 18 af
623 833 69 19 frälse-
709 833 37 19 och
762 833 158 19 skattehemman
936 833 20 18 af

196 860 22 19 är
242 861 56 20 1864
321 861 36 19 och
382 862 53 19 1883
459 861 37 19 och
517 867 72 19 genom
611 861 189 25 inteckningslagen
823 861 19 19 af
857 861 22 20 är
895 862 59 23 1868,

196 889 66 19 blifvit
285 890 99 19 utsträckt
406 890 30 19 till
458 890 55 19 delar
535 890 19 19 af
576 890 159 25 hemmansegor.
766 890 37 25 Jag
823 890 30 19 för
868 890 41 19 min
924 889 31 20 del

195 917 64 25 hyser
283 918 25 25 på
331 918 140 19 ofvananförda
493 918 88 25 grunder
597 919 38 18 den
649 919 136 24 uppfattning,
800 920 29 17 att
844 919 59 24 lagen
918 924 37 13 nu-

196 952 54 13 mera
266 947 6 18 i
288 947 37 19 allo
341 947 97 19 likställer
460 947 93 24 legoaftal
575 953 32 13 om
623 947 55 19 delar
692 948 20 18 af
737 947 152 24 hemmansegor
911 947 45 18 med

197 975 76 18 sådana
289 981 30 13 om
343 976 87 19 besuttet
453 975 97 20 hemman.
573 975 46 20 Men
642 976 65 19 denna
729 975 129 26 uppfattning
873 975 35 19 vill
922 975 34 25 jag

196 1003 44 19 icke
256 1003 96 25 pätvinga
364 1004 68 19 andra.

268 1032 114 20 Emellertid
405 1033 58 18 hafva
485 1032 151 20 förhällandena
658 1033 78 24 antagit
758 1033 117 18 karaktären
897 1033 19 18 af
931 1038 25 13 en

198 1059 69 25 vädlig
296 1061 104 19 osäkerhet
423 1061 29 19 för
473 1061 229 20 trävaruindustriernas
738 1061 90 19 framtida
858 1061 97 19 säkerhet.

197 1089 139 24 Prejudikater
360 1090 64 19 finnas
440 1090 35 19 och
495 1089 96 26 åberopas
607 1091 53 18 emot
676 1090 121 25 beviljandet
812 1090 19 19 af
845 1089 111 19 intecknin-

197 1123 36 18 gar
248 1117 30 19 för
295 1118 314 25 skogsafverkningskontrakten.
640 1118 175 25 Vetenskapsmän
831 1118 44 19 med
886 1118 70 19 aukto-

197 1146 47 19 ritet
260 1146 59 19 hafva
335 1147 71 18 uttalat
430 1147 30 24 sig
475 1147 5 19 i
495 1153 75 13 samma
591 1147 91 24 riktning
697 1147 37 19 och
750 1147 39 24 dag
803 1146 44 19 från
863 1147 38 24 dag
916 1147 39 18 till-

198 1177 63 16 växer
285 1175 122 19 motståndet
429 1175 36 20 hos
488 1175 141 19 domarekären
651 1178 53 17 emot
719 1175 169 25 inteckningarna.
919 1175 38 19 Det

197 1205 22 16 är
235 1203 32 19 väl
284 1203 82 25 möjligt,
381 1206 29 17 att
426 1210 23 13 en
465 1204 31 19 del
512 1204 19 19 af
546 1204 64 19 öfver-
633 1205 37 18 och
685 1204 166 19 underrätternas
868 1203 66 25 utslag
949 1203 7 19 i

197 1231 59 19 dessa
280 1232 88 19 ärenden
390 1233 77 24 grunda
493 1233 30 24 sig
545 1232 26 25 pä
593 1233 34 18 det
650 1232 48 22 skäl,
720 1239 43 12 som
778 1233 59 18 äfven
851 1232 33 25 jag
898 1237 59 14 anser

198 1266 47 12 vara
260 1261 68 24 giltigt
343 1261 30 18 för
388 1261 274 24 inteckningsansökningens
678 1261 109 24 afsläende,
801 1261 100 24 nemligen
912 1261 44 18 sak-

197 1289 65 18 naden
279 1289 20 18 af
313 1295 24 13 en
353 1289 75 25 verklig
443 1289 50 25 ärlig
507 1289 44 25 lega
563 1290 29 19 för
607 1290 23 19 de
646 1289 106 26 betingade
767 1289 189 25 nyttjorättsförmä-

197 1323 67 12 nerna.
295 1317 44 19 Men
356 1318 32 19 vid
404 1318 64 19 denna
483 1318 149 25 omständighet
648 1318 61 19 fäster
724 1318 38 19 den
777 1318 102 24 obenägna
895 1317 61 25 opini-

197 1350 52 14 onen
276 1346 43 24 föga
343 1346 47 24 vigt,
414 1346 37 19 och
473 1348 55 22 tager
551 1346 160 25 prejudikaterna
735 1346 67 19 säsom
823 1348 29 17 ett
867 1346 89 24 generelt

197 1374 101 24 ogillande
322 1374 19 19 af
356 1375 83 19 aftalens
462 1375 55 24 form,
533 1375 57 19 deras
606 1374 87 20 innehåll
710 1375 38 19 och
762 1374 98 20 ändamål.
890 1373 67 20 Under

198 1402 75 19 sådana
296 1403 170 25 omständigheter
481 1403 72 20 blifver
571 1403 34 20 det
620 1403 90 25 omöjligt
725 1403 29 19 för
769 1403 37 19 den
823 1403 90 19 enskilde
928 1404 28 17 att

196 1431 86 25 besegra
297 1431 37 19 den
358 1432 139 25 motsträfviga
516 1432 105 25 opinionen
638 1432 44 19 med
698 1433 34 18 det
748 1432 101 25 offentliga
864 1431 93 20 tankeut-

268 1481 132 22 Lagutskottets
413 1481 109 18 betänkande
534 1481 37 18 N:o
584 1482 26 17 11.
