<?xml version="1.0" encoding="UTF-8"?>
<alto xmlns="http://www.loc.gov/standards/alto/ns-v3#" xmlns:xlink="http://www.w3.org/1999/xlink" xmlns:xsi="http://www.w3.org/2001/XMLSchema-instance" xsi:schemaLocation="http://www.loc.gov/standards/alto/ns-v3# http://www.loc.gov/alto/v3/alto-3-0.xsd">
	<Description>
		<MeasurementUnit>pixel</MeasurementUnit>
		<sourceImageInformation>
			<fileName>/tmp/tess_fbcwyv4p_input.PNG</fileName>
		</sourceImageInformation>
		<OCRProcessing ID="OCR_0">
			<ocrProcessingStep>
				<processingSoftware>
					<softwareName>tesseract 5.3.4</softwareName>
				</processingSoftware>
			</ocrProcessingStep>
		</OCRProcessing>
	</Description>
	<Layout>
		<Page WIDTH="1070" HEIGHT="1795" PHYSICAL_IMG_NR="0" ID="page_0">
			<PrintSpace HPOS="0" VPOS="0" WIDTH="1070" HEIGHT="1795">
				<ComposedBlock ID="cblock_0" HPOS="304" VPOS="141" WIDTH="511" HEIGHT="23">
					<TextBlock ID="block_0" HPOS="304" VPOS="141" WIDTH="511" HEIGHT="23">
						<TextLine ID="line_0" HPOS="304" VPOS="141" WIDTH="511" HEIGHT="23">
							<String ID="string_0" HPOS="304" VPOS="141" WIDTH="57" HEIGHT="22" WC="0.92" CONTENT="Petiti"/><SP WIDTH="6" VPOS="141" HPOS="361"/>
							<String ID="string_1" HPOS="367" VPOS="141" WIDTH="168" HEIGHT="22" WC="0.91" CONTENT="onsbetänkande"/><SP WIDTH="16" VPOS="141" HPOS="535"/>
							<String ID="string_2" HPOS="551" VPOS="141" WIDTH="36" HEIGHT="22" WC="0.96" CONTENT="N:o"/><SP WIDTH="15" VPOS="141" HPOS="587"/>
							<String ID="string_3" HPOS="602" VPOS="141" WIDTH="20" HEIGHT="22" WC="0.96" CONTENT="2."/><SP WIDTH="151" VPOS="141" HPOS="622"/>
							<String ID="string_4" HPOS="773" VPOS="143" WIDTH="42" HEIGHT="21" WC="0.95" CONTENT="137"/>
						</TextLine>
					</TextBlock>
				</ComposedBlock>
				<ComposedBlock ID="cblock_1" HPOS="81" VPOS="198" WIDTH="763" HEIGHT="572">
					<TextBlock ID="block_1" HPOS="81" VPOS="198" WIDTH="763" HEIGHT="331">
						<TextLine ID="line_1" HPOS="82" VPOS="198" WIDTH="762" HEIGHT="29">
							<String ID="string_5" HPOS="82" VPOS="198" WIDTH="62" HEIGHT="21" WC="0.96" CONTENT="delse"/><SP WIDTH="11" VPOS="198" HPOS="144"/>
							<String ID="string_6" HPOS="155" VPOS="198" WIDTH="52" HEIGHT="22" WC="0.96" CONTENT="med"/><SP WIDTH="8" VPOS="198" HPOS="207"/>
							<String ID="string_7" HPOS="215" VPOS="199" WIDTH="39" HEIGHT="21" WC="0.96" CONTENT="det"/><SP WIDTH="7" VPOS="199" HPOS="254"/>
							<String ID="string_8" HPOS="261" VPOS="199" WIDTH="101" HEIGHT="21" WC="0.96" CONTENT="härifrån"/><SP WIDTH="11" VPOS="199" HPOS="362"/>
							<String ID="string_9" HPOS="373" VPOS="199" WIDTH="73" HEIGHT="27" WC="0.93" CONTENT="uppåt"/><SP WIDTH="12" VPOS="199" HPOS="446"/>
							<String ID="string_10" HPOS="458" VPOS="199" WIDTH="120" HEIGHT="27" WC="0.91" CONTENT="segelbara"/><SP WIDTH="11" VPOS="199" HPOS="578"/>
							<String ID="string_11" HPOS="589" VPOS="199" WIDTH="72" HEIGHT="21" WC="0.93" CONTENT="Kisko"/><SP WIDTH="13" VPOS="199" HPOS="661"/>
							<String ID="string_12" HPOS="674" VPOS="200" WIDTH="170" HEIGHT="27" WC="0.96" CONTENT="vattendraget,"/>
						</TextLine>
						<TextLine ID="line_2" HPOS="82" VPOS="232" WIDTH="761" HEIGHT="29">
							<String ID="string_13" HPOS="82" VPOS="233" WIDTH="65" HEIGHT="26" WC="0.96" CONTENT="längs"/><SP WIDTH="19" VPOS="233" HPOS="147"/>
							<String ID="string_14" HPOS="166" VPOS="232" WIDTH="89" HEIGHT="23" WC="0.96" CONTENT="hvilket"/><SP WIDTH="19" VPOS="232" HPOS="255"/>
							<String ID="string_15" HPOS="274" VPOS="239" WIDTH="28" HEIGHT="16" WC="0.96" CONTENT="en"/><SP WIDTH="19" VPOS="239" HPOS="302"/>
							<String ID="string_16" HPOS="321" VPOS="233" WIDTH="50" HEIGHT="22" WC="0.96" CONTENT="icke"/><SP WIDTH="15" VPOS="233" HPOS="371"/>
							<String ID="string_17" HPOS="386" VPOS="233" WIDTH="65" HEIGHT="26" WC="0.96" CONTENT="ringa"/><SP WIDTH="14" VPOS="233" HPOS="451"/>
							<String ID="string_18" HPOS="465" VPOS="233" WIDTH="77" HEIGHT="26" WC="0.96" CONTENT="trafik,"/><SP WIDTH="17" VPOS="233" HPOS="542"/>
							<String ID="string_19" HPOS="559" VPOS="233" WIDTH="111" HEIGHT="22" WC="0.96" CONTENT="särskildt"/><SP WIDTH="15" VPOS="233" HPOS="670"/>
							<String ID="string_20" HPOS="685" VPOS="233" WIDTH="27" HEIGHT="21" WC="0.93" CONTENT="af"/><SP WIDTH="13" VPOS="233" HPOS="712"/>
							<String ID="string_21" HPOS="725" VPOS="234" WIDTH="118" HEIGHT="27" WC="0.91" CONTENT="skogspro-"/>
						</TextLine>
						<TextLine ID="line_3" HPOS="82" VPOS="263" WIDTH="762" HEIGHT="30">
							<String ID="string_22" HPOS="82" VPOS="267" WIDTH="89" HEIGHT="26" WC="0.96" CONTENT="dukter,"/><SP WIDTH="16" VPOS="267" HPOS="171"/>
							<String ID="string_23" HPOS="187" VPOS="273" WIDTH="55" HEIGHT="16" WC="0.93" CONTENT="vore"/><SP WIDTH="19" VPOS="273" HPOS="242"/>
							<String ID="string_24" HPOS="261" VPOS="269" WIDTH="36" HEIGHT="20" WC="0.93" CONTENT="att"/><SP WIDTH="20" VPOS="269" HPOS="297"/>
							<String ID="string_25" HPOS="317" VPOS="269" WIDTH="94" HEIGHT="20" WC="0.93" CONTENT="emotse."/><SP WIDTH="31" VPOS="269" HPOS="411"/>
							<String ID="string_26" HPOS="442" VPOS="263" WIDTH="77" HEIGHT="26" WC="0.96" CONTENT="Äfven"/><SP WIDTH="18" VPOS="263" HPOS="519"/>
							<String ID="string_27" HPOS="537" VPOS="267" WIDTH="73" HEIGHT="22" WC="0.96" CONTENT="finnes"/><SP WIDTH="14" VPOS="267" HPOS="610"/>
							<String ID="string_28" HPOS="624" VPOS="268" WIDTH="62" HEIGHT="21" WC="0.96" CONTENT="invid"/><SP WIDTH="16" VPOS="268" HPOS="686"/>
							<String ID="string_29" HPOS="702" VPOS="268" WIDTH="74" HEIGHT="21" WC="0.92" CONTENT="denna"/><SP WIDTH="16" VPOS="268" HPOS="776"/>
							<String ID="string_30" HPOS="792" VPOS="269" WIDTH="52" HEIGHT="21" WC="0.92" CONTENT="linie"/>
						</TextLine>
						<TextLine ID="line_4" HPOS="81" VPOS="301" WIDTH="762" HEIGHT="28">
							<String ID="string_31" HPOS="81" VPOS="301" WIDTH="68" HEIGHT="26" WC="0.95" CONTENT="riklig"/><SP WIDTH="17" VPOS="301" HPOS="149"/>
							<String ID="string_32" HPOS="166" VPOS="301" WIDTH="96" HEIGHT="27" WC="0.96" CONTENT="tillgång"/><SP WIDTH="19" VPOS="301" HPOS="262"/>
							<String ID="string_33" HPOS="281" VPOS="301" WIDTH="29" HEIGHT="28" WC="0.95" CONTENT="på"/><SP WIDTH="18" VPOS="301" HPOS="310"/>
							<String ID="string_34" HPOS="328" VPOS="302" WIDTH="109" HEIGHT="21" WC="0.95" CONTENT="kalksten"/><SP WIDTH="20" VPOS="302" HPOS="437"/>
							<String ID="string_35" HPOS="457" VPOS="301" WIDTH="41" HEIGHT="22" WC="0.96" CONTENT="och"/><SP WIDTH="16" VPOS="301" HPOS="498"/>
							<String ID="string_36" HPOS="514" VPOS="301" WIDTH="90" HEIGHT="22" WC="0.96" CONTENT="kvarts."/><SP WIDTH="31" VPOS="301" HPOS="604"/>
							<String ID="string_37" HPOS="635" VPOS="302" WIDTH="86" HEIGHT="21" WC="0.96" CONTENT="Koskis"/><SP WIDTH="16" VPOS="302" HPOS="721"/>
							<String ID="string_38" HPOS="737" VPOS="302" WIDTH="58" HEIGHT="21" WC="0.96" CONTENT="bruk"/><SP WIDTH="16" VPOS="302" HPOS="795"/>
							<String ID="string_39" HPOS="811" VPOS="304" WIDTH="32" HEIGHT="24" WC="0.96" CONTENT="är,"/>
						</TextLine>
						<TextLine ID="line_5" HPOS="83" VPOS="335" WIDTH="761" HEIGHT="28">
							<String ID="string_40" HPOS="83" VPOS="335" WIDTH="76" HEIGHT="22" WC="0.96" CONTENT="såsom"/><SP WIDTH="12" VPOS="335" HPOS="159"/>
							<String ID="string_41" HPOS="171" VPOS="335" WIDTH="63" HEIGHT="22" WC="0.96" CONTENT="förut"/><SP WIDTH="12" VPOS="335" HPOS="234"/>
							<String ID="string_42" HPOS="246" VPOS="337" WIDTH="100" HEIGHT="26" WC="0.95" CONTENT="nämnts,"/><SP WIDTH="13" VPOS="337" HPOS="346"/>
							<String ID="string_43" HPOS="359" VPOS="336" WIDTH="135" HEIGHT="27" WC="0.96" CONTENT="visserligen"/><SP WIDTH="11" VPOS="336" HPOS="494"/>
							<String ID="string_44" HPOS="505" VPOS="335" WIDTH="36" HEIGHT="22" WC="0.96" CONTENT="för"/><SP WIDTH="10" VPOS="335" HPOS="541"/>
							<String ID="string_45" HPOS="551" VPOS="336" WIDTH="103" HEIGHT="21" WC="0.93" CONTENT="tillfället"/><SP WIDTH="11" VPOS="336" HPOS="654"/>
							<String ID="string_46" HPOS="665" VPOS="336" WIDTH="114" HEIGHT="27" WC="0.91" CONTENT="nedlagdt,"/><SP WIDTH="12" VPOS="336" HPOS="779"/>
							<String ID="string_47" HPOS="791" VPOS="342" WIDTH="53" HEIGHT="16" WC="0.97" CONTENT="men"/>
						</TextLine>
						<TextLine ID="line_6" HPOS="82" VPOS="369" WIDTH="762" HEIGHT="28">
							<String ID="string_48" HPOS="82" VPOS="370" WIDTH="38" HEIGHT="21" WC="0.96" CONTENT="det"/><SP WIDTH="22" VPOS="370" HPOS="120"/>
							<String ID="string_49" HPOS="142" VPOS="369" WIDTH="76" HEIGHT="22" WC="0.96" CONTENT="måste"/><SP WIDTH="23" VPOS="369" HPOS="218"/>
							<String ID="string_50" HPOS="241" VPOS="375" WIDTH="68" HEIGHT="16" WC="0.96" CONTENT="anses"/><SP WIDTH="23" VPOS="375" HPOS="309"/>
							<String ID="string_51" HPOS="332" VPOS="371" WIDTH="84" HEIGHT="20" WC="0.96" CONTENT="nästan"/><SP WIDTH="24" VPOS="371" HPOS="416"/>
							<String ID="string_52" HPOS="440" VPOS="370" WIDTH="79" HEIGHT="21" WC="0.95" CONTENT="säkert"/><SP WIDTH="24" VPOS="370" HPOS="519"/>
							<String ID="string_53" HPOS="543" VPOS="371" WIDTH="36" HEIGHT="20" WC="0.96" CONTENT="att"/><SP WIDTH="23" VPOS="371" HPOS="579"/>
							<String ID="string_54" HPOS="602" VPOS="371" WIDTH="38" HEIGHT="21" WC="0.96" CONTENT="det"/><SP WIDTH="23" VPOS="371" HPOS="640"/>
							<String ID="string_55" HPOS="663" VPOS="370" WIDTH="41" HEIGHT="21" WC="0.96" CONTENT="här"/><SP WIDTH="23" VPOS="370" HPOS="704"/>
							<String ID="string_56" HPOS="727" VPOS="370" WIDTH="117" HEIGHT="27" WC="0.94" CONTENT="befintliga"/>
						</TextLine>
						<TextLine ID="line_7" HPOS="82" VPOS="404" WIDTH="761" HEIGHT="28">
							<String ID="string_57" HPOS="82" VPOS="404" WIDTH="148" HEIGHT="22" WC="0.89" CONTENT="vattenfallet"/><SP WIDTH="26" VPOS="404" HPOS="230"/>
							<String ID="string_58" HPOS="256" VPOS="405" WIDTH="122" HEIGHT="22" WC="0.90" CONTENT="framdeles"/><SP WIDTH="28" VPOS="405" HPOS="378"/>
							<String ID="string_59" HPOS="406" VPOS="405" WIDTH="59" HEIGHT="21" WC="0.93" CONTENT="skall"/><SP WIDTH="23" VPOS="405" HPOS="465"/>
							<String ID="string_60" HPOS="488" VPOS="405" WIDTH="162" HEIGHT="27" WC="0.91" CONTENT="tillgodogöras"/><SP WIDTH="23" VPOS="405" HPOS="650"/>
							<String ID="string_61" HPOS="673" VPOS="405" WIDTH="35" HEIGHT="21" WC="0.96" CONTENT="för"/><SP WIDTH="23" VPOS="405" HPOS="708"/>
							<String ID="string_62" HPOS="731" VPOS="406" WIDTH="35" HEIGHT="20" WC="0.96" CONTENT="ett"/><SP WIDTH="23" VPOS="406" HPOS="766"/>
							<String ID="string_63" HPOS="789" VPOS="405" WIDTH="54" HEIGHT="22" WC="0.95" CONTENT="eller"/>
						</TextLine>
						<TextLine ID="line_8" HPOS="82" VPOS="439" WIDTH="760" HEIGHT="27">
							<String ID="string_64" HPOS="82" VPOS="441" WIDTH="71" HEIGHT="19" WC="0.92" CONTENT="annat"/><SP WIDTH="15" VPOS="441" HPOS="153"/>
							<String ID="string_65" HPOS="168" VPOS="439" WIDTH="132" HEIGHT="22" WC="0.72" CONTENT="industrielt"/><SP WIDTH="15" VPOS="439" HPOS="300"/>
							<String ID="string_66" HPOS="315" VPOS="440" WIDTH="113" HEIGHT="26" WC="0.96" CONTENT="ändamål,"/><SP WIDTH="14" VPOS="440" HPOS="428"/>
							<String ID="string_67" HPOS="442" VPOS="445" WIDTH="36" HEIGHT="15" WC="0.93" CONTENT="om"/><SP WIDTH="15" VPOS="445" HPOS="478"/>
							<String ID="string_68" HPOS="493" VPOS="440" WIDTH="125" HEIGHT="26" WC="0.91" CONTENT="jernvägen"/><SP WIDTH="15" VPOS="440" HPOS="618"/>
							<String ID="string_69" HPOS="633" VPOS="439" WIDTH="62" HEIGHT="22" WC="0.92" CONTENT="ledes"/><SP WIDTH="12" VPOS="439" HPOS="695"/>
							<String ID="string_70" HPOS="707" VPOS="440" WIDTH="74" HEIGHT="21" WC="0.96" CONTENT="denna"/><SP WIDTH="10" VPOS="440" HPOS="781"/>
							<String ID="string_71" HPOS="791" VPOS="441" WIDTH="51" HEIGHT="25" WC="0.96" CONTENT="väg."/>
						</TextLine>
						<TextLine ID="line_9" HPOS="82" VPOS="473" WIDTH="761" HEIGHT="28">
							<String ID="string_72" HPOS="82" VPOS="473" WIDTH="124" HEIGHT="22" WC="0.92" CONTENT="Utskottet"/><SP WIDTH="23" VPOS="473" HPOS="206"/>
							<String ID="string_73" HPOS="229" VPOS="473" WIDTH="41" HEIGHT="21" WC="0.93" CONTENT="har"/><SP WIDTH="24" VPOS="473" HPOS="270"/>
							<String ID="string_74" HPOS="294" VPOS="473" WIDTH="94" HEIGHT="22" WC="0.92" CONTENT="sälunda"/><SP WIDTH="23" VPOS="473" HPOS="388"/>
							<String ID="string_75" HPOS="411" VPOS="473" WIDTH="76" HEIGHT="22" WC="0.92" CONTENT="funnit"/><SP WIDTH="22" VPOS="473" HPOS="487"/>
							<String ID="string_76" HPOS="509" VPOS="474" WIDTH="96" HEIGHT="27" WC="0.94" CONTENT="mycket"/><SP WIDTH="19" VPOS="474" HPOS="605"/>
							<String ID="string_77" HPOS="624" VPOS="473" WIDTH="82" HEIGHT="22" WC="0.96" CONTENT="starka"/><SP WIDTH="19" VPOS="473" HPOS="706"/>
							<String ID="string_78" HPOS="725" VPOS="473" WIDTH="50" HEIGHT="22" WC="0.93" CONTENT="skäl"/><SP WIDTH="20" VPOS="473" HPOS="775"/>
							<String ID="string_79" HPOS="795" VPOS="473" WIDTH="48" HEIGHT="22" WC="0.92" CONTENT="tala"/>
						</TextLine>
						<TextLine ID="line_10" HPOS="82" VPOS="507" WIDTH="527" HEIGHT="22">
							<String ID="string_80" HPOS="82" VPOS="507" WIDTH="35" HEIGHT="21" WC="0.96" CONTENT="för"/><SP WIDTH="16" VPOS="507" HPOS="117"/>
							<String ID="string_81" HPOS="133" VPOS="507" WIDTH="69" HEIGHT="22" WC="0.93" CONTENT="Karis"/><SP WIDTH="15" VPOS="507" HPOS="202"/>
							<String ID="string_82" HPOS="217" VPOS="507" WIDTH="67" HEIGHT="22" WC="0.93" CONTENT="linien"/><SP WIDTH="18" VPOS="507" HPOS="284"/>
							<String ID="string_83" HPOS="302" VPOS="508" WIDTH="98" HEIGHT="21" WC="0.92" CONTENT="framom"/><SP WIDTH="15" VPOS="508" HPOS="400"/>
							<String ID="string_84" HPOS="415" VPOS="508" WIDTH="27" HEIGHT="21" WC="0.93" CONTENT="de"/><SP WIDTH="16" VPOS="508" HPOS="442"/>
							<String ID="string_85" HPOS="458" VPOS="508" WIDTH="58" HEIGHT="21" WC="0.89" CONTENT="bäda"/><SP WIDTH="15" VPOS="508" HPOS="516"/>
							<String ID="string_86" HPOS="531" VPOS="508" WIDTH="78" HEIGHT="21" WC="0.96" CONTENT="andra."/>
						</TextLine>
					</TextBlock>
					<TextBlock ID="block_2" HPOS="81" VPOS="541" WIDTH="762" HEIGHT="166">
						<TextLine ID="line_11" HPOS="151" VPOS="541" WIDTH="692" HEIGHT="28">
							<String ID="string_87" HPOS="151" VPOS="541" WIDTH="68" HEIGHT="22" WC="0.96" CONTENT="Hvad"/><SP WIDTH="16" VPOS="541" HPOS="219"/>
							<String ID="string_88" HPOS="235" VPOS="542" WIDTH="107" HEIGHT="27" WC="0.96" CONTENT="slutligen"/><SP WIDTH="12" VPOS="542" HPOS="342"/>
							<String ID="string_89" HPOS="354" VPOS="543" WIDTH="109" HEIGHT="21" WC="0.63" CONTENT="beträffar"/><SP WIDTH="12" VPOS="543" HPOS="463"/>
							<String ID="string_90" HPOS="475" VPOS="543" WIDTH="236" HEIGHT="26" WC="0.91" CONTENT="byggnadssystemet"/><SP WIDTH="10" VPOS="543" HPOS="711"/>
							<String ID="string_91" HPOS="721" VPOS="541" WIDTH="36" HEIGHT="22" WC="0.96" CONTENT="för"/><SP WIDTH="12" VPOS="541" HPOS="757"/>
							<String ID="string_92" HPOS="769" VPOS="542" WIDTH="74" HEIGHT="21" WC="0.96" CONTENT="denna"/>
						</TextLine>
						<TextLine ID="line_12" HPOS="81" VPOS="576" WIDTH="762" HEIGHT="27">
							<String ID="string_93" HPOS="81" VPOS="576" WIDTH="102" HEIGHT="27" WC="0.92" CONTENT="jernväg,"/><SP WIDTH="13" VPOS="576" HPOS="183"/>
							<String ID="string_94" HPOS="196" VPOS="576" WIDTH="26" HEIGHT="22" WC="0.96" CONTENT="sä"/><SP WIDTH="15" VPOS="576" HPOS="222"/>
							<String ID="string_95" HPOS="237" VPOS="577" WIDTH="42" HEIGHT="20" WC="0.93" CONTENT="har"/><SP WIDTH="14" VPOS="577" HPOS="279"/>
							<String ID="string_96" HPOS="293" VPOS="577" WIDTH="125" HEIGHT="26" WC="0.91" CONTENT="utskottet,"/><SP WIDTH="14" VPOS="577" HPOS="418"/>
							<String ID="string_97" HPOS="432" VPOS="577" WIDTH="29" HEIGHT="26" WC="0.96" CONTENT="pä"/><SP WIDTH="15" VPOS="577" HPOS="461"/>
							<String ID="string_98" HPOS="476" VPOS="577" WIDTH="27" HEIGHT="21" WC="0.96" CONTENT="de"/><SP WIDTH="13" VPOS="577" HPOS="503"/>
							<String ID="string_99" HPOS="516" VPOS="577" WIDTH="51" HEIGHT="21" WC="0.95" CONTENT="skäl"/><SP WIDTH="12" VPOS="577" HPOS="567"/>
							<String ID="string_100" HPOS="579" VPOS="582" WIDTH="50" HEIGHT="16" WC="0.93" CONTENT="som"/><SP WIDTH="12" VPOS="582" HPOS="629"/>
							<String ID="string_101" HPOS="641" VPOS="576" WIDTH="120" HEIGHT="22" WC="0.91" CONTENT="ofvanföre"/><SP WIDTH="11" VPOS="576" HPOS="761"/>
							<String ID="string_102" HPOS="772" VPOS="577" WIDTH="71" HEIGHT="21" WC="0.96" CONTENT="redan"/>
						</TextLine>
						<TextLine ID="line_13" HPOS="82" VPOS="610" WIDTH="761" HEIGHT="28">
							<String ID="string_103" HPOS="82" VPOS="611" WIDTH="129" HEIGHT="26" WC="0.92" CONTENT="äberopats,"/><SP WIDTH="17" VPOS="611" HPOS="211"/>
							<String ID="string_104" HPOS="228" VPOS="612" WIDTH="78" HEIGHT="21" WC="0.90" CONTENT="ansett"/><SP WIDTH="14" VPOS="612" HPOS="306"/>
							<String ID="string_105" HPOS="320" VPOS="611" WIDTH="120" HEIGHT="22" WC="0.92" CONTENT="enahanda"/><SP WIDTH="15" VPOS="611" HPOS="440"/>
							<String ID="string_106" HPOS="455" VPOS="613" WIDTH="83" HEIGHT="25" WC="0.92" CONTENT="tyngre"/><SP WIDTH="16" VPOS="613" HPOS="538"/>
							<String ID="string_107" HPOS="554" VPOS="611" WIDTH="178" HEIGHT="27" WC="0.90" CONTENT="öfverbyggnad,"/><SP WIDTH="16" VPOS="611" HPOS="732"/>
							<String ID="string_108" HPOS="748" VPOS="616" WIDTH="50" HEIGHT="16" WC="0.96" CONTENT="som"/><SP WIDTH="15" VPOS="616" HPOS="798"/>
							<String ID="string_109" HPOS="813" VPOS="610" WIDTH="30" HEIGHT="27" WC="0.96" CONTENT="pä"/>
						</TextLine>
						<TextLine ID="line_14" HPOS="82" VPOS="645" WIDTH="760" HEIGHT="27">
							<String ID="string_110" HPOS="82" VPOS="645" WIDTH="27" HEIGHT="21" WC="0.93" CONTENT="de"/><SP WIDTH="19" VPOS="645" HPOS="109"/>
							<String ID="string_111" HPOS="128" VPOS="645" WIDTH="62" HEIGHT="21" WC="0.96" CONTENT="äldre"/><SP WIDTH="19" VPOS="645" HPOS="190"/>
							<String ID="string_112" HPOS="209" VPOS="645" WIDTH="101" HEIGHT="21" WC="0.95" CONTENT="banorna"/><SP WIDTH="19" VPOS="645" HPOS="310"/>
							<String ID="string_113" HPOS="329" VPOS="646" WIDTH="5" HEIGHT="20" WC="0.96" CONTENT="i"/><SP WIDTH="21" VPOS="646" HPOS="334"/>
							<String ID="string_114" HPOS="355" VPOS="645" WIDTH="78" HEIGHT="22" WC="0.93" CONTENT="landet"/><SP WIDTH="19" VPOS="645" HPOS="433"/>
							<String ID="string_115" HPOS="452" VPOS="645" WIDTH="160" HEIGHT="27" WC="0.93" CONTENT="förekommer,"/><SP WIDTH="16" VPOS="645" HPOS="612"/>
							<String ID="string_116" HPOS="628" VPOS="645" WIDTH="86" HEIGHT="27" WC="0.28" CONTENT="jemväl"/><SP WIDTH="16" VPOS="645" HPOS="714"/>
							<String ID="string_117" HPOS="730" VPOS="645" WIDTH="41" HEIGHT="21" WC="0.93" CONTENT="här"/><SP WIDTH="15" VPOS="645" HPOS="771"/>
							<String ID="string_118" HPOS="786" VPOS="645" WIDTH="56" HEIGHT="20" WC="0.96" CONTENT="böra"/>
						</TextLine>
						<TextLine ID="line_15" HPOS="82" VPOS="679" WIDTH="234" HEIGHT="28">
							<String ID="string_119" HPOS="82" VPOS="679" WIDTH="69" HEIGHT="21" WC="0.92" CONTENT="vinna"/><SP WIDTH="16" VPOS="679" HPOS="151"/>
							<String ID="string_120" HPOS="167" VPOS="679" WIDTH="149" HEIGHT="28" WC="0.91" CONTENT="tillämpning."/>
						</TextLine>
					</TextBlock>
					<TextBlock ID="block_3" HPOS="83" VPOS="713" WIDTH="758" HEIGHT="57">
						<TextLine ID="line_16" HPOS="150" VPOS="713" WIDTH="691" HEIGHT="23">
							<String ID="string_121" HPOS="150" VPOS="714" WIDTH="51" HEIGHT="21" WC="0.96" CONTENT="Med"/><SP WIDTH="19" VPOS="714" HPOS="201"/>
							<String ID="string_122" HPOS="220" VPOS="715" WIDTH="52" HEIGHT="20" WC="0.96" CONTENT="stöd"/><SP WIDTH="19" VPOS="715" HPOS="272"/>
							<String ID="string_123" HPOS="291" VPOS="714" WIDTH="26" HEIGHT="21" WC="0.96" CONTENT="af"/><SP WIDTH="15" VPOS="714" HPOS="317"/>
							<String ID="string_124" HPOS="332" VPOS="714" WIDTH="39" HEIGHT="21" WC="0.93" CONTENT="det"/><SP WIDTH="18" VPOS="714" HPOS="371"/>
							<String ID="string_125" HPOS="389" VPOS="714" WIDTH="95" HEIGHT="21" WC="0.92" CONTENT="anförda"/><SP WIDTH="19" VPOS="714" HPOS="484"/>
							<String ID="string_126" HPOS="503" VPOS="714" WIDTH="35" HEIGHT="21" WC="0.92" CONTENT="fär"/><SP WIDTH="19" VPOS="714" HPOS="538"/>
							<String ID="string_127" HPOS="557" VPOS="714" WIDTH="118" HEIGHT="22" WC="0.93" CONTENT="utskottet"/><SP WIDTH="17" VPOS="714" HPOS="675"/>
							<String ID="string_128" HPOS="692" VPOS="713" WIDTH="70" HEIGHT="22" WC="0.92" CONTENT="alltsä"/><SP WIDTH="15" VPOS="713" HPOS="762"/>
							<String ID="string_129" HPOS="777" VPOS="713" WIDTH="64" HEIGHT="21" WC="0.93" CONTENT="vörd-"/>
						</TextLine>
						<TextLine ID="line_17" HPOS="83" VPOS="748" WIDTH="170" HEIGHT="22">
							<String ID="string_130" HPOS="83" VPOS="750" WIDTH="61" HEIGHT="19" WC="0.87" CONTENT="samt"/><SP WIDTH="15" VPOS="750" HPOS="144"/>
							<String ID="string_131" HPOS="159" VPOS="748" WIDTH="94" HEIGHT="22" WC="0.93" CONTENT="föreslä:"/>
						</TextLine>
					</TextBlock>
				</ComposedBlock>
				<ComposedBlock ID="cblock_2" HPOS="216" VPOS="810" WIDTH="626" HEIGHT="407">
					<TextBlock ID="block_4" HPOS="216" VPOS="810" WIDTH="626" HEIGHT="337">
						<TextLine ID="line_18" HPOS="288" VPOS="810" WIDTH="553" HEIGHT="29">
							<String ID="string_132" HPOS="288" VPOS="813" WIDTH="32" HEIGHT="20" WC="0.93" CONTENT="att"/><SP WIDTH="13" VPOS="813" HPOS="320"/>
							<String ID="string_133" HPOS="333" VPOS="811" WIDTH="127" HEIGHT="22" WC="0.92" CONTENT="Ständerna"/><SP WIDTH="7" VPOS="811" HPOS="460"/>
							<String ID="string_134" HPOS="467" VPOS="811" WIDTH="52" HEIGHT="22" WC="0.93" CONTENT="ville"/><SP WIDTH="8" VPOS="811" HPOS="519"/>
							<String ID="string_135" HPOS="527" VPOS="811" WIDTH="163" HEIGHT="28" WC="0.91" CONTENT="underdänigst"/><SP WIDTH="8" VPOS="811" HPOS="690"/>
							<String ID="string_136" HPOS="698" VPOS="810" WIDTH="99" HEIGHT="27" WC="0.88" CONTENT="anhälla,"/><SP WIDTH="12" VPOS="810" HPOS="797"/>
							<String ID="string_137" HPOS="809" VPOS="812" WIDTH="32" HEIGHT="19" WC="0.96" CONTENT="att"/>
						</TextLine>
						<TextLine ID="line_19" HPOS="219" VPOS="845" WIDTH="623" HEIGHT="28">
							<String ID="string_138" HPOS="219" VPOS="853" WIDTH="27" HEIGHT="14" WC="0.93" CONTENT="en"/><SP WIDTH="10" VPOS="853" HPOS="246"/>
							<String ID="string_139" HPOS="256" VPOS="846" WIDTH="96" HEIGHT="27" WC="0.92" CONTENT="jernväg"/><SP WIDTH="16" VPOS="846" HPOS="352"/>
							<String ID="string_140" HPOS="368" VPOS="845" WIDTH="55" HEIGHT="28" WC="0.96" CONTENT="från"/><SP WIDTH="19" VPOS="845" HPOS="423"/>
							<String ID="string_141" HPOS="442" VPOS="846" WIDTH="145" HEIGHT="27" WC="0.96" CONTENT="Helsingfors"/><SP WIDTH="20" VPOS="846" HPOS="587"/>
							<String ID="string_142" HPOS="607" VPOS="846" WIDTH="35" HEIGHT="21" WC="0.93" CONTENT="till"/><SP WIDTH="22" VPOS="846" HPOS="642"/>
							<String ID="string_143" HPOS="664" VPOS="845" WIDTH="99" HEIGHT="22" WC="0.92" CONTENT="Gerknäs"/><SP WIDTH="18" VPOS="845" HPOS="763"/>
							<String ID="string_144" HPOS="781" VPOS="845" WIDTH="61" HEIGHT="21" WC="0.80" CONTENT="vexel"/>
						</TextLine>
						<TextLine ID="line_20" HPOS="219" VPOS="879" WIDTH="620" HEIGHT="28">
							<String ID="string_145" HPOS="219" VPOS="880" WIDTH="38" HEIGHT="20" WC="0.96" CONTENT="vid"/><SP WIDTH="18" VPOS="880" HPOS="257"/>
							<String ID="string_146" HPOS="275" VPOS="880" WIDTH="81" HEIGHT="27" WC="0.93" CONTENT="Hangö"/><SP WIDTH="19" VPOS="880" HPOS="356"/>
							<String ID="string_147" HPOS="375" VPOS="880" WIDTH="75" HEIGHT="20" WC="0.92" CONTENT="banan"/><SP WIDTH="17" VPOS="880" HPOS="450"/>
							<String ID="string_148" HPOS="467" VPOS="882" WIDTH="59" HEIGHT="19" WC="0.95" CONTENT="samt"/><SP WIDTH="19" VPOS="882" HPOS="526"/>
							<String ID="string_149" HPOS="545" VPOS="880" WIDTH="75" HEIGHT="21" WC="0.93" CONTENT="vidare"/><SP WIDTH="18" VPOS="880" HPOS="620"/>
							<String ID="string_150" HPOS="638" VPOS="880" WIDTH="56" HEIGHT="27" WC="0.91" CONTENT="frän"/><SP WIDTH="14" VPOS="880" HPOS="694"/>
							<String ID="string_151" HPOS="708" VPOS="879" WIDTH="69" HEIGHT="21" WC="0.93" CONTENT="Karis"/><SP WIDTH="15" VPOS="879" HPOS="777"/>
							<String ID="string_152" HPOS="792" VPOS="881" WIDTH="47" HEIGHT="19" WC="0.91" CONTENT="sta-"/>
						</TextLine>
						<TextLine ID="line_21" HPOS="220" VPOS="907" WIDTH="620" HEIGHT="35">
							<String ID="string_153" HPOS="220" VPOS="914" WIDTH="48" HEIGHT="21" WC="0.92" CONTENT="tion"/><SP WIDTH="18" VPOS="914" HPOS="268"/>
							<String ID="string_154" HPOS="286" VPOS="914" WIDTH="15" HEIGHT="21" WC="0.90" CONTENT="å"/><SP WIDTH="17" VPOS="914" HPOS="301"/>
							<String ID="string_155" HPOS="318" VPOS="921" WIDTH="88" HEIGHT="14" WC="0.93" CONTENT="samma"/><SP WIDTH="18" VPOS="921" HPOS="406"/>
							<String ID="string_156" HPOS="424" VPOS="914" WIDTH="59" HEIGHT="21" WC="0.96" CONTENT="bana"/><SP WIDTH="18" VPOS="914" HPOS="483"/>
							<String ID="string_157" HPOS="501" VPOS="915" WIDTH="63" HEIGHT="27" WC="0.96" CONTENT="öfver"/><SP WIDTH="21" VPOS="915" HPOS="564"/>
							<String ID="string_158" HPOS="585" VPOS="914" WIDTH="51" HEIGHT="21" WC="0.96" CONTENT="Salo"/><SP WIDTH="17" VPOS="914" HPOS="636"/>
							<String ID="string_159" HPOS="653" VPOS="915" WIDTH="35" HEIGHT="20" WC="0.93" CONTENT="till"/><SP WIDTH="15" VPOS="915" HPOS="688"/>
							<String ID="string_160" HPOS="703" VPOS="907" WIDTH="47" HEIGHT="28" WC="0.96" CONTENT="Åbo"/><SP WIDTH="16" VPOS="907" HPOS="750"/>
							<String ID="string_161" HPOS="766" VPOS="913" WIDTH="74" HEIGHT="27" WC="0.96" CONTENT="måtte,"/>
						</TextLine>
						<TextLine ID="line_22" HPOS="218" VPOS="945" WIDTH="624" HEIGHT="31">
							<String ID="string_162" HPOS="218" VPOS="949" WIDTH="10" HEIGHT="20" WC="0.95" CONTENT="i"/><SP WIDTH="18" VPOS="949" HPOS="228"/>
							<String ID="string_163" HPOS="246" VPOS="948" WIDTH="96" HEIGHT="28" WC="0.96" CONTENT="enlighet"/><SP WIDTH="18" VPOS="948" HPOS="342"/>
							<String ID="string_164" HPOS="360" VPOS="949" WIDTH="49" HEIGHT="20" WC="0.96" CONTENT="med"/><SP WIDTH="18" VPOS="949" HPOS="409"/>
							<String ID="string_165" HPOS="427" VPOS="949" WIDTH="35" HEIGHT="20" WC="0.96" CONTENT="det"/><SP WIDTH="17" VPOS="949" HPOS="462"/>
							<String ID="string_166" HPOS="479" VPOS="949" WIDTH="30" HEIGHT="27" WC="0.93" CONTENT="af"/><SP WIDTH="14" VPOS="949" HPOS="509"/>
							<String ID="string_167" HPOS="523" VPOS="945" WIDTH="172" HEIGHT="31" WC="0.64" CONTENT="Öfveringeniör"/><SP WIDTH="17" VPOS="945" HPOS="695"/>
							<String ID="string_168" HPOS="712" VPOS="947" WIDTH="130" HEIGHT="27" WC="0.89" CONTENT="Tallgvist"/><SP WIDTH="-13" VPOS="947" HPOS="842"/>
							<String ID="string_169" HPOS="829" VPOS="941" WIDTH="15" HEIGHT="40" WC="0.96" CONTENT="i"/>
						</TextLine>
						<TextLine ID="line_23" HPOS="218" VPOS="982" WIDTH="623" HEIGHT="29">
							<String ID="string_170" HPOS="218" VPOS="983" WIDTH="82" HEIGHT="21" WC="0.95" CONTENT="sådant"/><SP WIDTH="26" VPOS="983" HPOS="300"/>
							<String ID="string_171" HPOS="326" VPOS="983" WIDTH="102" HEIGHT="27" WC="0.95" CONTENT="afseende"/><SP WIDTH="22" VPOS="983" HPOS="428"/>
							<String ID="string_172" HPOS="450" VPOS="983" WIDTH="129" HEIGHT="21" WC="0.95" CONTENT="utarbetade"/><SP WIDTH="22" VPOS="983" HPOS="579"/>
							<String ID="string_173" HPOS="601" VPOS="983" WIDTH="91" HEIGHT="28" WC="0.93" CONTENT="förslag,"/><SP WIDTH="24" VPOS="983" HPOS="692"/>
							<String ID="string_174" HPOS="716" VPOS="982" WIDTH="125" HEIGHT="21" WC="0.87" CONTENT="betecknadt"/>
						</TextLine>
						<TextLine ID="line_24" HPOS="219" VPOS="1017" WIDTH="620" HEIGHT="28">
							<String ID="string_175" HPOS="219" VPOS="1017" WIDTH="74" HEIGHT="21" WC="0.96" CONTENT="såsom"/><SP WIDTH="15" VPOS="1017" HPOS="293"/>
							<String ID="string_176" HPOS="308" VPOS="1017" WIDTH="120" HEIGHT="21" WC="0.96" CONTENT="alternativ"/><SP WIDTH="16" VPOS="1017" HPOS="428"/>
							<String ID="string_177" HPOS="444" VPOS="1017" WIDTH="19" HEIGHT="27" WC="0.95" CONTENT="I,"/><SP WIDTH="16" VPOS="1017" HPOS="463"/>
							<String ID="string_178" HPOS="479" VPOS="1017" WIDTH="38" HEIGHT="28" WC="0.93" CONTENT="för"/><SP WIDTH="14" VPOS="1017" HPOS="517"/>
							<String ID="string_179" HPOS="531" VPOS="1017" WIDTH="142" HEIGHT="22" WC="0.91" CONTENT="statsverkets"/><SP WIDTH="15" VPOS="1017" HPOS="673"/>
							<String ID="string_180" HPOS="688" VPOS="1017" WIDTH="98" HEIGHT="27" WC="0.93" CONTENT="räkning"/><SP WIDTH="15" VPOS="1017" HPOS="786"/>
							<String ID="string_181" HPOS="801" VPOS="1018" WIDTH="38" HEIGHT="19" WC="0.92" CONTENT="ut-"/>
						</TextLine>
						<TextLine ID="line_25" HPOS="218" VPOS="1051" WIDTH="623" HEIGHT="28">
							<String ID="string_182" HPOS="218" VPOS="1051" WIDTH="63" HEIGHT="28" WC="0.96" CONTENT="föras"/><SP WIDTH="18" VPOS="1051" HPOS="281"/>
							<String ID="string_183" HPOS="299" VPOS="1053" WIDTH="59" HEIGHT="20" WC="0.96" CONTENT="samt"/><SP WIDTH="18" VPOS="1053" HPOS="358"/>
							<String ID="string_184" HPOS="376" VPOS="1052" WIDTH="49" HEIGHT="21" WC="0.96" CONTENT="med"/><SP WIDTH="18" VPOS="1052" HPOS="425"/>
							<String ID="string_185" HPOS="443" VPOS="1051" WIDTH="72" HEIGHT="22" WC="0.96" CONTENT="arbete"/><SP WIDTH="19" VPOS="1051" HPOS="515"/>
							<String ID="string_186" HPOS="534" VPOS="1052" WIDTH="99" HEIGHT="27" WC="0.96" CONTENT="beläggas"/><SP WIDTH="19" VPOS="1052" HPOS="633"/>
							<String ID="string_187" HPOS="652" VPOS="1052" WIDTH="10" HEIGHT="20" WC="0.96" CONTENT="i"/><SP WIDTH="18" VPOS="1052" HPOS="662"/>
							<String ID="string_188" HPOS="680" VPOS="1052" WIDTH="43" HEIGHT="21" WC="0.96" CONTENT="den"/><SP WIDTH="15" VPOS="1052" HPOS="723"/>
							<String ID="string_189" HPOS="738" VPOS="1051" WIDTH="54" HEIGHT="21" WC="0.96" CONTENT="mån"/><SP WIDTH="15" VPOS="1051" HPOS="792"/>
							<String ID="string_190" HPOS="807" VPOS="1057" WIDTH="34" HEIGHT="14" WC="0.96" CONTENT="nu"/>
						</TextLine>
						<TextLine ID="line_26" HPOS="216" VPOS="1085" WIDTH="624" HEIGHT="28">
							<String ID="string_191" HPOS="216" VPOS="1085" WIDTH="116" HEIGHT="28" WC="0.93" CONTENT="pågående"/><SP WIDTH="13" VPOS="1085" HPOS="332"/>
							<String ID="string_192" HPOS="345" VPOS="1086" WIDTH="236" HEIGHT="27" WC="0.91" CONTENT="jernvägsbyggnader"/><SP WIDTH="19" VPOS="1086" HPOS="581"/>
							<String ID="string_193" HPOS="600" VPOS="1086" WIDTH="70" HEIGHT="21" WC="0.92" CONTENT="varda"/><SP WIDTH="18" VPOS="1086" HPOS="670"/>
							<String ID="string_194" HPOS="688" VPOS="1085" WIDTH="152" HEIGHT="28" WC="0.95" CONTENT="fullbordade;"/>
						</TextLine>
						<TextLine ID="line_27" HPOS="219" VPOS="1119" WIDTH="115" HEIGHT="28">
							<String ID="string_195" HPOS="219" VPOS="1119" WIDTH="115" HEIGHT="28" WC="0.96" CONTENT="äfvensom"/>
						</TextLine>
					</TextBlock>
					<TextBlock ID="block_5" HPOS="220" VPOS="1154" WIDTH="621" HEIGHT="63">
						<TextLine ID="line_28" HPOS="288" VPOS="1154" WIDTH="553" HEIGHT="28">
							<String ID="string_196" HPOS="288" VPOS="1156" WIDTH="33" HEIGHT="19" WC="0.93" CONTENT="att"/><SP WIDTH="13" VPOS="1156" HPOS="321"/>
							<String ID="string_197" HPOS="334" VPOS="1154" WIDTH="132" HEIGHT="27" WC="0.92" CONTENT="Ständerna,"/><SP WIDTH="13" VPOS="1154" HPOS="466"/>
							<String ID="string_198" HPOS="479" VPOS="1155" WIDTH="56" HEIGHT="27" WC="0.93" CONTENT="efter"/><SP WIDTH="12" VPOS="1155" HPOS="535"/>
							<String ID="string_199" HPOS="547" VPOS="1154" WIDTH="178" HEIGHT="22" WC="0.90" CONTENT="Statsutskottets"/><SP WIDTH="12" VPOS="1154" HPOS="725"/>
							<String ID="string_200" HPOS="737" VPOS="1155" WIDTH="104" HEIGHT="26" WC="0.96" CONTENT="hörande,"/>
						</TextLine>
						<TextLine ID="line_29" HPOS="220" VPOS="1188" WIDTH="494" HEIGHT="29">
							<String ID="string_201" HPOS="220" VPOS="1188" WIDTH="52" HEIGHT="21" WC="0.96" CONTENT="ville"/><SP WIDTH="15" VPOS="1188" HPOS="272"/>
							<String ID="string_202" HPOS="287" VPOS="1189" WIDTH="80" HEIGHT="20" WC="0.96" CONTENT="anvisa"/><SP WIDTH="16" VPOS="1189" HPOS="367"/>
							<String ID="string_203" HPOS="383" VPOS="1188" WIDTH="79" HEIGHT="28" WC="0.96" CONTENT="härför"/><SP WIDTH="15" VPOS="1188" HPOS="462"/>
							<String ID="string_204" HPOS="477" VPOS="1189" WIDTH="147" HEIGHT="28" WC="0.96" CONTENT="erforderliga"/><SP WIDTH="15" VPOS="1189" HPOS="624"/>
							<String ID="string_205" HPOS="639" VPOS="1189" WIDTH="75" HEIGHT="21" WC="0.95" CONTENT="medel."/>
						</TextLine>
					</TextBlock>
				</ComposedBlock>
				<ComposedBlock ID="cblock_3" HPOS="152" VPOS="1485" WIDTH="278" HEIGHT="18">
					<TextBlock ID="block_6" HPOS="152" VPOS="1485" WIDTH="278" HEIGHT="18">
						<TextLine ID="line_30" HPOS="152" VPOS="1485" WIDTH="278" HEIGHT="18">
							<String ID="string_206" HPOS="152" VPOS="1485" WIDTH="201" HEIGHT="18" WC="0.90" CONTENT="Petitionsbetänkande"/><SP WIDTH="12" VPOS="1485" HPOS="353"/>
							<String ID="string_207" HPOS="365" VPOS="1485" WIDTH="35" HEIGHT="18" WC="0.96" CONTENT="N:o"/><SP WIDTH="13" VPOS="1485" HPOS="400"/>
							<String ID="string_208" HPOS="413" VPOS="1485" WIDTH="17" HEIGHT="17" WC="0.96" CONTENT="2."/>
						</TextLine>
					</TextBlock>
				</ComposedBlock>
			</PrintSpace>
		</Page>
	</Layout>
</alto>
