1070 1795
278 155 279 24 Petitionsbetänkande
573 155 45 23 N:o
634 154 23 23 6.

366 460 152 22 Allmänna
560 459 288 24 Besvärsutskottets

298 493 187 24 betänkande
507 493 46 23 N:o
578 494 24 27 4,
628 493 10 22 i
662 494 136 29 anledning
825 493 28 23 af

299 530 90 21 tvänne
417 528 9 22 1
454 527 117 29 Borgare-
596 527 46 24 och
666 527 183 24 Bondeståndet

298 562 87 23 väckta
395 561 214 29 petitionsförslag
618 568 41 17 om
669 562 141 23 inrättande
824 562 28 22 af

299 597 36 22 ett
349 596 99 23 mindre
463 596 104 23 allmänt
581 596 103 29 sjukhus
699 596 5 23 i
713 596 136 23 Kexholms

299 631 62 22 stad.

162 700 90 21 Genom
268 699 114 22 särskilda
397 698 215 29 protokollsutdrag
627 699 26 22 af
666 699 45 22 den
729 701 25 20 12
767 699 44 22 och
824 701 25 20 16

92 734 113 23 Februari
226 733 71 22 hafva
318 733 112 29 Borgare-
448 733 44 22 och
507 733 175 22 Bondeståndet
697 733 37 22 till
750 733 100 22 behand-

92 770 51 28 ling
165 769 9 21 i
195 768 127 22 Allmänna
342 767 215 22 Besvärsutskottet
578 768 130 21 remitterat
722 771 87 18 tvänne
825 768 25 21 så

92 803 102 29 lydande
210 802 238 29 petitionsmemorial:

162 880 151 26 (Öfversättning).

260 949 48 19 Till
323 948 135 25 Vällofliga
474 946 214 30 Borlgareståndet.

162 1007 10 19 I
188 1007 180 19 strandsocknarna
384 1007 33 18 vid
434 1007 80 23 Ladoga
530 1006 88 19 befinner
633 1007 29 24 sig
673 1007 53 24 sjuk-
738 1006 36 19 och
785 1006 66 19 helso-

94 1035 73 20 vården
186 1038 53 16 ännu
254 1035 26 24 på
294 1041 23 13 en
333 1035 79 24 mycket
426 1035 88 24 primitiv
529 1035 128 24 ståndpunkt.
688 1035 8 19 I
712 1035 24 19 de
753 1035 29 19 till
798 1035 52 18 Kex-

94 1064 62 19 holms
179 1064 62 19 härad
263 1063 87 20 hörande
373 1063 113 20 socknarna
508 1063 63 20 finnes
589 1064 57 24 ingen
662 1063 188 20 kommunalläkare.

94 1093 96 19 Däremot
205 1092 63 19 finnas
284 1093 5 18 i
305 1093 69 19 staden
390 1092 97 19 Kexholm
503 1093 33 18 två
551 1091 22 20 af
586 1094 65 18 staten
668 1092 90 19 aflönade
773 1091 76 26 läkare,

95 1121 36 20 och
147 1121 67 19 tidtals
230 1121 36 19 har
281 1121 41 23 där,
337 1122 60 23 jämte
413 1121 64 25 desse,
493 1121 74 19 funnits
583 1127 24 13 en
624 1121 86 20 särskild
720 1120 131 20 stadsläkare.

94 1150 55 19 Brist
170 1150 26 24 på
218 1150 68 19 läkare
309 1150 35 19 har
366 1149 78 20 således
467 1149 45 20 icke
535 1149 126 24 förefunnits,
684 1155 43 14 men
750 1149 26 19 då
791 1149 60 24 något

95 1178 95 24 egentligt
212 1179 81 23 sjukhus
314 1179 18 23 ej
348 1178 62 19 finnes
426 1180 90 18 närmare
532 1181 24 16 än
573 1179 25 24 på
614 1178 26 20 12
655 1178 43 19 mils
714 1177 85 26 afstånd,
816 1178 36 19 har

95 1207 73 19 vården
184 1207 20 18 af
218 1207 24 18 de
258 1207 55 24 sjuke
329 1207 18 24 ej
363 1207 77 19 kunnat
455 1213 47 13 vara
514 1207 191 20 tillfredsställande.
736 1207 79 19 Bristen
826 1206 26 24 pä

95 1235 82 24 sjukhus
200 1235 36 19 har
257 1236 50 19 varit
328 1235 95 20 särskildt
438 1235 91 20 kännbar
544 1235 31 20 för
590 1235 203 25 landsbefolkningen,
810 1240 42 14 som

94 1265 33 18 vid
143 1263 118 20 inträffande
277 1264 104 24 olycksfall
397 1265 50 18 eller
461 1264 66 24 någon
543 1265 109 19 smittosam
667 1264 49 19 eller
731 1269 65 14 annan
811 1263 41 19 till-

95 1293 54 24 fällig
169 1292 103 29 sjukdoms
295 1293 76 19 utbrott
392 1293 46 19 sökt
452 1291 124 26 läkarehjelp
593 1294 36 19 och
645 1293 93 24 sjukvård
753 1293 7 18 i
776 1292 75 19 staden.

163 1322 27 18 Åt
213 1322 105 19 Kexholms
341 1322 45 19 stad
401 1322 36 19 har
452 1321 115 24 visserligen
583 1322 7 19 i
605 1322 55 19 tiden
675 1327 24 14 en
714 1321 79 20 enskild
808 1327 44 18 per-

95 1356 35 13 son
146 1350 6 18 i
168 1350 37 19 och
221 1350 31 19 för
267 1350 159 24 grundläggande
443 1349 21 20 af
479 1352 28 17 ett
522 1350 82 24 sjukhus
620 1351 83 19 donerat
718 1356 24 13 en
755 1350 49 24 gård
815 1349 37 19 och

95 1384 24 14 en
142 1378 177 25 penningesumma,
342 1379 79 19 hvilken
441 1378 32 20 för
488 1379 122 20 närvarande
626 1379 76 24 uppgår
717 1378 31 20 till
763 1378 90 23 omkring

95 1406 77 27 16,000
194 1408 63 25 mark,
280 1413 43 14 men
344 1408 59 19 dessa
423 1408 64 19 medel
503 1408 57 19 torde
575 1408 44 19 icke
635 1407 61 20 förslå
712 1407 50 20 både
778 1407 29 19 till
823 1407 30 18 in-

94 1436 102 19 rättandet
211 1436 22 19 af
246 1438 29 17 ett
290 1436 81 24 sjukhus
387 1436 37 20 och
440 1436 30 19 till
483 1437 65 18 dettas
559 1437 110 22 underbåll,
680 1437 36 18 och
727 1437 53 18 lärer
791 1435 61 19 dona-

95 1467 44 16 torn
161 1465 100 19 dessutom
281 1465 43 19 med
340 1465 29 19 sin
386 1465 58 24 gåfva
459 1464 62 20 afsett
536 1465 71 19 endast
622 1465 80 20 stadens
717 1464 65 20 behof.
813 1463 40 20 Det

163 1502 104 19 Allmänna
280 1503 169 18 Besvärsutskottets
461 1503 111 18 betänkande
585 1503 36 18 N:o
634 1504 16 16 4.
