1070 1795
284 158 259 23 Motionsbetänkande
560 159 43 22 N:o
619 159 21 22 7.
793 159 25 20 21

91 229 49 24 slag,
165 229 83 19 emedan
272 229 33 24 jag
320 229 80 25 antagit,
422 230 29 17 att
474 229 148 24 bestämningar
646 229 5 18 i
674 229 66 18 denna
761 229 89 24 riktning

91 258 167 19 öfverenstämma
274 257 43 20 med
333 257 34 20 det
381 257 101 19 allmänna
497 257 197 20 rättsmedvetandet.

160 285 30 20 På
212 286 65 25 grund
300 286 18 19 af
340 286 53 19 hvad
416 286 33 25 jag
463 286 7 19 i
485 286 66 19 denna
573 286 35 19 sak
629 286 70 23 anfört,
714 285 90 19 anhåller
817 285 33 25 jag

91 316 30 18 att
143 314 20 19 få
183 315 108 19 framställa
312 315 36 19 och
367 314 29 19 till
412 314 161 19 Bondeståndets
589 314 176 25 grundlagsenliga
779 313 71 26 åtgärd

92 343 120 20 öfverlemna
227 343 135 25 efterföljande
376 343 83 24 motion,
474 343 146 19 innefattande:

368 405 101 27 Förslag
497 405 41 22 till
564 404 156 28 förordning,
746 404 105 22 rörande

300 434 144 26 inteckning
463 433 26 22 af
501 433 350 28 skogsafverkningskontrakt

300 462 46 22 och
366 463 62 20 vissa
452 462 76 21 andra
548 461 61 22 aftal
625 461 106 22 rörande
747 461 104 22 använd-

300 491 60 27 ning
375 490 27 22 af
412 490 59 28 jord
487 490 31 28 på
534 490 93 22 landet.

450 555 9 24 $
474 551 21 34 1.

164 612 120 25 Inteckning
299 613 19 18 af
327 612 96 25 skriftligt
438 612 53 19 aftal.
507 612 125 19 hvarmedels
644 611 102 26 jordegare
760 611 12 20 &
786 611 67 20 landet

95 641 30 20 till
141 647 66 13 annan
226 647 46 13 man
288 643 52 17 emot
355 643 29 17 ett
400 641 181 19 öfverenskommet
597 641 93 24 vederlag
705 641 105 19 öfverlåter
824 641 28 18 af-

97 670 177 24 verkningsrätten
297 670 63 19 under
381 675 25 14 en
422 669 41 20 viss
480 669 89 25 tidrymd
585 669 29 19 till
630 669 92 19 växande
738 669 49 25 skog
802 671 51 18 samt

97 699 61 18 tillika
181 698 21 19 åt
224 698 87 25 köparen
333 697 94 26 upplåter
450 697 61 20 sådan
533 698 106 25 nyttjorätt
662 698 30 19 till
710 698 143 25 skogsmarken

97 727 64 19 under
176 727 189 24 afverkningstiden,
381 733 43 12 som
440 727 30 19 för
484 727 154 24 afverkningens
654 727 38 18 och
708 727 74 18 virkets
798 727 55 18 reali-

97 755 72 25 sering,
192 757 22 17 är
235 755 121 25 erforderlig,
379 755 49 20 skall
451 755 19 19 af
484 755 113 20 häradsrätt
612 755 12 19 å
639 755 67 20 landet
720 755 26 25 på
761 755 92 19 anhållan

97 784 108 24 meddelas,
226 784 26 19 då
274 784 42 19 viss
332 784 37 19 och
385 784 75 25 verklig
475 783 50 26 årlig
540 784 44 25 lega
599 784 31 19 för
644 784 132 25 nyttjorätten
792 783 62 20 tillika

97 815 22 16 är
128 813 74 18 aftalad
217 813 36 18 och
268 813 67 19 aftalet
349 813 43 18 icke
408 813 71 18 strider
494 815 54 16 emot
563 812 135 25 stadgandena
713 813 5 18 i
736 813 23 23 $$
777 813 25 18 13
818 812 37 19 och

99 842 25 18 14
140 841 20 19 af
175 841 123 25 Skogslagen
313 841 37 20 den
367 842 12 18 3
396 841 116 25 September
528 842 61 19 1886.

454 911 9 23 8
481 911 18 18 2.

167 961 119 25 Inteckning
304 962 30 19 för
345 962 99 25 skriftliga
454 962 53 24 aftal,
517 961 127 20 hvarmedels
653 961 103 26 jordegare
766 961 11 19 å
788 961 67 20 landet

99 990 30 20 till
155 997 67 12 annan
244 997 45 12 man
311 992 53 17 emot
385 992 29 18 ett
434 991 180 19 öfverenskommet
636 990 93 25 vederlag
751 990 106 19 öfverlåter

99 1021 65 17 rätten
186 1021 30 17 att
235 1019 64 19 under
313 1025 24 13 en
353 1019 43 19 viss
412 1019 88 24 tidrymd
515 1019 92 20 använda
622 1021 29 17 ett
666 1019 51 19 visst
731 1019 124 24 jordområde

99 1047 31 20 till
145 1047 77 25 lertägt,
239 1047 99 25 mulltägt,
354 1048 88 24 torftägt,
456 1048 100 25 sandtägt,
579 1049 89 23 stentägt
690 1047 49 20 eller
754 1047 101 25 stenbryt-

99 1076 54 25 ning,
176 1076 49 19 skall
248 1077 21 18 af
283 1076 113 19 häradsrätt
411 1076 11 19 å
437 1077 68 19 landet
520 1076 25 25 på
560 1076 94 19 anhållan
668 1076 107 24 meddelas,
791 1075 25 20 då
831 1082 24 13 en

100 1105 41 19 viss
164 1105 37 18 och
224 1105 78 24 verklig
323 1105 51 25 årlig
396 1105 44 24 lega
461 1105 30 19 för
506 1105 130 25 nyttjorätten
652 1105 30 18 till
698 1105 90 18 markens
803 1104 52 19 areal

100 1133 62 19 tillika
178 1135 22 17 är
215 1133 79 20 aftalad.

456 1197 46 23 83.

170 1248 39 19 Vid
231 1247 119 26 pröfningen
370 1249 19 18 af
411 1249 38 18 den
468 1249 88 24 verkliga
571 1248 58 25 legan
644 1248 29 19 uti
689 1248 47 19 dei
752 1249 23 23 8$
793 1248 10 19 1
821 1248 36 19 och

102 1277 11 19 2
137 1277 129 19 omförmälda
288 1277 39 23 fall,
349 1277 33 19 mä
405 1277 136 19 häradsrätten
564 1277 42 20 icke
624 1279 46 22 taga
684 1277 79 24 hänsyn
779 1277 30 19 till
825 1277 33 18 det

101 1305 99 25 vederlag,
216 1311 43 14 som
275 1311 25 13 en
314 1305 54 26 gäng
383 1306 29 19 för
427 1306 38 19 alla
480 1306 96 25 erlägges.

460 1380 10 24 8
487 1380 19 19 4.

171 1432 66 19 Sedan
247 1432 116 25 inteckning
377 1432 102 19 meddelad
495 1434 27 22 är,
538 1431 66 20 säsom
620 1432 6 19 i
644 1433 24 22 $$
686 1432 10 19 1
713 1431 37 20 och
765 1432 12 19 2
793 1433 66 23 säges,

102 1461 91 19 förblifva
208 1461 138 25 legotagarens
362 1461 229 25 skogsafverkningsrätt
606 1461 38 18 och
658 1461 26 18 de
699 1460 116 25 rättigheter
829 1460 30 19 till

173 1511 130 22 Lagutskottets
315 1511 110 17 betänkande
438 1511 36 16 N:o
487 1511 26 17 11.
