1070 1795
247 126 13 20 2
400 124 278 23 Petitionsbetänkande
694 124 45 22 N:o
755 123 37 22 21.

218 195 93 20 skolorna
326 195 44 20 icke
386 195 81 19 allenast
483 194 104 20 förbereda
603 195 41 18 sina
660 195 65 18 elever
740 194 30 19 till
785 194 38 19 den
839 193 55 20 lärda
909 193 70 24 banan,

217 227 48 16 utan
288 224 7 19 i
317 223 70 24 själfva
409 224 69 19 verket
499 223 57 20 äfven
579 225 75 18 ersätta
676 223 25 19 de
720 223 139 23 borgarskolor
875 223 42 19 vårt
932 223 46 19 land

218 253 79 20 saknar.
328 253 35 18 Att
378 253 54 18 detta
448 252 42 19 vårt
503 252 107 24 påstående
626 257 46 18 eger
687 252 69 25 grund,
779 252 52 19 inses
847 251 36 19 lätt
898 251 21 20 af
933 252 46 25 den,

218 287 41 14 som
282 281 146 24 uppmärksamt
450 281 95 24 granskar
568 281 46 18 våra
629 280 180 20 skolförhållanden
825 280 73 19 sådana
913 281 23 18 de
952 286 26 13 nu

218 313 35 16 äro
277 310 36 19 och
336 310 74 19 sådana
432 310 24 19 de
478 309 52 20 förut
550 315 53 14 voro.
634 309 59 20 Bevis
709 309 62 24 därpå
785 311 35 17 äro
836 309 142 23 bestämningar

218 339 20 19 af
260 339 30 19 till
313 339 36 19 och
370 339 44 18 med
436 338 22 19 så
472 341 43 16 sent
531 338 65 19 datum
612 343 40 14 som
669 338 31 25 de,
723 338 66 19 hvilka
805 337 60 20 finnas
881 338 6 18 i
903 337 11 26 &
931 337 47 23 132,

218 373 57 14 mom.
298 368 12 19 4
332 368 21 23 c)
376 367 36 19 och
435 368 19 23 d)
476 367 7 18 i
505 367 71 23 nådiga
597 367 148 23 Förordningen
768 366 21 19 af
811 366 37 19 den
864 366 12 19 7
893 366 85 19 februari

218 395 63 21 1888.
312 396 48 19 Däri
383 395 76 20 fordras
481 396 96 22 nämligen
598 395 21 20 af
641 396 50 24 dem,
714 401 41 14 som
778 397 47 17 ärna
843 395 73 19 ansöka
932 395 46 19 de
966 391 16 33 i

217 424 118 26 paragrafen
350 425 84 19 nämnda
449 425 135 24 posttjenster,
600 424 145 24 genomgången
757 424 46 19 fem-
816 424 48 20 eller
875 424 104 24 sjuklassig

218 454 48 19 kurs
282 454 6 18 i
304 453 58 24 något
378 453 21 19 af
412 454 75 18 landets
503 453 72 24 lyceer.
605 452 36 19 Ett
656 453 40 19 lika
712 455 51 17 stort
778 453 149 23 kunskapsmätt
942 453 37 18 bör

218 481 114 20 innehafvas
356 481 20 20 af
396 482 50 25 dem,
469 482 66 19 hvilka
556 481 49 20 söka
620 481 76 19 inträde
712 481 29 19 till
758 481 59 23 högre
833 481 123 23 afdelningen
971 481 7 18 i

218 510 226 23 landtbruksinstituten,
459 511 30 18 till
505 510 73 25 apotek
594 510 36 19 och
646 511 61 18 andra
723 510 66 23 dylika
805 510 80 24 platser.

288 539 58 20 Först
362 539 31 19 vid
410 540 36 19 den
461 539 100 24 tidpunkt,
577 539 26 18 dä
617 539 19 18 vi
652 539 57 18 hafva
724 539 74 23 skolor,
817 544 41 14 som
874 538 105 19 förutsätta

218 568 146 24 genomgängen
380 568 46 19 kars
441 568 7 19 i
463 568 98 19 folkskola
577 567 36 20 och
629 573 40 14 som
686 568 38 18 öka
739 567 24 19 de
780 568 35 18 där
831 568 87 22 bibragta
929 568 50 17 kun-

218 597 99 24 skaperna
332 597 22 19 sä
369 597 84 24 mycket,
469 599 29 16 att
517 597 2 18 i
535 597 43 18 dem
594 596 56 20 ernäs
666 597 34 18 det
715 596 156 24 kunskapsmätt,
887 601 39 14 som
938 595 39 19 for-

218 626 45 19 dras
279 626 31 19 för
325 625 60 20 redan
400 625 83 20 nämnda
497 625 84 24 tjenster
593 625 36 19 och
645 624 31 20 för
691 625 34 19 det
740 625 103 24 praktiska
859 624 54 19 lifvet
924 624 55 19 öfver

218 654 81 23 hufvud,
322 654 39 19 kan
384 659 43 14 man
442 654 55 24 börja
513 654 40 19 tala
569 659 30 14 om
614 653 128 20 försvärande
759 653 20 20 af
793 654 87 18 inträdet
895 653 29 19 till
939 653 39 18 lär-

218 683 156 20 domsskolorna,
404 683 40 19 För
463 683 122 19 närvarande
608 685 22 16 är
652 685 30 16 ett
698 682 63 24 dylikt
776 682 107 24 påstående
897 682 81 19 alldeles

217 712 45 19 icke
278 711 128 24 berättigadt.

288 740 30 19 De
342 740 63 19 ökade
427 739 88 24 utgifter,
538 739 66 20 hvilka
626 740 98 24 uppstode
740 745 69 18 genom
824 739 120 19 inrättandet
959 738 22 19 af

218 769 154 24 frielevsplatser
387 769 25 24 pä
427 768 61 20 första
503 768 85 26 klassen,
609 769 63 18 blefve
689 768 44 24 föga
748 768 102 19 kännbara
865 767 31 20 för
905 771 74 16 statens

218 797 91 20 finanser.
339 797 67 24 Enligt
429 797 24 19 de
475 797 110 19 statistiska
602 797 104 24 uppgifter,
730 803 41 13 som
787 797 61 19 finnas
863 797 6 18 i
886 797 93 18 Finlands

218 827 104 19 Allmänna
344 826 84 23 Tidning
443 825 30 20 för
488 826 23 19 är
527 825 54 20 1893
597 831 32 14 n:o
646 825 48 24 301,
718 825 35 20 har
768 826 63 18 under
846 826 54 18 detta
914 825 65 19 läseär

218 855 64 20 första
297 855 77 19 klassen
390 855 7 19 i
409 855 24 18 de
448 854 97 20 klassiska
560 855 92 24 lyceerna
667 854 144 24 fregventerats
827 854 21 19 af
857 854 68 19 inalles
936 853 42 20 421

218 884 74 25 elever,
308 889 72 13 samma
395 883 53 19 klass
463 883 6 19 i
484 883 134 24 reallyceerna
630 883 38 19 och
679 883 23 19 de
713 883 54 23 lägre
779 883 199 19 elementarskolorna

218 912 21 19 af
254 912 49 26 437,
319 912 48 19 eller
383 912 140 23 sammanlagdt
538 912 48 20 858.
612 912 35 19 Om
663 917 43 14 man
722 911 20 20 af
758 912 63 19 denna
836 917 73 14 summa
924 915 56 20 tager

218 941 28 20 20
268 940 29 27 %/
320 941 49 19 eller
392 941 33 19 det
442 941 51 18 antal
510 941 99 25 frielever,
632 946 40 13 som
688 941 48 18 hvar
751 941 36 18 och
805 946 23 13 en
844 940 21 19 af
879 941 100 23 lyceernas

218 970 62 23 högre
296 970 76 19 klasser
387 969 39 20 kan
441 969 64 24 hafva,
520 969 31 19 fär
566 975 43 14 man
626 969 41 20 172
683 969 72 26 elever,
771 969 30 19 till
817 969 77 19 hvilken
907 974 72 14 summa

218 999 78 19 säledes
311 999 74 18 antalet
395 998 21 19 af
430 998 23 19 de
469 999 64 18 elever
548 998 26 24 pä
589 999 101 23 lyceernas
706 997 63 20 första
783 998 53 18 klass
847 998 62 19 skulle
922 998 58 23 stiga,

219 1027 67 20 hvilka
309 1027 60 24 enligt
392 1027 43 19 värt
457 1027 72 23 förslag
547 1027 62 19 borde
624 1026 72 19 befrias
712 1026 43 19 frän
772 1027 117 22 erläggande
905 1026 20 19 af
939 1028 39 17 ter-

218 1055 114 24 minsafgift.
356 1055 30 20 Då
401 1061 25 14 nu
442 1055 67 24 hvarje
525 1055 42 20 elev
582 1055 7 19 i
605 1058 28 17 ett
648 1055 123 24 fullständigt
787 1055 76 24 lyceum
873 1056 6 17 i
890 1055 89 19 termins-

219 1085 81 23 afgifter
316 1085 88 23 erlägger
419 1084 27 19 40
461 1084 56 19 mark
532 1089 30 14 om
578 1084 49 23 året,
644 1084 62 19 blefve
722 1083 64 24 6,880
801 1084 56 19 mark
870 1084 37 19 den
917 1084 63 23 ärliga

219 1113 72 20 förlust
306 1115 63 17 staten
385 1113 49 23 finge
451 1113 114 23 vidkännas,
581 1118 29 14 om
627 1113 25 24 pä
667 1113 61 18 första
744 1113 79 18 klassen
837 1115 29 16 ett
878 1113 40 18 lika
928 1115 52 16 stort

218 1143 54 18 anta!
288 1142 90 19 frielever
394 1141 73 20 erhölle
482 1142 57 25 plats,
555 1147 41 14 som
612 1142 24 23 pä
652 1142 24 18 de
691 1141 61 24 högre
768 1142 107 19 klasserna.

289 1171 55 18 Hvad
367 1170 42 19 äter
432 1169 91 20 beträffar
546 1170 118 19 afsaknaden
681 1169 21 20 af
716 1169 155 25 frielevsplatser
886 1169 25 25 pä
926 1169 52 20 frun-

219 1199 191 20 timmersskolornas
432 1198 61 20 första
514 1199 59 25 klass,
597 1201 21 17 är
634 1199 37 19 den
687 1199 59 18 redan
763 1198 21 19 af
799 1199 33 18 det
847 1199 42 18 skäl
905 1199 75 18 mindre

218 1228 118 23 berättigad,
360 1230 29 17 att
411 1227 122 24 Regeringen
557 1227 54 20 öfver
634 1227 72 20 hufvud
722 1231 55 20 taget
794 1227 45 19 icke
855 1227 124 19 underhäller

218 1256 144 20 förberedande
384 1257 74 18 klasser
478 1257 6 18 i
500 1256 220 25 fruntimmerskolorna,
744 1259 47 16 utan
807 1256 122 19 föräldrarna
944 1258 36 17 äro

218 1288 87 21 tvungna
320 1287 36 17 -att
378 1285 60 19 anlita
453 1284 21 20 af
488 1285 76 24 privata
583 1291 94 18 personer
692 1285 101 24 grundade
809 1285 73 23 skolor,
905 1284 76 19 hvilket

221 1315 61 19 redan
298 1314 7 19 i
319 1314 39 23 hög
373 1314 47 23 grad
436 1313 99 20 försvårar
550 1313 69 23 fattiga
634 1314 58 19 barns
708 1313 101 24 skolgång.

290 1343 78 19 Statens
382 1343 107 18 inkomster
505 1343 62 18 skulle
583 1343 18 23 ej
618 1342 61 19 heller
694 1343 6 17 i
716 1342 106 19 nämnvärd
835 1342 48 23 grad
895 1341 85 19 minskas

219 1372 63 23 däraf,
306 1373 29 17 att
356 1370 153 25 frielevsplatser
531 1370 68 20 fannes
615 1370 25 25 på
655 1370 62 20 första
733 1370 78 20 klassen
827 1370 6 19 i
849 1370 129 19 fruntimmer-

218 1401 100 19 skolorna.
349 1400 67 22 Enligt
438 1400 23 19 de
484 1399 91 20 officiella
590 1399 99 25 uppgifter
704 1400 18 18 vi
737 1400 61 19 redan
813 1399 54 20 förut
882 1401 98 17 omnämnt

218 1429 136 20 frekventeras
375 1428 62 20 första
459 1428 77 20 klassen
559 1429 6 18 i
584 1428 215 19 fruntimmerskolorna
815 1428 22 19 af
851 1427 40 20 297
908 1428 71 19 elever.

288 1473 104 18 Allmänna
405 1472 170 19 Besvärsutskottets
588 1472 110 19 betänkande
711 1474 37 17 N:o
761 1472 30 18 10.
