1070 1795
297 131 230 22 Petitionsbetänkande
544 131 35 21 N:o
594 131 20 21 2.
776 131 27 21 73

75 187 101 22 landsmän,
190 189 34 16 och
238 188 35 18 den
286 188 84 18 enklaste
382 188 117 17 rättskänsla
511 187 80 22 kräfver,
604 189 26 16 att
638 187 55 18 äfven
701 187 62 18 denna
769 187 64 18 lands-

75 217 40 17 dels
128 216 120 19 sträfvanden
267 219 28 15 att
313 217 73 17 komma
398 217 7 17 i
416 217 98 22 jemnhöjä
528 216 42 19 med
583 216 31 18 det
626 216 61 23 öfriga
700 216 63 18 landet
775 217 16 22 ej
805 216 28 17 öf-

75 245 104 18 verlemnas
192 246 19 17 ät
223 245 103 23 glömskan.

144 274 52 17 Hvad
215 280 39 12 som
266 275 110 22 isynnerhet
389 274 108 17 kvarhäller
509 275 98 17 trakterna
619 274 30 17 vid
662 274 59 17 Pielis
735 274 34 17 och
782 273 49 18 Uleä

75 302 52 17 träsk
139 303 6 16 i
158 303 56 17 deras
226 303 128 17 tillbakasatta
367 303 98 22 ställning,
473 305 21 15 är
501 303 71 18 bristen
582 303 24 23 pä
612 303 100 22 tidsenliga
720 302 110 18 samfärdsel

76 331 65 17 medel.
165 331 37 18 Det
220 333 20 16 är
253 331 105 23 uppenbart
370 332 7 17 i
390 332 78 17 hvilken
481 332 46 22 grad
541 332 62 17 denna
615 332 48 17 brist
676 332 82 17 hämmat
770 331 23 18 de
807 331 25 18 dä

76 360 35 17 och
129 359 24 18 då
171 361 35 16 här
218 360 107 23 uppkomna
337 360 116 18 industriela
465 361 97 22 företagen
576 363 46 15 samt
635 361 99 22 nedtryckt
745 360 87 18 handels-

75 389 35 16 och
120 389 220 22 jordbruksnäringarna.

144 418 37 17 Vid
200 420 74 16 senaste
293 418 89 22 landtdag
398 418 48 18 hade
457 419 33 22 jag
502 420 45 16 äran
561 419 80 21 anhälla,
654 421 27 15 att
693 418 141 22 undersökning

75 446 62 18 skulle
156 447 89 17 anställas
264 447 28 18 för
310 447 124 18 fortsättande
454 447 20 18 af
489 448 104 22 jernvägen
609 447 48 18 ifrän
670 448 84 17 Joensuu
767 452 65 17 genom

75 474 143 23 ifrågavarande
231 476 71 17 trakter
317 476 29 17 till
360 476 96 21 Uleåborg
468 476 34 17 och
515 476 81 21 Torneå;
609 476 35 17 och
657 476 60 17 ehuru
730 476 103 22 petitionen

76 503 54 18 äfven
149 504 48 17 hade
216 504 67 23 lyckan
302 506 26 15 att
340 504 58 17 blifva
411 504 88 18 förordad
512 504 21 18 af
543 504 139 18 vederbörande
696 505 75 18 utskott,
784 509 48 12 vann

76 533 36 17 den
130 538 39 12 som
188 533 70 18 bekant
276 533 56 18 likväl
350 533 16 22 ej
386 533 116 18 Ständernas
515 533 107 18 understöd.
646 533 38 18 Det
696 535 20 15 är
729 533 104 18 emellertid

76 562 38 17 min
132 561 107 23 skyldighet
257 564 27 15 att
302 564 100 20 yttermera
415 562 105 17 framställa
533 562 77 17 ärendet
622 561 29 18 för
664 562 110 18 Ständerna.
799 562 35 22 Jag

76 591 56 22 vägar
150 593 34 18 tro,
205 592 27 15 att
245 595 29 13 om
288 591 56 22 sagde
360 591 74 16 trakter
446 591 61 17 blefve
521 591 42 17 med
576 591 71 22 hänsyn
660 591 30 17 till
704 596 22 12 en
736 591 97 22 jernvägs-

76 619 86 22 byggnad
178 619 115 18 undersökta
311 619 112 18 åtminstone
440 619 6 18 i
460 619 118 18 ekonomiskt
590 619 94 22 afseende,
697 620 21 17 sä
730 619 61 18 skulle
804 625 29 12 re-

76 647 36 18 dan
125 647 61 18 denna
199 648 141 23 undersökning
352 648 84 17 medföra
450 650 48 15 stort
510 653 48 18 gagn
571 648 28 17 för
612 648 61 17 denna
680 648 85 23 aflägsna
771 648 62 17 lands-

76 677 54 22 bygd,
154 679 45 15 enär
223 682 42 12 man
285 677 109 22 derigenom
413 677 62 18 skulle
493 677 40 17 lära
553 677 62 17 känna
634 677 54 18 dessa
700 677 131 18 förhällanden

76 705 33 18 och
123 705 69 18 brister
204 708 47 15 samt
263 706 64 17 kunna
338 706 24 23 pä
376 707 26 16 ett
414 706 45 17 fullt
471 706 66 22 riktigt
549 707 37 16 rätt
599 706 78 18 bedöma
690 705 47 18 dem.

145 735 7 17 I
165 735 101 22 anledning
280 735 54 17 häraf
345 735 35 17 och
393 735 43 17 med
452 735 119 22 åberopande
584 735 20 17 af
614 735 23 17 de
650 735 62 21 motiv,
726 735 63 17 hvilka
799 735 33 22 jag

76 764 6 17 i
101 764 38 17 min
158 764 79 22 petition
255 763 31 18 vid
304 765 74 16 senaste
394 763 90 23 landtdag
497 763 114 22 framstälde,
624 763 94 18 äfvensom
732 764 99 17 utskottets

77 793 41 17 med
137 792 88 18 asfeende
245 792 45 18 derå
310 792 71 23 afgifna
400 792 103 21 utlåtande,
521 793 56 21 vågar
587 793 33 22 jag
632 792 106 23 ödmjukast
751 792 82 17 anhålla:

284 858 32 19 att
340 856 165 21 instrumental
530 856 174 27 undersökning,
731 857 52 20 eller
797 856 36 21 åt-

214 885 111 20 minstone
340 892 28 14 en
382 885 170 27 undersökning
563 885 9 20 i
581 885 135 21 ekonomiskt
724 885 109 27 afseende,

216 913 70 28 blefve
298 913 32 28 på
344 915 86 20 statens
446 913 119 22 bekostnad
575 914 90 21 anstäld
674 914 38 27 för
722 913 112 28 byggande

215 942 29 27 af
255 949 27 14 en
292 943 96 27 jernväg
404 942 57 27 från
475 942 110 27 Joensuu,
601 944 92 20 öster
676 938 12 36 —
702 943 53 20 eller
764 945 71 18 vester

216 977 35 14 om
266 971 105 21 Pielinen
386 971 40 27 sjö,
444 971 35 21 till
494 971 97 21 Nurmes
599 973 58 18 samt
667 971 103 28 derifrån
780 978 55 14 norr

216 1007 36 13 om
272 999 55 22 Uleå
344 1000 60 21 träsk
415 1000 35 21 till
466 999 69 22 Vaala
545 1000 38 21 och
592 1000 75 21 vidare
678 1000 35 21 till
729 1000 106 27 Uleåborg

216 1029 39 20 och
279 1028 90 27 Torneå,
386 1028 96 21 hvarvid
496 1029 194 27 undersökningen
707 1029 63 20 borde
786 1035 47 14 om-

216 1057 58 27 fatta
289 1064 27 14 en
332 1057 54 28 linje
402 1057 33 27 på
451 1057 26 21 så
493 1057 37 21 väl
545 1059 60 19 östra
619 1064 48 14 som
682 1059 73 19 vestra
769 1057 66 21 sidan

216 1093 35 14 om
274 1085 115 26 Pielinen;
414 1087 59 20 samt
495 1087 34 19 att
551 1086 121 21 sedermera
690 1086 10 20 i
714 1086 73 21 sinom
804 1086 33 20 tid

216 1114 69 27 nådig
306 1114 142 27 proposition
471 1121 36 14 om
523 1114 111 27 byggande
650 1115 29 26 af
690 1115 73 20 denna
779 1115 58 20 bana

218 1143 68 20 måtte
301 1143 150 27 öfverelmnas
467 1143 36 21 till
519 1142 134 22 Ständerna.

148 1206 122 23 Helsingfors,
284 1206 36 17 den
332 1206 11 17 5
356 1206 93 17 Februari
463 1206 44 18 1894

372 1253 49 21 Juho
438 1253 105 22 Pitkänen.

149 1310 46 17 Häri
208 1310 77 17 förenar
297 1310 36 22 sig:

390 1333 24 21 M.
432 1334 94 21 Heikura.

149 1495 202 18 Petitionsbetänkande
363 1495 38 18 N:o
414 1495 17 18 2.
