1070 1795
230 125 28 20 42
405 125 263 23 Motionsbetänkande
683 126 44 23 N:o
742 126 23 23 3.

201 193 78 28 gande.
308 193 66 22 Detta
389 194 66 28 gäller
472 194 75 21 främst
563 193 117 23 medellösa
695 195 97 28 familjer,
807 195 85 21 hvilkas
908 195 52 21 barn

200 230 148 26 representera
364 235 24 14 en
404 228 36 21 för
454 228 94 28 familjen
563 228 108 21 värdefull
687 228 138 27 arhetskraft,
835 228 42 22 och
886 229 74 21 hvilka

201 261 49 22 icke
266 264 49 19 utan
327 262 148 28 uppoffringar
485 263 71 20 kunna
567 262 23 21 åt
601 262 49 21 dem
663 263 97 20 anskaffa
772 263 99 28 lämpliga
881 263 79 21 kläder.

202 295 45 22 Det
262 297 24 20 är
303 296 89 21 sålunda
407 296 138 28 nödvändigt,
561 299 32 18 att
604 296 130 21 kommunen
746 296 121 29 medgifves
877 298 42 19 rätt
930 299 30 19 att

201 329 70 22 befria
288 329 79 22 sådana
382 330 53 21 barn
451 330 48 21 från
515 331 109 28 skolgång,
640 339 34 13 om
690 331 42 21 den
746 332 18 26 ej
773 331 67 21 finner
848 332 33 27 sig
889 331 71 22 kunna

200 364 51 28 själf
274 364 89 22 bekosta
378 365 128 21 densamma.
535 365 11 20 I
563 365 77 28 själfva
660 365 77 22 verket
752 367 23 20 är
789 365 38 21 det
841 365 57 21 dock
912 365 47 22 icke

200 398 121 29 fattigdom,
344 407 45 13 som
411 401 62 26 utgör
495 399 37 21 det
555 399 96 22 svåraste
672 399 87 22 hindret
773 399 35 22 för
822 399 138 29 skolgången,

201 433 84 21 hvilket
299 433 93 28 framgår
407 433 67 26 däraf,
484 436 31 18 att
531 441 25 13 en
572 434 86 27 mycket
668 437 46 18 stor
724 434 35 21 del
769 434 23 21 af
801 434 158 21 folkskolornas

202 467 73 21 elever
290 467 50 28 utgå
354 467 49 21 från
419 467 87 21 alldeles
521 467 117 22 medellösa
653 467 55 22 hem.

270 501 32 21 På
324 501 67 22 ofvan
413 501 90 22 anförda
525 501 93 28 grunder
640 502 39 21 har
698 503 134 27 majoriteten
847 503 56 20 inom
920 503 39 20 Ut-

200 535 88 26 skottet,
307 535 33 21 till
361 535 87 22 hvilken
463 535 65 22 äfven
544 535 41 22 den
601 536 102 27 fraktion,
719 544 46 13 som
781 537 76 20 önskat
872 536 87 21 förorda

200 569 124 22 införandet
346 570 23 21 af
390 570 127 28 lagstadgad
537 571 107 28 läropligt,
667 570 122 22 sedermera
811 571 88 21 anslutit
921 571 38 28 sig,

200 607 72 18 ansett
295 604 70 21 denna
385 604 156 28 angelägenhet
563 604 35 21 för
618 605 134 21 närvarande
768 605 52 21 böra
835 605 24 21 så
875 605 84 26 ordnas,

201 640 32 19 att
254 637 74 29 hvarje
351 638 69 21 stads-
442 639 40 20 och
505 638 165 22 landskommun
692 639 48 21 fritt
754 639 56 28 finge
826 639 78 28 pröfva
918 639 41 22 och

200 672 90 27 besluta,
312 672 105 21 huruvida
440 673 99 28 läropligt
561 673 39 21 bör
621 674 57 20 inom
702 673 50 22 dess
771 673 86 22 område
872 673 87 26 införas,

200 706 90 21 likasom
311 706 109 28 angående
444 707 144 21 betäckandet
609 707 23 21 af
653 707 27 21 de
703 707 123 26 kostnader,
849 715 25 14 en
891 707 66 22 sådan

200 740 75 28 åtgärd
292 741 83 20 komme
390 743 32 19 att
439 741 101 21 medföra.

270 946 35 21 Då
320 946 114 22 Utskottet
448 947 83 21 således
542 947 48 21 icke
601 947 82 21 kunnat
695 947 85 21 biträda
790 948 167 21 motionärernas

200 980 82 28 förslag
304 988 33 13 om
357 981 112 21 införande
485 981 23 21 af
523 981 77 21 allmän
616 982 106 28 läropligt,
736 981 39 22 har
790 981 75 28 frågan
881 989 35 14 om
931 989 26 14 en

200 1014 63 21 däraf
277 1015 110 28 påkalladt
402 1015 101 28 skolpligt
517 1016 78 27 jämväl
610 1019 82 18 ansetts
708 1016 53 21 böra
775 1015 92 22 förfalla.
895 1015 62 22 Dock

200 1049 40 21 har
254 1049 114 22 Utskottet
382 1049 48 21 icke
446 1052 69 19 ansett
530 1049 160 22 bibehållandet
705 1050 23 21 af
743 1050 164 21 kommunernas
918 1057 39 14 nu-

199 1083 96 21 varande
318 1083 138 22 oinskränkta
473 1083 170 22 beslutanderätt
658 1085 6 20 i
680 1084 103 21 afseende
799 1083 13 22 å
827 1083 131 22 inrättandet

199 1117 23 21 af
238 1117 120 21 folkskolor
373 1125 51 14 vara
440 1118 49 21 fullt
504 1118 184 27 ändamålsenligt,
703 1121 52 18 utan
771 1118 90 21 föreslår
876 1118 81 26 främst,

200 1154 31 19 att
253 1151 74 29 hvarje
350 1152 100 21 kommun
472 1152 65 21 borde
557 1152 168 28 skyldigkännas
742 1155 31 18 att
788 1153 78 20 inrätta
881 1153 76 20 åtmin-

200 1189 62 18 stone
279 1193 25 14 en
320 1186 66 28 högre
401 1186 113 21 folkskola.
543 1186 83 22 Vidare
643 1186 38 21 har
696 1187 135 28 majoriteten
846 1187 57 21 inom
916 1186 41 22 Ut-

199 1219 88 27 skottet,
309 1222 51 19 enär
384 1228 26 13 en
432 1220 55 21 enda
505 1220 65 26 skola,
593 1221 100 28 vanligen
712 1221 86 28 förlagd
813 1221 33 20 till
861 1221 96 21 kommu-

199 1261 53 14 nens
273 1254 104 29 kyrkoby,
393 1254 76 21 endast
483 1254 125 28 tillgodoser
623 1255 26 20 de
664 1257 96 19 närmast
774 1255 96 21 boendes
886 1255 71 26 behof,

199 1288 47 21 icke
272 1291 71 18 ansett
363 1289 33 28 sig
418 1289 51 20 böra
491 1289 116 21 inskränka
627 1290 38 20 sitt
687 1289 82 28 förslag
790 1289 76 21 endast
880 1289 77 21 härtill.

199 1322 75 21 Skulle
290 1330 26 13 en
332 1323 100 21 kommun
448 1322 85 28 åläggas
546 1325 31 19 att
588 1324 78 20 inrätta
677 1326 15 18 t.
704 1331 33 14 ex.
748 1323 38 22 två
797 1323 78 25 skolor,
885 1323 72 21 kunde

199 1356 26 21 de
247 1356 168 28 förhandlingar,
429 1356 32 21 till
477 1356 72 21 hvilka
564 1356 76 28 frågan
656 1364 34 14 om
707 1357 64 21 dessa
786 1357 84 21 skolors
885 1357 71 28 place-

198 1391 48 27 ring
269 1390 65 28 gåfve
358 1390 121 29 anledning,
493 1390 106 22 måhända
614 1391 53 22 lifva
682 1392 103 21 intresset
799 1391 36 22 för
849 1391 108 28 grundan-

198 1424 38 21 det
258 1425 24 20 af
304 1427 27 19 än
346 1425 50 21 flere
412 1425 77 21 skolor.
518 1425 31 21 På
563 1425 71 28 grund
649 1425 62 22 häraf
725 1426 39 21 har
779 1425 114 22 Utskottet
908 1425 48 22 med

270 1471 104 17 Allmänna
386 1471 168 18 Besvärsutskottets
567 1471 110 18 betänkande
689 1471 38 18 N:o
740 1471 32 18 20.
