1070 1795
305 159 259 23 Motionsbetänkande
576 159 45 22 N:o
632 160 20 21 7.
808 161 25 20 17

105 225 20 18 af
139 225 142 24 domstolarna,
298 225 36 18 och
349 223 131 20 annorstädes
495 223 61 20 afsläs
572 223 42 20 åter
630 224 133 25 ansökningar
779 230 32 14 om
831 224 31 19 sä-

107 253 39 19 dan
161 253 121 25 inteckning.
312 252 30 20 Då
357 253 64 18 denna
437 253 114 19 varierande
567 252 68 25 praxis
650 253 113 18 framkallar
778 259 26 13 en
815 253 47 19 våd-

105 282 28 25 lig
157 282 104 19 osäkerhet
276 282 5 19 i
298 281 201 25 skogsförsäljningar
517 281 37 19 och
576 281 53 24 förty
653 281 70 19 verkar
738 281 83 25 menligt
836 281 27 26 på

104 310 127 25 jordegarens
256 311 39 18 rätt
315 311 29 18 att
367 309 25 26 på
408 309 34 20 det
456 312 52 17 mest
523 309 117 26 förmånliga
656 311 40 18 sätt
713 310 92 19 realisera
820 310 42 19 sina

105 339 173 24 skogstillgångar,
301 338 73 19 tillåter
395 338 33 25 jag
450 338 40 25 mig
512 340 29 17 att
564 338 50 19 rikta
632 338 161 19 Bondeståndets
810 345 51 18 upp-

106 367 134 20 märksamhet
260 367 26 25 på
308 367 63 19 denna
396 367 34 19 sak
452 367 36 19 och
504 367 63 19 tillika
583 367 67 19 beröra
666 367 61 24 några
742 367 62 19 andra
819 367 43 25 slag

105 397 20 18 af
147 396 166 26 nyttjorättsaftal
336 401 31 14 om
390 395 149 25 jordlägenhets
563 401 53 19 egor,
631 395 83 20 rörande
729 395 67 20 hvilka
811 402 48 14 ena-

104 425 65 19 handa
184 425 105 19 osäkerhet
304 424 62 20 räder.

175 453 69 20 Under
258 453 34 19 det
306 452 119 25 föregäende
441 452 134 20 ärhundradet
591 453 117 19 tillerkände
724 453 32 19 väl
771 453 39 19 den
825 453 35 19 all-

105 484 71 17 männa
197 482 57 25 lagen
271 482 4 19 i
292 481 119 25 Byggninga
432 481 73 20 Balken
523 481 131 19 skattebonde
669 483 66 18 rätten
750 484 29 17 att
794 481 67 26 nyttja

105 511 29 18 sin
152 511 49 24 skog
216 510 31 19 till
263 510 97 19 husbehof
375 510 37 19 och
427 510 70 24 afsalu,
513 516 45 13 men
569 510 60 19 likväl
640 509 76 26 ansägo
728 510 131 25 lagstiftaren,

103 539 184 19 administrationen
310 539 36 19 och
369 539 126 24 lagskiparen
517 539 30 24 sig
569 539 96 24 befogade
687 540 29 17 att
731 539 58 24 lägga
806 539 53 18 vissa

104 567 70 20 hinder
188 567 6 19 i
211 569 63 23 vägen
290 568 28 19 för
334 567 157 19 skattebondens
511 567 128 24 fullständigt
663 567 35 19 fria
721 567 138 25 försäljnings-

105 598 44 17 rätt.
180 596 206 25 Skogsförsäljningen
402 595 44 20 från
460 595 178 25 frälselägenheter
654 602 34 13 var
703 596 90 19 däremot
813 596 45 19 full-

104 625 84 24 komligt
210 625 30 19 fri.
271 625 130 18 Innehafvare
422 625 20 18 af
464 624 155 19 kronohemman
643 630 47 13 voro
712 625 89 19 däremot
818 625 40 18 för-

105 653 75 25 bjudna
200 655 30 17 att
252 653 90 19 använda
364 653 128 19 hemmanens
516 653 51 24 skog
588 653 119 19 annorledes
724 655 25 17 än
765 653 29 19 till
809 653 48 19 hus-

104 682 63 19 behof.
197 681 76 20 Genom
296 682 140 24 förordningen
458 681 20 19 af
499 682 39 19 den
557 682 25 19 21
606 681 92 20 Februari
722 682 54 19 1789
793 681 64 20 blefvo

103 711 167 19 skattebönderna
286 710 116 19 tillerkända
418 716 75 13 samma
508 710 37 19 fria
560 710 172 25 dispositionsrätt
747 711 56 18 öfver
815 710 43 19 sina

103 739 77 25 skogar,
203 739 25 25 pä
250 739 61 25 några
333 739 115 24 obetydliga
471 739 102 24 undantag
591 741 41 22 när,
648 745 43 13 som
707 739 77 19 tillkom
800 745 57 19 egare

102 768 19 18 af
144 768 159 19 frälsehemman.
340 767 63 20 Sedan
427 767 46 20 dess
493 767 60 19 hafva
576 767 98 25 skogarna
697 767 11 20 ä
729 767 68 20 frälse-
821 767 36 20 och

103 796 108 25 skattejord
231 796 43 19 fritt
292 797 76 18 kunnat
383 796 92 19 afverkas
491 796 37 19 och
543 796 89 25 försäljas
648 798 49 17 utan
712 796 38 19 alla
765 795 91 20 inbland-

102 825 71 24 ningar
192 825 44 19 frän
257 825 195 19 administrationens
475 825 48 19 sida.
553 824 33 19 Nu
609 825 90 25 gällande
721 825 94 24 skogslag
837 825 20 18 af

102 853 39 19 den
156 854 13 19 3
186 853 115 26 September
322 854 54 19 1886
400 853 111 25 uppställer
525 853 48 25 inga
588 854 62 19 andra
664 853 72 19 hinder
750 855 53 18 emot
817 853 39 19 den

101 882 37 18 fria
160 882 204 25 skogsafverkningen
384 883 26 17 än
426 882 89 19 förbudet
530 883 43 18 mot
589 882 127 25 skogsmarks
731 881 125 26 ödeläggelse

101 911 37 18 och
153 911 25 19 de
193 911 103 24 undantag
311 917 42 12 som
369 913 116 17 omnämnas
500 911 6 18 i
522 911 10 23 $
551 911 25 18 13
592 911 19 18 af
626 911 126 24 skogslagen.

169 939 54 19 Aftal
238 945 33 13 om
286 939 140 25 försäljningar
440 939 19 19 af
476 939 91 19 växande
586 939 50 25 skog
658 939 45 20 med
725 939 79 25 flerärig
826 939 28 19 af-

101 967 149 26 verkningsrätt
273 968 30 19 för
322 968 88 25 köparen
430 968 121 19 förekommo
574 968 100 19 sannolikt
699 968 43 19 icke
763 968 6 19 i
793 969 62 18 större

101 997 73 24 mängd
189 997 63 18 under
267 997 33 18 det
314 996 118 25 föregäende
447 997 36 18 och
498 997 43 19 icke
557 997 63 19 heller
635 999 55 17 ännu
706 997 6 18 i
727 997 51 18 förra
798 996 57 19 delen

99 1025 20 18 af
141 1025 54 19 detta
217 1025 131 19 århundrade.
379 1025 112 25 Skogarnas
513 1025 109 25 produkter
644 1031 47 14 voro
707 1025 32 19 väl
754 1025 60 19 redan
830 1024 25 19 dä

99 1053 24 20 de
146 1053 110 20 förnämsta
275 1053 107 20 föremälen
398 1054 30 19 för
443 1053 86 20 handeln
545 1053 26 26 pä
585 1053 96 25 utlandet,
697 1059 45 14 men
757 1055 98 24 exporten

100 1082 69 19 bestod
190 1082 32 19 till
245 1082 33 19 det
297 1084 63 17 mesta
375 1082 20 19 af
410 1082 54 25 tjära,
481 1082 79 25 bjelkar,
575 1082 128 25 handsägade
719 1082 84 25 plankor
818 1082 37 19 och

99 1111 62 18 andra
184 1117 61 17 varor,
268 1117 43 12 som
330 1111 128 19 tillverkades
477 1111 46 19 med
537 1111 141 25 jordegarenas
693 1111 90 19 enskilda
799 1111 54 18 hem-

100 1139 55 25 slöjd.
181 1135 6 34 |
187 1139 133 25 Vattensägar
334 1139 122 20 förekommo
471 1139 33 20 väl
520 1139 72 24 talrikt,
607 1145 47 14 men
669 1139 43 20 dels
724 1139 129 20 tillförsäkra-

99 1167 35 20 des
151 1167 44 20 dem
210 1167 76 20 medels
298 1168 97 19 särskilda
405 1168 118 25 privilegier,
535 1168 89 19 leverans
635 1169 20 18 af
666 1168 54 19 virke
732 1167 44 20 frän
787 1168 66 24 kring-

99 1196 92 25 liggande
214 1197 103 18 hemmans
340 1197 77 24 skogar,
441 1197 43 19 dels
500 1203 35 12 var
551 1196 176 25 virkestillgängen
743 1196 59 25 riklig
817 1196 36 19 och

99 1227 47 16 nära
167 1225 30 19 till
217 1225 68 24 hands,
307 1225 36 19 och
365 1225 245 25 afverkningskontrakter
633 1225 26 25 pä
678 1225 68 25 längre
761 1225 28 19 tid
806 1231 47 12 voro

98 1253 66 20 därför
186 1253 43 20 icke
245 1253 128 25 synnerligen
389 1253 81 25 mycket
485 1254 96 19 använda.
610 1253 58 20 Först
684 1254 61 19 sedan
760 1253 23 20 de
799 1255 54 17 stora

98 1281 124 26 ängsägarna
238 1282 33 19 vid
286 1282 144 25 vattendragen
446 1282 4 19 i
466 1282 68 19 landet
549 1282 28 19 för
593 1283 91 24 omkring
699 1284 29 17 ett
747 1281 106 26 fjerdedels

98 1310 53 19 sekel
168 1311 80 18 tillbaka
262 1311 80 19 anlades
358 1311 37 19 och
411 1311 239 24 trävarutillverkningen
665 1312 61 23 antog
736 1311 116 18 karaktären

97 1339 20 18 af
138 1345 25 13 en
185 1339 134 24 storindustri,
342 1345 42 13 som
400 1339 69 19 kräfde
485 1345 24 13 en
525 1339 39 25 hög
579 1339 220 25 anläggningskostnad
815 1339 37 19 och

97 1367 65 19 därför
177 1367 63 19 måste
256 1374 46 12 vara
317 1368 99 18 beräknad
431 1367 26 26 pä
472 1365 114 28 långvarigt
601 1368 92 19 framtida
708 1367 84 19 bestånd
815 1367 37 19 och

97 1396 57 19 säkra
176 1396 106 25 tillgängar
302 1396 26 25 pä
350 1397 60 23 virke,
433 1397 65 19 blefvo
519 1397 213 24 köpeafhandlingarna
756 1402 31 13 om
803 1396 49 25 skog

97 1425 44 18 med
164 1431 24 13 en
206 1425 69 24 längre
296 1425 160 24 afverkningstid
481 1425 30 20 för
535 1425 87 25 köparen
647 1425 81 19 allmänt
754 1425 97 24 brukliga.

97 1453 77 19 Sädana
196 1453 46 19 aftal
264 1455 34 18 äro
319 1456 74 21 ytterst
416 1454 125 25 nödvändiga
567 1454 28 19 för
624 1453 226 20 trävaruindustriernas

167 1503 129 24 Lagutskottets
307 1503 110 18 betänkande
430 1503 35 18 N:o
478 1504 26 17 11.
