1070 1795
241 122 15 21 4
395 122 278 23 Petitionsbetänkande
689 123 42 22 N:o
748 122 35 23 31.

212 192 43 19 För
277 193 43 18 dem
345 192 99 19 existerar
467 193 57 23 ingen
548 192 261 25 penningelåneinrättning,
832 192 99 20 hvarifrån
947 193 24 18 de

213 221 68 19 kunde
297 221 75 19 erhålla
388 223 75 17 smärre
479 221 163 24 amorteringslån
657 221 33 19 för
705 227 25 14 en
744 221 69 24 längre
828 221 29 20 tid
873 221 37 20 och
921 224 51 17 emot

213 250 56 23 lägre
290 251 59 18 ränta
365 252 50 17 samt
435 253 40 16 mot
489 249 116 24 inteckning
620 250 6 19 i
641 249 100 24 fastighet.
772 249 38 20 Vid
826 249 60 20 behof
900 249 20 20 af
935 252 36 17 ett-

213 278 79 19 hundra
314 278 30 19 till
366 278 37 19 och
426 279 44 18 med
492 278 67 19 femtio
583 278 54 19 mark
660 281 35 16 äro
711 279 24 19 de
751 279 115 18 nödsakade
881 281 46 21 taga
942 279 29 19 sin

214 305 82 26 tillflykt
311 307 31 18 till
358 307 122 19 dervarande
496 307 61 19 redan
574 307 77 19 ökände
667 307 83 20 ockrare
766 307 49 19 eller
830 307 32 20 vid
878 307 49 20 först
942 307 29 19 in-

214 335 99 19 träffande
328 335 62 19 behof
403 337 87 22 tvungna
506 336 80 19 attlåta
595 336 29 19 sin
632 336 57 23 ringa
698 336 94 23 egendom
801 336 24 23 gå
833 335 74 20 ”under
916 336 57 19 klub-

214 363 52 20 ban”
282 363 31 20 för
328 366 30 17 att
370 364 60 19 sedan
440 365 60 22 jemte
512 365 43 18 sina
567 364 83 24 familjer
660 365 40 19 öka
711 364 74 19 antalet
796 364 22 19 af
827 365 57 19 desse
897 365 75 19 arbets-

214 393 43 18 löse
274 392 97 24 arbetare,
388 392 20 19 af
423 393 67 19 hvilka
505 393 104 19 samhället
624 395 22 17 är
662 393 114 24 betungadt.

284 421 28 20 På
334 422 63 23 grund
419 422 21 19 af
461 421 56 20 ofvan
538 421 84 20 anförda
644 422 30 19 får
690 422 143 19 vördsammast
845 422 35 24 jag
895 422 77 19 anhålla

214 451 31 17 att
266 450 129 19 Hedervärda
418 450 150 19 Bondeståndet
588 451 60 23 jemte
670 450 64 25 öfriga
756 450 58 19 stånd
837 451 44 19 ville
904 450 69 19 förena

215 478 29 23 sig
262 483 29 14 om
308 483 23 14 en
347 479 95 23 petition:

493 537 32 18 att
546 535 64 20 Hans
627 535 124 27 Kejserliga
770 535 107 26 Majestät
893 534 79 21 täcktes

426 563 99 21 nedsätta
542 571 25 12 en
596 563 84 27 komite,
696 563 86 21 hvilken
798 563 79 21 erhölle
894 564 7 19 i
915 570 56 20 upp-

424 592 55 27 drag
495 595 30 17 att
534 592 129 25 undersöka,
680 593 56 20 huru
754 592 25 21 de
793 593 47 20 små
856 591 117 28 lägenhets-

426 621 181 26 innehafvarenes
627 621 106 27 ställning
762 621 71 20 kunde
848 620 125 27 förbättras

424 652 55 17 samt
494 649 108 20 huruvida
614 649 111 21 bildandet
736 649 47 20 med
793 651 80 19 statens
882 649 91 20 medver-

424 678 43 20 kan
483 678 25 25 af
519 685 24 13 en
555 678 220 27 låneinrättning
741 674 39 36 för
787 678 70 27 sagda
870 678 103 20 ändamål

425 707 51 20 eller
498 707 70 26 näyon
592 713 74 14 annan
690 709 64 25 utväg
773 713 48 14 vore
837 709 51 18 mest
903 706 70 27 egnad

424 737 32 18 att
472 735 48 20 leda
536 735 35 21 till
585 736 71 20 målet.

287 793 124 24 Helsingfors
427 794 36 19 den
480 793 13 19 9
509 793 87 20 februari
613 793 61 20 1894.

288 855 103 22 Tuomas
407 855 155 23 Poutiainen.
779 855 23 22 S.
818 855 88 28 Ryösä.

288 947 34 21 De
338 947 224 23 missförhållanden,
579 955 48 13 som
643 947 134 21 framhållas
790 946 8 21 i
809 945 166 22 ofvanstäende

217 981 233 28 petitionsmemorial
466 981 42 22 och
524 981 90 22 hvilkas
631 981 148 28 afhjelpande
795 981 7 20 i
819 980 51 21 dem
881 980 94 28 åsyftas,

218 1019 40 17 äro
276 1015 124 28 onekligen
416 1015 24 21 af
449 1015 44 22 den
505 1015 165 27 beskaffenhet,
682 1019 34 18 att
727 1015 29 21 de
767 1015 20 28 ej
799 1015 79 21 kunna
888 1015 87 21 lemnas

218 1049 136 22 obeaktade.
386 1050 114 21 Särskildt
523 1053 68 24 utgör
612 1049 40 22 det
674 1050 7 21 i
698 1052 62 19 östra
776 1049 67 21 delen
859 1049 26 21 af
897 1049 79 21 landet

218 1083 129 22 florerande
370 1084 79 21 ockret
472 1087 33 18 ett
524 1084 62 26 ondt,
603 1085 25 20 sä
643 1084 93 28 mycket
752 1083 159 28 betänkligare
927 1090 49 15 som

219 1118 40 21 det
275 1118 8 21 i
298 1118 62 28 regel
377 1118 115 21 bedrifves
514 1119 30 28 pä
567 1122 34 17 ett
622 1121 52 24 sätt,
696 1118 91 21 hvilket
802 1117 116 22 försvärar
933 1117 43 22 och

218 1151 52 22 ofta
293 1153 137 28 omöjliggör
453 1153 51 21 dess
527 1153 119 21 beifrande
668 1153 30 28 pä
720 1153 75 28 laglig
817 1155 51 25 väg,
883 1152 94 21 hvarför

219 1186 129 22 detsamma
364 1187 7 20 i
388 1187 27 21 de
430 1187 66 21 flesta
511 1187 42 21 fall
569 1187 45 22 fätt
630 1187 121 22 ostraffadt
766 1186 84 29 fortgä.
880 1186 97 21 Petitio-

219 1224 100 18 närerna
340 1229 54 13 anse
416 1221 51 21 med
483 1224 60 18 rätta
559 1225 34 18 att
609 1221 65 22 dessa
690 1220 217 22 missförhällanden
923 1221 54 20 böra

220 1254 117 29 afhjelpas
359 1263 84 20 genom
467 1255 113 28 ätgärder,
604 1256 80 21 hvilka
706 1255 49 22 afse
771 1257 36 19 att
821 1255 54 28 höja
890 1254 88 22 befolk-

219 1289 101 28 ningens
343 1289 109 22 välständ
475 1290 42 21 och
540 1290 133 28 derigenom
696 1294 57 24 göra
769 1289 132 21 densamma
916 1296 62 14 mera

220 1323 131 22 oberoende
361 1324 8 20 i
380 1324 146 21 ekonomiskt
537 1324 135 21 hänseende.
703 1324 12 21 TI
726 1324 45 21 den
782 1323 72 21 första
868 1323 25 21 af
903 1323 75 21 landt-

221 1358 160 28 dagsmännen
401 1358 132 28 Leppänen,
550 1358 109 26 Heikura,
676 1358 122 21 Tikkanen
815 1365 28 13 m.
859 1357 22 21 fl.
897 1357 81 21 under-

221 1392 114 21 tecknade
356 1392 128 28 petitionen
501 1393 67 20 äskas
584 1392 35 21 för
635 1393 63 21 detta
715 1392 108 21 ändamäl
838 1391 141 22 statsunder-

220 1427 55 21 stöd
298 1427 7 20 i
327 1427 59 20 form
410 1427 26 20 af
455 1427 80 26 billiga
555 1427 39 21 län
610 1428 24 20 ät
649 1427 135 25 föreningar
800 1426 52 21 med
868 1426 60 25 syfte
944 1429 35 18 att

291 1466 182 18 Ekonomiutskottets
485 1467 111 17 betänkande
610 1469 36 15 N:o
659 1467 27 17 13.
