1070 1795
302 155 263 23 Motionsbetänkande
582 155 42 22 N:o
640 154 22 23 3.
823 155 27 21 39

117 224 165 21 kommunernas
305 223 202 29 skyldigkännande
531 223 54 21 att
576 218 15 38 i
607 222 136 22 förhållande
765 223 32 21 till
820 223 61 22 såväl

117 257 126 30 folkmängd
259 265 46 14 som
318 257 118 22 folktäthet
450 258 81 21 inrätta
545 257 77 28 nödigt
637 257 57 21 antal
710 257 126 26 folkskolor,
851 257 27 22 de

117 292 71 28 öfriga
203 292 229 29 petititionsförslagen
448 291 48 22 åter
509 291 47 22 dels
572 291 121 22 ordnandet
703 291 23 21 af
735 291 145 22 förhållandet

117 327 77 21 mellan
211 326 135 22 skoldistrikt
360 326 41 21 och
417 325 42 22 den
477 326 70 28 öfriga
560 325 129 22 kommunen
700 325 46 22 dels
758 326 121 29 beviljande

117 360 24 22 af
155 360 172 23 statsunderstöd
351 360 23 21 åt
396 360 79 28 fattiga
497 360 127 21 kommuner
645 359 35 22 för
701 360 134 28 uppförande
857 360 23 22 af

117 395 154 22 folkskolehus.
301 395 113 22 Utskottet
436 394 108 29 afstyrkte
567 394 71 22 denna
652 394 57 28 gång
723 394 104 29 förslaget
842 402 34 14 om

117 430 109 28 skolpligt,
241 437 48 13 men
304 429 113 21 förordade
441 428 123 22 oberoende
579 428 200 27 folkskoledistrikt,
800 430 7 20 i
822 428 56 22 hvil-

117 463 37 22 ket
169 464 57 28 syfte
242 463 65 22 äfven
321 464 91 27 petition
428 463 24 21 af
466 463 121 21 Ständerna
603 463 66 21 afläts.

186 497 114 22 Utskottet
313 497 39 22 har
366 497 104 28 därjämte
487 497 84 21 erhållit
587 497 35 21 del
636 497 24 21 af
673 497 29 21 K.
718 497 103 21 Senatens
832 497 45 21 för-

117 531 46 28 slag
177 531 93 22 rörande
292 531 118 28 stadgande
434 531 24 21 af
473 531 78 22 allmän
571 531 101 29 läropligt
687 534 55 19 samt
756 531 121 21 församlin-

116 573 78 21 garnas
210 566 40 21 och
274 566 164 21 kommunernas
461 565 202 29 skyldigkännande
685 568 32 19 att
737 566 78 21 inrätta
835 565 41 22 och

117 600 125 21 underhålla
264 603 30 18 ett
316 600 66 28 enligt
404 600 108 21 allmänna
534 599 223 28 beräkningsgrunder
779 599 97 29 angifvet

117 634 75 28 nödigt
207 635 57 20 antal
280 634 124 27 folkskolor,
419 634 85 22 hvilket
519 634 82 28 förslag
616 641 39 14 var
673 633 72 22 afsedt
759 637 31 18 att
805 633 70 22 såsom

115 669 28 21 N.
159 669 139 28 Proposition
320 669 120 28 föreläggas
463 668 148 22 innevarande
634 668 108 28 landtdag,
763 675 49 14 men
827 668 48 21 icke

117 703 66 21 erhöll
198 703 129 28 allerhögsta
341 703 165 28 godkännande.

185 846 211 28 Petitionsförslaget
411 846 84 29 åsyftar
509 846 74 29 hvarje
594 846 175 22 landskommuns
780 846 95 29 skyldig-

115 880 114 22 kännande
245 883 31 19 att
290 881 125 21 underhålla
430 888 28 13 en
473 881 66 28 högre
554 881 114 21 folkskola.
690 880 12 21 I
717 881 97 28 samtliga
829 888 46 14 mo-

114 915 140 28 tionsförslag
268 915 45 21 åter
327 915 119 28 uppställes
461 915 89 21 fordran
565 915 30 29 på

184 951 34 20 1:o
233 950 85 21 allmän
334 949 109 28 läropligt,
467 949 53 22 eller
542 949 117 22 föräldrars
680 949 143 28 förpligtande
843 951 32 19 att

114 983 63 26 tillse,
193 983 37 22 det
246 983 62 22 deras
323 983 53 22 barn
390 991 79 20 genom
485 983 157 28 undervisning
657 984 6 21 i
674 983 113 27 folkskola,
801 984 3 20 i
814 983 59 22 hem-

114 1021 44 18 met
179 1018 51 21 eller
252 1017 132 22 annorlunda
406 1017 29 29 på
457 1019 39 20 sitt
519 1020 49 25 eget
585 1017 128 22 modersmål
735 1017 23 22 få
779 1017 94 22 inhemta

115 1054 31 19 ett
160 1051 170 30 kunskapsmått,
352 1059 45 14 som
420 1054 121 19 motsvarar
563 1052 66 28 högre
650 1052 133 21 folkskolans
799 1052 73 21 kurs
861 1047 15 38 i

114 1085 50 22 dess
180 1087 116 27 vigtigaste
311 1087 130 26 läroämnen,

184 1121 37 21 2:0
244 1121 107 28 skolpligt,
368 1121 51 21 eller
440 1121 165 21 kommunernas
621 1120 198 29 skyldigkännande
835 1123 37 24 att,

113 1162 51 13 vare
179 1155 33 28 sig
227 1155 7 20 i
250 1154 134 22 förhällande
406 1155 33 20 till
455 1155 82 21 antalet
552 1155 53 20 barn
628 1155 7 20 i
650 1154 121 21 skoläldern
787 1155 84 25 (mellan

114 1189 13 20 9
143 1189 40 20 och
199 1190 26 20 13
241 1189 30 26 är)
288 1189 50 21 eller
352 1189 28 28 pä
395 1189 71 28 grund
488 1189 23 21 af
527 1188 117 22 folktäthet
660 1188 40 21 och
719 1188 153 27 invånarantal,

113 1224 79 20 inrätta
206 1223 42 21 och
263 1223 124 21 underhälla
404 1223 77 28 nödigt
496 1223 59 21 antal
570 1223 126 26 folkskolor,

184 1258 36 21 3:0
241 1257 223 28 distriktsindelning,
489 1257 52 21 eller
563 1257 163 21 kommunernas
749 1257 122 28 skyldighet

113 1294 32 18 att
158 1291 74 22 indela
247 1292 47 21 sina
308 1291 101 22 omräden
425 1292 8 21 i
448 1291 102 29 lämpliga
565 1291 140 22 skoldistrikt.

184 1325 45 22 Vid
245 1325 156 29 behandlingen
418 1326 24 21 af
456 1326 143 21 förevarande
614 1325 74 28 frägor
705 1325 39 22 har
757 1327 58 20 inom
829 1326 42 22 Ut-

113 1360 81 21 skottet
209 1360 32 21 till
256 1360 84 21 förmän
362 1360 34 21 för
411 1360 43 21 den
470 1361 7 20 i
493 1359 205 28 motionsförslagen
719 1359 98 29 äsyftade
833 1360 38 22 all-

112 1395 77 20 männa
211 1394 139 28 lagstadgade
372 1394 129 29 läropligten
523 1394 82 21 anförts
626 1397 36 23 att,
677 1394 67 28 enligt
758 1393 41 22 den
815 1394 56 22 erfa-

112 1428 80 26 renhet,
214 1436 47 13 som
283 1428 55 21 bäde
360 1428 40 21 hos
423 1436 36 14 oss
483 1428 41 22 och
542 1429 7 20 i
565 1429 68 21 andra
647 1428 75 21 länder
736 1429 93 26 vunnits,
844 1437 27 14 en

112 1465 45 18 stor
169 1463 35 21 del
220 1463 52 21 barn
288 1464 6 19 i
309 1463 122 21 skoläldern
453 1463 105 21 förblifva
574 1464 7 20 i
597 1462 105 22 afsaknad
722 1463 23 21 af
759 1463 113 22 undervis-

183 1503 104 17 Allmänna
299 1503 170 18 Besvärsuitskottets
481 1503 113 18 betänkande
606 1502 38 18 N:o
656 1502 32 18 20.
