1070 1795
254 130 26 21 10
407 129 278 23 Petitionsbetänkande
701 129 45 23 N:o
762 129 35 22 14.

220 199 60 19 deras
296 199 130 24 fortbestånd,
443 200 36 19 och
495 200 44 18 med
555 200 46 19 stöd
616 200 22 19 af
652 199 57 20 ofvan
726 199 115 20 framstälda
859 199 61 24 fakta,
943 205 34 14 an-

220 227 56 20 hålla
296 228 19 19 vi
338 228 68 19 därför
428 228 101 19 vördsamt
551 233 31 15 om
605 229 35 19 det
662 229 130 19 Hedervärda
819 228 159 20 Bondeståndets

220 257 120 19 medverkän
357 257 81 23 därhän,

497 315 32 18 att
551 313 48 20 vårt
622 313 65 20 lands
712 313 95 20 Ständer
827 313 23 20 åt
874 313 74 27 hvarje
971 313 8 20 i

429 340 131 21 verksamhet
583 342 96 20 varande
694 341 157 28 folkhögskola
866 342 64 20 måtte
946 341 33 21 be-

430 370 53 27 vilja
505 372 28 18 ett
556 370 67 27 årligt
646 371 119 20 understöd
787 370 29 27 af
831 371 66 20 minst
913 371 64 26 3,000

428 398 69 21 mark.

294 457 130 25 Helsingfors,
440 457 37 19 den
493 457 13 18 6
521 457 97 20 Februari
636 456 62 21 1894.

294 517 102 23 Severus
412 517 119 23 Konkola.
616 518 65 22 Juho
697 518 108 22 Brusila.

293 557 91 23 Kustaa
400 558 107 28 Kiipula.
616 558 65 22 Juho
697 558 132 22 Pitkänen.

293 597 24 23 C.
333 597 28 23 G.
377 597 150 28 Rosenberg.
616 597 104 23 Tuomas
736 598 175 22 Laurikainen.

292 637 23 22 J.
332 637 108 22 Starcke.
615 637 68 22 Antti
698 637 127 22 Pullinen.

293 677 83 22 Pekka
391 677 139 28 Leppänen.
615 677 27 22 F.
658 677 36 23 W.
711 677 154 28 Lagerstedt.

292 718 92 27 August
398 718 119 22 Fellman.
616 718 23 22 J.
656 718 28 22 R.
700 718 144 28 Wuolijoki.

292 809 76 21 Sedan
398 809 36 21 till
458 810 53 21 1891
537 809 36 21 ärs
597 809 99 22 Ständer
719 809 124 21 inlemnats
866 809 115 21 särskilda

220 843 203 28 petitionsförslag
439 851 36 14 om
491 843 131 29 beviljande
638 843 26 22 af
672 843 186 21 statsunderstöd
875 843 36 21 för
920 843 60 22 folk-

223 877 135 28 högskolor,
386 877 135 22 meddelade
551 877 126 22 Allmänna
703 877 215 22 Besvärsutskottet
940 877 40 22 vid

221 911 103 22 nämnda
345 911 114 29 landtdag
481 912 8 20 i
509 911 41 22 sitt
565 911 26 22 af
605 911 65 22 dessa
686 911 201 29 petitionsförslag
903 911 78 22 föran-

220 945 72 22 ledda
312 945 147 22 betänkande
483 953 28 14 en
533 946 99 28 utförlig
653 946 147 27 redogörelse
818 945 36 22 för
874 945 106 30 folkhög-

221 979 133 22 skoleidöns
375 980 125 28 uppkomst
515 980 44 21 och
574 979 142 29 utbredning
732 980 8 21 i
756 979 27 22 de
799 980 182 21 skandinaviska

220 1013 121 29 länderna,
368 1017 60 18 samt
454 1014 59 21 huru
539 1015 75 21 denna
642 1014 36 21 idé
700 1015 146 28 småningom
869 1014 46 21 fått
936 1014 45 22 fot-

219 1048 63 21 fäste
305 1049 69 21 äfven
397 1049 9 20 i
427 1049 52 21 värt
493 1049 62 21 land.
586 1049 34 21 Pä
636 1049 45 21 den
696 1049 66 21 tiden
777 1049 86 21 funnos
878 1049 8 20 i
901 1049 80 21 landet

220 1083 85 21 endast
328 1083 40 21 tvä
394 1083 181 28 folkhögskolor,
601 1083 118 29 nämligen
745 1083 9 21 i
778 1083 135 28 Kangasala
938 1083 43 21 och

221 1117 87 28 Borgä,
332 1117 42 21 och
396 1117 70 22 äfven
489 1117 66 22 dessa
578 1117 59 22 hade
657 1118 59 21 blott
740 1120 34 18 ett
794 1125 42 20 par
859 1118 24 21 är
898 1117 83 21 variti

221 1151 155 22 verksamhet.
399 1152 55 21 Men
470 1151 28 22 de
513 1152 104 26 resultat,
633 1151 81 22 hvilka
729 1152 72 21 redan
817 1151 74 21 under
906 1151 75 22 denna

221 1185 70 22 korta
312 1185 34 22 tid
369 1186 102 26 vunnits,
494 1185 59 22 hade
573 1186 115 28 tilldragit
704 1186 36 28 sig
756 1185 86 22 allmän
857 1186 124 28 uppmärk-

221 1219 98 22 samhet.
350 1220 190 28 Folkhögskolan
562 1220 60 21 hade
644 1221 74 20 utsätt
740 1222 34 19 ett
799 1219 58 29 godt
873 1219 42 22 och
930 1227 51 21 gro-

221 1253 55 22 bart
296 1254 43 27 frö,
366 1254 25 21 af
404 1254 91 21 hvilket
509 1254 74 21 under
599 1254 44 21 den
659 1254 41 27 tid,
717 1261 49 14 som
783 1254 70 21 sedan
869 1253 52 22 dess
936 1253 46 22 för-

221 1287 71 28 futit,
308 1295 29 14 en
351 1288 78 29 frodig
445 1289 72 21 brädd
532 1289 128 28 uppspirat.
685 1289 47 20 Det
748 1292 25 17 är
789 1291 34 18 att
837 1288 95 29 hoppas,
948 1290 35 19 att

221 1322 155 22 fosterlandet
394 1322 69 22 häraf
479 1323 59 21 skall
561 1330 82 21 genom
660 1325 82 26 trägen
759 1322 142 22 omvärdnad
917 1322 65 21 inhö-

222 1359 38 19 sta
275 1357 85 29 rikliga
375 1357 96 21 skördar
486 1356 36 22 för
537 1356 132 22 framtiden.

293 1391 45 22 Till
366 1391 127 28 belysande
515 1392 26 21 af
561 1391 27 22 de
612 1391 242 28 anmärkningsvärda
879 1391 104 25 resultat,

221 1425 85 22 hvilka
323 1433 84 20 genom
426 1425 294 28 folkhögskolevännernas
737 1425 74 27 lifliga
827 1426 96 20 intresse
939 1425 43 22 och

294 1465 102 18 Allmänna
409 1465 169 18 Besvärsutskottets
591 1466 109 17 betänkande
714 1465 38 18 N:o
765 1466 16 17 9.
