1070 1795
253 147 277 22 Petitionsbetänkande
546 147 45 22 N:o
605 147 41 22 40.
789 148 14 20 5

75 218 54 19 såväl
151 217 65 24 gamla
230 223 42 13 som
292 223 37 18 nya
344 219 66 21 vägar.
442 217 8 18 I
467 217 36 18 den
520 217 42 19 mån
579 217 37 18 den
632 217 99 19 allmänna
746 216 83 20 trafiken

74 247 57 22 ökas,
151 247 75 22 stegras
250 245 67 20 derför
341 245 58 20 äfven
420 245 242 24 vägbyggnadsbesvären.
693 245 70 20 Denna
778 248 52 21 steg-

73 275 44 23 ring
132 274 97 24 försiggår
245 274 51 19 dock
316 274 44 19 icke
381 274 65 24 jemnt
464 274 36 19 och
523 274 101 23 samtidigt
645 274 26 24 på
692 273 54 20 olika
769 276 60 17 orter.

74 303 115 24 Isynnerhet
205 308 69 19 genom
287 303 106 23 jernvägar
408 302 58 19 bafva
474 302 209 20 trafikförbållandena
698 303 6 18 i
720 302 67 19 landet
796 308 35 13 un-

75 332 35 19 der
133 337 69 14 senare
218 331 52 19 tider
285 331 96 24 betydligt
397 331 121 20 förändrats.
548 331 72 19 Medan
638 331 83 19 trafiken
738 331 25 24 på
779 337 50 14 som-

74 361 39 24 liga
135 363 54 16 orter
212 363 77 16 enormt
311 360 87 23 tilltagit,
421 359 37 20 har
481 360 36 19 den
541 360 89 19 deremot
652 359 26 25 på
698 360 64 19 andra
776 363 54 16 orter

74 389 76 24 knappt
172 389 36 19 alls
232 389 65 22 ökats,
319 389 35 18 här
378 388 36 19 och
431 389 35 18 der
481 388 30 19 till
527 389 37 19 och
580 389 44 18 med
639 388 101 20 minskats.
770 388 59 20 Utom

75 421 29 16 att
127 418 230 24 vägbyggnadsbesväret
378 418 6 18 i
399 417 68 19 landet
483 418 82 18 sålunda
581 423 41 13 mer
637 417 38 19 och
690 422 41 14 mer
746 419 84 22 stegras,

76 448 96 22 betungar
187 447 34 18 det
236 446 38 23 dag
289 446 50 19 efter
355 446 37 23 dag
408 446 36 19 allt
460 447 99 22 ojemnare
576 446 53 19 olika
644 448 61 16 orter.

145 475 38 19 Det
205 475 36 18 har
256 474 116 19 frambållits
393 477 36 21 att,
445 475 69 18 medan
531 474 231 24 vägbyggnadsbesväret
777 474 54 19 svårt

75 503 96 24 betungar
194 504 5 18 i
222 503 73 19 mantal
318 505 39 17 satt
370 503 54 24 jord,
440 503 75 19 sådana
528 503 162 24 jordlägenheter
707 503 68 23 finnas,
789 508 42 14 som

72 534 93 25 nogsamt
187 535 100 16 motsvara
309 534 63 17 större
391 532 49 19 eller
454 532 76 19 mindre
545 531 174 20 mantalshemman
736 531 49 19 eller
800 531 30 20 åt-

76 561 96 19 minstone
196 561 112 23 skattlagda
329 564 45 19 torp
397 559 49 21 eller
467 561 96 23 utjordar,
586 566 42 13 men
644 560 68 19 hvilka
728 561 51 18 dock
795 562 35 17 äro

75 589 89 21 befriade
186 589 43 20 från
245 589 210 24 vägbyggnadsbesvär
469 589 26 24 på
509 589 64 23 grund
587 589 58 19 afait
660 589 24 19 de
700 594 73 14 samma
787 589 44 19 icke

75 618 66 19 blifvit
163 618 112 23 skattlagda
290 617 48 20 eller
353 618 6 19 i
375 616 73 21 mantal
465 621 56 16 satta.
553 618 26 19 Så
594 623 46 18 eger
655 617 118 24 exempelvis
784 618 45 19 kro-

76 653 46 17 nan,
145 649 53 17 utom
221 647 121 19 vidsträckta
357 647 80 23 skogar,
453 646 66 19 hvilka
535 647 43 18 icke
595 646 64 19 blifvit
674 646 32 19 för
720 646 109 24 kronopar-

78 676 35 19 ker
129 675 114 20 förklarade
259 675 36 20 och
311 675 67 20 derför
392 676 60 23 jemte
469 676 34 18 der
520 675 99 24 befintliga
635 678 44 21 torp
688 675 105 24 undslippa
801 677 30 17 att

78 705 79 23 deltaga
177 704 6 19 i
207 704 237 26 vägbyggnadsbesväret,
467 704 36 19 här
522 704 36 19 och
575 704 35 19 der
625 703 75 20 holmar
716 704 36 19 och
768 703 63 20 andra

76 733 76 24 jordar,
176 733 74 23 hvilka,
273 733 93 19 skattfria
384 733 65 18 såsom
465 733 24 18 de
505 735 42 20 äro,
563 733 44 19 icke
623 733 25 23 på
662 733 72 18 minsta
750 734 38 17 sätt
801 732 29 19 bi-

78 762 62 23 draga
155 761 30 20 till
200 761 126 20 underhållet
341 761 21 19 af
376 763 60 22 vägar
452 761 36 20 och
508 761 66 20 broar.
605 761 37 19 Till
658 761 37 19 och
711 761 43 19 med
769 760 61 24 gifves

78 791 33 18 det
126 791 74 24 städer,
215 790 73 23 hvilka,
304 794 52 15 utom
372 791 34 18 sitt
422 791 97 22 egentliga
535 790 79 19 område
631 796 35 17 ega
682 790 44 19 hela
742 790 88 18 hemman

77 819 49 19 eller
141 819 63 19 andra
219 819 119 23 lägenheter,
354 819 68 18 hvilka
437 819 26 24 på
479 819 102 18 enahanda
596 821 39 16 sätt
650 821 35 16 äro
694 818 92 19 skattfria
794 817 37 20 och

77 847 89 28 befriade
181 847 43 20 från
241 847 215 24 vägbyggnadsbesvär.

145 876 59 19 Ännu
220 877 94 23 vigtigare
330 879 28 18 är,
374 879 30 16 att
418 876 232 24 vägbyggnadsbesväret
665 875 164 23 hufvudsakligen

77 905 68 19 träffar
167 905 70 19 endast
256 907 71 16 tvenne
350 905 177 23 samhällsklasser,
545 905 132 23 jordbrukare
694 905 35 18 och
746 903 83 20 fabriks-

77 939 65 18 egare,
165 934 68 19 medan
257 933 48 20 flera
321 934 61 19 andra
402 933 180 24 samhällsgrupper
596 933 69 23 finnas,
681 938 40 14 som
738 933 40 18 helt
793 933 37 18 och

76 962 62 19 hållet
159 962 110 25 undslippaj
284 962 110 24 byggandet
410 963 35 18 och
463 962 124 19 underhållet
602 962 20 19 af
637 964 59 21 vägar
711 961 37 20 och
763 961 67 23 broar,

77 991 82 19 oaktadt
180 991 24 19 de
227 991 41 19 lika
284 991 29 18 väl
329 997 40 13 som
384 991 106 24 jordegare
506 991 36 19 och
558 990 128 19 innehafvare
700 990 21 19 af
736 990 94 19 industri-

76 1020 132 23 inrättningar
231 1021 35 18 äro
289 1019 7 19 i
317 1019 60 20 behof
400 1020 36 19 och
459 1019 144 24 oupphörligen
619 1019 80 24 betjena
714 1019 29 23 sig
760 1019 20 18 af
795 1019 34 18 de-

77 1054 77 13 samma.
184 1048 43 19 Allt
250 1054 41 13 mer
312 1049 36 18 har
370 1054 43 13 man
435 1049 67 18 derför
519 1050 71 21 begynt
605 1047 68 20 fordra
688 1049 29 18 att
734 1047 96 24 vägbygg-

76 1077 143 19 nadsbesväret
234 1077 40 19 helt
290 1077 35 19 och
341 1077 62 19 hållet
418 1077 65 19 blefve
495 1076 100 20 fördeladt
611 1077 24 23 på
651 1077 39 18 alla
705 1077 51 22 dem,
764 1076 67 19 hvilka

76 1106 88 23 begagna
185 1106 29 24 sig
236 1105 22 20 af
279 1108 59 21 vägar
359 1105 36 20 och
412 1105 66 19 broar.
509 1105 75 20 Tvifvel
599 1105 145 20 underkastadt
759 1107 22 16 är
797 1105 33 18 det

76 1135 121 22 visserligen,
220 1134 96 19 huruvida
338 1135 34 18 det
395 1139 47 14 vore
465 1135 125 23 synnerligen
613 1134 114 19 välbetänkt
750 1136 28 16 att
799 1136 30 16 ut-

76 1163 80 19 sträcka
178 1163 276 24 vägbyggnadsskyldigheten
477 1163 29 18 till
530 1163 37 18 den
592 1162 70 25 fattiga
685 1162 146 24 befolkningen,

75 1197 41 14 som
133 1191 41 20 ofta
189 1192 44 19 med
248 1191 67 24 knapp
331 1192 38 19 nöd
384 1191 74 20 förmår
474 1192 65 18 betala
555 1192 42 19 sina
612 1191 126 19 kommunala
753 1189 76 25 utskyl-

75 1220 42 23 der,
133 1226 43 13 men
192 1221 34 18 det
242 1221 56 18 torde
314 1220 51 19 dock
380 1220 44 19 icke
440 1225 49 14 vara
504 1220 87 23 omöjligt
607 1224 28 15 att
651 1220 25 23 på
690 1221 30 19 ett
736 1220 47 18 eller
796 1225 34 13 an-

75 1252 34 15 nat
132 1250 39 18 sätt
194 1249 62 19 ordna
280 1249 60 18 saken
364 1249 28 22 sä,
415 1251 29 16 att
466 1249 119 18 ätminstone
601 1249 39 19 alla
654 1248 24 19 de
694 1248 136 23 medborgare,

74 1277 68 19 hvilka
157 1279 5 17 i
179 1278 98 19 anseende
293 1278 30 18 till
338 1278 30 18 sin
384 1277 137 24 förmögenhet
536 1277 67 19 kunna
616 1277 95 24 jemföras
721 1277 44 18 med
773 1276 56 24 jord-

75 1312 58 17 egare
149 1307 36 18 och
201 1305 211 24 fabriksinnehafvare,
428 1305 65 20 blefve
509 1306 145 23 skyldigkända
670 1307 30 18 att
715 1306 62 23 bygga
793 1305 37 19 och

74 1335 116 19 underhålla
206 1337 60 21 vägar
282 1334 36 19 och
334 1335 66 19 broar.

143 1363 91 19 Framför
249 1363 36 19 allt
300 1363 68 23 klagar
384 1368 43 14 man
444 1362 55 20 öfver
515 1362 122 24 ojemnheten
650 1362 22 20 af
683 1362 146 24 vägbyggnads-

74 1391 98 26 besväret,
188 1392 37 19 och
240 1392 7 19 i
263 1393 54 18 detta
333 1392 93 19 afseende
442 1397 59 18 synes
517 1392 32 18 det
565 1397 47 14 vara
628 1397 24 13 en
668 1390 70 20 allmän
754 1390 75 20 önskan

73 1423 30 16 att
118 1421 192 24 vägbyggnadslaget
325 1421 61 18 borde
402 1420 84 19 omfatta
501 1423 28 16 ett
545 1422 64 17 större
624 1420 88 24 område,
726 1422 15 16 t.
758 1425 29 14 ex.
801 1421 29 17 ett

73 1449 63 19 härad
152 1449 37 20 och
207 1449 51 24 icke,
275 1449 62 19 såsom
353 1449 78 23 hittills,
447 1452 28 16 ett
485 1449 90 24 tingslag.
597 1449 35 18 Ett
640 1448 64 25 dylikt
713 1450 63 17 större
788 1453 41 14 om-

143 1493 47 22 Lag-
203 1493 33 17 och
248 1493 180 17 Ekonomiutskottets
441 1493 110 17 betänkande
563 1492 38 17 N:o
613 1493 27 16 14.
