1070 1795
337 171 260 24 Motionsbetänkande
611 171 47 24 N:o
674 172 22 23 2.
850 173 13 21 5

134 236 242 25 bränvinsförordningen.
402 232 12 33 —
420 236 75 20 Genom
520 237 37 19 den
589 236 117 24 förändring
728 237 34 24 jag
789 237 103 24 föreslagit

134 265 64 20 blefve
219 265 152 20 kommunernas
394 265 119 24 befogenhet
535 265 45 19 vida
595 265 173 24 otvifvelaktigare
783 265 37 20 och
835 271 55 14 mera

133 294 83 24 tryggad
238 297 26 16 än
286 294 38 19 den
347 293 31 20 för
392 294 124 19 närvarande
533 295 28 19 är.
591 293 38 20 Till
645 293 50 24 följd
710 293 21 20 af
745 293 144 21 ofvannämnda

133 322 139 25 förändringar
293 323 62 19 måste
378 323 98 19 dessutom
492 322 44 19 fråu
551 322 69 25 början
636 322 22 20 af
672 321 141 26 förordningen
828 320 62 27 några

133 351 123 24 paragrafer,
280 357 41 14 som
346 350 64 21 blefve
436 350 140 24 oförändrade,
601 350 117 25 framflyttas
740 351 36 20 och
792 357 96 14 nummer-

133 379 74 25 följden
229 380 108 25 omställas,
352 385 43 14 men
411 379 44 20 från
470 379 38 20 och
523 379 44 20 med
583 379 10 26 $
610 379 26 20 12
652 379 71 20 förblir
737 379 151 25 paragrafernes

132 409 138 24 nummerföljd
286 409 112 19 densamma
413 414 41 14 som
469 407 108 21 tillförene.

204 434 68 27 Öfriga
293 437 22 20 af
331 438 39 23 mig
385 437 112 24 föreslagna
511 436 141 25 förändringar
667 440 35 16 äro
717 437 31 19 till
763 439 73 18 största
851 438 34 18 de-

132 465 32 20 len
186 466 72 19 endast
272 466 76 19 mindre
364 466 74 23 viktiga
453 466 148 23 konsegvenser
616 465 22 20 af
652 465 24 20 de
691 466 136 23 nyssnämnde.
857 465 30 20 Af

133 496 63 18 större
219 494 121 24 betydenhet
360 497 35 17 äro
416 494 52 20 dock
491 500 36 19 par
549 493 141 25 förändringar
704 495 6 18 i
726 494 11 25 &
753 493 20 25 1,
788 494 57 20 äfven
861 495 25 18 de

131 523 71 20 lånade
226 523 42 20 från
288 523 242 24 bränvinsförordningen.
567 522 28 20 Af
609 523 60 19 dessa
691 523 23 19 är
736 523 96 20 måhända
847 523 39 19 den

132 551 113 25 viktigaste,
268 554 30 17 att
318 552 31 19 till
365 552 112 19 inrättande
493 551 21 19 af
527 553 45 22 nytt
587 551 113 25 ölbryggeri
716 551 11 20 &
742 552 67 19 landet
832 551 55 20 kom-

131 585 81 14 munens
236 580 55 20 bifall
313 581 63 19 skulle
399 580 107 23 erfordras,
528 585 44 14 men
587 580 136 24 medgifvande
739 580 21 19 af
774 581 65 19 denna
853 580 34 19 be-

131 608 94 25 fogenhet
246 609 22 20 ät
282 609 140 20 kommunerna
437 609 92 19 omfattas
545 612 46 16 utan
607 609 69 19 tvifvel
692 609 22 19 sä
728 609 124 24 enstämmigt
867 608 22 20 af

132 637 54 20 detta
202 637 64 24 ständ,
282 640 29 17 att
325 638 65 24 nägon
406 637 67 20 vidare
489 637 116 25 motivering
621 637 58 20 deraf
692 635 44 22 icke
751 639 22 18 är
783 637 22 20 af
815 637 74 20 nöden.

199 666 30 20 På
244 667 63 23 grund
322 666 21 20 af
357 667 33 18 det
406 666 83 19 anförda
503 666 61 24 vågar
577 667 33 23 jag
626 666 112 24 framställa
752 668 29 17 ett
791 666 94 19 motions-

131 693 74 26 förslag
221 700 31 14 om
264 695 110 24 antagande
390 695 22 19 af
425 695 88 24 följande

235 813 115 29 Förordning
368 813 96 29 angående
479 813 114 29 försäljning
609 813 35 24 och
660 813 123 29 utskänkning

422 842 20 23 af
457 842 133 29 maltdrycker.

202 906 47 19 Med
268 907 85 24 ändring
368 906 21 20 af
402 906 24 26 88
442 905 77 25 1—12,
535 905 34 25 14,
585 906 33 24 18,
634 905 35 25 20,
685 906 26 20 21
728 907 36 19 och
779 905 28 21 24
821 907 7 18 i
843 906 41 20 för-

130 934 108 24 ordningen
258 935 100 24 angående
374 935 116 24 försäljning
505 935 37 20 och
559 935 135 24 utskänkning
708 935 22 19 af
742 935 141 24 maltdrycker,

129 963 65 24 gifven
220 964 37 19 den
280 963 13 20 2
317 963 57 25 April
392 963 61 25 1883,
469 965 62 22 enligt
545 965 38 18 den
599 964 75 24 lydelse
690 964 60 23 sagda
765 963 23 26 $$
804 964 79 19 erhållit

129 997 69 18 genom
220 993 38 18 den
281 992 13 19 9
316 993 47 19 Juni
379 991 55 21 1892
450 993 93 24 vidtagna
558 993 144 24 förändringar,
718 993 70 19 varder
803 993 80 19 härmed

128 1021 98 24 stadgadt:

483 1094 48 27 81.

198 1158 95 24 Bryggeri
315 1158 31 20 för
361 1158 126 25 tillverkning
502 1158 21 20 af
537 1159 135 24 maltdrycker
687 1159 31 19 mä
733 1159 82 18 inrättas
829 1158 55 19 såväl

126 1187 6 18 i
156 1187 44 19 stad
224 1192 41 14 som
280 1187 14 20 ä&
308 1187 74 23 landet,
398 1187 51 20 dock
465 1187 12 20 å
491 1188 68 19 landet
575 1188 70 19 endast
660 1187 82 20 såframt
756 1187 127 19 kommunens

126 1215 126 20 medlemmar
274 1216 12 19 å
309 1216 99 19 ordinarie
424 1216 195 19 kommunalstämma
634 1215 68 20 dertill
717 1216 72 19 lemnat
804 1215 35 19 sitt
854 1215 29 20 bi-

126 1243 42 20 fall.
198 1243 130 21 Innehafvare
353 1244 22 19 af
400 1244 91 25 bryggeri
519 1245 31 19 för
571 1245 128 23 tillverkning
714 1244 22 19 af
749 1244 134 24 maltdrycker

126 1277 35 19 ege
182 1273 96 24 rättighet
299 1275 29 17 att
342 1272 44 20 från
402 1272 36 21 sitt
452 1273 92 24 bryggeri
559 1273 82 24 försälja
656 1273 132 24 maltdrycker
803 1273 20 19 ät
837 1278 46 19 per-

126 1306 58 14 soner
206 1302 49 19 eller
276 1301 66 24 bolag,
364 1307 42 14 som
422 1301 79 20 erhällit
517 1302 90 23 behörigt
623 1301 89 20 tillständ
727 1304 30 17 att
771 1301 48 20 idka
833 1301 51 20 han-

126 1329 32 19 del
180 1330 44 19 med
250 1330 65 19 denna
329 1336 57 17 vara;
403 1331 73 18 önskar
491 1331 38 19 han
545 1331 146 19 vidsträcktare
707 1330 176 25 försäljningsrätt,

125 1358 59 19 ställe
200 1358 29 24 sig
245 1358 30 20 till
290 1358 141 23 efterrättelse,
448 1359 50 19 hvad
514 1360 5 18 i
536 1359 23 25 $$
575 1358 13 20 3
602 1359 37 19 och
650 1359 12 19 5
673 1358 37 20 här
722 1359 63 19 nedan
796 1358 87 24 stadgas.
901 1367 4 4 -

194 1386 84 21 Utöfvas
303 1387 167 24 bryggerirörelse
494 1388 21 19 af
539 1388 65 23 bolag,
630 1388 109 19 tillkomme
755 1388 36 19 den
807 1387 7 19 i
830 1386 52 21 före-

125 1415 76 24 gäende
226 1421 58 14 mom.
310 1415 129 20 omförmälda
463 1417 96 24 rättighet
583 1416 87 24 bolaget,
684 1422 45 13 men
744 1416 44 20 icke
804 1415 79 20 enskild

126 1444 92 24 delegare
235 1445 50 19 däri.

192 1505 184 19 Ekonomiutskottets
388 1506 110 18 betänkande
510 1507 35 17 N:o
557 1507 27 17 11.
