1070 1795
244 131 14 21 6
401 130 279 23 Petitionsbetänkande
695 131 46 22 N:o
758 130 39 23 23.

215 199 45 22 och
282 199 202 28 fortsättningsvis
506 199 163 21 införskrifvas
691 199 37 22 till
751 199 82 22 landet
847 199 52 22 från
913 199 63 21 Dan-

214 233 75 28 mark,
310 233 116 27 Holstein,
446 233 103 29 Sverige,
568 233 105 22 Schweiz
689 240 21 15 o.
726 241 19 15 s.
760 241 22 14 v.
811 233 165 22 Kreatursskö-

215 267 162 22 tareskolorna
399 267 75 22 skulle
497 267 97 22 sålunda
617 267 52 22 icke
687 267 61 22 blott
763 267 64 30 tjena
841 267 38 22 till
894 269 34 20 att
943 267 32 22 af-

215 301 80 30 hjelpa
310 301 44 22 den
369 302 104 21 känbara
488 301 88 22 bristen
590 302 31 28 på
636 301 82 29 dylika
733 302 111 26 arbetare,
855 304 57 19 utan
916 301 59 30 jem-

215 336 40 22 väl
272 336 83 22 bereda
370 344 29 14 en
414 336 67 21 säker
496 336 43 22 och
551 336 170 29 jemförelsevis
738 336 47 29 god
799 336 104 22 utkomst
911 336 23 21 åt
942 338 34 19 ett

216 373 61 19 stort
292 371 63 21 antal
370 378 115 21 personer,
501 378 49 14 som
565 371 57 21 ville
637 378 60 21 egna
712 371 37 28 sig
765 371 24 22 åt
798 369 177 30 ifrågavarande

216 405 65 29 yrke.

287 440 12 21 I
319 440 76 21 likhet
417 439 52 22 med
491 440 184 28 petitionärerna
698 447 68 14 anser
787 440 115 21 utskottet
918 438 57 22 att
964 434 15 38 i

217 473 68 22 dessa
300 473 77 22 skolor
392 473 198 22 kreatursskötare
607 473 25 22 af
645 473 115 22 hvardera
775 475 73 20 könet
862 473 70 22 borde
940 475 36 20 ut-

216 508 84 21 bildas.
330 508 47 21 För
392 507 139 30 ladugårdar
546 508 30 29 på
592 510 74 19 större
681 507 141 30 egendomar
832 508 73 21 måste
913 515 63 14 man-

216 542 50 29 liga
289 543 198 20 kreatursskötare
507 542 137 29 obetingadt
666 550 66 13 anses
756 549 55 14 vara
833 541 142 30 lämpligare,

217 580 58 18 enär
298 576 161 22 erfarenheten
481 576 51 26 lärt,
556 579 35 18 att
613 577 28 20 de
662 577 8 20 i
686 576 129 22 allmänhet
830 583 59 22 egna
904 579 72 18 större

218 611 75 22 allvar
315 611 45 22 ooh
383 611 108 21 omtanke
514 611 24 21 åt
561 611 64 21 detta
646 611 85 27 arbete,
748 615 29 17 än
792 610 100 22 flertalet
907 610 70 29 dejor.

217 645 112 22 Deremot
344 645 95 28 betinga
454 645 36 28 sig
505 645 103 28 manliga
622 645 200 22 kreatursskötare
837 645 8 21 i
860 645 79 28 regeln
952 645 25 21 så

218 679 64 28 höga
303 679 71 27 löner,
390 682 35 19 att
440 679 65 22 deras
521 679 145 22 anställande
682 679 40 22 vid
738 679 91 22 mindre
844 679 133 29 lägenheter

219 713 20 29 ej
264 713 46 22 kan
325 713 175 29 ifrågakomma,
516 713 96 22 hvarför
627 713 64 29 dejor
706 714 43 21 här
764 713 66 22 torde
845 721 56 14 vara
915 721 63 14 mera

218 748 32 29 på
268 748 36 21 sin
320 748 68 29 plats.
418 747 54 22 Med
491 748 92 28 hänsyn
598 748 79 21 härtill
692 755 57 15 vore
765 748 39 21 det
819 748 109 29 önskligt,
944 750 35 19 att

220 782 60 21 efter
302 782 225 22 ortsförhållandena
543 782 48 21 dels
607 783 104 28 manliga
727 782 49 22 dels
792 782 105 29 qvinliga
913 782 65 21 krea-

219 817 223 21 tursskötareskolor
458 816 76 22 blefve
549 816 123 23 inrättade.

289 851 46 22 Det
357 851 142 22 tillkommer
520 851 52 21 icke
593 851 115 21 utskottet
730 853 35 19 att
780 851 57 28 ingå
851 851 8 21 i
874 854 104 18 närmare

220 885 100 29 detaljer
333 885 99 22 rörande
447 885 189 29 organisationen
652 885 26 22 af
691 885 68 22 dessa
769 885 78 22 skolor
858 885 42 21 och
913 885 65 21 deras

220 919 142 22 dislokation
378 920 56 21 eller
449 919 156 22 kostnaderna
620 919 36 22 för
671 919 60 28 dem,
746 922 57 19 utan
817 919 65 22 torde
893 919 86 29 förslag

220 954 82 21 härom
339 954 134 29 lämpligast
509 957 116 26 uppgöras
652 953 27 22 af
712 953 174 22 vederbörande
917 953 63 22 fack-

220 989 171 28 myndigheter.
421 989 121 22 Utskottet
564 988 88 21 tillåter
675 988 37 29 sig
732 988 83 22 endast
830 988 8 21 i
854 987 126 22 allmänhet

220 1023 131 27 framhålla,
374 1023 116 27 hurusom,
513 1023 52 22 med
589 1023 108 21 afseende
720 1023 14 21 &
750 1022 172 29 omfattningen
938 1023 42 21 och

222 1057 45 22 den
291 1060 62 19 stora
376 1057 149 22 ekonomiska
543 1057 137 29 betydelsen
696 1057 36 22 för
747 1057 81 21 landet
843 1056 26 23 af
881 1057 44 21 den
940 1060 40 18 nä-

220 1091 56 29 ring
291 1092 71 29 sagda
378 1092 78 21 skolor
470 1092 30 21 ha
515 1091 38 22 till
568 1091 108 22 ändamål
692 1094 34 19 att
742 1091 118 29 befrämja,
877 1091 28 22 de
919 1091 62 22 kost-

221 1126 75 21 nader
318 1129 76 18 staten
410 1133 47 14 kan
472 1126 93 22 komma
582 1129 35 18 att
631 1126 132 21 vidkännas
779 1125 36 22 för
831 1125 65 22 deras
911 1126 70 21 inrät-

222 1160 73 22 tande
318 1161 56 21 böra
390 1168 66 14 anses
471 1168 56 14 vara
541 1161 38 21 väl
596 1160 108 22 använda
719 1160 44 22 och
779 1160 59 21 efter
853 1160 31 21 all
899 1167 82 15 sanno-

222 1195 77 21 likhet
320 1195 74 22 blifva
416 1195 200 28 fruktbringande.
654 1195 49 21 Och
726 1195 36 21 får
783 1194 116 21 utskottet
919 1194 63 29 förty

222 1229 120 22 vördsamt
357 1229 85 22 föreslå
457 1231 36 20 att
507 1229 139 27 Ständerna,
662 1229 53 22 med
730 1228 171 29 godkännande
912 1228 26 22 af
943 1236 38 21 pe-

222 1263 203 29 titionsförslaget,
448 1263 55 22 ville
518 1263 42 22 hos
580 1263 29 22 H.
626 1263 30 22 K.
672 1264 28 21 M.
716 1263 8 21 i
739 1262 188 29 underdånighet
942 1270 40 14 an-

221 1297 66 22 hålla
303 1305 36 14 om
355 1297 82 29 åtgärd
453 1297 96 22 derhän:

500 1398 31 18 att
553 1395 112 21 särskilda
688 1395 57 27 efter
767 1394 148 28 ortsbehofven
930 1395 53 21 läm-

427 1429 58 28 made
507 1429 74 21 skolor
599 1429 41 25 för
660 1429 128 21 utbildande
803 1429 32 27 af
845 1429 62 21 såväl
921 1436 60 14 man-

294 1469 181 18 Ekonomiutskottets
488 1469 109 18 betänkande
609 1468 37 19 N:o
662 1469 17 20 7.
