1070 1795
266 135 26 20 12
421 133 279 24 Petitionsbetänkande
716 135 42 22 N:o
774 134 39 23 43.

305 204 11 19 I
328 204 106 24 anlodning
448 204 22 20 af
485 205 64 18 denna
563 205 85 24 petition
663 205 122 19 inlemnades
801 204 30 19 till
847 204 105 19 ständerna
962 203 33 19 vid

237 231 57 21 1885
310 233 32 19 ärs
357 232 95 25 landtdag
467 238 24 14 en
511 233 123 24 proposition
650 233 6 19 i
672 235 72 24 ämnet,
759 233 80 19 hvilken
854 233 51 19 dock
920 231 74 20 beträf-

238 261 61 19 fande
321 261 54 20 såväl
398 261 70 23 högsta
491 262 76 19 antalet
582 264 65 17 röster
663 267 41 14 som
720 262 38 19 den
774 262 12 19 &
800 261 85 20 minimel
901 261 49 23 årlig
965 261 30 18 in-

236 289 67 20 komst
318 291 28 22 sig
362 291 114 22 grundande
491 291 97 18 valrätten
604 290 6 19 i
626 293 72 21 ytterst
710 290 57 23 ringa
779 290 49 24 grad
839 289 156 20 tillfredsställde

236 319 139 23 uppbärareve
398 318 22 19 af
440 319 23 18 de
487 319 54 19 olika
561 319 131 24 opinionerna
715 319 32 19 vid
770 319 126 23 landtdagen.
926 317 67 20 Såsom

235 347 64 19 kändt
322 349 28 22 är,
372 347 115 24 splittrades
509 347 100 24 åsigterna
624 348 85 19 rörande
726 348 63 18 denna
805 347 36 20 sak
857 347 32 19 vid
904 347 90 19 landtda-

235 381 38 18 gen
297 376 5 18 i
325 376 35 18 den
384 376 55 23 grad,
462 378 30 17 att
513 376 34 19 det
562 377 17 23 ej
596 382 34 13 var
645 377 76 23 möjligt
736 379 29 16 att
781 376 25 19 då
821 375 20 20 få
857 378 28 17 ett
900 375 95 24 enhälligt

237 405 148 19 ständerbeslut
406 404 30 19 till
452 405 65 19 stånd.
547 405 67 19 Under
630 405 75 19 sådana
720 405 137 19 förbållanden
873 403 66 21 förföll
955 403 40 21 frå-

236 438 38 19 gan
291 434 32 18 vid
338 434 65 18 denna
418 434 100 23 landtdag.

307 462 38 18 Vid
368 461 86 24 följande
477 461 119 24 landtdagar
618 462 22 19 år
663 461 55 20 1888
742 462 36 19 och
795 461 55 20 1891
866 461 45 19 kom
926 460 69 24 frågan

236 489 46 20 icke
298 490 50 19 före.
378 490 46 19 Men
440 490 63 19 under
519 491 64 18 denna
599 491 28 18 tid
643 491 59 19 hafva
712 490 205 22 missförhållandena,
928 489 68 19 hvilka

236 519 124 24 uppkommit
376 519 29 18 till
422 518 46 25 följe
484 519 21 19 af
519 519 135 23 stadgandena
670 519 102 24 angående
787 518 208 24 landtdägsmannaval

237 547 30 19 till
284 547 170 24 borgareständet,
470 548 65 19 blifvit
551 548 36 19 allt
602 553 52 14 mera
670 548 109 19 kännbara.
810 546 135 25 Synnerligast
960 547 35 18 har

237 576 35 19 det
286 576 86 23 mäktiga
388 575 114 26 inflytande,
518 581 41 14 som
575 577 31 18 vid
622 577 58 18 dessa
691 577 30 19 val
733 577 83 18 lemnats
827 575 168 24 förmögenheten,

236 605 54 18 varit
310 605 72 22 egnadt
397 608 29 15 att
441 605 104 24 uppväcka
560 604 92 25 missnöje
668 605 37 20 och
721 605 95 19 bitterhet
832 605 58 18 bland
907 604 23 19 de
946 604 48 18 min-

236 633 36 19 dre
296 633 114 19 bemedlade
433 633 67 24 lagren
525 633 21 19 af
563 633 68 23 folket,
647 633 77 20 hvilkas
740 633 118 24 deltagande
874 633 5 18 i
895 633 53 18 valet
963 633 31 18 sä-

237 661 62 20 lunda
320 662 114 19 reducerats
457 664 70 17 nästan
551 662 29 19 till
599 668 22 13 en
638 662 141 24 obetydlighet.
810 661 41 20 För
866 664 28 17 att
910 667 24 13 nu
950 661 44 19 icke

236 690 42 19 tala
294 691 73 21 derom,
383 693 29 16 att
428 690 6 19 i
450 696 24 13 en
491 691 31 18 del
538 691 67 18 städer
620 691 37 18 den
674 691 92 24 politiska
784 692 108 17 rösträtten
909 692 50 17 ännu
972 692 23 17 är

236 719 124 23 obegränsad
376 719 36 19 och
428 719 5 18 i
450 719 62 20 andra
527 719 43 19 äter
585 720 69 23 högsta
669 720 104 19 röstetalet
788 719 81 19 fixerats
884 718 31 19 till
928 718 33 22 50,
972 720 23 17 är

236 747 6 18 i
259 747 25 19 de
305 747 57 19 flesta
385 747 67 19 städer
475 747 26 20 25
524 750 65 17 röster
604 748 70 23 högsta
690 750 92 21 gränsen,
798 748 76 19 hvadan
891 747 82 19 sälunda
988 747 6 18 i

236 775 60 20 dessa
318 777 68 18 städer
407 781 24 14 en
454 777 50 18 enda
528 776 100 23 förmögen
651 782 72 19 person
739 776 39 19 kan
795 776 82 19 inverka
891 775 26 24 pä
932 776 63 19 valets

236 805 73 23 utgäng
332 805 40 18 lika
394 805 83 23 kraftigt
499 810 42 14 som
564 804 27 20 25
614 805 128 24 medborgare
758 805 44 18 med
819 811 22 12 en
858 806 42 17 röst
915 804 79 19 enhvar.

236 833 36 19 Ett
295 833 69 19 sådant
387 835 72 22 system
482 834 41 18 står
545 834 6 18 i
574 834 94 23 bjertaste
692 834 92 19 kontrast
803 833 29 19 till
848 833 24 19 de
888 833 106 24 principer,

236 861 68 19 hvilka
325 861 49 20 råda
389 863 6 17 i
412 863 62 18 erdra
492 863 143 22 kulturländer,
652 863 35 18 der
702 863 6 18 i
724 861 107 20 allmänhet
845 861 68 24 hvarje
929 861 65 20 valbe-

235 891 87 22 rättigad
338 892 67 18 röstar
420 891 70 18 endast
505 891 44 19 med
565 897 23 12 en
604 893 48 17 röst.
677 891 123 19 Rikedomen
816 892 58 21 utgör
889 891 106 22 ingalunda

235 919 64 22 någon
322 919 107 19 måttstock
452 919 31 19 för
505 919 81 24 politisk
609 920 59 23 insigt
691 919 37 20 och
744 919 198 25 fosterlandskärlek,
957 919 37 19 och

236 950 64 16 staten
317 950 21 16 är
354 947 43 19 icke
413 948 60 23 nägot
488 948 64 23 bolag,
568 948 79 19 hvarest
662 949 142 18 aktionärerna
815 953 36 18 ega
861 948 133 23 yttranderätt

236 977 5 17 i
266 982 72 13 samma
361 976 43 19 män
428 977 24 18 de
476 977 61 19 insatt
558 977 62 18 medel
637 977 29 19 till
682 977 91 23 bolagets
789 975 88 20 fromma.
908 976 85 19 Härmed

235 1004 94 20 förnekas
345 1005 108 23 ingalunda
467 1009 29 15 att
512 1006 17 23 ej
545 1005 125 24 lagstiftaren
686 1006 62 19 borde
764 1005 101 24 uppställa
875 1005 118 24 nägonslags

236 1033 123 24 sjelfständiz
375 1033 88 20 utkomst
477 1039 40 14 som
534 1035 64 18 vilkor
613 1035 31 18 för
659 1035 114 18 erhållande
789 1033 22 19 af
824 1033 79 19 valrätt.

305 1062 40 19 För
367 1065 31 16 att
420 1063 73 24 påvisa,
515 1063 49 18 huru
581 1063 23 18 de
620 1063 125 23 förmögoare
762 1063 31 18 för
807 1062 124 19 närvarande
947 1063 5 18 i
969 1062 24 19 de

235 1091 74 23 städer,
325 1091 79 18 hvarest
420 1091 69 23 högsta
505 1092 104 19 röstetalet
624 1094 58 21 utgör
696 1091 34 23 25,
747 1091 124 23 fullständigt
886 1091 107 19 bestämma

235 1119 69 19 valens
325 1119 79 24 utgång,
426 1120 77 19 anhålla
519 1120 18 19 vi
553 1122 29 17 att
597 1120 19 19 få
632 1120 70 19 anföra
716 1120 63 23 några
795 1119 107 24 belysande
918 1119 74 23 siffror;

234 1147 68 19 hvilka
324 1148 76 23 grunda
423 1149 29 23 sig
475 1148 11 19 &
509 1148 170 20 sakförhällandet
701 1149 23 19 år
747 1147 56 20 1894
819 1148 36 19 och
872 1147 82 26 omfatta
969 1148 24 19 de

234 1175 59 20 flesta
304 1176 29 19 till
345 1177 151 23 ifrågavarande
507 1177 54 28 klass
572 1177 88 19 hörande
672 1178 74 18 städer.
773 1176 138 24 (Helsingfors,
922 1176 71 26 Borgå,

233 1204 88 24 Ekenäs,
344 1204 78 23 Lovisa,
445 1206 76 24 Hangö,
544 1206 51 22 Åbo,
610 1206 131 24 Björneborg,
757 1206 82 23 Raumo,
855 1205 138 23 Tammerfors,

233 1233 130 25 Tavastehus,
378 1233 90 24 Wiborg,
483 1234 72 20 Kotka.
572 1235 113 23 Jyväskylä,
702 1234 116 23 Sordavala,
834 1233 86 24 Kuopio,
930 1233 62 20 Niko-

233 1262 81 23 laistad,
337 1261 70 20 Gamla
429 1262 94 25 Karleby,
547 1263 139 24 Kristinestad,
705 1263 108 23 Uleåborg,
829 1262 84 22 Torneå,
929 1261 64 25 Kemi,

234 1290 77 24 Kajana
327 1291 36 19 och
379 1291 126 24 Brahestad.)
530 1291 55 20 Enär
601 1292 133 19 förbållandet
750 1291 72 19 mellan
839 1291 23 19 de
878 1291 54 19 olika
943 1291 48 19 folk-

233 1319 80 23 lagrens
328 1319 212 24 förmögenhetsvilkor
555 1320 62 19 under
632 1321 63 18 denna
710 1320 30 19 tid
756 1320 44 19 icke
816 1320 75 19 kunnat
907 1320 87 23 undergå

232 1346 68 24 någon
322 1348 145 23 väsendtligare
490 1348 121 24 förändring,
633 1349 64 23 lämpa
720 1349 30 23 sig
773 1347 84 20 anförda
879 1348 65 19 siffror
964 1350 29 17 att

232 1375 71 25 belysa
317 1376 114 19 nuvarande
448 1376 143 20 förbållanden.

303 1404 8 19 I
326 1405 85 19 anförda
427 1406 66 19 städer
508 1406 86 23 uppgick
610 1406 24 19 de
650 1405 168 24 valberättigades
834 1405 55 19 antal
903 1405 29 19 till
943 1411 49 14 sam-

232 1433 100 24 manlagdt
348 1432 63 27 R,232
444 1433 24 17 Af
482 1434 55 17 detta
552 1434 54 19 antal
622 1435 48 23 egde
687 1434 55 20 13.88
758 1433 28 23 %/,
802 1433 27 20 25
845 1436 71 21 röster,
927 1434 66 19 hvilka

302 1477 131 22 Lagutskottets
446 1477 109 18 betänkande
569 1477 38 18 N:o
619 1479 28 17 14.
