1070 1795
271 147 278 22 Petitionsbetänkande
565 147 44 22 N:o
624 147 39 22 35.
795 149 12 20 9

77 214 95 22 hvilken
195 215 88 21 önskan
306 215 69 21 äfven
399 215 53 21 sökt
473 215 37 28 sig
527 215 95 28 uttryck
637 215 9 21 i
661 215 28 21 de
705 215 41 21 vid
762 215 75 22 denna

78 249 112 28 landtdag
205 249 130 22 inlemnade
351 249 157 28 petitionerna
523 249 7 21 i
547 249 103 22 ärendet.

147 283 66 22 Efter
236 283 38 22 det
295 283 40 22 vid
352 285 55 20 1863
424 284 35 21 års
475 283 114 29 landtdag
603 283 73 29 nådig
690 283 146 29 proposition

79 317 119 29 angående
214 317 138 29 tryckfrihet
366 317 8 22 i
390 317 102 22 Finland
507 317 42 22 och
565 325 37 14 om
618 318 106 21 vilkoren
737 317 36 22 för
783 317 53 22 dess

79 351 153 29 begagnande
246 351 78 22 blifvit
335 352 36 21 till
385 351 130 22 Ständerna
526 351 159 22 öfverlemnad
698 354 61 19 samt
770 352 67 21 dessa

79 385 105 22 deröfver
203 385 94 30 afgifvit
311 386 118 29 yttrande,
445 386 133 22 utfärdades
594 386 241 29 tryckfrihetsförord-

78 421 87 28 ningen
188 420 26 22 af
234 420 44 22 den
303 422 25 20 18
340 421 45 29 juli
403 422 54 21 1865
473 423 35 19 att
524 421 66 21 träda
604 421 8 21 i
627 420 149 22 verksamhet
791 420 45 22 den

81 457 8 20 1
110 454 92 29 januari
227 456 53 21 1866
302 455 43 21 och
366 455 64 28 gälla
444 455 63 21 intill
522 455 71 21 slutet
609 455 27 21 af
648 454 187 29 nästpåföljande

78 489 118 28 landtdag.
226 489 12 21 I
254 489 74 22 denna
344 489 149 28 förordnings
511 491 8 20 1
538 491 12 25 &
566 489 143 22 förklarades
724 489 46 21 den
785 496 52 21 pre-

79 523 95 22 ventiva
190 531 110 14 censuren
315 531 55 14 vara
386 523 121 22 afskaffad.
536 524 55 21 Men
607 523 29 22 dä
652 523 130 22 Ständerna
794 523 41 21 vid

80 559 55 20 1867
152 558 36 21 ärs
203 557 112 29 landtdag
329 558 51 21 icke
394 558 87 28 ansägo
492 558 36 28 sig
539 558 79 21 kunna
628 557 140 22 oförändrad
778 557 57 29 god-

79 592 77 21 känna
179 599 28 14 en
230 592 7 21 i
253 599 86 14 samma
355 592 84 21 ärende
456 592 51 21 dem
522 592 106 29 förelagd
644 591 72 29 nädig
731 592 104 28 proposi-

79 627 56 26 tion,
152 626 134 22 emanerade
302 627 12 20 &
330 626 171 22 administrativ
517 630 46 25 väg
577 626 167 29 förordningen
756 626 25 21 af
789 626 45 21 den

79 662 25 20 31
122 661 44 28 maj
185 662 60 26 1867,
261 668 48 14 som
325 661 60 28 änyo
401 661 82 28 gjorde
499 661 148 28 utgifvandet
662 660 26 22 af
696 661 139 28 tryckalster

79 695 114 22 beroende
209 695 25 21 af
247 695 270 29 pressmyndigheternas
533 695 140 28 föregäende
683 695 150 28 granskning.

78 729 81 22 Ehuru
182 729 75 22 denna
279 730 145 28 granskning
446 730 115 28 lagenligt
582 737 42 14 var
639 729 94 22 bunden
749 729 26 22 af
787 733 48 17 sär-

79 763 75 22 skilda
175 763 177 30 bestämningar,
368 763 100 22 beredde
484 764 128 21 emellertid
628 763 45 22 den
688 763 67 22 dessa
769 771 66 21 myn-

79 798 106 29 digheter
200 798 118 29 medgifna
332 799 153 28 godtyckliga
500 798 248 29 indragningsmakten
761 805 73 22 press-

79 832 198 22 ombudsmännen
307 841 27 13 en
365 833 95 28 mycket
489 833 130 21 vidsträckt
639 833 141 28 befogenhet
800 835 35 18 att

79 867 120 21 förhindra
222 867 38 21 det
278 867 44 21 fria
338 867 165 28 tankeutbytet
517 867 8 21 i
541 867 73 28 tryck.
644 867 190 28 Förordningens

79 901 173 28 bestämningar
277 902 97 28 ansägos
400 902 73 21 likväl
499 901 161 29 otillräckliga.
696 901 34 22 De
755 901 78 22 blefvo

79 935 77 21 derför
172 935 72 22 delvis
260 936 93 29 skärpta
368 943 84 21 genom
468 936 131 28 Kejserliga
611 936 166 28 förordningen
789 935 44 22 den

81 971 25 20 18
126 969 52 29 juni
203 971 59 26 1891,
286 970 160 21 innefattande
469 970 125 29 ändringar
614 970 8 21 i
638 970 43 21 och
696 970 85 28 tillägg
796 970 37 21 till

79 1004 181 28 näståberopade
272 1005 140 28 förordning.
438 1005 78 21 Jemte
527 1005 39 21 det
576 1005 257 28 pressöfverstyrelsens

79 1039 43 20 och
144 1039 274 28 pressombudsmännens
441 1039 140 28 befogenhet
603 1039 8 21 i
627 1039 83 28 antydt
726 1038 108 22 afseende

77 1073 137 28 ytterligare
229 1073 145 27 utsträcktes,
390 1073 118 21 lemnades
523 1081 84 20 genom
625 1074 51 21 1891
695 1073 35 21 års
746 1072 88 22 förord-

78 1107 58 28 ning
152 1107 24 21 åt
190 1107 90 21 landets
296 1107 210 29 generalguvernör
518 1108 64 21 makt
590 1110 40 20 att.
642 1107 77 22 derest
729 1107 104 28 ,giltiga*

79 1141 197 28 omständigheter
297 1142 148 24 förekomme,
470 1142 58 21 efter
550 1141 166 30 godtfinnande
737 1141 94 22 inställa

79 1183 28 13 en
130 1175 104 29 tidnings
256 1176 144 29 utgifvande,
416 1179 127 26 temporärt
559 1177 56 20 eller
630 1176 50 21 helt
694 1176 43 21 och
754 1175 78 22 hållet.

147 1209 121 22 Huruvida
290 1211 66 21 dessa
377 1211 142 28 vidtgående
534 1211 160 23 restriktioner
709 1210 8 21 i
732 1209 100 29 verklig-

77 1243 70 21 heten
170 1244 89 21 mäktat
280 1245 123 28 tillgodose
426 1245 40 21 det
489 1245 104 28 åsyftade
610 1244 138 25 ändamålet,
764 1251 68 21 synes

77 1277 70 28 högst
170 1279 165 28 tvifvelaktigt.
368 1279 52 21 Den
441 1279 121 22 förmodan
585 1279 75 28 ligger
682 1285 91 14 snarare
797 1277 36 22 till

77 1311 74 22 hands
174 1315 35 19 att
231 1313 159 22 erfarenheten
411 1321 36 14 om
464 1313 39 22 det
519 1313 229 22 otillfredsställande
763 1312 70 21 resul-

77 1348 60 19 tatet
160 1346 26 22 af
205 1354 28 14 en
256 1347 71 21 sådan
352 1348 216 28 presslagstiftning
591 1347 42 21 hos
660 1346 171 22 vederbörande

77 1381 163 28 myndigheter
255 1381 82 29 sjelfva
352 1381 135 22 framkallat
502 1382 72 28 insigt
589 1389 35 14 om
640 1381 170 22 maktlösheten
826 1380 8 21 i

78 1415 232 22 censurförfarandet.

146 1490 129 23 Lagutskottets
288 1491 108 17 betänkande
408 1491 38 17 N:o
459 1491 30 17 10.
