1070 1795
281 145 270 22 Petitionsbetänkande
567 145 41 22 N:o
626 144 18 22 1.
803 146 12 20 7

154 213 46 22 Tit.

154 277 74 21 Eders
244 276 132 29 Kejserliga
391 276 123 29 Majestäts
530 277 78 21 städse
623 276 144 29 ådagalagda
777 275 67 22 huld-

85 312 51 21 rika
151 319 94 21 omsorg
260 318 38 15 om
313 311 113 22 Finlands
442 312 39 21 väl
491 313 71 26 utgör
572 311 37 22 för
620 310 39 22 det
669 311 78 21 finska
757 310 86 22 folkets

84 348 188 27 representanter
285 353 29 14 en
324 346 96 28 maning
431 348 34 19 att
475 345 191 22 förtroendefullt
676 345 83 22 nalkas
769 345 74 22 Eders

84 381 110 29 Majestät
220 381 54 21 med
298 388 30 14 en
353 380 146 29 underdänig
522 380 176 29 framställning
724 380 120 29 angående

84 415 79 29 frågor
178 415 26 22 af
218 416 45 21 den
282 417 84 20 största
385 416 121 28 betydelse
524 415 38 22 för
580 415 64 22 detta
658 414 68 22 lands
741 414 102 22 framtid.

154 450 193 29 Grundläggaren
376 450 27 21 af
428 450 115 22 Finlands
573 450 134 22 nuvarande
736 450 108 28 rättsliga

84 485 120 28 ställning,
224 485 84 28 Kejsar
322 485 133 22 Alexander
474 485 19 27 I,
509 484 159 29 glorvördigst
683 484 9 22 i
708 484 133 28 åminnelse,

83 519 42 22 har
140 519 8 22 i
163 519 87 29 nådiga
264 519 157 29 kungörelsen
437 519 26 22 af
480 519 45 22 den
541 519 37 29 9/3,
593 519 114 22 Februari
718 520 55 21 1816
784 520 59 21 utta-

83 554 34 21 lat
131 553 46 22 den
193 554 180 29 öfvertygelsen,
393 556 47 25 ,att
455 553 45 22 den
519 553 142 29 författning
676 553 44 22 och
735 553 28 22 de
778 553 65 29 lagar

83 595 56 21 som,
156 588 252 23 öfverensstämmande
424 588 53 22 med
491 588 77 22 finska
583 588 87 22 folkets
685 589 78 28 lynne,
775 588 68 21 seder

83 623 44 22 och
149 623 115 29 bildning,
288 623 73 22 under
380 631 29 14 en
424 623 57 29 lång
495 623 62 29 följd
572 623 26 22 af
610 624 26 21 år
650 623 92 29 utgjort
756 623 86 28 grund-

83 657 68 22 valen
173 658 37 21 för
233 658 51 22 dess
307 658 133 29 borgerliga
462 658 75 21 frihet
551 657 43 22 och
609 658 64 28 lugn,
689 657 53 22 icke
757 657 84 28 kunde,

82 694 56 20 utan
154 693 60 21 väda
228 692 37 23 för
280 693 72 26 dessa,
366 693 142 21 inskränkas
525 693 57 21 eller
596 692 104 22 rubbas".

151 727 37 22 En
203 729 66 20 snart
284 727 120 28 sekellång
420 727 135 22 erfarenhet
570 727 42 22 har
627 727 124 28 ådagalagt
765 726 77 22 vishe-

82 764 40 19 ten
145 762 26 22 af
188 762 45 22 den
256 762 51 22 ädle
328 762 128 29 Kejsarens
479 761 146 30 högsinnade
647 761 82 29 åtgärd
752 763 34 20 att
801 761 41 22 vid

82 797 114 21 Finlands
212 797 110 28 förening
336 797 54 21 med
404 797 41 22 det
455 796 82 29 Ryska
547 797 62 21 riket
619 796 107 22 bekräfta
737 796 43 22 och
792 796 49 21 vid-

83 831 127 22 makthålla
234 832 28 21 de
284 831 141 29 grundlagar
440 831 44 22 och
500 831 46 22 den
561 831 161 28 rättsordning
736 831 9 21 i
760 831 79 28 öfrigt,

81 865 86 23 hvaraf
183 865 101 22 Finland
302 865 117 22 derintills
438 866 61 21 varit
515 865 124 29 delaktigt.
669 865 83 29 Styrdt
766 865 75 29 enligt

81 900 52 22 sina
156 908 60 21 egna
238 900 66 29 lagar
318 900 43 22 och
377 900 170 28 institutioner,
563 900 42 22 har
620 900 40 22 det
674 900 76 22 finska
765 900 76 22 folket

81 935 51 22 haft
147 937 35 20 att
197 935 79 28 glädja
291 935 36 28 sig
342 935 24 22 ät
381 942 29 15 en
434 935 135 29 mångsidig
584 935 138 29 utveckling
736 935 9 22 i
761 934 80 29 andlig

80 969 44 22 och
139 970 105 21 materiel
259 970 85 21 kultur.
374 969 12 22 I
401 969 46 22 alla
461 977 86 22 grenar
563 969 26 22 af
601 969 157 22 fosterländsk
773 969 68 22 verk-

80 1004 91 22 samhet
186 1005 42 22 har
242 1004 61 22 ökad
317 1004 138 29 lifaktighet
469 1004 84 22 blifvit
567 1004 107 28 rädande,
690 1004 71 22 sedan
772 1004 68 22 Stän-

80 1039 82 22 dernas
185 1039 141 22 medverkan
340 1039 8 21 i
363 1038 186 29 lagstiftningen
573 1039 43 22 och
635 1039 204 22 statshushällnin-

79 1081 46 20 gen
148 1074 49 21 äter
219 1073 72 29 tagits
306 1073 8 22 i
330 1073 107 29 anspräk.
467 1073 56 22 Med
538 1073 57 29 djup
610 1073 146 22 tacksamhet
770 1073 69 22 beva-

79 1115 38 14 rar
131 1107 114 23 Finlands
260 1108 50 22 folk
325 1107 53 22 rika
395 1108 98 21 minnen
516 1107 26 22 af
555 1108 28 21 de
599 1108 170 29 välgerningar,
787 1107 52 22 dess

78 1142 125 22 Monarker
225 1150 84 21 genom
332 1150 29 14 en
380 1142 72 22 sädan
467 1142 100 29 ledning
581 1142 26 22 af
619 1143 91 21 landets
726 1142 59 22 öden
800 1142 39 22 be-

79 1177 61 22 visat
162 1177 134 22 detsamma.
326 1177 60 22 Hela
406 1177 77 22 folket
506 1177 43 22 har
563 1177 80 22 blifvit
658 1177 181 29 genomträngdt

78 1211 26 22 af
124 1212 172 27 medvetandet,
319 1213 35 20 att
370 1211 52 22 dess
438 1211 119 29 trygghet,
574 1211 121 22 förkofran
712 1211 43 22 och
769 1211 70 29 lycka

78 1245 55 22 bero
156 1246 26 21 af
203 1246 45 21 den
270 1245 134 22 nuvarande
419 1245 187 30 författningens
622 1246 161 22 bibehällande
799 1253 39 14 en-

77 1280 46 29 ligt
145 1281 28 21 de
195 1281 141 28 bepröfvade
358 1280 159 29 grundsatser,
541 1287 50 15 som
613 1281 114 28 genomgä
746 1280 90 22 landets

77 1315 150 29 grundlagar.

146 1349 36 22 Då
197 1349 73 22 Eders
286 1348 133 30 Kejserliga
433 1349 112 29 Majestät
560 1350 9 21 i
584 1349 71 22 nåder
670 1349 121 22 anbefalde
801 1351 36 20 ut-

77 1384 137 21 arbetandet
234 1384 26 21 af
278 1386 35 19 ett
334 1383 90 30 förslag
446 1384 38 22 till
507 1383 155 23 kodifikation
685 1384 27 21 af
724 1384 113 22 Finlands

77 1419 149 28 grundlagar,
250 1419 81 28 skulle,
356 1419 75 28 enligt
447 1419 40 21 det
503 1419 86 28 nädiga
604 1419 167 22 förordnandet
785 1419 52 22 här-

76 1460 44 21 om,
144 1453 28 22 de
194 1453 108 29 gällande
324 1453 161 28 stadgandena
507 1454 37 21 för
563 1453 91 22 landets
671 1453 166 28 statsrättsliga

146 1494 102 17 Särskilda
263 1494 180 21 Besvärsutskottets
456 1495 121 17 betänkande
590 1495 34 17 N:o
637 1495 15 16 1.
