1070 1795
268 103 14 21 4
434 103 228 23 Petitionsbetänkande
678 104 35 21 N:o
731 104 32 21 12.

240 159 58 18 blifva
309 159 51 18 öfver
372 160 22 17 20
406 160 35 17 km.
454 161 70 22 längre.
549 161 89 23 Luopiois
650 163 22 15 är
684 166 68 12 annars
765 161 51 17 känd
829 160 29 18 för
871 161 28 17 sin
912 161 85 18 rikedom

239 189 24 22 pä
276 189 67 22 skogar
356 189 35 16 och
404 194 53 13 anses
470 190 29 17 stå
511 190 44 22 högt
568 190 6 17 i
588 189 88 19 afseende
690 190 10 17 &
710 189 97 23 jordbruk.

308 218 65 17 Redan
391 219 67 16 tvenne
475 219 70 21 gånger
563 219 35 17 har
614 220 118 21 guvernören
751 217 52 19 öfver
818 218 115 18 Tavastehus
944 218 54 18 län
988 213 14 32 i

240 247 41 16 sina
294 246 141 22 årsberättelser
448 247 81 22 påpekat
546 247 163 22 nödvändigheten
728 247 20 17 af
763 247 136 17 ofvannämnda
911 247 86 18 kanalers

239 275 125 22 fördjupande
381 275 34 17 och
428 276 116 22 rensningen
557 275 20 18 af
587 276 67 17 Vuolle
668 276 35 17 och
715 275 126 18 Lehdesmäki
854 275 37 22 åar,
905 281 41 12 men
959 276 38 17 tills

239 303 64 18 vidare
322 303 55 18 hafva
395 303 54 18 dessa
461 304 160 23 framställningar
634 305 16 22 ej
664 305 39 17 ledt
715 305 30 16 till
758 305 60 22 någon
832 304 70 22 åtgärd.
927 305 70 17 Tillika

239 333 35 16 har
287 333 35 16 han
332 332 56 18 fästat
400 333 189 22 uppmärksamheten
602 333 23 22 på
638 333 88 18 behofvet
738 333 21 17 af
767 333 188 18 Vihavuodenkoskis
964 333 33 17 ka-

239 361 110 22 nalisering.

307 389 27 18 På
352 389 59 23 grund
430 389 20 18 af
467 389 123 18 ofvannämda
609 389 166 18 sakförhållanden
792 390 57 22 vågar
858 389 33 23 jag
903 390 94 17 vördsamt

240 418 79 22 anhålla,
332 418 32 18 det
376 418 92 23 vällofliga
481 418 158 23 Borgareståndet
652 419 44 17 ville
709 419 34 17 hos
757 419 119 22 Regeringen
884 419 74 17 anhålla
967 424 29 12 om

239 446 66 22 åtgärd
318 447 5 16 i
337 447 67 17 sådant
416 447 56 22 syfte:

446 518 32 19 att
493 523 27 14 en
535 516 149 28 fördjupning
699 517 29 27 af
736 516 97 21 Mierola
842 516 39 21 och
890 516 103 27 Lepaan-

377 545 67 21 salmi
468 545 61 21 sund
545 545 69 27 jemte
637 545 109 28 Apiafors
768 545 50 20 med
839 545 35 20 det
895 547 102 18 snaraste

377 574 67 21 måtte
465 574 130 21 verkställas
616 576 59 19 samt
697 576 33 19 att
758 573 96 27 Vuolle-,
871 573 124 21 Alvettula-

378 603 39 20 och
432 602 145 21 Lehdesmäki
592 602 41 21 åar
648 603 68 20 måtte
731 609 138 20 upprensas;

446 633 33 19 att
494 631 180 27 kanaliseringen
689 631 29 27 af
735 631 207 20 Vihavuodenkoski
957 631 39 20 och

377 660 154 27 upprensning
546 659 29 28 af
586 660 105 20 sträckan
706 660 84 20 mellan
797 659 90 21 Kukkia
896 659 38 21 och
942 659 53 20 Lie-

377 689 101 20 sonselkä
493 688 182 27 fordersammast
690 689 69 20 måtte
773 687 96 28 utföras.

309 767 117 23 Helsingfors
439 768 35 17 den
487 769 10 16 7
510 768 90 17 Februari
614 768 49 17 1894.

724 814 22 22 G.
762 815 27 20 W.
807 814 119 21 Liukkonen.

309 971 154 26 (Öfversättning)

606 1021 21 17 3.

418 1078 44 17 Till
480 1078 147 18 Hedervärda
642 1077 184 19 Bondeständet.

309 1141 114 18 Tavastehus
442 1141 31 18 län
493 1141 33 17 har
541 1141 20 17 af
573 1141 123 22 jernvägarne
709 1142 7 17 i
728 1141 43 17 värt
784 1140 45 18 land
842 1140 35 18 fätt
889 1141 24 22 pä
926 1141 29 16 sin
967 1141 31 17 del

238 1175 25 12 en
284 1171 58 16 större
361 1171 67 21 anpart
446 1171 23 16 än
488 1170 56 21 nägot
562 1171 56 16 annat
637 1170 37 21 län,
692 1169 88 18 hvarföre
798 1168 130 23 landskapeti
948 1169 51 17 detta

240 1198 108 17 hänseende
367 1199 73 21 intager
458 1204 23 12 en
500 1198 83 17 särdeles
600 1198 99 23 förmänlig
711 1199 100 21 ställning;
824 1203 43 12 men
880 1197 31 17 det
923 1197 76 18 oaktadt

238 1226 62 23 gifvas
318 1229 51 15 ännu
388 1227 95 22 ätskilliga
501 1227 75 21 trakter,
595 1227 63 17 hvilka
671 1227 29 18 för
714 1227 30 17 sin
758 1226 109 22 utveckling
880 1227 31 16 äro
924 1226 6 17 i
942 1225 59 18 behof

239 1255 21 18 af
277 1255 114 18 förbättrade
410 1256 237 17 kommunikationsmedel.
672 1256 35 22 Jag
725 1255 52 18 afser
795 1255 98 22 bygderna
909 1259 43 12 norr
965 1255 35 17 och

239 1284 78 17 nordost
329 1289 29 12 om
370 1285 120 20 Tavastehus,
503 1284 64 17 hvilka
579 1285 112 17 åtminstone
704 1285 6 16 i
723 1285 96 16 närmaste
826 1283 77 17 framtid
911 1283 15 22 ej
935 1283 65 17 kunna

239 1313 73 22 hoppas
330 1313 24 22 på
374 1313 61 22 någon
452 1313 77 22 jernväg
547 1313 28 17 till
595 1313 131 17 samfärdselns
745 1311 134 24 befrämjande.
904 1312 36 17 Det
957 1317 42 12 vore

239 1341 64 17 derför
315 1341 20 17 af
346 1342 68 20 nöden,
426 1344 28 15 att
466 1342 274 17 vattenkommunikationerna
752 1342 7 16 i
771 1341 55 17 dessa
834 1341 73 17 trakter
913 1340 87 18 försattes

239 1370 6 17 i
260 1370 60 18 bättre
334 1370 58 18 skick.

309 1399 93 18 Farleden
421 1399 41 18 från
481 1400 113 17 Tavastehus
613 1401 65 16 norrut
694 1399 50 18 ända
757 1399 31 17 till
802 1397 109 18 Sääksmäki
924 1397 28 23 sjö
965 1398 34 17 har

238 1427 42 18 ofta
298 1428 61 17 blifvit
377 1428 103 17 förbättrad
499 1428 70 18 medels
587 1429 91 22 rensning
696 1428 20 17 af
732 1427 83 18 Mierola
833 1427 36 17 och
881 1427 51 22 Lepa
945 1426 55 18 sund.

308 1467 203 19 Petitionsbetänkande
523 1467 36 18 N:o
572 1468 27 17 12.
