1070 1795
285 148 278 23 Petitionsbetänkande
579 148 45 23 N:o
640 148 36 23 21.
819 149 12 20 7

97 217 54 21 föra
165 216 128 29 väsentligt
311 224 62 21 gagn
389 217 84 21 endast
487 216 38 22 för
540 219 34 19 ett
589 216 58 21 fåtal
663 216 27 22 af
702 216 91 21 landets
809 217 51 21 sko-

99 251 42 28 lor,
157 254 60 19 samt
231 252 7 21 i
254 251 108 21 afseende
378 251 14 21 å
407 251 46 21 den
469 251 72 21 andra
556 251 137 28 petitionen,
708 253 35 19 att
753 250 107 22 fruntim-

99 285 177 26 mersskolorna,
298 285 74 21 såsom
396 285 186 28 tillgodoseende
603 287 33 19 ett
651 285 54 21 vida
720 293 48 13 mer
783 285 77 28 privat

99 319 194 29 bildningsbehof
306 323 29 18 än
348 319 159 28 gosskolorna,
523 319 70 22 äfven
609 319 70 22 borde
690 319 107 21 beskatta
809 319 50 21 sina

99 354 105 21 alumner
226 354 71 28 högre
320 357 30 18 än
373 353 74 27 dessa,
467 356 60 19 samt
543 353 114 28 afstyrkte
672 353 64 28 förty
749 356 110 25 antagan-

99 391 41 26 get
162 388 26 21 af
208 387 236 29 petitionsförslagen.
475 388 73 21 Dessa
571 387 135 22 föranledde
722 388 49 21 icke
787 387 73 22 heller

99 423 79 28 någon
194 422 82 29 åtgärd
292 422 50 22 från
358 422 145 22 Ständernas
519 422 56 22 sida.

169 457 89 21 Genom
274 457 28 21 N.
313 457 164 28 Kungörelsen
489 457 26 21 af
526 457 43 21 den
582 458 26 19 22
620 457 94 28 augusti
728 457 59 26 1889,
799 456 60 21 hvil-

99 491 46 21 ken
166 491 82 22 trädde
271 491 8 21 i
302 491 109 28 gällande
433 491 64 21 kraft
513 491 44 21 den
575 492 8 20 1
601 491 131 28 september
748 492 60 24 1890,
824 491 35 21 in-

100 526 66 21 träda
189 525 53 22 med
264 525 91 28 hänsyn
376 525 37 22 till
429 525 224 28 terminsafgifterna
669 525 39 21 vid
724 525 76 28 lyceer
815 525 44 22 och

99 560 237 22 fruntimmersskolor
351 559 105 29 följande
472 559 173 28 förändringar:

170 593 222 29 terminsafgifterna
408 594 40 21 vid
464 594 262 21 elementarläroverken
744 594 42 21 och
795 595 64 20 frun-

99 629 214 21 timmersskolorna
328 629 7 20 i
351 629 150 28 Helsingfors
517 628 72 29 höjas,
605 628 40 21 vid
661 628 28 21 de
705 628 58 21 förra
781 628 36 21 till
831 629 27 20 25

99 663 46 26 mk,
161 663 40 22 vid
216 663 28 21 de
260 671 80 13 senare
356 663 36 21 till
408 665 28 20 50
450 663 49 27 mk;

171 697 107 22 befrielse
293 697 49 21 från
361 697 156 29 erläggandet
532 697 25 21 af
565 697 225 28 inskrifningsafgift
800 704 59 21 upp-

99 731 54 28 hör;

171 766 213 29 frielevsplatserna
408 767 13 20 å
447 767 72 20 första
541 767 92 20 klassen
650 766 40 21 vid
706 766 46 21 alla
766 765 92 22 landets

98 801 80 21 skolor
193 804 59 18 samt
268 801 13 21 å
297 801 27 21 de
341 801 59 21 båda
418 801 169 22 förberedande
603 801 118 21 klasserna
736 800 39 21 vid
790 800 66 21 frun-

98 835 213 22 timmersskolorna
324 835 8 22 i
349 835 150 29 Helsingfors
515 835 118 28 indragas;
650 837 60 19 samt
720 835 87 21 antalet
818 835 40 20 fri-

98 869 78 21 elever
191 870 13 21 å
220 869 87 22 enhvar
318 870 26 21 af
352 870 28 21 de
391 870 73 28 högre
475 870 120 21 klasserna
605 869 126 22 fastställes
743 869 35 22 till
790 869 69 28 högst

99 905 28 20 20
141 905 27 27 %/
191 904 27 21 af
236 904 103 21 klassens
361 904 54 22 hela
439 904 122 24 elevantal,
584 904 129 28 hvarjämte
734 903 125 22 medellösa

98 938 84 27 elever,
207 945 48 15 som
278 939 50 20 icke
350 938 72 22 hafva
445 939 42 21 sitt
509 939 52 21 hem
581 938 7 21 i
605 938 140 27 skolstaden,
761 937 96 29 beviljas

99 972 176 22 företrädesrätt
290 973 36 21 till
342 973 137 21 erhållande
494 973 25 21 af
533 973 162 28 frielevsplats.

169 1007 12 21 I
203 1007 27 22 N.
254 1007 96 22 Brefvet
372 1007 26 22 af
416 1007 45 22 den
483 1009 12 20 5
517 1007 102 22 februari
644 1008 54 21 1890
714 1007 143 26 bestämmes,

98 1043 36 19 att
148 1041 88 27 Aickor,
252 1041 80 22 hvilka
348 1042 73 21 vinna
439 1041 91 22 inträde
545 1042 8 21 i
569 1044 88 19 statens
673 1041 185 21 elementarläro-

97 1075 64 28 verk,
178 1076 65 21 skola
258 1076 95 29 erlägga
369 1076 123 23 enahanda
508 1075 192 29 terminsafgifter
715 1083 48 14 som
776 1075 7 21 i
794 1075 64 21 frun-

98 1109 219 28 timmersskolorna,
340 1110 45 22 och
408 1111 42 21 bör
472 1111 27 21 af
519 1110 67 21 dessa
607 1110 96 29 afgifter
720 1111 28 20 20
763 1109 39 22 mk
817 1116 41 21 per

97 1143 52 22 elev
164 1144 119 22 användas
303 1145 36 21 till
354 1145 157 22 bekostandet
530 1145 27 21 af
569 1144 44 22 den
629 1144 114 22 särskilda
757 1143 101 30 uppsigt,

97 1185 50 14 som
162 1178 36 22 för
214 1179 28 21 de
258 1179 124 28 qvinnliga
398 1179 109 22 eleverna
523 1179 120 21 erfordras.

166 1213 46 21 Vid
239 1215 52 20 1891
316 1214 36 21 års
369 1213 160 22 ständermöte
549 1213 143 21 inlemnades
709 1213 37 21 till
760 1213 97 26 Preste-,

97 1246 112 29 Borgare-
232 1247 44 22 och
296 1247 179 22 Bondeståndet
497 1247 113 22 särskilda
632 1247 199 29 petitionsförslag
849 1246 8 21 i

96 1281 73 29 afsigt
191 1284 35 19 att
248 1282 158 29 åvägabringa
430 1281 165 29 förändringar
614 1281 8 22 i
638 1289 32 14 nu
685 1281 96 22 berörda
795 1280 62 23 stad-

97 1315 93 28 ganden
206 1315 95 28 därhän,

170 1353 35 18 att
214 1350 109 22 frielever
333 1350 63 29 finge
407 1353 117 26 mottagas
535 1350 30 29 på
576 1350 118 21 skolornas
705 1350 72 21 första
787 1349 70 25 klass,

169 1386 35 19 att
226 1384 90 22 antalat
340 1384 121 29 friplatser
481 1384 76 22 blefve
573 1384 155 29 obegränsadt
743 1384 13 22 å
770 1384 87 28 lyceer-

96 1425 43 14 nas
154 1418 46 22 alla
216 1419 92 27 klasser,

166 1493 103 18 Allmänna
281 1493 173 18 Besvärsutskottets
466 1493 111 18 betänkande
591 1493 35 18 N:e
639 1493 29 17 10.
