1070 1795
287 143 244 22 Petitionsbetänkande
547 144 36 21 N:o
598 142 36 23 44.
795 144 14 21 3

148 206 154 24 Upphäfvandet
318 205 21 18 af
352 206 124 23 jordskatten
489 206 64 17 skulle
565 206 61 18 verka
637 206 83 23 kraftigt
732 206 31 18 för
775 206 63 18 landt-

79 235 163 23 hushållningens
254 234 180 23 uppblomstrande,
447 236 22 21 ty
478 235 65 17 denna
550 234 119 23 förbättring
676 234 32 18 till
717 235 83 17 fromma
808 235 31 17 för

77 264 116 23 jordbruket
210 263 64 18 skulle
293 263 44 23 höja
355 263 64 17 denna
437 263 35 18 vår
489 263 139 23 modernäring
643 263 35 18 och
694 263 33 18 det
739 263 100 18 allmänna

80 292 116 22 välståndet,
214 294 51 15 samt
282 291 112 23 derigenom
414 293 73 16 ersätta
502 291 38 18 den
558 291 76 23 förlust,
653 292 186 17 statsinkomsterna

80 327 71 18 genom
163 321 103 17 införande
279 319 21 18 af
310 320 87 23 antydda
408 319 73 18 reform
494 319 130 19 föranleddes.

149 349 29 18 På
195 349 143 18 ofvananförda
356 349 86 23 grunder
460 349 49 23 våga
527 349 21 18 vi
566 349 110 23 ödmjukast
688 349 73 18 föreslå
772 349 68 18 heder-

83 378 60 18 värda
159 377 151 20 Bondeståndet,
328 379 29 16 att
373 377 83 18 Ståndet
473 377 7 18 i
496 377 76 18 samråd
585 377 42 18 med
641 377 23 18 de
678 377 62 24 öfriga
752 377 87 18 Stånden

83 407 60 18 måtte
157 407 31 17 till
206 407 55 17 Hans
279 406 110 24 Kejserliga
406 406 93 23 Majestät
517 405 75 25 afgifva
608 405 86 25 följande
706 406 135 24 underdåniga

84 436 92 23 petition:

358 464 29 17 att
402 463 55 18 Hans
473 463 88 23 Majestät
578 463 7 18 i
601 463 57 18 nåder
676 463 40 18 ville
729 463 78 18 tillsätta
819 469 22 12 en

290 492 64 17 komite
366 492 32 22 för
409 492 135 17 undersökande
555 491 24 23 af
585 491 238 24 jordskatteförhållandena
833 492 7 17 i

292 521 60 17 landet
369 521 31 17 och
419 521 21 17 de
457 521 83 22 utvägar,
558 521 114 22 hvarigenom
687 521 154 22 grundskatterna

290 549 58 18 kunde
360 549 92 23 afskaffas
463 550 48 17 samt
522 549 31 18 vid
564 549 54 22 behof
628 549 7 17 i
646 549 53 18 deras
710 549 52 18 ställe
769 549 73 23 införas

292 583 36 18 nya
343 578 206 23 beskittningsmetoder,
565 583 63 18 genom
646 578 59 18 hvilka
722 579 36 18 alla
776 579 65 18 skatte-

295 607 55 22 objekt
362 607 55 22 blefve
426 607 28 22 på
465 608 26 17 ett
503 607 76 18 rättvist
589 608 38 17 sätt
638 607 106 18 beskattade.

155 653 124 23 Helsingfors
293 653 36 17 den
342 653 22 17 29
376 653 84 18 Januari
473 653 50 17 1894.

157 710 64 22 Ernst
236 711 50 21 Ivar
301 710 68 22 Roini.
583 709 74 22 Wilho
673 710 102 21 Penttilä.

156 745 26 22 K.
198 745 25 21 V.
239 744 121 23 Hellström.
583 744 25 21 K.
624 744 102 22 Oittinen.

410 779 20 21 S.
446 779 77 27 Ryösä.

159 935 26 22 11.

91 982 170 27 (Öfversättning.)

280 1032 43 21 Till
338 1031 144 22 Hedervärda
497 1031 167 22 Bondeständet.

160 1089 67 18 Säsom
245 1090 62 17 kändt
324 1089 34 18 har
374 1089 197 23 jordbeskattningen
587 1089 6 17 i
609 1089 43 17 värt
668 1088 46 18 land
729 1089 81 23 fortgätt
822 1089 24 24 pä

91 1118 52 18 olika
160 1118 51 18 tider
229 1118 62 18 under
305 1117 146 18 århundradens
467 1117 52 24 lopp.
543 1117 38 18 Om
599 1117 19 18 vi
630 1117 60 18 ätven
702 1117 103 24 medgifva,
818 1119 29 16 att

91 1147 113 18 densamma
221 1147 65 18 blifvit
302 1148 95 21 noggrant
413 1146 36 17 och
466 1145 136 24 omsorgsfullt
620 1147 50 16 samt
685 1146 7 17 i
704 1146 87 23 enlighet
803 1146 44 17 med

91 1176 67 17 derom
174 1175 91 24 gällande
280 1175 133 23 reglementen
430 1174 72 23 utförd,
515 1175 22 17 sä
555 1177 21 15 är
594 1174 32 18 det
638 1175 49 17 dock
700 1174 105 24 sjelffallet,
818 1177 30 15 att

91 1206 29 16 ett
132 1204 70 23 arbote,
215 1209 42 12 som
269 1203 66 18 blifvit
347 1203 97 17 fördeladt
461 1203 26 23 pä
502 1203 21 18 sä
536 1203 47 23 läng
596 1203 29 17 tid
640 1203 35 17 och
690 1205 52 15 ännu
756 1202 91 24 fördelas,

92 1233 35 18 har
139 1233 97 18 föranledt
249 1232 35 17 och
297 1233 87 16 kommer
396 1233 29 16 att
436 1231 103 18 föranleda
551 1231 121 24 ojemnheter
682 1231 36 18 och
726 1231 121 18 missförhäl-

91 1262 77 17 landen.
193 1261 75 23 Sjelfva
284 1259 151 24 lagstiftningen
448 1260 11 17 å
471 1261 32 16 sin
515 1260 42 18 sida
569 1260 36 17 har
616 1260 84 23 bidragit
711 1260 31 17 till
755 1260 93 23 uppkom-

91 1293 44 15 sten
154 1290 22 18 af
186 1290 67 23 dylika
265 1289 120 24 ojemnheter
397 1289 36 18 och
446 1288 190 18 missförhällanden.
660 1288 78 24 Paragr.
750 1289 34 18 139
796 1289 6 17 i
815 1289 33 17 nä-

92 1319 45 23 diga
149 1317 254 24 landtmäterireglementet
415 1317 22 18 af
448 1317 39 18 den
499 1318 22 16 15
533 1317 39 23 Maj
585 1317 45 17 1848
642 1317 128 18 föreskrifver
778 1317 69 18 nämli-

91 1353 38 17 gen
143 1353 23 11 en
179 1346 73 19 allmän
264 1346 108 22 beräkning
384 1345 21 18 af
416 1345 89 18 skattbar
514 1345 45 23 jord
571 1346 11 16 &
594 1345 94 18 mantalet
701 1345 96 18 växlande
805 1345 44 18 frän

91 1377 34 16 609
141 1376 32 17 till
190 1375 35 18 och
242 1374 45 19 med
300 1375 50 22 1,200
363 1373 102 18 tunnland.
490 1373 70 18 Denna
573 1373 107 24 beräkning
692 1374 38 17 kan
743 1375 106 22 yttermera

92 1405 47 17 ökas
157 1405 7 16 i
182 1404 96 18 särskilda
296 1403 110 18 landsdelar
424 1403 32 17 till
473 1403 52 22 1,700
543 1402 83 18 tunland
642 1403 34 17 och
690 1402 113 18 derutöfver
814 1408 36 17 per

91 1433 80 18 mantal.
195 1432 81 23 Följden
292 1431 57 18 häraf
365 1431 35 18 har
416 1431 72 22 blifvit,
501 1433 30 16 att
543 1431 6 17 i
562 1431 52 18 olika
626 1431 54 18 delar
691 1431 22 18 af
723 1431 70 22 landet,
807 1436 42 13 som

91 1461 92 24 föröfrigt
192 1461 42 18 icke
243 1463 33 16 äro
285 1460 67 18 alltför
364 1459 88 24 aflägsna
463 1459 45 18 frän
521 1459 109 18 hvarandra
642 1459 35 18 och
690 1459 34 18 der
730 1459 79 24 jordens
818 1459 32 18 be-

161 1495 144 18 Statsutskottets
317 1494 109 18 betänkande
438 1494 35 18 N:o
485 1495 28 17 13.
