1070 1795
260 163 278 22 Petitionsbetänkande
553 163 43 22 N:o
614 163 42 22 30.
795 164 12 20 7

80 232 25 21 år
129 231 43 22 och
194 233 12 20 8
229 231 109 22 månader
360 231 52 22 från
427 231 215 29 utgifningsdagen.
672 231 112 22 Ansökan
799 239 36 14 om

79 265 67 22 dessa
165 265 40 22 län
220 265 113 22 inlemnas
346 265 72 29 jemte
435 265 134 30 arbetsplan
585 265 43 22 och
644 265 192 22 säkerhetshand-

77 300 77 29 lingar
169 300 37 21 till
221 300 173 27 statskontoret,
410 307 49 14 som
475 307 54 22 eger
544 300 82 21 bifalla
641 300 56 21 eller
712 299 59 22 afslä
781 300 55 21 den-

78 341 94 20 samma,
196 334 42 21 och
260 334 142 21 tillkommer
426 334 39 22 det
481 335 137 28 läntagaren
641 336 41 25 att,
703 334 7 21 i
726 334 110 22 händelse

77 369 65 21 länet
164 368 104 29 beviljas,
291 369 39 21 vid
345 369 151 28 betalningen
513 369 26 22 af
552 369 73 28 tredje
641 369 61 21 ärets
716 371 68 20 ränta
799 369 37 21 till

78 403 168 22 statskontoret
263 403 103 22 inlemna
380 403 26 22 af
419 403 166 29 läneagronom
601 403 57 22 eller
672 411 77 14 annan
762 403 26 22 af
793 411 43 21 gu-

77 441 112 18 vernören
205 437 84 22 utsedd
304 438 133 29 sakkunnig
444 446 85 21 person
538 438 122 21 utfärdadt
669 438 69 28 intyg
749 438 86 27 derom,

77 474 34 19 att
125 471 65 22 länet
205 471 37 22 till
256 471 53 22 hela
324 472 41 21 sitt
380 472 85 29 belopp
481 472 80 22 blifvit
576 473 13 21 ä
600 472 39 21 det
649 472 115 29 uppgifna
775 473 60 21 före-

77 508 65 27 taget
164 506 113 29 nedlagdt
299 506 39 21 vid
361 506 110 29 äfventyr
491 509 41 25 att,
549 507 76 21 derest
640 507 84 22 sädant
738 507 97 22 försum-

79 548 56 20 mas,
152 541 64 21 länet
231 540 111 29 antingen
357 541 8 21 i
381 541 52 22 dess
449 541 79 22 helhet
543 541 56 22 eller
614 541 37 22 till
666 541 45 22 den
727 541 43 28 del,
786 549 49 14 som

75 575 52 21 icke
150 575 37 21 för
210 575 39 21 det
264 575 94 22 afsedda
374 575 133 22 ändamälet
523 576 121 27 användts,
661 579 83 26 genast
759 579 24 18 är
798 576 37 21 till

75 609 121 29 betalning
218 609 102 22 förfallet
340 610 72 28 jemte
427 613 68 19 ränta
510 611 60 21 efter
586 613 12 19 6
614 613 96 26 procent
729 611 51 21 frän
796 611 38 21 da-

75 651 46 21 gen
136 643 37 22 för
188 643 102 22 medlens
305 644 113 28 lyftande.

142 679 63 21 Frän
216 678 178 29 ifrägavarande
404 679 111 22 länefond
526 679 71 22 hafva
608 679 62 22 intill
681 680 118 28 utgängen
811 680 26 21 af

75 713 25 21 är
117 714 53 21 1893
184 713 24 21 ät
218 713 135 21 kommuner
364 713 109 29 utgifvits
485 715 26 21 95
522 714 39 21 län
572 714 37 21 till
620 717 34 18 ett
664 715 170 28 sammanlagdt

73 747 85 28 belopp
174 747 26 21 af
214 748 91 27 743,500
318 747 72 27 mark,
406 748 69 21 deraf
487 748 74 22 under
576 749 25 21 är
618 750 54 20 1893
685 749 72 28 nägot
769 748 65 22 öfver

73 781 90 22 hälften
186 781 56 22 eller
257 783 27 20 56
300 781 39 22 län
354 789 37 14 om
408 782 154 22 tillsammans
578 785 92 25 415,500
686 783 70 22 mark.
787 783 46 22 Vid

75 816 120 28 utgången
211 816 26 21 af
250 816 114 29 sistsagda
380 817 26 21 är
420 824 57 15 voro
493 817 41 22 hos
551 818 105 21 enskilda
666 825 109 21 personer
785 820 48 19 ute-

73 850 96 21 stående
196 850 82 21 inalles
305 852 26 21 91
359 851 39 21 län
424 851 37 22 till
486 851 84 30 belopp
596 852 26 21 af
645 854 91 25 224,584
762 853 71 27 mark,

72 884 86 22 hvaraf
174 884 74 22 under
268 885 55 21 åren
340 887 112 20 1891—93
468 886 109 29 utgifvits
595 888 89 25 103,250
700 887 71 27 mark,
787 887 46 22 för-

73 919 81 21 delade
169 919 31 29 pä
215 921 27 20 29
256 919 40 22 lån
305 921 21 26 !).

140 953 36 21 Af
202 953 40 22 det
268 953 70 22 ofvan
365 954 98 22 anförda
486 955 108 29 framgår,
617 958 36 19 att
675 955 45 22 den
742 956 90 21 mindre

69 987 180 28 jordbrukarens
280 988 72 22 behof
378 989 26 21 af
426 989 140 29 odlingslån,
589 990 91 21 hvilket
702 991 130 28 petitionen

70 1021 83 22 främst
175 1022 94 29 åsyftar,
294 1023 76 22 blifvit
389 1024 152 29 tillgodosedt
559 1025 69 21 äfven
648 1033 84 20 genom
750 1025 80 22 ofvan-

71 1057 102 21 nämnda
194 1057 147 22 kommunala
356 1058 46 21 lån.
433 1059 54 21 Med
503 1059 108 22 afseende
627 1060 13 21 å
656 1059 65 22 dessa
736 1060 38 21 lån
791 1061 42 20 har

71 1091 63 22 inom
164 1091 115 22 utskottet
308 1092 138 29 visserligen
471 1093 125 26 anmärkts,
627 1096 35 19 att
684 1094 28 21 de
735 1095 96 21 kommit

71 1125 83 22 endast
169 1128 34 19 ett
218 1126 57 21 fåtal
287 1126 153 28 jordbrukare
449 1127 36 22 till
494 1127 67 29 godo,
571 1129 96 20 emedan
676 1129 84 28 många
767 1129 64 21 kom-

71 1167 82 14 muner
174 1160 56 28 hyst
254 1161 158 28 betänklighet
435 1164 36 19 att
493 1162 93 21 anhålla
609 1169 36 14 om
666 1163 72 28 sagda
753 1163 38 21 lån
807 1163 27 22 af

71 1194 74 27 orsak,
161 1197 35 18 att
213 1194 28 21 de
258 1194 51 21 icke
327 1195 63 22 velat
410 1196 79 21 ikläda
504 1197 35 28 sig
549 1197 149 28 ansvarighet
705 1197 36 22 för
749 1197 80 27 medel,

70 1228 27 21 af
116 1228 81 21 hvilka
219 1229 51 21 icke
286 1229 140 22 kommunen
442 1233 56 19 utan
514 1231 105 22 enskilda
638 1239 109 21 personer
766 1232 63 21 inom

70 1262 134 22 densamma
233 1263 59 22 hade
319 1264 77 22 direkt
422 1267 76 26 nytta.
535 1266 34 21 På
598 1265 75 29 grund
700 1265 68 22 häraf
788 1266 42 21 har

70 1297 70 22 äfven
161 1297 63 22 inom
244 1297 113 23 utskottet
379 1299 89 28 förslag
489 1299 135 22 framställts
648 1300 85 27 derom,
750 1303 34 19 att
801 1301 28 21 de

69 1331 9 21 i
102 1331 101 21 nämnda
228 1332 177 28 utlåningsfond
426 1337 62 17 ännu
506 1334 152 21 innestående
674 1335 81 26 medel,
771 1343 58 20 upp-

139 1418 12 22 1)
176 1419 156 17 Statsutskottets
352 1419 122 18 betänkande
489 1420 37 17 N:o
539 1422 10 16 3
567 1421 100 22 angående
680 1421 148 23 Finansexpedi-

70 1447 76 17 tionens
159 1447 27 17 till
200 1447 107 18 Ständerna
319 1448 75 23 atgifna
406 1449 83 17 relation
503 1454 30 12 om
546 1449 128 18 statsverkets
686 1449 91 19 tillstånd.
795 1449 32 19 Bi-

69 1475 45 24 laga
127 1475 44 18 Litt.
186 1475 16 18 G
215 1475 36 18 och
264 1476 24 17 H.

140 1510 182 19 Ekonomiutskottets
334 1511 112 19 betänkande
458 1512 38 17 N:o
509 1512 28 18 12.
