1070 1795
310 162 259 22 Motionsbetänkande
592 162 43 22 N:o
653 162 21 21 7.
819 163 24 20 1

115 232 98 19 särskilda
234 232 52 19 tider
307 232 36 19 och
359 232 5 18 i
381 231 98 20 särskilda
501 234 68 23 poster
590 231 111 20 oberoende
723 232 20 19 af
758 232 38 19 den
811 231 62 25 årliga

115 260 63 25 legan.
202 261 44 18 Man
260 262 55 23 tager
330 261 31 24 sig
376 260 55 19 däraf
446 260 111 25 anledning,
573 262 30 17 att
618 260 151 19 misstänksamt
783 260 90 19 betrakta

115 289 44 19 hela
182 289 258 24 skogsafverkningsaftalet
461 288 66 20 såsom
549 295 26 13 en
596 289 120 23 simulation,
732 289 80 19 därmed
828 295 45 12 man

115 317 101 20 maskerar
238 319 28 17 ett
289 317 84 25 verkligt
396 317 39 25 köp
458 317 64 20 under
537 317 70 20 skenet
622 317 20 20 af
657 319 29 17 ett
701 317 97 25 legoaftal.
828 317 45 19 Man

115 345 59 26 utgår
194 345 44 20 från
260 346 38 19 den
319 346 175 24 förutsättningen,
517 348 30 17 att
561 345 159 26 köpeskillingen
736 346 29 19 för
780 346 38 19 den
834 346 39 19 för-

115 374 57 19 sålda
195 375 76 24 skogen
293 375 105 24 rätteligen
422 374 60 19 borde
505 377 70 22 utgöra
599 375 38 19 den
660 374 54 19 vissa
732 375 36 18 och
785 374 88 25 verkliga

115 402 63 26 årliga
200 403 58 25 legan
279 403 29 19 för
330 403 87 23 marken,
440 403 88 19 fördelad
543 403 26 25 på
585 403 191 25 afverkningstiden,
792 403 36 19 och
844 406 29 16 att

115 431 26 19 då
163 432 66 19 denna
251 432 111 24 ersättning
384 432 92 24 erlägges
499 438 24 13 en
546 432 54 24 gång
620 432 30 19 för
671 432 38 18 alla
727 432 48 19 eller
790 432 6 18 i
811 431 62 24 några

116 462 63 17 större
189 462 73 23 poster,
273 460 109 19 oberoende
392 460 19 18 af
420 460 155 25 afverkningens
585 460 93 25 fortgång
688 460 48 19 eller
746 460 127 23 slutförande,

116 489 37 18 och
167 489 34 18 det
210 489 113 24 derigenom
336 489 38 18 kan
384 489 79 18 inträffa
475 491 29 16 att
521 489 45 19 hela
581 489 156 24 köpeskillingen
752 489 31 19 för
798 489 75 24 skogen

116 517 60 19 redan
187 519 22 17 är
219 517 65 19 betald
296 517 36 19 och
347 517 111 24 förbrukad,
469 517 25 19 då
505 523 28 18 ny
547 523 58 19 egare
620 517 112 24 öfvertager
747 517 125 24 fastigheten,

115 545 69 25 lagens
196 545 94 20 förbehåll
301 552 30 13 om
343 546 38 19 den
396 545 54 20 vissa
465 546 37 19 och
518 546 87 25 verkliga
620 545 62 25 årliga
697 545 57 25 legan
769 545 104 25 dymedels

115 574 102 25 kringgås.
240 574 30 19 På
285 575 53 18 detta
353 576 39 17 sätt
408 574 72 25 skapar
494 580 46 13 man
557 575 31 24 sig
603 581 25 12 en
644 575 93 18 skenbart
752 574 57 25 giltig
823 574 50 19 före-

116 603 102 24 vändning
230 605 30 16 att
276 603 49 18 afslå
340 603 147 24 inteckningen.
510 603 70 19 Såsom
595 603 93 24 exempel
703 602 25 25 på
744 603 64 18 denna
823 608 50 19 upp-

116 631 87 25 fattning
225 631 88 19 anhåller
334 631 32 25 jag
383 633 30 17 att
428 631 20 19 få
462 631 60 20 citera
537 632 24 19 de
577 631 129 25 ringaktande
721 631 41 24 ord,
777 631 96 19 hvarmed

117 660 206 25 vetenskapsmannen
336 660 29 19 uti
376 660 39 19 den
431 660 5 19 i
452 660 100 19 Juridiska
566 660 135 25 Föreningens
716 659 88 20 tidskrift
819 659 54 19 förda

116 688 112 25 polemiken
243 689 84 18 affärdar
342 689 64 18 denna
421 688 60 25 fråga,
497 689 6 18 i
518 689 35 19 det
567 689 40 18 han
622 691 64 22 säger,
701 691 29 16 att
746 688 126 25 nyttjorätts-

116 717 69 19 aftalet
207 717 5 19 i
237 717 297 24 skogsafverkningkontrakten
557 719 32 17 »är
610 723 24 13 en
657 717 30 19 till
708 717 44 24 lega
769 716 104 19 maskerad

115 745 102 25 rättighet,
232 752 32 13 om
280 746 59 19 hvars
354 746 131 19 intecknande
500 746 34 19 det
550 746 42 19 icke
608 746 38 19 kan
660 745 61 20 blifva
736 745 69 25 fråga».

128 779 7 6 *
184 774 40 19 Det
234 776 22 17 är
266 774 49 19 dock
331 780 24 13 en
370 774 82 19 alldeles
468 774 115 19 missriktad
600 774 112 24 villfarelse,
727 776 29 17 att
771 773 102 20 förblanda

116 803 86 24 skogens
212 803 112 24 köpevärde
335 803 44 19 med
389 803 39 19 den
444 803 53 19 vissa
512 803 37 19 och
565 803 89 24 verkliga
668 803 58 24 legan
742 803 28 19 för
785 802 87 19 marken.

115 831 164 25 Köpeskillingen
290 832 30 18 för
330 831 38 19 den
378 831 91 20 växande
480 831 75 25 skogen
571 833 21 18 är
607 831 37 20 och
659 831 67 20 förblir
741 831 132 25 köpeskilling

115 859 38 20 och
173 859 52 20 intet
248 862 65 21 annat,
336 860 36 19 och
393 860 39 19 den
455 859 62 26 årliga
531 860 58 25 legan
606 862 22 17 är
644 860 36 19 och
696 860 66 19 förblir
776 859 44 25 lega
835 859 37 19 och

114 888 51 19 intet
187 890 66 23 annat,
277 894 32 13 om
325 888 50 19 blott
390 889 39 18 den
444 890 23 17 är
481 889 82 24 verklig,
579 890 48 17 utan
642 890 30 17 att
687 887 185 26 nyttjorättsaftalet

115 917 115 24 derigenom
252 917 83 19 erhåller
358 916 60 25 något
441 917 49 19 sken
507 917 20 18 af
542 917 53 19 svek.
625 917 75 19 Härvid
715 916 112 26 uppställer
842 916 30 25 sig

115 944 76 26 frågan,
202 945 53 19 hvad
266 945 44 20 med
322 945 76 25 verklig
408 945 44 25 lega
461 946 6 18 i
478 945 69 25 lagens
558 946 80 24 mening
649 946 34 19 bör
697 945 84 20 förstås?
804 945 69 19 Denna

114 973 56 25 fråga
185 973 35 20 vill
235 974 33 25 jag
284 974 82 19 besvara
380 973 26 26 på
421 974 85 25 följande
522 976 50 17 sätt:

184 1002 82 25 Verklig
290 1003 43 24 lega
355 1003 29 18 för
406 1009 25 13 en
454 1003 41 18 viss
518 1003 107 24 nyttjorätt
643 1002 29 19 till
687 1002 44 25 jord
746 1004 22 17 är
783 1008 24 13 en
823 1001 50 25 årlig

113 1031 57 18 afrad
180 1031 48 19 eller
243 1037 65 12 annan
323 1031 111 25 prestation
449 1031 12 19 å
475 1031 138 25 legotagarens
629 1031 48 23 sida,
693 1037 42 13 som
750 1030 122 25 uppskattad

113 1059 51 19 efter
182 1059 197 24 ortsförhållandena,
395 1059 92 20 markens
502 1059 101 25 naturliga
618 1059 162 26 qvalifikationer,
795 1059 76 24 nyttjo-

114 1089 78 18 rättens
204 1088 134 19 beskaffenhet
349 1094 25 13 m.
386 1094 25 13 m.
427 1088 62 25 något
505 1088 22 19 så
543 1090 36 17 när
595 1090 109 17 motsvarar
719 1088 39 19 den
773 1087 100 25 gångbara

113 1115 64 26 årliga
199 1117 61 23 afrad,
284 1122 42 13 som
347 1117 31 19 för
398 1117 77 19 arealen
490 1117 5 19 i
512 1117 57 24 fråga
590 1117 40 18 kan
652 1116 29 19 för
702 1117 79 18 ordinär
794 1115 45 26 jord
853 1115 20 19 af

114 1150 78 13 samma
202 1145 44 24 slag
256 1145 5 18 i
274 1145 91 24 vederlag
375 1145 29 19 för
414 1145 39 19 den
463 1145 151 25 ifrågavarande
630 1145 130 24 nyttjorätten
776 1144 95 25 betingas.

184 1173 59 19 Emot
258 1173 64 20 denna
338 1173 114 20 definitions
467 1173 78 26 logiska
561 1173 37 20 och
613 1173 91 25 rättsliga
714 1173 93 25 giltighet
817 1173 56 18 torde

113 1201 48 25 inga
176 1202 123 24 berättigade
314 1202 154 25 anmärkningar
484 1203 67 18 kunna
567 1204 63 23 göras.
660 1201 103 20 Vidhåller
777 1207 46 13 man
839 1201 34 19 de-

115 1230 103 19 finitionen
233 1231 129 24 konseqvent,
379 1230 22 19 så
417 1231 64 19 måste
498 1237 45 12 man
558 1231 66 18 vidare
637 1230 79 19 komma
730 1230 30 19 till
772 1230 38 19 den
822 1229 50 20 slut-

113 1260 49 23 sats,
182 1261 30 17 att
231 1261 29 17 ett
275 1259 60 24 högre
350 1259 61 19 värde
426 1261 26 17 än
467 1259 33 20 det
515 1259 26 25 på
557 1261 55 17 orten
628 1259 79 25 vanliga
722 1259 36 19 och
773 1258 100 25 naturliga

114 1287 205 25 genomsnittsvärdet
334 1287 26 26 på
374 1287 103 20 föremålet
492 1288 30 19 för
537 1287 138 25 nyttjorätten,
691 1289 29 18 ett
735 1287 60 25 högre
806 1287 66 19 tillfäl-

114 1315 38 25 ligt
173 1316 66 22 värde,
258 1322 42 13 som
315 1318 22 17 är
352 1316 108 25 frambragt
475 1316 46 19 med
535 1316 66 24 konst,
617 1316 156 24 utomordentlig
787 1315 86 19 kostnad

114 1344 38 19 och
174 1345 74 21 arbete,
267 1345 43 19 icke
325 1345 93 19 behöfver
433 1345 138 24 obligatoriskt
585 1345 69 24 läggas
669 1344 30 19 till
714 1344 65 24 grund
795 1344 30 19 för
840 1344 32 18 be-

113 1372 109 20 dömandet
244 1373 20 19 af
285 1372 68 26 lagens
376 1372 116 26 verklighet.
522 1373 60 20 Detta
601 1372 45 20 med
660 1372 61 20 konst
736 1372 37 20 och
789 1372 84 19 kostnad

114 1401 122 25 frambragta
251 1401 60 20 värde
326 1403 22 18 är
362 1401 97 25 tillfälligt
473 1402 38 19 och
526 1401 120 25 förgängligt
662 1401 37 20 och
715 1401 37 19 kan
767 1401 42 19 icke
822 1407 50 18 upp-

114 1429 105 20 rätthållas
234 1432 48 17 utan
298 1432 46 23 nytt
359 1430 67 19 arbete
441 1430 37 19 och
493 1437 28 18 ny
531 1430 90 24 kostnad,
633 1435 43 14 som
689 1429 122 20 öfverskrida
821 1429 51 19 måt-

113 1460 30 17 tet
158 1459 20 18 af
192 1459 53 18 hvad
260 1459 58 24 lagen
332 1459 78 19 fordrar
425 1459 20 18 af
459 1459 100 24 ordentlig
573 1459 53 19 häfd.
654 1458 36 19 Om
706 1458 64 19 därför
785 1464 25 13 en
820 1457 52 26 jord-

184 1509 132 22 Lagutskottets
328 1509 110 17 betänkande
451 1508 37 18 N:o
501 1509 25 17 11.
