1070 1795
234 130 29 20 41
409 129 261 22 Motionsbetänkande
686 129 44 23 N:o
746 130 23 22 83.

701 215 112 18 Kommuner

702 244 43 17 utan
758 243 53 23 högre

709 271 92 18 folkskola.

556 215 111 18 Kommuner

555 243 40 18 med
607 243 54 23 högre

563 272 90 18 folkskola.

397 343 90 32 1872—73
597 347 34 18 110
742 346 34 18 355

397 371 90 32 1877—78
597 375 33 18 213
743 375 34 18 253

397 400 90 32 1882—83
597 400 34 32 300
744 403 33 18 170

397 433 91 18 1887—88
598 429 32 32 383
755 433 22 17 88

398 462 89 17 1892—93
597 461 34 18 419
754 461 22 18 47

276 519 74 28 Enligt
372 519 58 21 hvad
455 519 110 22 Utskottet
586 519 105 21 inhemtat
711 518 80 22 funnos
808 518 35 21 vid
860 517 106 29 ingången

209 553 23 20 af
255 553 25 21 år
301 554 54 21 1894
378 555 56 19 ännu
449 554 27 20 41
491 553 196 26 landskommuner,
702 552 112 22 saknande
829 553 66 27 högre
909 552 57 21 folk-

207 587 69 26 skola,
299 587 40 22 och
361 587 64 22 bland
446 587 63 22 dessa
525 589 12 20 2
553 587 125 21 kommuner
694 587 48 21 med
760 595 25 13 en
804 586 124 29 folkmängd
944 586 23 21 af

206 621 64 22 öfver
285 623 61 25 4,000
363 629 106 21 personer.
499 621 46 22 Vid
561 629 80 14 samma
656 621 104 28 tidpunkt
774 621 79 21 funnos
870 622 25 20 27
907 621 59 21 kom-

206 663 76 14 muner
306 656 48 21 med
376 657 68 20 större
465 655 147 22 invånarantal
635 657 27 20 än
686 657 70 25 4,000,
781 656 6 20 i
813 655 73 22 hvilka
911 655 55 22 blott

207 697 26 14 en
249 690 109 21 folkskola
378 691 104 20 inrättats.
511 690 71 21 Häraf
596 690 100 28 framgår,
712 693 32 18 att
760 689 41 22 den
817 689 22 22 af
855 689 112 22 Utskottet

208 724 116 22 förordade
347 725 128 28 skolpligten
497 725 68 21 skulle
581 724 84 29 påkalla
682 724 124 21 omedelbar
821 725 144 27 organisation

207 759 23 21 af
253 760 65 20 minst
341 760 26 21 70
393 767 40 21 nya
456 759 125 22 folkskolor.
612 759 30 21 Af
661 759 27 21 de
703 760 28 20 41
748 759 131 25 kommuner,
893 758 74 21 hvilka

207 793 45 21 helt
268 793 40 22 och
323 793 66 22 hållet
404 793 66 21 sakna
485 793 109 22 folkskola
609 793 54 21 hade
679 794 60 25 3!/x;;
757 794 53 20 1891

360 858 12 19 3
388 859 30 18 ett
433 855 148 22 invånarantal
596 855 69 22 under
787 856 40 21 500

360 891 48 25 8»
511 906 11 10 ”
625 889 23 22 af
694 891 134 25 —500—1,000

347 925 25 20 16
399 940 11 10 ,
513 940 11 10 5
631 940 11 11 »
673 925 155 25 1,000—2,000

347 959 25 20 12
398 975 11 9 ,
511 975 11 9 5
630 975 10 9 »
671 959 162 25 2,000—4,000.

278 1021 84 21 Härvid
377 1021 39 21 bör
431 1021 117 26 anmärkas,
565 1024 31 17 att
611 1028 25 13 en
653 1023 46 19 stor
714 1020 35 22 del
765 1020 23 21 af
797 1020 28 21 de
836 1020 130 27 kommuner,

206 1055 86 22 hvilkas
314 1055 125 28 folkmängd
460 1055 129 28 öfverstiger
611 1056 68 25 2,000,
701 1055 75 21 tillhör
791 1054 26 22 de
833 1055 133 21 vidsträckta

206 1097 50 14 men
272 1090 55 27 glest
347 1089 112 28 bebyggda
475 1090 45 20 inre
536 1089 87 21 delarna
638 1089 23 21 af
676 1089 123 28 Uleäborgs
815 1089 41 21 län.
885 1089 43 21 Det
943 1091 23 19 är

207 1123 37 22 vid
261 1123 77 22 sädant
353 1123 133 21 förhällande
502 1123 110 29 pätagligt,
627 1126 32 18 att
673 1123 134 21 inrättandet
821 1123 23 21 af
859 1123 107 22 folkskola

207 1158 35 21 för
266 1157 108 28 ätskilliga
400 1158 22 21 af
444 1157 62 22 dessa
527 1157 125 21 kommuner
674 1158 42 21 och
732 1157 106 21 mähända
853 1157 65 22 äfven
932 1157 34 22 för

206 1191 68 22 andra
294 1191 72 22 blefve
381 1191 71 22 alltför
467 1191 142 28 betungande.
639 1191 116 22 Utskottet
769 1191 39 22 har
823 1191 73 22 därför
910 1192 56 21 före-

208 1226 72 28 slagit,
296 1228 30 19 att
341 1225 108 29 Styrelsen
465 1225 66 22 mätte
546 1225 122 28 medgifvas
682 1227 44 20 rätt
742 1228 31 19 att
788 1226 7 20 i
806 1225 105 22 särskilda
922 1225 45 27 fall,

207 1260 38 21 där
267 1260 77 21 sädant
366 1260 93 21 befinnes
480 1259 81 28 nödigt,
577 1259 78 29 bevilja
670 1259 156 22 kommunerna
841 1259 71 28 nägon
926 1260 40 21 lin-

207 1294 63 28 dring
285 1295 7 20 i
307 1295 139 28 skolpligtens
461 1294 124 28 utgörande.

278 1329 70 21 Bland
371 1328 27 21 de
421 1328 75 26 medel,
519 1328 73 21 hvilka
608 1328 22 21 af
646 1328 111 28 Styrelsen
773 1328 72 21 kunde
860 1328 106 28 tillämpas

207 1362 34 22 för
257 1362 123 22 beredande
396 1362 22 21 af
433 1362 65 21 äskad
514 1362 94 28 lindring
622 1363 7 20 i
644 1362 93 22 anförda
752 1362 109 26 afseende,
876 1362 35 21 mä
922 1364 45 19 sär-

207 1396 67 22 skildt
290 1397 94 28 päpekas
400 1396 129 21 inrättandet
544 1397 23 20 af
582 1396 65 29 högre
660 1397 170 21 ambulatoriska
842 1396 124 21 folkskolor.

206 1431 45 21 Det
267 1431 68 28 ligger
350 1432 6 19 i
372 1431 76 20 sakens
464 1433 67 24 natur,
547 1433 32 18 att
593 1431 81 20 sädana
690 1431 73 21 skolor
778 1431 47 21 icke
836 1431 72 20 kunna
918 1438 48 21 pre-

277 1470 103 18 Allmänna
392 1470 169 18 Besvärsuiskottets
573 1470 111 18 betänkande
697 1471 39 17 N:o
749 1471 32 17 20.
