1070 1795
259 165 278 23 Petitionsbetänkande
553 164 46 23 N:o
614 164 35 22 17.
793 164 12 21 3

73 240 68 23 tunga,
166 237 81 19 hvilken
276 235 103 20 åhvälfves
401 236 122 22 densamma,
549 234 79 19 anhålla
653 234 25 24 vi,
702 233 130 25 öfvertygade

74 273 43 13 som
140 266 20 19 vi
182 267 33 18 äro
238 265 68 19 derom
327 266 29 18 att
376 264 124 20 hedervärda
520 263 149 20 Bondeståndet
684 262 81 20 tillfullo
781 267 51 20 upp-

75 295 75 20 skattar
165 294 25 19 de
205 293 173 25 omständigheter,
392 292 70 20 hvilka
477 292 19 19 vi
506 292 59 19 ofvan
576 291 92 26 påpekat,
678 291 151 24 vördsammast,

74 325 30 18 att
126 323 123 19 hedervärda
273 321 79 20 ståndet
373 321 47 20 ville
441 321 36 19 hos
494 321 55 19 Hans
563 320 113 25 Kejserliga
690 319 93 26 Majestät
797 325 35 13 an-

73 351 60 25 hålla,

349 409 27 17 att
390 407 13 19 å
418 407 93 25 lämpliga
529 408 49 18 orter
592 406 9 19 i
615 405 62 20 landet
691 405 106 19 inrättades
806 406 25 18 ett

283 436 107 25 tillräckligt
404 436 54 18 antal
468 434 175 27 jordbruksskolor,
658 434 74 19 hvilkas
742 433 87 26 läroplan

281 471 50 18 noga
345 463 113 26 afpassades
473 463 47 26 efter
533 463 195 25 ortsförhållandena,
743 462 44 20 med
801 462 29 19 be-

282 493 78 19 aktande
375 493 25 24 af
407 492 124 25 jordbrukets
545 491 114 20 nuvarande
670 491 119 25 ståndpunkt
798 490 34 20 och

282 521 119 25 framförallt
416 520 215 25 landthushållningens
645 519 121 20 räntabilitet.

148 585 126 25 Helsingfors
290 584 38 20 den
344 585 12 18 9
371 584 95 19 Februari
483 584 61 19 1894.

77 681 54 23 Uno
147 681 109 22 Bremer.
334 680 66 22 Juho
415 679 132 23 Pitkänen.
611 679 91 22 Kustaa
716 679 108 28 Kiipula.

78 739 31 22 H.
124 739 23 22 J.
162 738 142 27 Malmgren.
334 737 26 22 F.
376 737 38 22 W.
429 737 154 28 Lagerstedt.
613 737 29 22 K.
658 736 36 23 W.
710 736 123 23 Hollmén.

148 795 26 22 A.
190 795 27 22 F.
232 795 140 22 Danielson.
528 794 102 23 Severus
645 794 120 23 Konkola.

148 940 149 27 (Öfversättning.)

446 990 19 20 2;

234 1041 54 20 Till
303 1042 164 20 Hedervärda
482 1042 198 20 Bondeständet.

147 1105 71 20 Säsom
232 1105 68 25 kändt,
312 1107 21 18 är
347 1105 118 26 jordbruket
480 1105 45 20 värt
537 1105 59 20 lands
604 1105 154 25 hufvudnäring.
771 1105 67 20 Under

77 1134 116 20 nuvarande
214 1133 134 20 förhällanden
370 1136 33 17 äro
421 1134 118 25 jordbruket
561 1134 37 19 och
613 1133 176 26 boskapsskötseln
810 1133 27 26 pä

77 1163 34 19 det
131 1164 100 18 närmaste
252 1163 110 19 förbundna
376 1163 47 19 med
438 1163 117 19 hvarandra.
583 1162 36 20 Om
634 1163 116 24 jordbruket
765 1162 17 25 ej
799 1162 38 19 blir

78 1191 55 20 skött
154 1191 46 20 med
220 1191 67 25 insigt,
302 1191 64 25 gifver
380 1191 43 20 icke
438 1191 63 20 heller
516 1191 176 25 boskapsskötseln
708 1191 38 19 den
760 1191 75 19 afkast-

77 1220 56 24 ning,
148 1225 42 14 som
206 1219 88 26 önskligt
309 1225 52 14 vore.
392 1219 40 20 Vill
444 1226 46 13 man
505 1220 95 25 befrämja
614 1219 122 25 jordbruket,
751 1219 22 20 sä
788 1225 47 13 vore

77 1249 34 18 det
133 1248 110 19 önskvärdt
264 1249 30 19 att
314 1249 45 19 med
382 1249 113 24 styrelsens
510 1248 65 19 medel
591 1248 19 19 fä
624 1248 32 19 till
672 1248 41 19 dei
729 1247 45 20 värt
789 1247 47 20 land

77 1277 54 19 förut
153 1277 101 25 befintliga
274 1277 203 25 jordbruksskolorna
492 1283 41 18 nya
548 1277 66 19 skolor
628 1277 97 19 inrättade
741 1276 95 19 särskildt

78 1305 7 20 i
100 1305 25 20 de
140 1305 80 24 trakter,
235 1305 81 20 hvarest
331 1305 68 25 dylika
415 1305 68 20 skolor
497 1305 43 20 icke
555 1307 54 17 ännu
625 1305 70 19 finnas.

149 1333 30 19 Då
194 1340 46 12 man
254 1334 88 24 begynte
356 1334 75 19 inrätta
445 1334 174 25 jordbruksskolor
633 1334 7 18 i
656 1333 44 19 vårt
709 1333 54 25 land,
770 1333 67 19 blefvo

76 1362 46 19 från
144 1362 60 19 dessa
220 1362 66 19 skolor
300 1362 149 20 utdimitterade
464 1362 91 25 kunniga
569 1363 73 18 rättare
657 1362 37 19 och
708 1362 130 25 inspektorer,

78 1397 43 14 som
136 1391 53 25 fingo
200 1391 120 25 anställning
335 1390 26 26 på
372 1393 62 18 större
444 1391 170 26 jordegendomar.
644 1390 38 20 För
692 1390 75 20 mindre
778 1395 59 20 egen-

77 1420 70 19 domar
165 1420 51 19 hade
239 1426 46 13 man
300 1420 20 19 af
334 1420 60 19 dessa
409 1420 90 25 kunniga
515 1422 72 17 rättare
603 1419 36 20 och
654 1419 125 25 inspektorer
793 1418 43 19 icke

77 1448 40 19 den
131 1448 75 19 minsta
220 1449 64 24 nytta.
307 1448 46 19 Men
368 1449 62 18 sedan
446 1448 178 25 boskapsskötseln
641 1448 65 19 blifvit
720 1454 55 13 mera
784 1453 52 19 upp-

77 1477 147 20 märksammad
246 1477 38 19 och
305 1477 117 25 mejerierna
442 1477 85 19 kommit
545 1477 34 20 till
593 1476 129 25 användning
736 1477 60 18 äfven
811 1475 26 26 pä

150 1515 182 18 Ekonomiutskottets
345 1515 111 18 betänkande
468 1515 37 18 N:o
519 1516 18 17 5.
