1070 1795
313 133 262 23 Motionsbetänkande
592 133 42 23 N:o
651 133 22 22 6.
832 135 13 20 5

470 220 12 19 5
499 219 21 27 8.

184 277 44 19 Vill
244 277 160 20 stadskommun
420 277 186 20 öfverenskomma
621 277 48 20 med
684 279 117 24 tomtegare
823 277 51 20 eller

115 305 136 20 innehafvare
274 306 22 19 af
313 307 53 18 tomt
380 312 35 13 om
429 305 227 26 gaturenhållningens
672 306 39 19 och
728 305 146 20 snöskottnin-

115 340 53 19 gens
190 335 149 25 öfvertagande
361 335 23 18 af
402 335 135 22 kommunen,
560 335 57 25 gälle
639 335 7 18 i
668 334 127 26 tillämpliga
816 334 58 20 delar

115 363 57 19 hvad
187 363 63 20 ofvan
265 369 35 14 om
314 362 185 27 gatuunderhållet
515 365 66 24 sagts.

185 426 132 25 Helsingfors
333 426 40 20 den
389 426 12 20 9
418 426 91 20 februari
527 426 60 20 1894.

117 511 75 22 Leon.
208 517 23 16 v.
247 511 90 22 Pfaler.
365 511 27 22 E.
408 505 104 28 Öhman.
654 511 44 22 Th.
714 512 121 27 Vegelius.

118 569 86 22 Viktor
220 563 104 33 Öhberg.
365 569 104 22 Mauritz
485 569 127 28 Hallberg.
653 569 63 22 Axel
732 569 141 28 Holmberg.

117 626 24 22 C.
157 626 27 22 B.
200 623 128 31 Federley.
365 626 71 22 Rich.
452 626 169 27 Heimberger.
652 627 60 21 Axel
740 626 72 23 Lille.

190 786 138 22 Underhället
344 787 22 20 af
382 788 66 27 vägar
463 787 41 20 och
519 789 62 25 gator
595 786 38 21 har
648 787 67 28 enligt
730 786 41 21 den
783 787 91 21 svensk-

117 821 66 20 finska
208 822 70 19 rätten
294 821 46 20 frän
356 821 69 21 äldsta
440 821 57 21 tider
512 821 55 20 varit
583 829 26 12 en
624 824 72 25 tunga,
711 821 86 21 hvilken
813 821 61 22 säväl

117 856 6 20 i
147 855 99 21 städerna
268 863 45 13 som
335 855 29 28 pä
378 855 148 28 landsbygden
543 856 56 20 varit
612 855 90 21 förenad
718 855 48 21 med
781 855 93 28 egandet

118 889 51 21 eller
185 889 130 21 besittandet
332 889 22 22 af
372 889 52 28 jord.
454 889 66 22 Hvad
536 889 102 22 särskildt
652 889 101 22 beträffar
767 889 107 26 städerna,

118 926 78 18 utsatte
212 923 66 22 redan
294 924 104 21 allmänna
414 924 122 27 stadslagen
554 923 60 22 böter
629 923 35 21 för
679 923 49 27 den,
743 931 45 14 som
804 925 18 27 ej
836 924 37 21 be-

117 957 88 28 hörigen
223 957 86 22 »broar>
326 958 52 21 eller
394 965 98 14 »rensar»
509 971 28 2 —
555 959 59 20 »sina
629 961 82 24 gatur».
736 957 62 22 Dock
813 959 60 20 inne-

117 991 67 22 håller
206 991 96 22 hvarken
324 991 70 22 denna
412 992 35 28 lag
463 992 51 21 eller
529 991 42 22 den
587 991 91 22 faktiskt
692 991 131 29 tillämpade,
839 999 34 14 om

117 1026 41 21 ock
181 1026 69 27 aldrig
272 1026 69 21 säsom
364 1026 35 28 lag
421 1025 163 29 promulgerade
607 1025 91 28 stadgan
713 1033 34 14 om
762 1025 110 22 städernas

117 1060 170 21 administration
303 1060 22 21 af
340 1060 41 21 den
398 1061 26 20 26
440 1060 114 21 december
568 1061 54 20 1619
633 1059 66 28 nägra
709 1062 96 19 närmare
816 1060 57 21 före-

117 1094 88 21 skrifter
225 1094 79 27 derom,
321 1095 55 20 huru
394 1094 257 29 gatuunderhällstungan
667 1095 6 20 i
690 1094 98 21 städerna
803 1094 70 21 skulle

117 1128 99 21 fördelas.

186 1164 41 19 Att
248 1163 118 21 emellertid
387 1163 130 28 gärdsegare
540 1164 7 19 i
570 1163 47 21 stad
640 1163 65 21 redan
721 1164 7 19 i
744 1163 57 21 äldre
817 1163 57 21 tider

118 1205 38 13 var
171 1197 85 28 skyldig
271 1200 32 18 att
317 1197 120 29 ombesörja
452 1197 209 22 vidmakthällandet
672 1197 23 21 af
704 1198 44 27 just
759 1197 41 21 den
812 1197 61 21 invid

117 1231 53 21 hans
185 1234 55 18 tomt
256 1231 108 28 befintliga
378 1231 123 28 gatudelen,
509 1231 95 28 framgår
614 1231 64 21 bland
690 1235 65 17 annat
765 1231 23 22 af
797 1231 76 22 Drott-

117 1266 51 27 ning
184 1265 108 22 Kristinas
308 1265 42 22 den
366 1267 26 20 30
408 1266 63 28 April
488 1267 55 20 1649
558 1265 113 22 utfärdade
682 1265 74 29 plakat
766 1273 34 14 om
810 1269 62 24 gatu-

117 1299 105 28 läggande
244 1300 8 20 i
274 1299 130 27 Stockholm,
427 1300 38 21 der
481 1300 37 21 det
533 1300 87 28 stadgas
635 1299 99 22 hurusom
751 1300 40 21 alla
807 1303 65 18 tomt-

119 1341 61 20 egare
206 1333 72 21 »skole
300 1341 52 14 vara
373 1334 145 28 förplichtade
533 1334 54 21 hvar
602 1334 34 20 för
652 1335 36 19 sitt
703 1334 45 26 hus,
763 1334 52 27 gärd
831 1334 42 21 och

116 1370 60 24 tomt,
198 1370 23 18 at
242 1367 44 21 läta
307 1368 119 27 förfärdiga
449 1368 40 21 och
512 1376 106 21 reparera,
633 1375 47 22 nya,
695 1368 57 27 goda
767 1368 40 21 och
822 1368 51 28 lijka

118 1402 63 28 lagda
203 1403 85 27 jämpne
303 1406 68 24 gatur,
386 1402 84 22 således
486 1406 23 17 at
523 1403 99 20 hvartera
638 1405 111 26 presterar
764 1402 39 21 och
819 1402 54 21 låter

116 1436 70 28 läggia
201 1436 73 21 halfva
290 1439 63 25 gatan
368 1436 28 29 pä
412 1437 32 20 sin
460 1436 61 29 sijda,
537 1437 24 20 sä
576 1437 60 28 längt
651 1437 52 20 hans
714 1440 69 25 tompt
793 1437 80 26 räcker,

185 1475 48 23 Lag-
245 1476 33 17 och
290 1476 181 18 Ekonomiutskottets
484 1476 112 18 betänkande
609 1477 37 17 N:o
659 1477 16 16 9.
