1070 1795
254 119 28 22 88
443 121 229 22 Petitionsbetänkande
690 121 35 21 N:o
740 121 20 21 2.

224 178 58 21 sund
298 179 41 21 och
354 178 70 27 riktig
439 178 148 27 uppfattning
602 179 26 20 af
641 179 79 21 saken.
744 179 139 20 Yrkandena
899 178 28 27 på
941 178 45 21 för-

224 213 106 23 bättrade
345 213 226 22 kommunikationer
585 213 80 22 kunna
680 213 50 22 icke
746 213 25 22 år
783 213 59 22 efter
853 213 25 21 år
888 213 93 26 afböjas

224 248 51 21 med
291 248 137 27 hänvisning
443 248 34 21 till
496 253 28 16 en
541 248 161 21 obestämbart
718 248 101 26 aflägsen
835 247 103 26 framtid;
954 247 27 21 de

224 282 78 21 kunna
317 283 38 21 det
370 283 47 20 lika
432 282 46 21 lika
493 282 52 22 litet
560 289 27 14 ur
603 283 130 21 rättvisans
749 281 126 28 synpunkt,
889 281 93 22 hvilken

224 317 80 26 bjuder
326 318 36 20 att
385 317 25 22 åt
428 316 45 21 alla
488 317 63 21 delar
567 317 26 20 af
605 317 85 26 landet,
708 317 77 21 såvidt
800 317 83 26 görligt
898 318 32 22 är,
948 317 33 20 be-

224 351 54 22 reda
301 357 89 16 samma
405 351 118 26 möjlighet
539 351 34 21 till
589 351 217 26 framåtskridande,
823 357 50 15 som
888 357 27 14 ur
931 356 50 21 syn-

224 385 102 28 punkten
350 385 26 22 af
395 386 39 21 det
456 385 128 22 allmännas
601 386 106 26 intresse,
724 386 35 21 för
774 386 90 21 hvilket
879 385 38 22 det
932 385 50 21 icke

224 420 46 21 kan
293 426 56 16 vara
372 420 107 28 lkgiltigt
501 426 38 16 om
562 420 146 22 vidsträckta
726 420 130 22 landsdelar
879 420 103 21 urständ-

225 456 77 20 sättas
317 456 35 20 att
368 456 55 25 taga
438 455 35 22 del
487 455 7 20 i
505 455 38 21 det
554 461 174 20 gemensamma
738 454 244 27 utvecklingsarbetet.

224 489 194 27 Omisskänneligt
434 491 25 20 är
475 491 36 20 att
526 490 27 21 de
564 489 120 27 lärdomar,
698 495 50 16 som
760 491 93 20 senaste
861 490 85 21 tvenne
958 488 25 21 år

224 523 94 27 lemnat,
333 523 67 27 gifvit
416 523 160 27 befolkningen
590 530 46 21 nya
653 524 110 27 impulser
775 523 42 22 och
829 524 90 26 sporrat
930 523 52 21 dess

224 557 44 27 håg
292 559 36 20 att
352 558 57 21 söka
432 558 79 21 arbeta
527 558 34 27 sig
580 565 46 20 upp
642 559 35 20 till
694 564 28 15 en
738 558 94 21 säkrare
849 557 134 22 ekonomisk

225 592 114 27 ställning.
364 593 43 21 Det
424 599 68 20 synes
508 598 57 15 vara
581 593 137 22 samhällets
733 593 57 26 pligt
806 594 37 19 att
858 594 55 25 taga
928 597 56 15 vara

224 626 30 27 på
276 627 74 21 denna
373 627 115 26 stämning
512 628 48 26 och,
584 627 26 22 så
632 627 65 27 långt
715 627 5 21 i
738 627 53 22 dess
807 627 105 26 förmåga
928 626 55 26 står,

224 661 77 21 lemna
316 661 72 22 folket
404 661 6 21 i
426 661 115 22 händerna
557 662 26 21 de
599 661 80 27 medel,
697 662 51 21 dem
764 661 39 22 det
819 661 63 21 åtrår
899 661 33 20 för
947 661 36 20 att

224 695 51 22 icke
290 695 110 22 förlamas
416 696 6 21 i
439 696 48 21 sina
503 696 157 21 sträfvanden.

295 730 44 22 Det
357 731 25 20 är
401 730 49 21 icke
469 730 74 21 första
559 730 87 27 gången
662 731 78 21 landet
755 730 52 21 haft
823 732 37 19 att
875 729 110 28 genomgå

225 765 144 26 svårigheter
385 765 25 20 af
424 765 42 21 den
481 765 165 26 beskaffenhet,
658 765 80 21 hvilka
753 765 121 21 ofvanföre
889 765 96 20 berörts.

225 799 49 22 Den
295 799 114 27 tidpunkt,
429 799 28 22 då
479 799 57 21 våra
558 799 242 27 jernvägsbyggnader
819 800 7 20 i
846 800 74 21 större
939 804 44 15 om-

224 833 101 28 fattning
341 833 99 28 vidtogo,
454 834 132 21 utmärktes
602 834 25 21 af
640 834 44 21 nöd
700 834 42 21 och
758 833 104 27 botryck,
874 833 110 21 hvarmed

225 868 39 21 det
279 869 143 21 närvarande
438 869 61 26 läget
514 868 132 27 lyckligtvis
662 868 50 22 icke
723 868 33 21 tål
767 868 138 27 jemförelse.
929 867 55 21 Oak-

225 902 52 22 tadt
292 902 136 27 åtgärderna
444 902 34 21 för
493 903 86 22 nödens
595 902 117 22 lindrande
728 902 71 22 redan
813 902 58 21 hade
882 901 103 28 påkallat

225 937 116 22 anlitande
356 937 26 21 af
395 937 108 21 utländsk
520 937 74 22 kredit
609 937 6 20 i
632 937 89 27 ganska
737 939 49 19 stor
799 937 73 26 skala,
886 936 99 21 tvekade

224 971 104 22 hvarken
342 971 91 22 landets
444 971 103 27 Styrelse
564 973 35 20 att
615 971 91 27 föreslå,
723 972 21 26 ej
760 971 71 22 heller
848 971 53 22 dess
917 971 66 20 Stän-

225 1005 39 22 der
283 1007 36 20 att
338 1006 91 21 besluta
444 1007 131 26 byggandet
590 1007 25 20 af
628 1006 190 21 Riihimäki-—S:t
833 1005 151 26 Petersburgs

224 1040 96 27 jernväg
340 1041 53 21 med
415 1041 114 22 anlitande
553 1041 25 20 af
597 1041 126 20 utländska
745 1040 96 27 kapital,
859 1039 128 28 upplånade

225 1075 29 26 på
274 1075 80 26 vilkor,
372 1075 64 27 långt
455 1075 94 22 svårare
571 1077 30 19 än
620 1076 26 21 de
668 1081 49 16 som
736 1081 31 15 nu
786 1075 79 21 kunna
884 1074 101 21 förutses

224 1109 174 27 ifrågakomma.
422 1110 45 21 Och
483 1110 65 21 såväl
564 1110 7 20 i
587 1110 42 21 den
645 1109 82 28 nådiga
743 1109 178 28 propositionen,
934 1114 50 15 som

225 1144 6 20 i
244 1145 171 20 sammansatta
430 1144 124 27 Ekonomi-,
570 1144 73 22 Stats-
660 1144 41 21 och
710 1143 275 27 Bevillningsutskottets

225 1178 106 21 deröfver
347 1179 87 26 afgifna
445 1179 143 21 betänkande
598 1179 126 26 framhölls,
739 1178 78 21 såsom
829 1179 36 20 ett
876 1177 110 22 särskildt

226 1212 51 21 skäl
300 1212 34 21 för
354 1213 137 27 jernvägens
513 1213 125 26 byggande,
654 1213 98 26 landets,
772 1213 7 20 i
802 1212 57 27 följd
879 1212 26 21 af
920 1211 65 21 miss-

225 1248 121 25 växterna,
367 1247 65 22 svårt
451 1248 122 26 betryckta
597 1247 56 27 läge.
684 1247 26 27 Ej
733 1247 72 22 heller
825 1247 28 20 då
873 1246 113 21 saknades

225 1282 61 25 män,
304 1281 40 22 och
363 1282 115 21 deribland
497 1282 86 21 sådana
601 1282 91 21 hvilkas
712 1282 40 21 ord
771 1281 151 22 tillerkändes
938 1281 49 20 stor

225 1315 135 27 auktoritet,
377 1316 27 21 de
423 1317 38 21 der
481 1317 25 20 af
523 1317 34 21 ett
577 1316 82 21 sådant
679 1315 184 28 tillvägagående
879 1315 107 21 befarade

226 1348 70 22 svåra
311 1350 80 26 följder
407 1350 35 21 för
456 1350 90 22 landets
557 1350 99 22 framtid.
680 1350 52 22 Men
743 1350 6 21 i
760 1349 146 22 närvarande
917 1348 70 22 stund

226 1383 73 22 finnes
315 1384 87 27 knappt
418 1384 79 28 någon,
510 1391 49 15 som
571 1385 20 26 ej
603 1385 73 22 skulle
687 1386 59 26 hysa
760 1385 108 21 tacksam
879 1382 108 23 erkänsla

226 1418 34 21 för
284 1420 36 20 att
340 1419 90 22 landets
449 1420 112 27 Regering
580 1419 40 22 och
640 1419 98 22 Ständer
757 1419 28 21 då
805 1419 58 21 hade
882 1423 44 21 nog
945 1417 41 22 för-

295 1469 202 18 Petitionsbetänkande
510 1469 37 18 N:o
559 1470 18 17 2.
