1124 1769
315 111 226 29 Petitionsbetänkande
557 111 34 22 N:o
609 111 32 21 12.
728 106 93 25 SBA
884 101 2 4 ns

99 174 19 20 i
129 173 89 51 ions
230 172 72 26 Maris
324 171 111 22 Beroende
457 169 75 28 derpå,
557 175 35 16 om
612 169 101 22 farleden
731 170 65 26 görer
811 169 40 26 2,1
867 179 4 5 »

98 207 82 22 eller
183 211 16 23 2,7
215 210 34 18 'm.
269 207 26 24 (7.
305 201 62 27 eller
378 205 13 21 9
407 205 41 25 fot)
467 205 59 26 djup.
557 204 84 21 Härtill
659 203 94 22 komma
766 203 20 27 ej
803 203 50 22 obe-

98 244 26 25 ty'
126 224 61 45 dliga
202 241 130 21 kostnader”
345 237 36 24 för
398 238 205 27 hamnanläggning
618 238 6 21 i
644 238 91 48 Ladoga
752 238 38 21 vid
805 238 47 20 Tai-

64 283 2 2 >
83 283 4 25 *
98 277 51 27 pale
164 276 26 21 äs
205 271 116 36 mynning.
869 282 3 3 -

81 311 3 2 :
166 304 64 28 Inom
249 309 124 22 Utskottet
391 293 42 36 har
451 307 135 27 visserligen
603 307 139 22 framhållits
760 307 42 21 den
817 306 36 21 be-

99 327 88 45 tydelse
206 343 173 28 ifrågavarande
398 343 71 21 farled
489 340 91 23 komme
599 343 44 23 att
654 341 71 21 hafva
744 340 109 22 särskildt

98 380 52 22 med
165 380 90 26 hänsyn
270 378 36 22 till
320 378 119 26 transport
453 377 26 21 af
491 378 78 28 ortens:
585 375 200 28 skogsprodukter,
800 380 57 16 men

99 414 136 22 Utskottets
253 413 74 21 flertal
345 412 42 21 har
405 412 20 26 ej
441 412 78 20 ansett
535 411 72 21 denna
625 406 119 30 synpunkt
759 414 56 16 vara
831 408 33 21 af.

100 448 115 28 synnerlig
230 447 125 27 betydelse,
370 442 29 26 dä
414 446 117 26 ingenting
545 445 92 21 hindrar
651 444 95 26 forsling
756 443 25 21 af
789 443 66 21 virke

100 483 25 21 ät
143 488 42 16 ena
205 482 64 22 sidan
287 482 66 28 längs
371 481 44 21 den
434 480 117 27 segelbara
570 479 65 21 delen
655 478 25 21 af
696 478 108 21 Vuoksen
819 476 36 22 till

100 518 52 21 dess
171 513 230 30 anknytningspunkt
423 515 51 21 med
494 514 113 21 Karelska
626 513 75 21 banan
721 512 37 21 vid
777 511 78 21 Kuori-

100 552 73 26 koski,
187 551 7 28 i
204 550 110 22 närheten
330 550 26 20 af
363 550 90 20 Antrea
464 548 93 27 station,
569 548 41 21 och
621 547 25 21 ät
657 547 43 21 den
711 546 70 22 andra
791 546 64 21 sidan

100 586 79 22 nedför
193 586 126 21 strömmen
329 584 35 22 till
374 584 97 26 Ladoga.
494 582 45 22 Att
549 582 94 26 flötning
654 582 26 20 af
689 581 66 22 stock
764 580 30 28 pä
804 580 52 21 sist-

100 619 99 23 nämnda
209 620 34 26 sjö
253 619 114 21 härintills
378 618 73 22 sällan
461 616 152 27 förekommit,
625 622 70 20 synes
705 616 84 21 främst
802 615 66 21 bero'

95 655 35 28 pä
145 654 195 27 oföretagsamhet
355 654 42 20 hos
415 654 77 20 ortens
508 651 137 26 befolkning,
661 650 28 22 dä
704 650 59 22 intet
777 650 79 20 hinder

103 685 62 26 torde
187 689 73 20 finnas
283 690 36 19 att
341 688 156 25 frambogsera
517 686 143 21 stockflottor
681 685 64 21 öfver
757 682 103 31 Ladoga

101 724 47 21 lika
166 723 45 27 väl,
231 729 49 15 som
299 722 83 22 sädant
401 722 52 21 sker
469 721 31 46 på
515 721 70 20 andra
601 720 85 41 insjöar
701 719 42 21 och
758 720 17 21 t.
791 724 19 15 o.
826 724 29 15 m.

92 759 41 26 "pä
148 759 73 26 öppna
236 757 87 22 hafvet.

81 797 5 2 5
171 792 32 21 Pä
219 793 67 21 dessa
301 791 51 22 skäl
368 791 41 21 och
424 789 140 22 hänvisande
580 779 35 30 för
630 788 69 27 öfrigt
714 787 35 22 till
761 787 97 21 Utskot-

103 829 36 20 tes
161 826 137 27 motivering
315 826 7 20 i
341 820 53 27 dess
417 824 149 22 betänkande.
582 823 33 44 NA
611 829 12 16 o
644 823 11 20 1
675 822 39 39 får
731 821 125 22 Utskottet

103 861 120 39 vördsamt
237 860 106 46 föreslär

291 951 4 3 .
309 931 32 18 att
351 927 174 29 ifrågavarande
532 925 191 29 petitionsförslag
735 925 44 21 icke
788 924 70 21 måtte

241 963 116 28 föranleda
368 963 35 20 till
413 962 74 27 någon
497 960 79 28 åtgärd
585 960 55 28 från
652 959 138 22 Ständernas
799 959 56 20 sida.

200 1181 6 4 N
298 1176 3 2 i
451 1162 61 29 2-3.

98 1270 2 2 N
175 1221 190 52 Ingjötarlederna
386 1220 21 40 E
432 1239 27 21 de
483 1237 184 22 Tavastländska
677 1232 12 36 ;
694 1236 167 26 vattendragen

107 1273 71 31 hafva
193 1276 65 26 länge.
276 1275 59 21 varit
345 1273 95 23 föremål
450 1273 35 21 för
495 1272 131 29 Styrelsens
638 1277 90 21 omsorg
739 1270 40 22 och
790 1270 71 21 hafva

108 1308 33 35 de,
157 1302 48 30 dels
223 1315 82 22 genom
323 1308 188 28 upprensningar,
531 1307 47 21 dels
597 1312 89 21 genom"
696 1305 165 22 kanalarbeten

107 1346 131 21 utsträckts
257 1344 50 22 från
325 1343 145 21 Tavastehus
488 1342 59 21 ända
564 1341 35 21 till
616 1340 149 27 Längelmäki
779 1340 6 20 i
801 1345 60 21 norr,

109 1378 153 23 Tammerfors
280 1379 7 21 i
302 1378 109 22 nordvest
429 1377 41 21 och
489 1376 82 21 Hauho
590 1376 7 20 i
612 1375 100 22 nordost.
743 1374 33 21 Då
794 1374 67 21 emel-

108 1415 67 21 lertid
189 1419 88 26 genom
300 1413 76 21 vidare
401 1411 179 28 kanaliseringar
605 1410 100 21 farleden
727 1408 134 27 ytterligare

178 1469 201 26 Petitionsbetänkande
390 1468 37 18 N:o
440 1468 27 17 12.

168 1504 23 9 N
