1070 1795
80 141 6 1 -
245 132 272 23 Petitionsbetänkande
533 133 41 22 N:o
590 133 34 22 34.
789 137 10 18 7

663 235 167 27 (OÖfversättning.)

143 376 33 21 VI

211 433 55 21 Till
311 433 148 22 Hedervärda
475 433 211 22 Bondeständet.

145 531 92 22 Ovinnans
256 532 39 16 rätt
312 531 28 17 till
356 531 109 22 kunskaper,
478 531 79 18 vetande
569 531 33 17 och
615 531 83 22 bildning
709 531 122 18 öfverhufvud

76 560 51 17 torde
139 560 39 17 icke
190 565 74 12 numera
277 559 5 18 i
295 560 41 17 värt
349 559 43 18 land
405 559 91 21 förnekas,
514 559 33 18 och
561 559 181 23 gvinnobildningens
755 559 76 23 höjande

76 589 33 18 har
127 589 54 18 äfven
196 588 70 23 begynt
277 588 55 18 vinna
351 588 35 18 allt
404 590 59 16 större
482 588 121 21 erkännande,
615 594 41 12 men
668 591 28 15 att
708 588 41 18 frän
761 590 70 16 statens

75 617 40 18 sida
127 619 49 16 ännu
188 617 39 18 icke
239 617 7 17 i
259 617 33 18 den
304 617 42 18 män
358 617 83 22 önskligt
454 617 31 18 och
498 617 113 23 nödvändigt
623 623 43 12 vore
678 617 74 23 försorg
760 617 71 23 dragits

75 651 29 13 om
117 645 177 19 tillfredsställandet
306 646 20 17 af
342 646 34 17 den
388 646 57 22 högre
457 645 183 24 gvinnobildningens
652 647 44 17 kraf
706 646 71 18 bevisas
789 646 42 18 bäst

76 676 21 17 af
108 675 21 18 de
141 675 67 22 många
220 674 73 23 privata
304 675 154 18 läroanstalterna.
470 675 7 17 i
485 675 66 18 landet.
571 675 79 18 Sålunda
658 675 57 18 finnes
728 675 2 18 i
738 675 92 18 Tammer-

78 705 37 17 fors
134 704 39 17 stad
194 709 22 12 en
234 703 20 18 af
270 703 118 18 uteslutande
406 703 74 23 privata
491 709 87 17 personer
589 704 84 22 grundad
685 704 47 17 finsk
745 704 85 18 fruntim-

81 733 105 21 mersskola,
198 732 73 18 hvilken
283 732 73 23 började
368 732 29 18 sin
409 733 118 18 verksamhet
538 733 65 17 hösten
615 733 50 18 1883.
689 733 36 17 Att
736 738 42 12 man
790 733 41 17 icke

75 761 7 18 i
94 761 57 18 förtid
163 761 67 18 skridit
241 761 29 17 till
282 761 74 18 skolans
367 761 110 22 inrättande,
490 761 82 23 framgär
584 761 58 22 däraf,
655 763 28 16 att
695 761 60 18 elever
767 761 64 18 talrikt

75 790 81 18 infunnit
174 789 28 23 sig
220 789 50 18 säväl
282 789 40 18 frän
335 790 65 17 staden
412 795 39 12 som
464 790 42 17 frän
517 790 110 18 landsorten.
651 790 123 21 Elevantalet,
786 790 45 18 hvil-

75 819 32 18 ket
124 819 23 22 pä
166 818 74 18 skolans
258 823 32 13 sex
302 818 70 18 klasser
382 818 58 18 under
452 819 32 17 det
496 821 61 15 senast
569 819 133 22 tilländalupna
714 819 78 18 läseäret
803 821 28 15 ut-

75 847 63 23 gjorde
151 848 39 20 147,
207 847 33 18 har
252 847 108 23 visserligen
372 847 21 18 är
406 848 29 17 för
448 847 21 18 är
481 847 50 18 varit
542 847 6 18 i
562 847 89 23 stigande,
663 853 40 12 men
716 847 72 18 skolans
801 853 31 17 ga-

76 878 67 19 ranter,
161 876 64 17 hvilka
242 876 42 18 sökt
302 876 58 23 draga
378 876 73 23 försorg
470 881 28 13 om
516 878 29 16 att
557 877 73 17 skolans
642 876 131 18 lärarekrafter
784 877 48 17 varit

77 905 42 18 fullt
131 905 112 22 tillräckliga
255 905 34 17 och
301 905 89 18 svarande
402 907 39 16 mot
454 905 40 18 dess
507 905 90 22 ändamål,
609 905 55 18 hafva
676 905 40 18 icke
728 905 50 18 desto
787 905 44 18 min-

76 934 37 21 dre,
126 933 46 18 efter
184 936 29 15 att
224 933 56 18 hafva
292 933 92 18 anskaffat
396 933 97 24 tidsenligt
505 933 233 24 undervisningsmaterial,
753 934 79 17 nödvän-

76 962 43 23 diga
137 962 111 18 inventarier
266 963 33 17 och
318 967 20 13 en
357 962 67 23 rymlig
436 963 54 22 lokal,
502 962 79 23 nödgats
593 962 101 18 vidkännas
706 962 40 18 icke
759 963 73 22 obetyd-

75 991 38 22 liga
130 991 132 22 uppoffringar,
280 996 28 12 om
324 991 33 18 ock
369 991 78 23 utgifter
459 991 84 18 betäckts
553 991 69 23 jämväl
635 991 40 18 med
687 991 48 23 höga
747 991 86 18 termins-

77 1020 81 22 afgifter.
183 1019 24 18 Så
225 1025 32 12 var
274 1025 42 12 man
334 1022 72 16 senaste
424 1020 61 18 läseår
496 1023 81 20 tvungen
589 1021 33 20 att,
634 1021 74 17 utöfver
719 1020 113 18 statsunder-

76 1048 61 18 stödet
149 1049 10 17 a
171 1049 51 20 8,000
240 1048 52 17 mark
310 1048 32 18 och
360 1048 182 23 terminsafgifterna,
561 1049 55 18 anlita
628 1049 52 22 2,560
691 1049 51 18 mark
755 1049 28 18 för
795 1049 37 17 till-

78 1077 54 18 fället
148 1077 106 18 anskaffade
266 1077 62 18 medel.
352 1077 78 18 Oafsedt
441 1077 54 18 dessa
506 1077 126 23 uppoffringar
643 1077 33 18 har
688 1077 72 18 skolans
773 1077 59 18 direk-

76 1105 40 18 tion
128 1105 48 18 varit
188 1106 93 17 nödsakad
292 1106 85 21 iakttaga
390 1106 33 18 den
436 1108 69 16 största
517 1107 116 22 sparsamhet,
650 1107 48 17 hvad
710 1106 86 18 beträffar
807 1107 26 17 lä-

76 1139 62 13 rarnes
151 1134 86 23 aflöning,
255 1135 70 17 hvilket
338 1135 93 22 sjelffallet
446 1135 41 18 icke
498 1135 71 18 kunnat
580 1135 62 22 undgä
654 1137 27 16 att
693 1135 81 18 medföra
786 1135 47 18 oför-

76 1163 94 22 delaktiga
182 1163 76 23 följder:
272 1163 144 23 lärareombyten
428 1164 57 17 hafva
497 1163 41 18 icke
550 1164 70 17 kunnat
632 1164 95 17 undvikas.

144 1191 28 18 Dä
184 1192 52 18 säväl
250 1192 30 18 det
292 1192 84 23 ständigt
388 1192 109 23 tilltagande
510 1193 110 17 elevantalet
632 1197 38 13 som
682 1193 33 17 ock
724 1193 30 17 det
763 1192 70 18 sakför-

76 1220 91 23 hållande,
180 1222 28 16 att
220 1221 121 18 Tammerfors
354 1221 39 18 stad
408 1223 20 16 är
440 1221 94 23 omgifven
546 1221 21 18 af
578 1227 22 12 en
609 1221 77 18 särdeles
694 1221 69 18 folkrik
771 1221 61 18 lands-

75 1251 34 19 ort,
128 1249 73 18 hvilken
220 1249 56 18 under
294 1249 31 18 det
343 1249 136 23 tilländalupna
497 1249 79 18 läseäret
593 1249 87 18 tillsände
692 1249 141 24 ifrägavarande

76 1277 53 18 skola
146 1278 22 17 63
186 1278 94 23 lärjungar
292 1278 44 18 eller
347 1284 51 12 mera
410 1280 24 16 än
446 1279 23 18 40
481 1280 75 21 procent
569 1279 20 17 af
600 1279 40 17 hela
652 1278 115 23 elevantalet,
780 1280 53 21 ögon-

77 1306 95 23 skenligen
184 1307 121 23 ädagalägga,
317 1309 29 16 att
358 1307 64 18 skolan
434 1307 11 18 å
457 1307 60 18 denna
528 1309 29 16 ort
569 1309 21 16 är
602 1307 73 18 absolut
687 1307 114 23 nödvändig;
810 1307 23 18 dä

77 1335 68 21 vidare,
158 1335 76 17 emedan
246 1335 30 18 det
288 1337 21 16 af
319 1337 60 16 staten
392 1336 89 22 anslagna
493 1336 121 17 understödet
626 1336 41 17 icke
679 1341 53 17 synes
743 1341 46 12 vara
796 1335 37 19 till-

77 1363 79 23 räckligt
168 1364 28 17 för
209 1364 73 18 skolans
294 1364 83 23 utgifter,
390 1364 56 23 ingen
458 1365 55 17 säker
524 1364 74 23 garanti
610 1364 96 18 förefinnes
718 1365 28 17 för
754 1366 29 16 att
791 1364 42 18 den-

79 1398 69 13 samma
166 1393 6 17 i
190 1393 98 18 framtiden
300 1395 44 16 utan
356 1393 72 18 afbrott
442 1393 47 18 skall
501 1399 65 17 genom
579 1393 91 18 enskildes
682 1393 72 23 försorg
766 1393 67 18 erhälla

76 1421 57 23 nödig
150 1421 50 22 värd,
218 1422 32 17 och
266 1421 23 18 dä
302 1421 87 24 slutligen
402 1427 22 13 en
436 1422 21 17 af
468 1424 61 16 staten
541 1422 117 18 underhällen
670 1422 50 18 skola
732 1422 52 18 alltid
797 1422 36 17 kan

75 1449 64 19 arbeta
157 1450 23 22 pä
198 1450 74 18 säkrare
288 1451 60 22 grund
360 1452 23 16 än
396 1451 61 22 nägon
470 1456 39 13 som
521 1451 47 18 helst
579 1451 118 22 privatskola,
710 1450 46 23 väga
768 1451 65 18 under-

143 1484 105 18 Allmänna
261 1485 177 18 Besvärsutskottets
450 1485 119 18 betänkande
581 1486 37 17 N:o
630 1486 28 17 23.
