1070 1795
280 171 279 22 Petitionsbetänkande
575 171 45 22 N:o
637 171 22 22 6.
805 173 12 20 3

90 241 116 20 elakartade
227 242 106 24 sjudomar,
356 247 42 13 som
419 243 35 18 äro
469 241 80 24 mycket
564 242 147 22 smittosamma,
727 241 80 20 hvarför
822 242 23 19 de

90 270 22 20 af
127 270 43 19 dem
185 270 79 19 lidande
280 270 57 24 sjuka
352 269 162 20 fordersammast
529 270 62 19 borde
607 269 53 20 föras
676 270 29 19 till
719 273 29 16 ett
758 271 87 24 sjukhus,

90 299 32 19 för
144 301 29 18 att
195 299 80 19 smittan
291 299 17 23 ej
324 299 60 19 måtte
400 298 95 22 utbredas
511 304 69 18 genom
596 299 58 19 deras
670 299 175 24 transporterande

90 327 59 24 långa
172 330 66 21 vägar.
268 327 40 20 För
330 330 29 16 att
382 327 20 19 få
418 327 55 19 detta
488 327 172 20 missförhållande
677 327 96 24 upphäfdt
788 327 58 20 hafva

90 357 25 18 de
131 357 105 23 domsagor
250 357 19 18 vi
284 359 140 21 representera
439 355 32 20 för
485 361 32 14 oss
533 356 73 19 uttalat
617 356 64 19 såsom
692 356 153 24 önskningsmål,

90 387 30 18 att
143 385 6 18 i
173 384 107 20 Kexholms
304 385 50 23 stad,
370 390 42 13 som
427 384 63 24 ligger
505 385 50 19 midt
569 385 6 18 i
592 385 106 24 domsagan
714 385 44 19 med
773 391 73 13 samma

90 419 66 20 namn,
171 414 61 19 måtte
252 414 84 19 inrättas
359 416 29 16 ett
406 414 75 18 mindre
497 414 82 24 sjukhus
595 414 31 19 för
642 414 38 19 den
696 414 149 24 kringliggande

91 442 91 19 traktens
204 442 99 19 allmänna
325 442 69 23 behof;
418 442 54 19 detta
488 442 22 19 så
525 442 79 23 mycket
618 442 63 19 hellre
697 448 40 13 som
753 443 6 18 i
775 443 70 19 nämda

91 471 45 19 stad
159 471 31 19 för
214 471 55 19 detta
290 470 91 20 ändamål
404 471 61 18 redan
488 470 63 19 finnes
574 473 30 17 ett
626 471 43 21 hus,
685 476 41 14 som
741 472 105 23 inrymmer

91 500 74 19 inemot
188 500 55 23 tjugu
266 499 123 25 sjuksängar,
412 501 51 18 samt
478 499 31 20 för
525 505 74 14 samma
614 499 90 20 ändamål
719 501 60 18 redan
797 501 48 23 hop-

90 528 69 24 bragts
183 527 76 24 16,000
282 528 61 19 mark.
373 527 106 20 Dessutom
502 527 63 20 finnas
580 528 6 19 i
603 528 96 19 Kexholm
722 531 30 17 tre
767 529 78 19 läkare:

91 557 198 24 provincialläkaren,
311 557 137 19 stadsläkaren
471 557 36 19 och
531 557 187 24 asylinrättningens
734 557 74 24 läkare,
825 557 21 20 så

91 587 31 18 att
144 591 23 14 en
191 585 85 20 särskild
297 585 161 20 lasarettsläkare
475 586 17 23 ej
509 585 85 20 behöfde
610 585 81 24 aflönas,
706 591 30 14 om
753 586 50 19 blott
818 588 29 17 ett

91 614 133 19 lönetillskott
239 614 31 19 för
285 614 73 19 vården
374 613 22 20 af
410 614 103 24 sjukhuset
528 614 67 24 gåfves
611 614 21 19 åt
647 615 70 18 nämde
732 615 75 19 läkare.

160 643 24 18 Vi
205 643 49 23 våga
275 643 67 19 därför
364 643 101 19 vördsamt
487 643 80 19 anhålla
586 646 30 16 att
632 643 121 19 hedervärda
768 643 77 19 Bonde-

92 671 87 25 ståndet,
202 671 6 19 i
232 672 89 23 förening
343 672 44 19 med
410 672 24 19 de
457 672 62 19 andra
542 672 91 23 stånden,
652 672 60 19 måtte
727 672 119 24 petitionera

91 700 77 19 därom:

362 741 31 18 att
413 739 65 20 Hans
494 739 126 28 Kejserliga
637 739 103 27 Majestät
756 739 7 20 i
778 739 69 20 nåder

298 767 49 21 ville
370 767 114 28 anbefalla
507 768 137 21 inrättandet
666 768 31 27 af
715 770 28 19 ett
762 768 84 20 mindre

296 796 91 27 sjukhus
411 797 7 19 i
441 796 118 21 Kexholms
575 797 51 20 stad
647 797 112 27 äfvensom
781 799 66 18 utan-

297 825 122 20 ordnandet
443 825 31 27 af
493 825 82 28 nödiga
595 825 67 21 medel
678 826 34 20 till
728 825 47 20 dess
790 832 56 21 upp-

296 853 150 22 rätthållande
461 853 39 21 och
515 854 88 21 läkares
618 854 124 22 aflönande.

159 911 132 24 Helsingfors,
307 913 36 18 den
360 912 12 19 9
388 912 97 19 Februari
501 911 62 21 1894.

158 990 105 23 Tuomas
278 990 158 23 Poutiainen.
651 991 23 22 S.
690 991 87 28 Ryösä.

157 1099 52 21 Den
232 1098 132 29 utredning,
388 1106 49 14 som
458 1099 9 21 i
481 1099 153 22 förevarande
649 1099 67 29 fråga
731 1099 57 22 stått
802 1099 44 22 Ut-

89 1133 89 21 skottet
196 1133 38 22 till
249 1133 65 25 buds,
326 1133 78 29 jäfvar
419 1133 51 22 icke
485 1133 63 22 hvad
563 1134 8 21 i
586 1133 260 29 petitionsmemorialen

89 1167 107 28 angifves
202 1167 113 32 rörande
330 1167 111 22 behofvet
456 1167 27 22 af
495 1168 111 29 sjukvärd
621 1168 9 21 i
644 1168 85 21 nämda
744 1168 63 21 delar
822 1167 25 22 af

89 1200 86 23 landet.
197 1201 72 22 Ofver
284 1201 90 22 hufvud
384 1201 105 22 befinner
504 1202 43 29 sig,
563 1202 75 29 enligt
648 1202 129 22 statistiska
789 1209 57 22 upp-

89 1235 77 29 gifter,
189 1235 54 22 hela
265 1236 99 29 Viborgs
386 1236 38 21 län
448 1236 143 22 härutinnan
613 1237 8 20 i
636 1239 35 19 ett
685 1237 72 28 nägot
772 1240 74 17 sämre

89 1269 54 29 läge
165 1273 30 18 än
218 1270 73 22 andra
311 1270 46 28 län,
378 1271 9 20 i
410 1270 40 22 det
471 1270 159 22 förhällandet
645 1271 99 21 emellan
760 1270 87 22 antalet

89 1303 139 30 sjuksängar
248 1304 8 22 i
272 1305 118 21 allmänna
405 1304 98 29 sjukhus
519 1305 43 21 och
577 1304 167 29 folkmängden
760 1305 7 21 i
783 1305 64 21 detta

88 1337 40 22 län
143 1337 80 22 ställer
238 1339 37 28 sig
290 1345 49 15 som
357 1340 21 20 1:
394 1340 71 25 2,200,
485 1339 84 21 medan
584 1339 162 21 motsvarande
760 1338 87 22 förhäl-

88 1371 69 23 lande
172 1372 8 21 i
195 1372 63 23 Vasa
272 1372 39 23 län
326 1376 26 19 är
368 1374 22 20 1:
407 1374 71 27 2,000,
498 1373 4 22 i
517 1366 52 29 Äbo
582 1373 44 22 och
637 1373 155 29 Björneborgs
807 1373 40 22 län

90 1408 23 20 1:
127 1407 68 27 1,960,
215 1407 8 21 i
235 1407 93 29 Kuopio
343 1407 40 22 län
401 1409 21 20 1:
440 1409 69 26 1,900,
529 1408 4 21 i
547 1407 130 30 Uleäborgs
692 1407 39 22 län
748 1409 17 20 1:
784 1409 61 26 1,760

89 1440 44 23 och
152 1441 8 21 i
182 1441 36 22 S:t
238 1441 97 22 Michels
350 1442 40 21 län
407 1443 21 21 1:
446 1443 67 24 1,645.
543 1442 300 22 Universitetsklinikernas

88 1474 128 23 förekomst
238 1476 8 21 i
264 1475 173 23 hufvudstaden
459 1476 114 21 utesluter
593 1476 151 29 naturligtvis
763 1475 84 22 härvid

157 1515 104 18 Allmänna
272 1515 170 19 Besvärsutskottets
455 1516 111 17 betänkande
579 1518 37 15 N:o
628 1517 18 16 4.
