1070 1795
260 88 14 21 2
387 87 75 22 Ständ.
479 87 46 22 Pet.
542 99 27 3 —
586 87 152 22 Petitionsbet.
755 87 38 22 N:o
809 86 20 22 5.

230 151 96 30 vidtaga
348 153 98 28 lämplig
469 153 81 28 åtgärd
565 152 37 22 för
617 155 34 19 att
665 152 85 22 bereda
765 152 124 22 inhemska
903 154 88 19 tonsät-

230 188 51 19 tare
304 194 86 14 samma
412 187 94 21 tillfälle
521 187 38 21 till
574 189 158 26 uppmuntran
748 186 44 22 och
807 186 118 29 belöning,
942 193 49 14 som

231 220 86 23 hittills
332 221 100 22 kommit
447 221 29 22 de
490 221 110 22 bildande
615 221 139 22 konsternas
769 221 82 21 idkare
865 221 39 21 till
918 221 44 21 del.

302 255 46 22 Det
371 255 194 29 sakförhållande,
589 258 34 19 att
638 256 77 21 finska
730 257 129 20 tonsättare
874 255 117 22 härintills

231 290 63 21 varit
316 290 8 22 i
346 290 113 22 afsaknad
475 290 24 22 af
513 291 44 21 den
573 292 165 27 uppmuntran,
754 297 49 14 som
820 290 8 21 i
843 289 60 22 form
919 289 26 22 af
958 289 34 22 of-

231 324 101 29 fentliga
347 325 144 28 täflingspris
506 325 9 21 i
525 325 101 21 Finland
636 325 72 21 redan
717 325 70 28 länge
797 324 100 21 kommit
907 323 84 22 målare

232 359 45 21 och
296 359 132 28 skulptörer
443 359 38 22 till
496 359 44 28 del,
557 367 69 20 synes
642 359 94 28 påkalla
750 359 78 28 någon
843 359 82 28 åtgärd
939 358 53 21 från

231 393 163 29 Regeringens
416 394 56 22 sida.
501 394 164 22 Tonkonstens
681 393 120 29 betydelse
817 393 36 22 för
868 393 123 22 nationens

232 428 96 28 andliga
342 428 139 28 utveckling
495 428 137 29 uppskattas
648 436 96 14 numera
760 428 89 29 ganska
859 428 133 27 enhälligt
983 424 13 37 i

230 461 68 22 detta
320 462 61 28 land,
405 463 40 21 der
465 463 28 28 ju
515 463 36 21 för
570 463 73 28 öfrigt
658 463 76 21 denna
749 463 71 21 konst
834 462 100 29 tidigare
950 461 42 22 och

232 504 66 14 mera
313 497 97 21 allmänt
426 501 29 18 än
471 498 77 27 någon
563 497 26 22 af
603 497 27 22 de
646 497 76 29 öfriga
738 497 74 22 sköna
827 497 127 21 konsterna
969 496 26 21 af

232 531 78 21 folket
324 531 88 22 älskats
427 531 42 22 och
485 532 112 21 utöfvats.
616 532 12 21 I
642 531 154 22 medvetande
811 531 69 22 häraf
893 531 41 22 har
944 531 48 21 lan-

234 565 52 22 dets
308 566 119 28 Regering
450 566 53 21 sökt
521 566 84 29 främja
620 567 76 20 denna
710 567 109 20 konstart
833 573 85 21 genom
933 572 60 14 rese-

232 600 130 21 understöd
381 601 23 20 åt
422 600 110 22 lofvande
547 601 103 21 musiker
666 601 43 21 och
725 600 134 28 derigenom
875 599 118 22 sannolikt

233 634 9 21 i
258 634 38 21 sin
311 635 53 20 mån
380 635 101 28 bidragit
496 635 37 21 till
549 635 45 21 den
609 635 125 28 glädjande
748 635 190 28 uppblomstring
948 634 45 21 den

232 668 79 22 finska
325 669 150 28 tonkonsten,
491 669 112 22 särskildt
617 669 45 22 den
677 669 124 29 skapande,
811 661 80 30 tinder
902 671 91 19 senaste

233 703 37 21 tid
285 703 102 22 företett.
412 704 137 21 Emellertid
564 704 68 21 ställa
648 705 36 28 sig
697 704 51 29 just
763 703 36 22 för
815 703 45 22 den
876 703 117 29 skapande

234 738 122 21 musikern
370 738 240 22 framtidsutsikterna
620 738 91 22 mindre
719 740 110 27 gynsamt
839 742 30 17 än
879 738 37 21 för
924 737 70 22 andra

233 772 147 22 konstnärer.
410 773 128 28 Virtuoser,
554 773 159 27 musiklärare,
729 773 86 21 målare
831 773 43 21 och
889 773 104 28 skulptö-

233 813 39 14 rer
287 807 63 21 finna
366 807 58 22 dock
440 807 59 22 efter
514 807 114 22 slutförda
644 807 89 22 studier
750 820 25 2 —
792 814 37 14 om
845 806 149 29 naturbegåf-

234 841 90 28 ningen
347 841 123 29 verkligen
492 844 70 26 egnat
585 842 51 21 dem
659 841 37 22 för
718 841 202 22 konstnärsbanan
939 853 28 3 —
985 841 9 21 i

234 875 83 28 regeln
339 876 37 21 sin
398 877 105 20 utkomst
525 877 29 27 pä
569 877 64 20 detta
647 876 51 22 fält.
728 876 167 23 Tonsättarens
911 875 84 22 ekono-

234 910 78 21 miska
333 910 65 21 vinst
420 911 26 20 af
467 911 88 21 arbetet
579 911 47 20 stär
649 911 104 21 deremot
772 910 49 21 tills
837 910 79 21 vidare
932 910 8 21 i
956 909 38 22 det

234 946 118 20 närmaste
367 945 8 21 i
391 945 110 22 omvändt
516 945 145 22 förhällande
676 945 38 22 till
729 945 101 21 arbetets
844 944 149 29 betydenhet.

234 978 81 22 Större
338 979 57 22 verk
417 979 64 22 finna
499 979 63 22 inom
577 979 80 22 landet
672 979 119 28 svärligen
807 979 86 28 köpare
908 979 38 21 till
961 980 34 19 ett

235 1013 70 28 antal,
322 1021 50 14 som
388 1013 75 22 skulle
479 1017 56 25 göra
549 1014 158 28 tryckningen
722 1013 107 28 lönande,
844 1013 43 21 och
897 1013 25 21 af
931 1013 64 22 kom-

234 1048 143 28 positioners
400 1048 145 29 uppförande
567 1049 30 28 pä
619 1048 122 22 konserter
756 1048 42 21 har
813 1048 181 28 kompositören,

235 1081 62 22 efter
316 1081 61 22 hvad
393 1079 162 24 erfarenheten
571 1082 71 29 gifvit
657 1083 40 21 vid
712 1082 100 28 handen,
827 1083 87 27 ytterst
928 1083 67 28 ringa

235 1116 78 29 utsigt
334 1116 38 21 till
394 1117 221 28 penningförtjenst.
645 1117 90 21 Endast
758 1116 45 21 den
821 1116 109 29 musiker,
946 1123 49 15 som

234 1157 87 21 genom
337 1152 35 19 ett
386 1151 107 22 berömdt
507 1159 71 14 namn
593 1152 46 21 kan
654 1151 85 22 bereda
755 1151 51 21 sina
821 1151 95 22 arbeten
926 1151 69 22 efter-

235 1184 84 29 frägan
342 1185 70 22 äfven
433 1188 64 19 utom
520 1186 86 28 landet,
622 1186 42 21 har
678 1185 125 29 möjlighet
819 1187 35 19 att
868 1185 9 21 i
892 1185 103 22 tondikt-

235 1219 61 29 ning
311 1219 64 22 finna
398 1221 34 20 ett
452 1220 127 22 lefvebröd.
609 1221 55 21 Men
687 1220 88 21 derhän
790 1219 41 22 har
847 1223 63 18 ännu
924 1220 72 27 ingen

236 1253 27 22 af
276 1253 113 22 Finlands
405 1256 127 20 tonsättare
547 1255 92 21 hunnit.

307 1288 47 21 Det
376 1288 47 21 kan
445 1289 138 28 visserligen
606 1289 52 21 icke
677 1295 56 15 vara
748 1290 89 19 statens
852 1289 95 28 uppgift
962 1291 35 19 att

236 1322 73 28 draga
330 1322 93 29 försorg
444 1330 37 14 om
499 1324 73 28 nödig
594 1323 105 22 utkomst
713 1323 39 22 för
767 1323 113 21 konstens
896 1323 99 28 adepter,

237 1364 56 14 vare
316 1356 37 28 sig
374 1358 34 20 att
430 1357 67 22 dessa
517 1357 54 22 med
593 1358 56 21 eller
664 1359 57 20 utan
736 1357 120 28 offentligt
870 1356 127 22 understöd

236 1390 103 23 utbildat
362 1391 37 29 sig
421 1391 37 22 för
479 1392 42 21 sitt
543 1392 55 23 kali
627 1392 55 22 Men
705 1399 38 14 om
766 1390 40 23 det
827 1391 65 22 öfver
907 1390 90 23 hufvud

236 1425 122 22 befunnits
374 1425 195 27 ändamålsenligt
583 1428 35 20 att
628 1426 66 26 gifva
706 1425 291 23 konstnärssträfvandena
