1070 1795
250 106 26 20 18
400 105 280 22 Petitionsbetänkande
696 105 46 22 N:o
758 104 41 23 20.

289 162 55 21 Man
359 161 59 22 både
434 163 45 20 kan
496 161 43 22 och
555 162 42 21 vill
617 161 151 29 understödja
783 161 105 28 qvinnan
903 161 8 21 i
926 161 55 21 hen-

220 203 42 14 nes
278 195 273 29 bildningssträfvanden
567 196 43 21 och
630 196 77 21 lemna
723 196 45 21 den
783 195 79 28 lediga
877 195 104 28 qvinliga

222 230 171 22 arbetskraften
416 230 93 21 tillfälle
533 230 36 21 till
591 231 81 28 nyttig
694 230 154 28 användning
868 232 57 19 utan
948 231 35 20 att

220 264 126 30 godkänna
363 265 67 21 dessa
450 265 157 26 sträfvanden,
624 272 48 13 som
689 264 76 29 åsyfta
781 267 36 18 att
832 264 37 21 till
885 264 97 21 samhäl-

220 299 44 22 lets
282 299 42 22 och
338 299 137 28 isynnerhet
490 299 115 28 qvinnans
614 299 71 28 djupa
692 299 73 21 skada
774 301 113 19 omstörta
899 298 84 29 själfva

220 333 236 30 grundförhållandet
471 333 86 22 mellan
573 341 53 14 man
642 333 43 22 och
702 334 94 27 qvinna.

291 368 105 21 Emedan
412 368 44 21 den
472 368 117 21 allmänna
604 368 90 28 princip
703 367 36 22 för
750 367 171 22 samskolornas
932 367 51 21 sub-

222 402 190 27 ventionerande,
435 402 96 22 hvilken
551 402 8 21 i
575 402 44 21 den
636 409 43 14 ena
696 401 25 23 af
736 402 159 29 petitionerna
910 402 73 26 äskas,

221 437 79 21 kunde
309 437 70 20 hafva
386 437 36 20 till
430 436 64 29 följd,
505 440 34 17 att
547 436 128 21 samskolor
681 436 93 21 komma
783 438 35 19 att
826 436 98 21 inrättas
932 436 51 21 icke

222 471 62 22 blott
299 471 8 20 i
322 471 78 21 städer
415 471 42 21 och
473 471 121 28 köpingar,
609 473 57 18 utan
683 470 70 21 äfven
769 470 7 21 i
794 472 73 19 större
883 469 56 28 byar
954 470 29 27 på

223 505 170 28 landsbygden,
409 519 27 2 —
453 513 27 13 en
497 505 72 21 sådan
585 505 121 28 möjlighet
722 509 25 16 är
760 504 27 29 ju
803 504 52 21 icke
867 504 116 21 utesluten

223 541 8 20 i
247 539 114 22 anseende
378 540 64 21 såväl
458 540 36 21 till
511 539 44 22 den
569 539 91 26 lätthet,
677 539 52 21 med
745 538 97 22 hvilken
858 538 87 21 klasser
960 537 27 22 af

223 575 77 28 bägge
315 575 76 20 könen
407 574 79 21 kunna
501 573 81 26 bildas,
599 581 47 14 som
659 573 36 22 till
706 573 45 21 den
760 573 107 21 alltmera
879 572 105 22 växande

224 609 131 28 tillgången
376 609 30 28 på
428 608 81 28 billiga
532 607 169 27 lärarekrafter,
770 615 53 14 men
840 607 39 21 det
893 607 51 21 icke
960 611 25 17 är

224 643 95 21 rättvist
342 643 42 21 och
406 643 30 28 på
457 642 101 29 längden
581 642 51 21 icke
654 650 27 13 en
698 643 64 28 gång
777 641 92 29 möjligt
884 644 34 19 att
934 641 51 22 med

223 677 123 29 betydliga
368 685 101 13 summor
489 677 90 28 förhöja
595 677 39 20 det
654 676 119 21 allaredan
790 676 36 21 till
841 676 87 21 inemot
944 677 41 26 2!/,

224 712 108 28 miljoner
347 712 66 21 mark
428 711 137 29 uppgående
577 711 143 28 årsanslaget
731 711 37 20 för
776 710 209 21 elementarunder-

224 747 126 28 visningen
366 746 42 21 och
424 745 94 22 därmed
539 745 135 21 allvarsamt
694 745 128 21 inskränka
838 748 86 18 statens
941 744 44 21 för-

225 781 69 28 måga
309 783 35 18 att
360 780 106 22 befordra
485 780 44 21 den
550 780 30 28 på
601 780 50 21 sina
669 779 73 22 första
761 779 88 21 stadier
867 779 120 28 befintliga

225 814 256 29 folkundervisningen,
493 815 26 20 så
534 818 25 17 är
572 821 28 14 en
614 814 71 21 sådan
697 814 88 21 allmän
796 813 191 28 subventionslag

226 849 70 22 äfven
311 857 27 14 ur
354 849 75 21 denna
444 849 120 28 synpunkt
579 849 50 20 icke
645 849 124 21 önskvärd.

296 884 36 21 Då
348 883 119 29 Styrelsen
483 883 50 21 icke
549 883 60 21 blott
617 883 192 21 subventionerat
818 882 169 21 samskolornas

226 919 66 27 lägre
307 918 93 25 klasser,
417 921 55 18 utan
488 917 52 22 med
555 917 107 28 förhöjda
677 917 84 29 bidrag
776 917 124 28 upphjelpt
912 924 27 13 en
951 916 37 21 del

226 952 155 29 fullständiga
396 952 138 21 samskolors
551 951 113 26 ekonomi,
684 959 69 21 synes
770 951 121 28 Styrelsen
907 951 7 20 i
930 958 59 14 sam-

227 987 211 28 undervisningens
460 987 97 20 intresse
583 985 70 22 hafva
676 986 64 29 gjort
756 986 73 21 hellre
845 985 37 21 för
897 985 93 28 mycket

227 1025 31 18 än
274 1021 36 22 för
325 1021 59 22 litet.

298 1057 34 20 På
353 1056 66 21 dessa
440 1055 102 29 grunder
562 1055 46 21 kan
621 1055 41 28 jag
680 1055 36 21 för
732 1055 49 21 min
798 1054 38 21 del
851 1054 52 21 icke
919 1056 71 19 annat

227 1094 31 17 än
274 1090 173 22 vördnadsfullt
462 1089 85 22 föreslå

502 1155 31 18 att
556 1153 85 20 landets
669 1153 120 27 höglofliga
821 1151 94 21 Ständer
942 1151 49 21 ville

437 1188 70 20 lemna
520 1187 118 28 petitionen
654 1189 54 18 utan
724 1185 112 28 afseende.

739 1231 28 22 F.
783 1231 140 22 Nordlund.

298 1296 11 21 I
325 1295 76 22 denna
415 1295 142 22 reservation
569 1294 92 22 förenar
676 1294 36 29 sig
806 1313 2 2 :

734 1339 29 23 6.
781 1339 26 22 A.
824 1339 102 21 Heman.

370 1444 117 23 Welsingforo,
498 1443 109 24 Helsingfors
620 1442 169 23 Centval-Tryokeri,
804 1441 50 18 1894.
