1070 1795
259 130 13 22 8
411 129 280 24 Petitionsbetänkande
712 130 43 23 N:o
771 130 39 23 33.

229 195 79 19 talande
331 194 144 23 befolkningen,
498 200 46 13 vore
566 195 21 18 sä
608 195 54 23 ringa
678 200 40 14 som
734 195 41 19 här.
807 195 43 19 Den
866 195 50 19 enda
931 197 58 17 stats-

229 223 70 20 skolan
317 223 25 24 pä
356 225 57 17 orten
432 225 79 22 utgöres
526 223 22 19 af
562 229 23 13 ea
601 223 107 24 tväklassig
723 223 170 26 elementarskola,
912 223 76 20 hvilken

229 252 22 20 af
265 257 71 14 samma
357 251 42 20 skäl
430 257 39 14 som
485 252 62 19 andra
562 252 66 24 dylika
643 252 67 19 skolor
731 252 31 19 för
778 255 29 16 ett
822 253 6 18 i
844 252 38 23 hög
896 253 47 23 grad
959 256 27 20 ty-

229 281 64 20 nande
314 280 28 26 lif,
363 281 29 24 ity
413 283 29 17 att
457 281 118 19 elevantalet
590 281 74 24 uppgår
679 281 30 19 till
725 281 69 19 endast
811 281 33 26 15,
867 281 57 19 deraf
937 281 13 20 9
964 281 23 24 pä

229 309 63 20 första
307 309 36 20 och
359 308 13 20 6
388 309 24 24 pä
427 309 61 20 andra
503 309 84 20 klassen.

297 339 35 18 Att
347 338 106 19 emellertid
469 339 74 18 antalet
559 339 46 18 barn
621 338 6 19 i
643 338 113 19 skolåldern
771 339 18 23 ej
799 341 21 16 är
833 338 113 24 obetydligt,
957 343 29 18 sy-

229 372 35 14 nes
284 366 57 20 deraf
357 368 30 18 att
402 367 77 19 stadens
495 366 110 20 folkskolor
620 367 134 24 fregventeras
770 367 21 19 af
805 367 68 19 inalles
892 366 41 20 543
949 367 36 18 ele-

229 401 41 18 ver,
292 395 56 21 deraf
367 394 42 21 476
431 397 7 17 i
460 397 24 18 de
509 395 63 20 finska
587 395 37 20 och
639 395 27 20 67
682 396 6 18 i
704 395 24 19 de
744 395 89 21 svenska,
864 396 9 19 I
888 397 25 18 de
928 396 57 23 högre

229 424 65 20 finska
309 424 136 20 folkskolorna
459 425 124 23 sysselsättas
599 424 68 20 inalles
682 423 42 21 238
740 424 71 20 elever.

302 453 30 19 Dä
346 458 44 14 man
406 453 97 20 dessutom
520 453 100 24 päminner
636 453 29 23 sig
680 456 29 15 att
724 453 6 18 i
746 453 79 19 stadens
840 453 71 19 närhet
926 452 58 19 finnas

228 481 23 20 sä
267 481 110 25 betydande
392 481 122 20 industriella
529 482 54 23 verk,
599 487 41 14 som
656 481 57 19 Halla
728 481 80 24 ångsåg,
824 481 103 24 Kymmene
939 480 46 23 äng-

228 511 42 25 säg,
286 510 65 19 Sunila
366 510 78 24 ängsäg,
459 510 106 24 Kymmene
581 510 109 23 tegelbruk,
699 510 87 19 Karhula
793 510 38 19 fem
838 510 53 19 olika
901 509 84 20 fabriker

229 539 86 24 (ångsåg,
337 539 101 19 mekanisk
460 539 99 24 verkstad,
581 539 99 23 glasbruk,
704 539 106 24 träsliperi,
836 538 114 23 tegelbruk),
973 538 12 19 &

228 567 68 20 hvilka
317 568 131 23 inrättningar
471 570 29 17 ett
523 570 51 17 stort
596 568 53 19 antal
665 567 109 20 folkskolor
789 570 35 17 äro
839 567 109 25 placerade,
963 566 22 19 så

229 595 107 25 medgifves
356 596 31 19 väl
407 599 29 16 att
454 597 59 18 redan
529 596 21 19 åt
565 596 37 19 den
618 599 53 16 stora
686 597 94 22 mängden
798 597 46 18 barn
859 595 42 20 från
916 595 69 19 hittills

228 626 84 18 nämnda
330 625 67 19 skolor
408 625 59 19 borde
483 625 82 19 beredas
581 625 80 23 tillgång
676 625 30 18 till
722 631 24 13 en
762 625 59 24 högre
837 625 48 23 grad
899 624 19 19 af
932 624 51 19 skol-

228 653 89 24 bildning
332 656 24 17 än
372 655 36 18 den
424 653 136 20 folkskolorna
581 654 68 19 lemna.
681 653 29 20 Då
726 659 42 13 man
784 653 66 20 härtill
865 656 50 17 ännu
930 656 55 20 tager

227 683 6 18 i
255 682 135 23 betraktande,
409 685 29 16 att
460 683 57 23 ingen
540 682 130 24 finskspråkig
686 682 60 23 högre
762 682 160 19 elementarskola
937 681 48 19 eller

228 711 76 24 lyceum
327 711 61 19 finnes
411 711 25 24 på
457 713 89 17 närmare
567 711 77 19 afstånd
660 713 24 17 än
702 711 129 24 Helsingfors,
845 711 72 22 Viborg
937 710 47 19 eller

228 739 90 26 Heinola,
341 739 37 20 och
400 742 29 17 att
451 740 75 19 således
549 739 147 24 kringliggande
711 739 120 24 kommuner,
847 739 91 20 särskildt
953 739 30 22 de,

227 768 68 19 hvilka
316 768 137 24 genomskäras
469 768 20 19 af
504 769 66 18 Kotka
584 769 88 24 jernväg,
688 769 63 18 skulle
768 768 57 19 hafva
839 771 41 16 stor
895 770 55 21 nytta
964 767 21 19 af

228 802 24 14 en
268 797 56 19 skola
338 797 7 18 i
357 797 73 23 Kotka,
442 797 87 19 särdeles
545 803 29 13 om
591 797 63 19 denna
669 803 46 13 vore
726 797 126 22 organiserad
863 797 61 19 såsom
936 801 48 14 sam-

227 826 64 25 skola,
313 825 42 19 med
376 825 96 20 afslutade
495 826 70 19 kurser
587 825 36 20 och
646 826 42 19 med
710 826 101 23 möjlighet
826 825 29 19 till
877 825 107 19 studiernas

226 853 132 21 fortsättande
380 854 12 19 å
414 855 141 24 reallyceernas
578 855 60 22 högre
661 854 81 23 klasser,
765 855 22 18 så
805 855 56 18 torde
877 854 30 19 väl
922 854 62 18 denna

226 883 116 23 motivering
357 888 47 14 vara
418 883 106 24 tillräcklig
540 886 29 16 att
585 883 86 19 förklara
686 883 92 19 behofvet
793 883 21 19 af
829 889 22 12 en
868 888 52 13 mera
935 882 48 18 tids-

226 911 53 24 enlig
295 911 36 20 och
347 911 123 24 vidlyftigare
486 912 56 19 skola
557 911 11 20 å
583 915 56 16 orten
655 913 24 18 än
694 912 37 19 den
748 912 116 18 nuvarande.

299 940 10 19 I
324 940 69 19 sådant
413 941 91 18 afseende
527 946 46 13 vore
597 941 29 18 väl
648 941 37 18 ock
700 946 23 13 en
740 940 84 19 likartad
845 939 139 24 organisation,

226 974 42 14 som
287 969 37 19 den
344 974 68 18 genom
432 969 70 24 nådiga
525 969 107 24 reskriptet
652 969 20 18 af
686 969 37 19 den
740 968 27 20 28
782 969 45 19 Jan.
846 969 53 20 1891
915 968 30 19 för
960 969 23 18 de

226 997 64 20 finska
311 997 141 24 reallyceernas
467 999 6 18 i
489 998 73 23 Viborg
584 999 35 18 och
644 997 121 24 Helsingfors
789 998 37 19 fem
841 997 52 24 lägre
910 997 74 18 klasser

226 1026 118 23 fastställda,
359 1027 73 22 ganska
448 1027 83 24 lämplig.

298 1055 36 24 Jag
357 1055 87 20 anhåller
464 1055 130 24 följaktligen,
609 1057 29 17 att
654 1055 32 18 det
703 1054 99 23 vällofliga
818 1054 164 23 Borgareståndet

225 1083 47 20 ville
294 1089 68 18 genom
384 1085 67 18 remiss
469 1084 29 19 till
514 1084 77 19 utskott
610 1084 119 19 understöda
744 1089 24 14 en
791 1083 120 23 underdånig
933 1083 49 24 peti-

225 1113 43 18 tion
284 1113 7 18 i
306 1113 33 18 det
354 1111 60 25 syfte:

501 1143 27 18 att
549 1140 9 20 i
579 1141 63 19 Kotka
662 1141 43 19 stad
718 1140 9 20 i
742 1140 62 20 stället
817 1140 34 25 för
869 1140 36 19 den
922 1146 60 13 nuva-

432 1169 59 20 rande
506 1168 118 27 tväklassiga
644 1169 169 20 elementarskolan
823 1168 30 26 pä
868 1170 72 18 statens
954 1168 29 20 be-

432 1198 81 20 kostnad
541 1197 60 20 måtte
628 1197 83 20 inrättas
735 1197 34 20 och
789 1197 125 20 underhållas
931 1197 54 24 en,
976 1193 12 32 i

432 1227 135 25 företrädesvis
593 1226 89 25 praktisk
704 1226 89 26 riktning
821 1226 80 24 ordnad,
923 1225 61 26 finsk-

432 1255 86 26 spräkig,
538 1255 114 25 femklassig
679 1255 53 19 skola
754 1254 54 25 (helst
823 1254 103 25 samskola)
941 1253 44 21 med

432 1284 101 25 afslutade,
541 1283 128 26 fullständiga
675 1283 171 26 vildningskurser.

295 1335 121 24 Helsingfors
432 1336 36 19 den
485 1335 11 19 7
513 1335 94 19 Februari
626 1335 61 20 1894.

639 1373 57 35 Otto
711 1384 47 23 Im.
774 1380 145 38 Appelberg.

293 1464 102 19 Allmänna
407 1464 170 19 Besvärsutskottets
589 1464 111 19 betänkande
711 1463 38 19 N:o
761 1464 32 18 22.
