1070 1795
278 145 277 24 Petitionsbetänkande
571 144 45 22 N:o
632 144 21 22 7.

368 455 154 22 Allmänna
550 453 298 28 Besvärsutskottets

299 489 182 23 betänkande
503 489 52 22 N:o
579 488 22 27 5,
629 488 9 21 i
663 487 134 28 anledning
823 487 27 22 af

299 525 89 22 tvänne
404 524 9 21 i
428 523 182 23 Bondeståndet
622 522 87 22 väckta
719 522 127 27 petitions-

298 559 102 27 förslag,
422 558 41 22 det
486 564 45 15 ena
553 557 125 28 angående
701 556 102 27 delning
824 555 27 22 af

300 593 88 22 Kittilä
403 591 335 30 provineialläkaredistrikt,
754 591 41 21 det
807 596 40 16 an-

300 627 43 22 dra
366 627 125 28 angående
513 625 159 28 förläggande
690 625 27 22 af
730 631 30 16 en
776 625 73 21 extra

300 661 83 22 läkare
398 661 41 22 till
456 661 122 22 Kuusamo
595 660 98 23 socken.

162 759 89 21 Genom
274 758 112 21 särskilda
402 757 213 29 protokollsutdrag
630 757 87 26 afiden
733 758 12 21 9
762 755 43 22 och
822 757 25 20 16

93 792 112 22 Februari
228 793 42 21 har
292 791 175 22 Bondeständet
490 791 36 22 till
541 791 143 28 behandling
699 791 8 20 i
722 791 127 20 Allmänna

92 827 215 22 Besvärsutskottet
328 827 129 20 remitterat
478 825 101 29 följande
605 824 243 30 petitionsmemoria!:

93 920 149 27 (Öfversättning).

259 1017 47 19 Till
325 1017 155 19 Hedervärda
495 1016 187 20 Bondoständet.

162 1080 128 19 Människans
313 1080 115 24 dyrbaraste
449 1079 58 24 gäfva
527 1082 21 17 är
563 1079 74 20 helsan.
668 1079 36 19 Att
718 1079 130 20 helsovärden

93 1109 77 19 således
191 1111 22 16 är
228 1109 20 19 af
263 1111 72 16 största
351 1108 108 23 betydelse,
476 1109 67 18 därcm
559 1109 56 18 torde
632 1108 90 19 öfverallt
738 1109 70 18 endast
824 1113 24 14 en

92 1137 77 24 mening
184 1137 54 26 räda,
256 1137 36 20 och
307 1137 55 19 detta
377 1137 35 20 har
428 1137 104 24 styrelsen,
548 1137 104 24 glädjande
668 1143 44 17 nog,
728 1137 26 24 pä
770 1139 78 17 senaste

93 1166 52 19 tider
165 1166 49 23 tagit
233 1166 7 19 i
256 1166 136 25 betraktande,
409 1166 25 19 dä
450 1166 36 19 den
502 1166 21 19 ät
539 1166 24 18 de
579 1165 119 26 kommuner,
714 1165 77 20 hvilkas
808 1165 40 19 väl-

93 1194 58 20 stånd
172 1194 67 19 tillåtit
260 1195 122 18 anställande
398 1194 22 19 af
433 1194 187 25 kommunalläkare,
636 1194 21 19 af
671 1194 98 20 allmänna
784 1193 64 20 medel

91 1223 56 24 gifvit
162 1222 70 25 bidrag
247 1223 30 19 till
288 1223 72 19 dennes
372 1223 110 19 aflönande.
503 1223 45 19 Men
565 1223 106 19 invänarne
682 1223 7 18 i
700 1223 148 24 Lappmarkens

91 1251 62 20 härad
175 1254 42 21 äro,
239 1252 63 19 såsom
320 1252 68 23 kändt,
405 1251 67 20 alltför
487 1251 107 20 medellösa
610 1251 30 20 för
656 1253 28 17 att
702 1251 65 20 kunna
783 1251 65 20 aflöna

90 1280 187 21 kommunalläkare,
307 1281 118 19 Nuvarande
441 1280 71 20 Kitti'ä
526 1280 266 25 provincialläkaredistrikt,
807 1286 41 13 som

91 1308 93 20 omfattar
206 1309 45 19 hela
273 1309 148 24 Lappmarkens
446 1309 121 20 vidsträckta
597 1309 68 22 härad,
696 1309 79 20 hvartill
799 1309 49 19 höra

91 1337 78 23 Kittilä,
182 1337 120 24 Sodankylä,
313 1338 88 23 Muonio,
414 1338 115 23 Enontekis,
541 1337 65 20 Enare
616 1339 37 18 och
664 1338 79 23 Utsjoki
755 1338 92 23 socknar,

91 1368 23 17 är
128 1366 30 18 till
173 1366 30 18 sin
219 1367 53 18 areal
288 1366 22 19 sä
325 1368 57 22 stort,
398 1368 28 17 att
442 1366 33 19 det
491 1366 31 20 för
538 1372 25 14 en
579 1366 177 24 provincialläkare
773 1369 22 17 är
811 1366 38 19 all-

91 1395 54 18 deles
168 1395 87 24 omöjligt
278 1397 29 17 att
322 1395 58 20 sköta
397 1395 114 20 detsamma.
542 1395 43 20 Den
601 1395 99 20 allmänna
715 1395 132 20 helsovärden

90 1423 122 20 handhafves
228 1423 68 20 därför
312 1424 17 24 ej
345 1424 25 24 pä
386 1427 29 16 ett
430 1423 184 21 tillfredsställande
626 1426 40 17 sätt
676 1424 7 19 i
694 1424 53 19 detta
760 1424 87 23 distrikt,

91 1451 52 26 Ofta,
165 1452 26 19 dä
206 1452 30 19 till
251 1452 50 25 följd
315 1452 20 20 af
350 1453 118 19 inträffande
484 1453 109 24 sjukdoms-
609 1453 50 20 eller
674 1453 105 24 olycksfall
799 1452 49 20 eller

158 1491 104 18 Allmänna
275 1491 170 18 Besvärsutskottets
457 1492 161 23 betänkande
580 1487 36 33 N:o
630 1493 18 16 5.
