1070 1795
282 133 229 22 Petitionsbetänkande
527 133 35 22 N:o
580 133 32 22 12.
762 134 26 21 15

131 190 43 17 Med
188 189 88 19 afseende
289 190 11 17 ä
312 189 34 18 allt
358 189 56 22 detta,
427 189 57 19 beder
494 190 33 23 jag
539 189 107 24 ödmjukast
659 195 29 12 om
700 189 117 18 hedervärda

62 218 150 19 Bondeståndets
224 218 101 19 understöd
337 218 29 18 för
379 219 38 17 min
430 218 95 18 anhållan:

267 280 32 19 att
314 279 25 20 de
355 279 83 20 mellan
454 279 111 21 Akonvesi
580 279 39 20 och
625 278 126 33 Vuotjärvi
758 280 59 19 samt

200 308 82 21 mellan
311 307 117 34 Vuotjärvi
450 307 40 22 och
514 307 83 28 Syväri
619 307 9 20 i
648 307 76 21 Nilsiä
737 307 78 21 socken

200 336 90 27 belägna
312 338 70 19 näsen
404 336 68 21 måtte
494 336 137 21 kanaliseras
658 335 37 28 för
710 335 104 28 ängbäts-

200 365 74 27 trafik.

132 428 117 23 Helsingfors
262 428 37 18 den
311 428 22 17 30
345 428 78 18 Januari
436 428 50 18 1894.

603 469 49 20 Juho
668 468 80 27 Zitting.

131 631 153 26 (Öfversättning)

424 674 25 18 9.

238 731 46 18 Till
298 731 149 18 Hedervärda
459 731 176 18 Bondeständet.

130 795 36 18 Det
184 797 22 16 är
223 795 78 18 allmänt
318 795 84 21 erkändt,
422 797 26 16 att
464 795 90 22 lämpliga
566 795 249 18 kommunikationsmedel
805 791 14 31 i

61 825 36 22 hög
116 824 45 22 grad
173 823 92 18 förbättra
278 824 33 17 och
324 823 85 18 förkofra
421 823 117 23 omgifvande
551 823 65 23 nejder
629 824 20 17 sä
661 823 30 18 väl
703 824 7 17 i
723 824 93 17 materielt

61 858 38 13 som
113 852 71 23 andligt
196 852 94 18 afseende.
315 853 8 16 I
336 853 102 22 synnerhet
451 852 6 17 i
469 857 56 12 norra
538 852 89 17 Savolaks
640 854 48 15 samt
702 853 22 17 de
738 853 33 17 der
778 858 37 12 om-

60 881 55 22 kring
138 881 86 22 liggande
243 881 77 18 delarna
338 881 20 17 af
375 877 120 22 Österbotten
513 881 72 17 fordras
598 881 31 17 det
640 881 7 17 i
660 881 54 18 dessa
726 881 49 18 tider
789 883 27 16 att

61 910 42 18 med
127 910 25 17 all
170 910 64 22 möjlig
252 910 64 22 energi
335 909 46 18 söka
399 909 59 18 skaffa
477 909 61 18 medel
551 911 27 16 att
590 909 44 18 läka
646 909 22 18 de
682 910 35 21 sär,
732 910 83 18 nödären

61 939 121 21 efterlemnat;
196 939 33 17 och
243 939 36 17 den
292 939 100 17 förnämsta
405 940 80 21 utvägen
497 938 30 18 till
540 938 166 23 penningeförvärf
717 941 21 15 är
751 944 22 13 en
786 939 29 17 väl

61 967 72 18 drifven
146 967 152 23 boskapsskötsel
314 969 48 16 samt
374 967 160 22 smörberedning,
546 967 64 17 hvilka
623 967 94 22 näringar,
730 967 85 23 isynner-

60 996 32 18 het
104 996 7 17 i
123 996 105 21 Kiuruvesi,
241 996 97 23 Pyhäjärvi
351 996 35 17 och
398 996 86 22 Piippola
497 996 83 20 socknar,
593 995 102 22 ingalunda
708 996 28 17 stä
748 997 23 22 pä
783 996 31 22 låg

60 1024 120 23 ständpunkt,
199 1025 59 17 ehuru
277 1025 53 17 dessa
343 1025 81 17 trakters
438 1024 107 23 utveckling
557 1025 83 16 hämmas
653 1029 66 18 genom
732 1025 47 17 brist
791 1025 24 22 pä

59 1053 89 23 lämpliga
165 1053 236 18 kommunikationsmedel.
426 1053 60 17 Dessa
504 1053 80 17 trakters
603 1053 122 22 innerligaste
742 1053 72 18 önskan

60 1087 43 13 vore
121 1081 79 22 derföre,
213 1084 27 15 att
252 1082 32 17 det
296 1081 113 23 vattendrag,
423 1087 44 16 som,
481 1081 92 23 utgående
586 1081 84 18 söderom
684 1082 69 17 Iisalmi
766 1081 48 22 stad,

60 1111 85 17 sträcker
163 1111 28 22 sig
210 1113 48 15 emot
277 1111 107 20 Kiuruvesi,
404 1110 60 18 blefve
483 1115 66 18 genom
563 1110 111 23 Kiurujokis
686 1110 129 23 kanalisering

60 1139 58 18 stäldt
130 1139 6 17 i
149 1139 115 18 förbindelse
277 1139 42 18 med
332 1139 159 22 ängbätstrafiken
504 1139 25 22 pä
541 1139 79 17 Saimen.
646 1139 88 17 Förutom
747 1139 66 17 Kiuru-

60 1168 39 17 vesi
112 1167 67 18 socken
193 1167 59 18 blefve
266 1167 53 18 äfven
332 1168 105 23 Pyhäjärvi,
450 1167 85 23 Piippola
549 1167 33 18 och
596 1173 23 12 en
633 1167 29 18 del
675 1167 20 18 af
703 1168 111 17 Kärsämäki

60 1196 89 17 socknars
174 1196 116 18 trafikbehof
300 1196 108 18 sommartid
421 1201 67 18 genom
501 1196 61 17 denna
574 1196 61 17 farled
648 1196 114 23 väsentligen
775 1197 39 17 till-

60 1224 94 23 godosedt,
167 1225 78 17 emedan
259 1225 54 17 dessa
326 1225 79 17 socknar
418 1225 62 17 hemta
492 1227 66 15 nästan
571 1225 37 17 alla
620 1225 39 17 sina
667 1225 148 18 förnödenheter

60 1253 40 17 från
114 1253 64 17 staden
191 1253 77 18 Iisalmi.
294 1249 59 22 Äfven
366 1253 28 17 för
408 1253 36 18 den
458 1253 59 23 lifliga
530 1253 283 23 handelsomsättningen
753 1245 9 35 i
773 1245 45 35 Kiu-

60 1282 62 17 ruvesi
136 1287 41 12 vore
192 1281 60 18 denna
265 1282 96 18 tratikleds
374 1282 99 23 öppnande
485 1284 27 16 ett
524 1282 93 17 kännbart
629 1282 61 17 behof.

129 1322 25 17 Pä
166 1322 61 22 grund
240 1322 55 17 häraf
305 1323 55 22 vägar
370 1323 33 22 jag
416 1322 107 22 ödmjukast
535 1322 77 17 föreslä:

266 1381 32 19 att
314 1380 34 20 det
364 1380 135 21 hedervärda
514 1380 164 21 Bondeständet
692 1380 10 20 i
709 1380 105 27 förening

197 1409 49 20 med
272 1408 74 27 öfriga
374 1408 68 21 stånd
471 1409 9 20 i
502 1409 176 27 underdänighet
700 1409 51 20 ville
774 1409 39 20 hos

196 1437 66 20 Hans
278 1437 123 27 Kejserliga
417 1437 105 27 Majestät
537 1437 125 28 ödmjukast
677 1437 91 21 anhålla
777 1444 36 14 om

129 1493 199 18 Petitionsbetänkande
340 1493 37 18 N:o
392 1493 25 17 12.
