1039 1631
337 93 21 16 R.
372 96 17 13 o.
404 91 21 17 A.
439 91 53 18 1899.
507 91 23 17 16
543 91 56 17 Mars.
856 90 19 15 41

55 153 42 19 den
112 157 44 20 nya
171 150 215 27 rekrytkontingent,
402 156 47 14 som
464 150 71 19 måste
550 150 135 26 uppbringas
700 151 41 20 och
770 151 89 20 hvilken
874 150 7 19 i

55 181 121 21 allmänhet
190 181 108 20 beräknas
312 180 33 20 till
359 180 38 20 det
411 179 83 21 dubbla
508 180 23 20 af
544 180 59 20 hvad
618 187 30 13 nu
662 181 101 26 uttagits,
779 181 33 19 till
826 180 54 20 hälf-

54 213 39 19 ten
105 211 60 26 uppä
178 211 27 20 de
217 217 30 13 nu
260 210 118 20 bestäende
390 209 242 27 truppformationerna
645 211 41 19 och
699 211 33 19 till
745 211 68 20 andra
826 210 55 20 hälf-

54 243 39 19 ten
106 241 28 26 pä
146 247 44 20 nya
202 240 149 24 formationer,
364 240 131 26 uppgående
507 240 34 19 till
553 240 85 20 hälften
651 241 22 19 af
686 241 26 19 de
725 247 30 13 nu
767 240 115 26 befintliga

55 271 161 26 bataljonerna,
228 271 20 19 d.
259 276 21 14 v.
291 276 16 14 s.
317 270 49 26 fyra
376 276 43 20 nya
429 270 131 26 bataljoner.
572 270 96 20 Sälunda
676 271 69 19 skulle
753 277 84 14 samma
845 276 37 14 an-

55 302 32 19 tal
103 301 108 26 manskap
226 300 7 20 i
249 300 92 20 fredstid
356 300 34 20 för
405 299 130 27 krigstjenst
550 301 90 25 uttagas
656 306 47 14 som
719 307 80 14 annars
815 299 67 27 enligt

57 331 38 20 det
117 331 22 20 af
153 330 253 26 Värnepligtsutskottet
423 329 111 27 förslagna
549 330 50 20 med
615 330 12 20 8
643 337 44 19 nya
702 330 125 26 bataljoner
841 330 41 20 och

56 361 67 26 nägra
138 362 63 19 extra
216 360 107 26 dagsverk
337 360 34 20 för
384 360 76 20 landet
473 360 48 20 icke
535 360 27 26 gä
576 360 115 20 förlorade.
720 361 79 19 Tillika
813 360 69 20 skulle

57 391 43 20 den
112 391 102 20 absoluta
225 390 123 20 kostnaden
359 390 35 20 för
404 396 27 14 en
442 390 69 20 sådan
523 390 149 26 organisation
683 390 69 21 blifva
764 391 67 26 något
843 390 39 20 bil-

56 421 73 26 ligare,
146 423 28 18 än
190 427 36 13 om
241 420 13 20 8
269 426 43 20 nya
328 420 124 26 bataljoner
466 421 125 25 uppsättas,
608 421 92 19 emedan
715 427 53 14 man
783 420 100 27 insparar

56 451 49 26 fyra
115 450 207 26 kasernkomplexer
332 450 40 20 och
382 450 48 26 fyra
440 449 143 27 fullständiga
594 456 44 20 nya
648 450 96 21 officers-
754 451 41 19 och
804 451 79 19 under-

57 481 175 21 officerskadrar.
256 481 34 19 En
302 480 80 26 ökning
394 480 7 20 i
412 480 72 26 någon
496 481 52 19 mån
560 480 23 20 af
595 481 26 19 de
632 480 120 20 bestående
764 480 119 20 underoffi-

57 511 157 20 cerskadrarna
231 511 45 20 kan
293 510 97 20 deremot
406 510 48 20 icke
470 510 111 20 undvikas
597 511 38 19 vid
653 511 26 19 de
695 510 77 21 aktiva
789 511 94 26 bataljo-

57 547 74 14 nerna.
155 541 48 20 Den
215 540 101 21 absoluta
327 540 124 20 kostnaden
462 540 70 20 skulle
543 540 69 20 blifva
624 540 68 27 något
703 541 85 20 mindre
799 541 41 20 och
851 546 32 14 re-

57 571 214 27 krytkontingenten
281 570 68 20 blifva
360 570 134 24 densamma,
506 576 47 14 som
563 570 68 27 enligt
642 571 27 19 de
678 570 87 27 förslag,
777 577 48 14 som
834 571 50 20 här-

57 601 68 20 intills
132 601 112 26 förelegat.
261 600 41 20 Om
310 600 92 20 Finland
410 606 52 14 vore
470 607 27 13 en
505 600 138 27 sjelfständig
651 602 51 22 stat,
711 607 48 14 som
766 601 54 26 egde
827 600 57 20 tillse

57 632 36 19 att
104 631 49 20 dess
162 630 130 21 värnekraft
302 636 52 14 vore
364 630 42 20 den
416 630 79 26 högsta
506 630 96 26 möjliga,
611 630 23 20 sä
642 632 24 19 är
672 630 37 27 jag
717 631 42 20 den
769 630 70 21 första
849 632 35 18 att

57 660 112 27 medgifva
179 662 35 19 att
223 660 103 26 förslaget
336 666 51 14 vore
397 660 99 20 absurdt.
515 660 44 20 Det
568 666 52 14 vore
629 662 35 18 att
673 661 50 20 med
733 662 46 19 stor
788 660 95 20 kostnad

58 691 156 20 ästadkomma
225 690 85 20 mindre
322 690 75 20 effekt.
421 690 43 26 Jag
476 691 96 19 erkände
584 690 37 20 det
633 692 83 24 genast,
730 691 28 19 dä
769 691 38 25 jag
818 690 66 20 fram-

59 721 70 20 stälde
139 721 111 25 förslaget,
261 720 40 20 och
310 720 38 26 jag
357 720 37 20 vill
404 722 52 24 göra
466 720 38 20 det
514 726 27 14 en
551 720 56 26 gäng
617 721 40 23 till,
668 726 50 14 men
727 720 38 27 jag
775 726 110 20 upprepar

59 752 35 19 att
104 751 28 19 dä
143 751 38 19 det
190 750 48 20 icke
248 750 22 20 af
280 756 34 14 oss
324 750 89 26 begäres
424 756 25 14 en
460 752 46 18 stor
516 750 92 20 effektiv
618 750 58 20 finsk
687 751 66 23 armé,
765 751 23 19 sä
797 750 87 20 förefal-

58 780 31 20 ler
106 781 38 19 det
160 780 51 26 mig,
229 786 47 14 som
292 786 36 14 om
345 780 78 20 endast
439 780 84 20 sädana
539 780 153 26 uppoffringar
707 780 50 20 frän
773 780 41 20 vär
829 780 55 23 sida,

58 810 76 20 hvilka
149 810 113 26 verkligen
278 810 68 20 skulle
361 810 100 26 utjemna
477 810 27 20 de
519 810 171 26 procentsiffror;
707 816 47 14 som
769 810 8 20 i
791 810 94 20 komite-

58 840 154 20 betänkandet
227 840 32 20 till
274 840 40 20 vär
329 840 91 20 nackdel
435 840 96 24 anföras,
547 840 68 20 borde
629 842 115 24 presteras.
774 840 45 20 Det
832 846 53 14 vore

59 876 88 15 snarare
161 871 35 20 att
208 871 81 26 antaga
302 871 34 20 att
349 876 51 15 man
413 870 28 27 pä
454 870 64 27 ryskt
530 870 44 21 håll
587 876 52 15 vore
652 870 81 21 beredd
746 871 35 20 att
793 870 51 27 ingå
857 870 28 26 pä

59 901 72 20 denna
147 901 155 26 organisation,
319 907 46 13 som
380 901 7 19 i
402 901 85 19 mindre
500 901 54 26 grad
567 901 62 26 höjer
641 901 41 20 den
695 900 106 21 särskilda
812 900 73 20 finska

59 931 87 20 arméns
162 930 142 24 effektivitet,
321 932 28 18 än
365 931 28 26 på
409 937 27 13 en
452 931 76 23 sådan,
545 936 47 14 som
608 931 7 19 i
630 931 109 26 väsentlig
754 931 54 26 grad
824 930 62 26 höjer

60 961 134 20 densamma.
213 961 44 19 Det
264 960 86 27 förslag,
359 966 47 14 som
412 961 37 25 jag
456 961 93 20 sålunda
557 961 40 19 har
603 961 57 25 tagit
667 961 44 25 mig
718 960 94 20 friheten
820 960 66 20 fram-

61 991 71 23 ställa,
153 991 108 19 utesluter
280 991 48 19 icke
347 990 165 20 bibehållandet
531 990 23 20 af
573 990 229 20 reservinstitutionen
814 990 71 19 såsom

60 1021 75 23 sådan,
144 1027 50 13 men
202 1020 114 26 möjliggör
323 1020 65 20 också
396 1021 48 19 dess
452 1020 175 20 bortlemnande.
640 1020 8 19 I
657 1021 61 19 detta
726 1020 161 26 sammanhang

60 1051 69 19 skulle
137 1050 37 27 jag
184 1051 98 19 närmast
290 1056 53 14 vara
352 1050 98 26 benägen
459 1052 41 22 att,
508 1050 69 26 jemte
585 1051 36 19 det
629 1056 51 14 man
688 1051 69 19 skulle
764 1050 122 20 framställa

60 1082 33 18 ett
111 1080 81 20 sådant
205 1080 87 26 försläg,
308 1086 50 14 men
372 1080 69 20 skulle
455 1080 110 23 bibehålla
579 1086 108 17 reserven,
702 1086 51 14 man
768 1080 71 20 tillika
853 1080 33 19 uti

60 1110 160 26 motiveringen
232 1110 22 20 af
265 1110 103 26 förslaget
379 1110 67 20 borde
457 1110 116 21 framhålla
585 1111 40 22 att,
639 1111 71 19 derest
720 1110 48 20 icke
779 1116 27 14 en
818 1111 69 18 större

60 1141 142 25 truppmassa
216 1140 112 20 eventuelt
341 1140 7 19 i
358 1140 92 26 krigstid
458 1140 22 20 af
487 1140 76 20 landet
576 1140 121 26 påfordras,
706 1140 23 20 så
737 1140 70 20 skulle
819 1145 68 14 reser-

60 1176 43 13 ven
118 1170 68 25 enligt
202 1170 103 20 särskildt
319 1170 81 26 förslag
414 1170 33 19 till
462 1171 65 19 nästa
542 1170 107 26 landtdag
663 1170 75 20 kunna
754 1169 131 26 upphäfvas.

61 1200 44 19 Det
116 1206 53 13 vore
180 1201 34 18 ett
224 1199 162 26 medgifvande,
399 1206 46 14 som
456 1200 38 26 jag
504 1206 53 14 vore
568 1200 98 25 benägen
678 1201 34 19 att
723 1201 59 24 göra.
800 1199 88 20 Beträf-

61 1229 66 20 fande
143 1230 27 19 de
186 1230 194 20 militär-tekniska
396 1230 88 19 delarna
501 1229 22 21 af
537 1230 37 19 det
587 1230 130 20 framstälda
730 1229 105 26 förslaget
848 1229 40 20 har

60 1259 38 26 jag
111 1259 93 26 tidigare
218 1260 83 25 ganska
315 1259 100 26 utförligt
428 1261 73 24 yttrat
514 1260 51 25 mig,
580 1260 41 19 och
634 1259 38 20 vill
685 1259 48 20 icke
746 1261 99 24 upptaga
860 1259 26 20 R.

61 1295 20 15 0.
95 1290 38 19 A:s
146 1289 34 20 tid
192 1290 51 20 med
256 1291 35 19 att
304 1289 122 21 återhemta
440 1289 99 27 detaljer;
553 1290 38 20 vill
603 1289 60 21 blott
675 1289 116 21 framhålla
803 1290 36 19 att
851 1289 37 26 jag

61 1319 50 20 utaf
125 1320 145 25 kompetenta
284 1320 184 26 militärpersoner
482 1320 50 20 med
547 1321 45 19 stor
606 1320 123 19 erfarenhet
743 1320 40 19 har
796 1319 45 20 fått
855 1319 33 19 så-

62 1349 43 20 dan
119 1349 134 26 upplysning
266 1351 35 18 att
314 1351 97 25 trupper,
426 1356 47 13 som
487 1350 33 19 till
533 1351 34 18 tre
579 1350 131 26 fjerdedelar
722 1349 63 20 bestå
799 1349 23 19 af
834 1348 53 23 folk,

62 1385 47 13 som
119 1379 68 20 redan
197 1379 90 20 befinna
297 1379 31 26 sig
337 1380 70 19 under
416 1379 100 24 fanorna,
527 1381 37 18 äro
575 1380 34 19 att
619 1385 62 14 anses
691 1379 72 20 såsom
773 1379 7 19 i
789 1378 100 20 tekniskt

62 1408 103 20 afseende
177 1409 74 20 bättre
264 1410 27 19 än
304 1409 88 23 sådana,
406 1415 47 14 som
466 1410 79 19 endast
557 1409 32 19 till
602 1409 84 20 hälften
699 1410 89 24 utgöras
801 1408 22 20 af
834 1408 53 23 folk,

62 1444 47 14 som
121 1438 68 20 redan
200 1438 61 20 förut
272 1439 72 25 tjenat
356 1439 69 19 under
436 1439 101 23 fanorna,
550 1439 40 19 och
600 1440 35 18 att
645 1439 41 19 den
695 1438 130 20 militäriska
835 1438 55 26 dug-

62 1468 96 26 ligheten
169 1468 23 20 af
202 1474 27 14 en
240 1470 74 24 trupp,
326 1468 28 26 på
366 1469 61 19 detta
439 1470 46 18 sätt
496 1468 121 24 anordnad,
628 1474 53 14 vore
692 1470 69 18 större
772 1470 27 18 än
811 1468 40 19 hos
862 1474 26 13 en
