1042 1631
336 89 22 16 R.
372 93 17 12 o.
404 88 21 17 A.
439 88 53 17 1899.
507 89 23 16 16
544 89 54 16 Mars.
857 89 22 15 39

55 147 55 21 efter
122 147 139 26 Majestätets
273 147 101 27 pröfning
386 148 114 20 användas
512 148 35 20 för
558 148 121 26 Rysslands
691 148 92 23 försvar,
796 148 83 19 lemnar

55 184 27 14 en
92 178 51 25 port
154 179 71 24 öppen
235 177 34 20 för
279 177 88 20 hvilken
378 178 143 25 användning
531 184 47 14 som
589 179 63 19 helst.
673 178 44 20 Det
727 178 44 20 kan
782 179 40 18 när
833 183 45 14 som

55 208 57 20 helst
122 207 22 20 af
154 207 78 26 högsta
242 207 164 21 vederbörande
416 214 63 14 anses
489 209 34 19 att
535 208 26 20 de
571 208 72 20 finska
653 209 120 25 trupperna
784 207 47 20 icke
842 209 37 18 äro

55 237 140 26 erforderliga
209 237 35 20 för
264 237 104 20 Finlands
383 238 91 23 försvar,
492 238 40 20 och
548 238 41 20 den
605 238 86 26 garanti
706 237 130 27 pröfningen
851 237 28 26 pä

56 268 78 25 högsta
148 269 35 18 ort
197 267 22 20 af
233 267 109 20 behofven
356 268 6 19 i
378 268 40 19 den
433 269 71 24 vägen
518 267 97 24 innebär,
631 270 24 18 är
668 268 24 26 ju
706 268 48 20 icke
768 269 69 18 större
851 269 28 18 än

56 298 41 19 den
114 297 38 20 det
167 297 80 26 nädiga
263 297 126 20 manifestet
404 297 69 27 gifver
488 298 54 20 vära
557 298 153 26 grundlagar.*

98 358 33 19 Hr
148 357 24 20 G.
220 357 155 20 Schauman
402 358 83 26 yrkade
504 360 36 19 att
555 358 8 20 1
577 364 66 14 mom.
649 353 12 36 i
677 358 14 20 4
704 359 9 25 $
727 358 70 20 skulle
811 357 69 20 blifva

56 389 13 19 2
84 394 68 14 mom.
168 388 7 19 i
183 383 12 35 $
218 387 19 21 1.

99 447 60 20 Härä
171 447 175 20 öfverlämnades
357 448 54 20 betr.
425 449 9 24 $
448 448 8 19 1
469 448 32 19 till
514 449 81 18 mötets
607 448 136 20 besvarande
754 447 99 26 följande

240 526 460 26 Omröstningsproposition:

99 568 55 23 Den,
168 574 47 14 som
228 568 127 26 godkänner
368 568 128 20 Utskottets
508 568 81 26 förslag
601 568 140 20 beträffande
754 569 9 25 $
778 568 18 23 1,
810 568 71 19 röstar

56 599 30 25 ja;
101 598 78 20 vinner
193 598 43 26 nej,
248 598 119 20 bibehälles
377 598 41 20 den
429 598 82 26 lydelse
522 598 34 20 för
566 598 39 25 $:n,
618 604 46 14 som
676 598 41 20 den
728 598 57 20 har
773 593 12 35 i
796 603 29 14 nu
837 597 44 26 gäl-

57 628 65 20 lande
144 628 176 26 värnepligtslag.

99 658 43 20 Vid
156 658 112 20 verkstäld
282 658 100 26 votering
395 658 79 20 utföllo
487 660 100 18 rösterna
601 658 49 20 med
664 658 27 20 40
704 658 23 26 ja
741 658 41 20 och
795 657 28 21 89
837 657 43 26 nej;

58 688 40 20 och
112 688 57 20 hade
183 689 71 19 mötet
268 688 92 20 sålunda
374 688 91 20 beslutit
480 690 35 18 att
529 689 10 24 $
554 688 69 20 skulle
636 688 121 20 bibehållas
771 688 8 20 i
794 687 42 20 den
850 687 32 26 ly-

58 718 57 20 delse
128 718 42 20 den
183 718 39 20 har
233 718 7 19 i
253 724 29 13 nu
294 718 101 26 gällande
407 718 178 26 värnepligtslag.

99 748 32 20 Pä
146 747 162 27 framställning
324 748 22 20 af
356 748 152 20 Ordföranden
518 748 116 26 godkände
645 748 93 20 Ständet
748 749 34 19 att
793 748 9 19 1
815 753 66 13 mom.

57 778 7 20 i
76 778 9 26 $
97 775 13 23 4
121 778 97 20 infördes
230 778 71 20 såsom
313 778 13 20 2
338 784 65 14 mom.
404 771 13 37 i
429 778 1 20 $
459 778 18 20 1.

102 808 8 20 I
125 808 102 20 afseende
240 808 13 20 ä
268 808 9 25 $
293 808 39 20 123
346 807 147 21 framställdes
507 808 97 26 följande

226 886 498 26 Omröstningspropositioner:

102 929 33 19 1:o0
165 928 55 23 Den,
240 934 46 14 som
304 928 33 19 till
355 928 218 26 kontraproposition
592 929 47 19 mot
657 929 128 20 Utskottets
803 928 81 26 förslag

58 958 33 20 till
110 958 142 26 formulering
272 958 22 20 af
313 959 9 24 $
341 958 39 20 123
393 964 66 14 mom.
476 959 9 19 1
500 959 93 25 antager
605 959 34 19 Hr
652 958 130 29 Stjernvalls
795 958 88 26 förslag,

58 989 72 19 röstar
147 988 30 26 ja;
197 988 78 20 vinner
293 988 43 26 nej,
356 989 91 25 antages
460 988 33 20 till
519 988 217 27 kontraproposition
749 989 34 19 Hr
796 988 88 20 Estlan-

58 1018 49 20 ders
126 1018 88 26 förslag;

101 1048 89 20 hvilken
207 1048 136 26 proposition
360 1048 132 20 besvarades
508 1049 51 19 med
576 1048 162 26 öfvervägande
753 1049 30 25 ja.

101 1078 34 20 2:0
165 1078 55 23 Den,
232 1084 46 14 som
288 1078 128 25 godkänner
425 1078 129 20 Utskottets
563 1078 142 26 formulering
714 1078 23 20 af
747 1079 9 24 $
768 1078 39 20 123
817 1084 66 13 mom.

60 1108 20 23 1,
90 1109 72 19 röstar
178 1108 29 26 ja;
226 1108 79 19 vinner
316 1108 42 25 nej,
370 1107 173 21 äterremitteras
555 1109 9 24 $
575 1108 33 20 till
620 1108 117 20 Utskottet
748 1108 34 20 för
793 1109 35 18 att
839 1113 46 14 om-

59 1138 129 20 formuleras
198 1137 8 20 i
218 1138 36 20 det
265 1137 23 20 af
299 1137 33 20 Hr
344 1137 118 26 Stjernvall
472 1138 124 26 föreslagna
607 1138 76 26 syftet;

101 1167 90 20 hvilken
202 1167 136 27 proposition
350 1167 132 20 besvarades
494 1168 50 20 med
557 1168 25 19 19
593 1168 23 25 ja
628 1168 40 19 och
679 1168 28 19 92
718 1168 43 26 nej;

102 1197 40 20 och
152 1198 57 19 hade
220 1197 26 20 R.
257 1203 19 14 o.
287 1197 25 20 A.
324 1197 92 20 sälunda
426 1197 91 20 beslutit
527 1199 35 19 att
571 1199 10 24 $
591 1198 69 19 skulle
669 1198 174 20 äterremitteras
851 1197 33 20 till

59 1227 254 26 Värnepligtsutskottet
327 1227 6 20 i
348 1227 37 20 det
400 1227 58 26 syfte
473 1228 33 19 Hr
521 1227 129 26 Stjernvalls
663 1227 81 26 förslag
757 1227 104 20 innehöll.

428 1282 9 25 $
454 1282 20 20 3.

102 1318 33 19 Hr
154 1318 195 26 Stjernvall:
386 1318 43 26 Jag
447 1318 38 20 ber
503 1318 79 20 endast
594 1318 22 20 fä
629 1318 99 20 meddela
741 1319 34 19 att
787 1318 38 25 jag
848 1317 38 20 vid

60 1347 161 26 behandlingen
232 1347 23 20 af
266 1348 27 19 de
304 1347 79 26 frägor,
392 1354 46 14 som
449 1348 122 20 innehällas
582 1348 33 19 uti
627 1348 9 25 $
647 1348 12 20 3
671 1347 22 20 af
704 1348 128 20 Utskottets
843 1347 44 20 för-

60 1377 52 26 slag,
125 1377 40 20 har
177 1377 106 20 omfattat
296 1378 42 19 den
350 1378 84 26 äsigten
446 1379 35 18 att
493 1378 40 19 vär
545 1377 128 20 nuvarande
685 1376 202 21 reservinstitution

60 1407 74 20 kunde
145 1406 7 20 i
164 1407 127 20 hufvudsak
303 1407 127 20 bibehållas.
454 1407 74 26 Något
541 1407 149 26 detaljförsläg
701 1407 8 19 i
721 1407 102 20 afseende
835 1406 12 20 ä
861 1406 26 20 de

60 1436 85 20 mindre
156 1436 124 26 ändringar,
294 1443 46 13 som
352 1437 7 19 i
371 1437 79 20 sädant
462 1437 38 20 fall
512 1437 75 19 kunde
598 1443 63 13 anses
672 1437 146 25 erforderliga,
831 1436 56 20 före-

60 1466 60 20 lades
135 1466 57 20 dock
206 1466 48 20 icke.
269 1466 124 20 Utskottet.
419 1467 50 19 Med
485 1466 118 26 anledning
617 1466 23 20 af
655 1466 41 20 den
712 1466 83 26 utgång
809 1466 78 26 frågan
