1028 1628
421 59 83 38 Bilagor.
822 72 53 20 19

55 165 64 20 Bilaga
131 165 17 16 7.

416 406 98 22 Sekret.

414 506 59 27 Kap.
489 506 26 21 V.

54 560 50 25 Om
125 559 130 26 särskilda
273 559 145 31 eftergifter
437 566 9 18 i
465 560 148 30 utgörande
632 561 28 24 af
680 560 190 31 värnepligten.

52 631 29 27 A)
102 632 44 21 Om
169 631 108 22 befrielse
299 632 44 21 och
366 632 102 26 uppskof
490 632 8 21 i
517 632 59 26 följd
596 632 24 21 af
638 632 137 26 kroppsliga
791 632 83 22 brister

359 662 55 22 eller
431 662 137 26 sjuklighet.

431 732 14 27 $
462 732 33 21 23.

94 768 123 20 Minsta
240 768 210 26 längdmättet
473 768 48 26 för
544 769 179 26 antagande
747 769 6 20 i
777 769 96 26 krigs-

52 798 104 27 tjänst
174 798 35 26 pä
228 798 98 26 grund
345 804 33 14 av
396 798 143 27 lottning
557 800 32 19 är
607 799 57 24 1,534
682 800 99 19 meter.

435 858 11 25 $
464 857 33 21 25.

93 894 171 25 Föreskrift
294 894 124 21 rörande
453 895 133 26 mätning
620 895 48 20 och
700 895 173 26 besiktning

52 929 33 14 av
113 923 240 27 värnepliglige
376 924 95 26 jämte
493 924 206 27 förteckning
723 925 86 26 öfver
832 925 41 20 sä

51 953 80 20 dana
161 953 191 27 kroppsliga
381 954 119 20 brister
523 954 52 20 och
598 954 191 26 sjukdomar,
813 960 60 15 som

53 984 111 25 utgöra
192 983 112 21 hinder
331 984 48 25 för
400 984 45 20 att
471 984 8 20 i
507 984 198 26 krigstjänst
731 985 141 25 antagas,

52 1013 150 25 utfärdas
235 1013 80 26 efter
343 1013 363 27 medicinalstyrelsens
735 1014 138 20 hörande

52 1042 30 26 af
109 1044 130 19 senalen
268 1044 7 20 i
299 1043 123 20 samråd
447 1044 62 19 med
533 1044 339 26 generalguvernören.

41 1130 38 40 B)
99 1145 43 22 Om
154 1145 106 21 befrielse
272 1145 55 21 eller
339 1145 103 26 eftergift
454 1144 30 27 pä
493 1146 76 26 grund
576 1145 24 21 af
607 1145 264 26 familjeförhällanden.

429 1199 14 26 $
460 1198 33 21 26.

93 1234 83 20 Frän
216 1234 221 26 tjänstgöring
475 1234 50 20 vid
559 1234 32 20 de
626 1234 130 20 stäende
792 1236 81 24 trup-

51 1270 98 19 perna
165 1265 96 19 under
275 1264 200 26 såvälfreds-
490 1271 59 14 som
564 1265 147 26 krigstid,
727 1271 63 13 men
807 1264 66 20 icke

51 1293 72 26 från
158 1294 324 26 öfningsskyldighet
515 1294 50 20 vid
598 1294 213 23 landtvärnet,
846 1293 27 26 ej

51 1323 104 20 häller
177 1324 71 25 från
265 1324 223 26 tjänstgöring
505 1324 367 25 vidlandtvärnstrupp,

51 1353 134 25 befrias:

93 1383 22 25 a)
130 1383 183 26 enda*arbetsföra
331 1389 64 14 sonen
413 1383 32 20 till
463 1384 57 20 änka
538 1383 47 20 eller
603 1383 73 26 vanför
693 1383 69 26 fader;
781 1382 20 26 b)
820 1382 53 20 enda

51 1412 112 26 arbetsföra
183 1412 84 21 brodren
287 1413 32 20 till
337 1414 26 18 ett
382 1412 47 21 eller
447 1413 50 26 flere
516 1413 67 26 fader-
600 1413 36 20 och
653 1412 115 21 moderlösa
785 1412 87 26 syskon;

51 1442 18 25 €)
89 1442 54 20 enda
164 1442 112 26 arbetsföra
295 1448 47 14 son-
362 1442 47 20 eller
429 1442 134 24 dottersonen,
585 1443 37 20 där
641 1442 99 26 farfader,
762 1442 110 26 farmoder,
