1031 1631
158 81 22 15 42
536 81 79 19 Bilagor.

203 141 185 26 Borgareständet
405 142 40 19 har
460 141 92 20 beslutit
568 141 58 20 fästa
642 141 123 20 utskottets
781 140 203 26 uppmärksamhet,

161 170 44 24 vid,
219 172 36 19 att
267 171 110 20 utskottet
390 178 26 13 ur
434 172 4 19 1
454 177 66 14 mom.
534 171 102 20 uteslutit
649 171 67 20 orden
729 171 78 19 under
820 170 164 25 rannsakning»,

162 201 79 19 medan
252 207 82 14 samma
345 202 38 19 ord
394 202 100 19 däremot
504 201 125 20 bibehällits
639 201 33 20 uti
682 201 9 25 $
701 201 33 19 99.

543 256 9 24 $
568 255 34 20 86.

204 290 162 26 Ridderskapet
381 292 41 19 och
437 292 67 19 adeln
516 291 40 20 har
570 290 98 24 beslutit,
685 292 34 18 att
733 290 26 20 hr
773 296 44 14 von
832 290 154 20 Christiersons

162 321 105 25 yttrande
281 320 139 21 beträffande
434 322 71 19 denna
520 320 102 26 paragraf
637 320 68 20 borde
720 320 105 26 delgifvas
840 320 116 20 utskottet.

207 347 74 29 Öfriga
292 351 65 19 stånd
369 351 67 20 hafva
447 351 99 26 godkänt
558 351 122 20 utskottets
691 350 86 26 förslag.

544 406 9 24 $
569 405 33 19 90.

206 440 163 26 Ridderskapet
383 440 40 20 och
438 439 63 21 adeln
516 442 57 19 samt
588 442 84 24 präste-
686 440 39 20 och
740 440 166 20 bondestånden
920 439 66 20 hafva

162 470 101 25 godkänt
272 470 121 20 utskottets
403 470 87 26 förslag.

204 500 186 26 Borgareständet
401 500 40 20 har
452 500 97 24 beslutit,
558 502 34 18 att
604 501 63 19 ordet
678 500 127 26 »Kejsaren»
816 500 67 20 borde
894 499 92 26 utbytas

163 531 60 18 emot
235 530 116 26 »Kejsaren
363 530 41 20 och
418 530 151 20 Storfursten».

546 585 9 24 $
572 584 32 20 91.

205 619 161 26 Ridderskapet
380 620 41 19 och
434 620 64 19 adeln
512 621 58 18 samt
584 619 163 20 bondeståndet
761 619 67 20 hafva
841 619 99 26 godkänt
953 619 34 19 ut-

161 649 96 20 skottets
270 649 85 26 förslag.

204 679 167 20 Prästeståndet
387 679 40 20 har
442 680 173 19 återremitterat
630 679 131 26 paragrafen
777 679 33 20 för
826 680 35 19 att
876 679 112 20 utskottet

163 709 70 19 måtte
245 710 52 25 taga
309 709 70 20 under
391 709 146 26 ompröfning,
551 715 35 14 om
599 709 48 20 icke
659 709 50 20 med
722 709 101 20 afseende
835 709 12 19 å
854 708 134 20 bestämnin-

162 743 68 21 garna
242 739 7 19 i
262 739 110 20 allmänna
384 739 129 26 strafflagen
525 739 130 26 paragrafen
668 739 67 20 borde
747 738 151 27 omredigeras.

205 768 186 26 Borgareståndet
402 769 40 20 har
453 769 119 26 uppdragit
583 769 24 20 åt
618 769 112 20 utskottet
741 770 34 19 att
786 770 100 18 närmare
897 768 90 20 utstaka

162 800 118 23 gränserna
295 798 34 20 för
344 799 26 19 de
385 799 69 23 brott,
470 799 75 20 hvilka
561 800 77 25 utgöra
654 799 78 20 hinder
747 798 33 20 för
795 798 86 20 inträde
896 798 6 19 i
918 797 70 26 tjänst

162 828 73 19 såsom
247 828 94 26 frivillig.

544 883 10 25 $
570 883 34 19 99.

205 917 162 26 Ridderskapet
382 918 41 20 och
437 919 64 19 adeln
516 919 58 19 samt
588 920 83 24 präste-
685 918 41 19 och
741 917 165 20 bondestånden
921 917 66 20 hafva

162 947 101 26 godkänt
273 947 121 20 utskottets
405 948 87 26 förslag.

205 977 187 26 Borgareståndet
403 978 40 19 har
455 978 119 26 uppdragit
586 978 23 20 åt
621 978 112 19 utskottet
745 979 34 18 att
792 979 99 18 närmare
898 977 90 20 utstaka

162 1008 119 24 gränserna
296 1007 33 20 för
345 1007 26 20 de
387 1007 68 24 brott,
472 1008 74 19 hvilka
562 1008 69 19 skulle
647 1009 78 24 utgöra
741 1007 77 20 hinder
833 1007 33 19 för
881 1007 86 19 inträde
983 1006 5 19 i

164 1036 70 26 tjänst
248 1037 71 19 såsom
332 1037 109 20 volontär.

539 1091 9 25 $
567 1091 45 20 119.

206 1126 163 26 Ridderskapet
385 1127 41 19 och
442 1127 64 20 adeln
520 1128 57 18 samt
591 1128 83 25 präste-
686 1127 40 19 och
741 1126 165 20 bondestånden
921 1125 67 20 hafva

163 1155 100 26 godkänt
277 1156 122 20 utskottets
413 1156 87 26 förslag.

206 1185 186 26 Borgareståndet
410 1186 40 20 har
468 1186 172 20 äterremitterat
659 1187 8 18 1
683 1192 67 14 mom.
768 1186 6 19 i
789 1185 64 26 syfte,
867 1187 34 18 att
920 1185 67 20 första

165 1215 116 26 meningen
295 1215 68 20 skulle
377 1216 82 19 erhälla
473 1216 97 25 följande
584 1216 133 20 förändrade
730 1215 87 26 lydelse:
843 1211 146 24 »Öfverbefäl-

164 1245 91 20 hafvare
272 1245 32 20 för
321 1245 26 20 de
363 1245 73 20 finska
452 1247 120 24 trupperna
589 1247 24 18 är
626 1245 224 26 generalguvernören
864 1245 61 20 öfver
939 1244 50 20 Fin-

164 1275 58 22 land,
241 1275 92 19 säframt
349 1275 18 25 ej
387 1281 73 14 annan
478 1281 77 20 person
572 1275 22 19 af
611 1275 108 26 Kejsaren
737 1275 40 19 och
795 1271 134 23 Storfursten
946 1274 43 19 för-

164 1304 81 20 ordnas
259 1305 34 19 att
305 1304 80 20 nämda
398 1304 88 20 ämbete
498 1305 72 19 säsom
582 1305 58 19 finsk
653 1305 139 19 ämbetsman
804 1304 136 20 innehafva.»

540 1359 9 24 $
567 1358 45 20 120.

206 1393 162 26 Ridderskapet
386 1394 40 19 och
445 1394 63 20 adeln
527 1394 39 20 har
583 1394 33 20 för
634 1394 72 20 denna
725 1393 101 26 paragraf
843 1393 86 26 antagit
947 1393 41 19 den

163 1423 82 25 lydelse
257 1423 127 20 densamma
397 1424 39 19 har
448 1424 6 19 i
466 1430 29 14 nu
507 1424 101 26 gällande
619 1423 177 26 värnepligtslag.

205 1452 87 20 Präste-
311 1453 40 19 och
371 1453 166 20 bondeständen
557 1453 66 20 hafva
642 1454 101 25 godkänt
762 1453 121 19 utskottets
901 1452 87 26 förslag.
