1031 1631
160 86 34 16 216
250 110 4 1 N
449 87 21 16 R.
484 91 17 12 0.
517 87 20 16 A.
552 87 51 16 1899.
617 87 22 16 18
654 85 44 20 Maj.

160 145 45 20 min
217 146 34 19 del
261 146 46 20 icke
319 148 33 18 att
364 147 37 19 det
411 147 52 23 slut,
475 147 88 19 hvartill
575 147 156 25 Lagutskottet
743 146 94 20 kommit
848 146 49 19 med
908 145 74 20 anled-

161 175 51 26 ning
224 175 23 20 af
259 176 26 20 de
297 178 84 18 senaste
394 177 51 19 näd.
459 182 108 20 prop:rna,
581 177 69 19 skulle
661 176 105 20 innebära
779 176 67 26 nägot
859 175 76 20 hinder
947 177 34 18 att

160 205 139 21 beträffande
313 206 26 20 de
353 206 69 21 första
437 207 50 20 näd.
503 212 102 20 prop:rna
620 206 82 20 förfara
717 206 27 26 pä
760 206 38 19 det
812 207 45 18 sätt
872 211 46 14 som
934 205 47 20 här-

160 235 44 20 tills
216 235 39 20 vid
268 236 70 20 denna
350 236 107 26 landtdag
469 236 72 20 afsedt
553 236 64 20 varit.

203 307 32 20 Hr
251 308 67 19 Elis
341 308 196 26 Furuhjelm:
567 309 42 25 Jag
624 314 62 14 anser
701 308 37 20 det
752 308 48 19 icke
815 313 52 14 vara
882 307 100 26 lämpligt

160 338 34 19 att
205 343 29 14 nu
246 337 91 20 besvara
348 337 83 27 frägan,
444 338 84 20 hvilket
539 338 162 26 förfaringssätt
712 344 52 13 vore
776 337 36 20 det
824 337 113 26 riktigaste
949 337 32 19 uti

160 367 100 26 politiskt
272 367 106 24 afseende,
392 369 35 19 att
440 368 122 20 Ständerna
575 368 67 19 skulle
654 368 95 20 förklara
762 367 32 26 sig
806 367 47 20 icke
865 367 53 26 vilja
930 367 50 26 ingä

159 397 7 19 i
182 403 26 14 en
223 397 132 26 granskning
370 398 66 19 äfven
452 398 22 19 af
490 398 26 20 de
531 398 92 26 tidigare
639 398 122 20 Ständerna
774 397 110 26 förelagda
898 398 83 19 tvänne

161 427 188 26 propositionerna
365 428 50 19 eller
431 428 50 26 ingä
497 428 7 19 i
521 427 100 27 pröfning
637 428 23 20 af
676 428 118 20 desamma.
827 427 42 26 Jag
885 427 96 20 önskade

160 457 78 20 endast
250 457 58 27 gifva
320 458 89 26 uttryck
421 458 24 19 ät
456 458 41 19 den
509 458 62 26 äsigt,
583 459 34 18 att
629 458 22 20 af
661 457 119 20 innehållet
791 457 7 20 i
810 457 26 20 de
847 463 73 14 senare
933 463 48 20 pro-

160 487 147 26 positionerna
324 488 126 26 otvetydigt
466 488 101 26 framgår,
585 490 34 18 att
634 487 219 27 rikslagsmanifestet
869 489 24 18 är
908 487 72 19 afsedt

160 518 34 19 att
208 517 111 27 tillämpas
333 518 64 20 äfven
412 518 28 26 pä
455 518 26 20 de
495 518 91 26 tidigare
601 518 195 26 propositionerna.
825 518 33 19 Dä
872 516 108 26 nämligen

159 553 26 14 en
197 547 23 20 af
231 547 27 20 de
270 554 42 20 nya
325 548 187 26 propositionerna
525 548 118 20 innehåller
652 547 80 27 förslag
739 554 35 14 om
782 548 76 25 tillägg
865 547 31 20 till
904 548 41 18 art.
954 546 26 20 7i

158 576 104 27 förslaget
274 578 32 20 till
319 584 28 20 ny
356 578 175 26 värnepligtslag,
541 578 82 20 hvilket
635 578 75 26 tillägg
723 577 147 27 uttryckligen
883 576 98 26 angifves

159 607 53 20 böra
223 607 120 21 behandlas
354 608 7 19 i
372 608 95 26 enlighet
479 608 49 20 med
542 608 125 20 manifestet
679 608 41 20 den
734 608 24 20 15
770 607 105 20 Februari
886 607 43 19 kan
944 606 37 20 det

159 637 35 20 väl
208 636 48 21 icke
269 637 117 21 förefinnas
400 638 37 20 det
450 638 95 26 ringaste
558 638 133 20 tvifvelsmäl
706 639 34 19 att
748 638 24 26 ju
781 637 48 20 icke
838 637 65 20 äfven
914 638 40 18 art.
968 636 12 20 7

158 666 6 20 i
178 666 48 20 dess
239 667 73 20 helhet
325 669 24 18 är
361 668 76 20 afsedd
451 669 34 19 att
497 668 120 20 behandlas
629 668 67 26 enligt
710 668 66 26 sagda
789 667 109 20 manifest.
924 667 56 19 Slut-

158 696 57 26 ligen
226 697 65 20 utber
300 697 36 26 jag
347 697 44 27 mig
402 699 34 19 att
447 698 22 20 fä
480 698 70 20 erinra
561 704 36 13 om
608 699 34 19 att
653 698 157 25 Lagutskottet
821 697 50 19 kort
882 696 54 20 efter
944 696 38 20 det

159 726 222 21 februarimanifestet
402 729 113 18 emanerat
537 728 67 26 ansäg
627 728 31 26 sig
674 728 53 19 böra
744 727 71 20 uttala
832 728 34 19 att
880 726 71 26 punkt
968 727 13 19 2

159 756 33 20 uti
202 756 26 20 de
238 763 17 13 s.
265 757 21 20 k.
296 757 222 26 grundstadgandena
528 758 83 19 lemnar
620 763 48 14 rum
678 757 34 20 för
721 757 141 26 möjligheten
872 758 34 18 att
916 756 64 20 äfven

159 786 166 27 lagstiftningen
347 788 93 19 rörande
463 787 186 20 militärväsendet
672 787 72 20 blefve
767 786 149 20 underkastad
939 786 41 20 den

158 821 79 21 genom
253 816 110 20 desamma
378 817 89 26 angifna
482 817 119 26 ordningen
615 817 34 20 för
663 816 193 27 ävägabringande
870 816 22 20 af
906 816 74 20 riksla-

158 851 44 20 gar,
217 846 84 20 hvilket
313 847 115 20 uttalande
441 848 23 19 sä
477 847 65 26 tidigt
555 853 45 14 som
613 847 42 20 den
669 846 25 20 17
707 846 104 20 Februari
824 846 44 20 blef
880 846 22 20 af
914 847 67 19 samt-

158 875 43 26 liga
218 876 66 20 ständ
298 876 149 27 godkändt.**

200 954 59 21 Frih.
293 961 35 14 von
345 955 146 20 Alfthan:
510 955 49 20 Med
569 955 116 26 anledning
695 955 22 20 af
726 955 33 19 Hr
768 954 118 20 Mechelins
895 955 85 19 senaste

158 984 141 26 andragande
310 985 54 20 skall
375 985 37 26 jag
424 985 26 20 be
462 987 34 18 att
507 985 21 20 fä
540 985 7 20 i
558 985 89 20 korthet
658 985 89 20 bemöta
758 984 39 20 tvä
810 984 94 26 punkter
915 984 7 19 i
934 984 46 20 det-

158 1020 92 14 samma.
281 1015 32 19 Hr
328 1015 105 20 Mechelin
449 1015 68 20 häller
531 1015 45 20 före
591 1016 34 19 att
640 1014 224 27 grundstadgandena
879 1014 6 19 i
901 1013 78 26 nädiga

158 1044 127 20 manifestet
301 1044 48 20 icke
366 1045 75 20 kunna
459 1045 110 26 tillämpas
586 1045 27 26 pä
631 1045 103 25 förslaget
752 1044 32 19 till
802 1043 176 26 värnepligtslag,

158 1073 27 26 pä
199 1073 41 20 den
255 1074 69 26 grund
337 1075 35 19 att
385 1075 222 26 grundstadgandena
620 1076 37 18 äro
670 1074 80 20 efterät
763 1074 115 19 tillkomna
892 1074 39 19 och
946 1075 34 18 att

158 1103 61 20 detta
234 1104 83 19 säledes
331 1110 52 14 vore
397 1105 35 19 att
446 1104 59 26 gifva
520 1105 49 19 dem
584 1111 25 13 en
623 1104 122 20 retroaktiv
760 1103 89 20 verkan.
872 1103 42 26 Jag
928 1109 52 14 vore

158 1133 89 26 mycket
261 1134 56 25 glad,
333 1140 35 13 om
382 1134 37 26 jag
433 1134 69 20 skulle
516 1135 74 19 kunna
604 1134 94 20 omfatta
714 1134 71 19 denna
800 1133 126 26 åskådning;
943 1133 37 20 det

157 1163 69 20 skulle
239 1163 120 26 säkerligen
372 1164 56 20 lätta
442 1165 32 19 ett
486 1165 55 19 stort
553 1164 127 25 bekymmer
691 1163 34 20 för
736 1163 41 20 alla
790 1163 142 23 närvarande,
944 1169 34 13 om

157 1193 71 19 denna
241 1194 35 19 tro
289 1193 68 20 skulle
369 1199 53 14 vara
435 1194 72 25 riktig.
532 1194 49 19 Men
595 1194 61 19 detta
668 1193 131 20 förutsätter
811 1193 12 20 ä
836 1193 68 19 andra
917 1193 61 19 sidan

157 1223 37 19 det
208 1224 35 18 att
258 1223 166 20 rättsformerna
438 1224 7 19 i
459 1224 174 25 Kejsaredömet,
645 1224 41 21 der
700 1223 66 20 saken
781 1223 99 19 kommer
892 1224 34 18 att
934 1228 45 14 om-

157 1251 96 27 pröfvas,
262 1253 68 20 skulle
342 1259 53 14 vara
408 1253 44 20 lika
465 1253 56 20 fasta
535 1253 39 20 och
587 1253 115 20 bestämda
715 1259 46 13 som
774 1253 46 22 här,
828 1252 40 20 och
876 1253 34 19 att
920 1252 59 25 förty

156 1282 27 26 pä
198 1283 72 25 grund
285 1282 22 20 af
321 1289 26 13 en
360 1283 71 20 finare
445 1283 92 26 juridisk
552 1283 99 26 tolkning
665 1289 52 13 man
733 1283 37 19 der
785 1282 69 20 skulle
864 1282 22 20 fä
897 1282 81 20 sädana

156 1312 175 26 betänkligheter
348 1312 33 20 för
397 1314 34 18 ett
447 1313 47 20 icke
510 1313 50 20 fullt
576 1313 88 20 korrekt
681 1312 132 24 förfarande,
832 1313 34 19 att
883 1318 50 14 man
950 1312 28 26 pä

156 1342 41 19 den
208 1342 72 25 grund
291 1342 68 20 skulle
371 1342 57 20 afstä
439 1342 49 21 frän
499 1344 34 18 att
545 1343 98 25 tillämpa
654 1342 212 26 rikslagstiftningen
877 1342 27 26 pä
917 1342 61 20 detta

155 1372 87 22 ärende,
255 1372 27 20 dä
292 1378 51 14 man
354 1372 39 20 har
403 1372 32 26 sig
447 1372 82 20 bekant
539 1374 34 18 att
583 1372 47 20 hela
641 1372 72 20 denna
722 1372 62 26 fräga
794 1378 36 13 om
840 1371 139 26 rikslagstift-

156 1401 79 25 ningen
247 1402 40 19 och
299 1402 47 20 hela
359 1402 71 20 denna
442 1404 58 18 stora
512 1404 92 24 apparat
615 1404 56 18 satts
682 1402 6 19 i
700 1402 79 19 rörelse
790 1401 33 20 för
834 1402 34 19 att
879 1401 100 25 tillämpa

155 1430 62 20 detta
232 1431 114 20 manifests
361 1432 164 20 bestämmelser
538 1432 46 26 just
599 1432 27 26 pä
641 1432 72 19 denna
728 1432 40 25 lag.
798 1431 44 19 Det
856 1437 64 20 synes
935 1431 43 25 mig

155 1460 83 20 säledes
249 1466 52 14 vara
311 1463 33 17 ett
355 1462 83 25 ganska
449 1462 71 25 lösligt
531 1462 57 25 hopp
599 1463 33 18 att
643 1461 104 26 hängifva
758 1461 31 25 sig
799 1461 23 19 ät
833 1461 41 19 den
884 1462 50 18 tron
944 1462 34 18 att
