1034 1631
160 84 33 16 102
264 108 4 2 N
442 85 22 17 R.
478 89 17 13 0.
510 85 21 17 A.
546 85 52 17 1899.
611 85 24 17 23
648 85 56 17 Mars.

158 145 24 18 är
194 144 22 19 af
230 145 42 19 den
284 146 55 19 mest
352 145 118 26 grannlaga
483 145 41 20 och
537 146 139 25 upprörande
688 145 153 20 beskaffenhet
853 145 7 20 i
872 145 39 20 vårt
935 147 48 18 när-

158 174 98 20 varande
273 175 53 26 läge,
344 181 35 13 om
397 175 38 20 det
451 175 67 26 gäller
535 175 129 26 emigration
682 175 22 20 af
721 175 52 20 vära
791 175 115 20 fullvuxna
923 176 59 19 män.

158 203 32 20 De
201 204 35 19 mä
248 204 77 26 sjelfva
335 205 124 20 bestämma
470 205 38 20 sitt
519 205 40 20 öde
570 205 40 20 och
620 205 37 26 jag
667 207 24 18 är
701 205 130 26 öfvertygad
842 211 35 14 om
888 206 23 19 att
932 205 51 19 värt

159 233 61 20 lands
236 234 127 26 befolkning
379 235 61 20 öfver
456 235 86 20 hufvud
559 235 54 20 skall
630 241 52 14 vara
699 235 111 26 förmögen
827 235 41 20 och
884 235 99 25 benägen

158 264 34 19 att
207 263 91 26 fullgöra
314 265 26 19 de
354 265 109 20 kolossala
477 265 56 20 offer
547 265 133 20 situationen
696 265 99 20 kommer
809 266 34 19 att
858 265 75 26 ålägga
949 271 34 13 oss

158 293 65 20 äfven
234 293 6 20 i
252 294 127 26 lyckligaste
390 295 44 19 fall.
455 295 51 20 Men
516 295 37 26 jag
563 295 71 20 finner
645 295 36 20 det
693 295 47 20 icke
751 301 25 14 ur
786 295 72 26 någon
869 294 114 27 synpunkt

158 323 74 20 kunna
244 323 110 21 försvaras
366 326 34 18 att
413 324 122 21 Ständerna
548 325 69 20 skulle
628 325 119 20 medverka
759 325 32 19 till
803 326 35 19 att
850 325 54 20 barn
917 324 66 20 under

160 353 24 19 15
193 353 23 19 år
225 353 71 20 måste
305 354 66 26 draga
381 361 25 13 ur
413 355 83 23 landet,
506 355 28 26 på
543 355 38 20 det
590 356 33 19 att
633 355 62 20 deras
703 355 66 20 frihet
778 355 35 20 må
822 361 53 14 vara
885 355 96 19 bevarad

158 383 22 19 så
192 384 34 18 att
238 383 27 20 de
276 383 37 20 vid
324 384 24 19 21
362 384 34 20 års
407 385 61 19 ålder
478 385 36 19 må
525 385 75 20 kunna
612 385 79 26 själfva
702 385 122 20 bestämma
837 391 35 13 om
883 385 27 19 sitt
933 385 48 19 öde.

157 412 130 21 Menniskan
303 414 39 19 har
360 415 56 19 dock
428 414 47 20 icke
487 421 46 13 mer
545 416 28 19 än
585 416 32 18 ett
629 415 30 23 lif,
673 421 36 14 om
720 414 85 20 hvilket
817 415 43 20 hon
873 415 43 19 kan
928 420 53 14 vara

158 442 49 24 viss,
218 443 42 20 och
270 443 36 20 det
316 445 23 18 är
349 445 37 18 det
395 444 24 19 lif
428 444 22 20 vi
459 444 58 20 lefva
527 445 28 25 på
565 445 71 19 denna
645 445 83 25 jorden.
748 445 45 19 Och
803 445 28 19 då
841 445 37 19 det
887 446 24 18 är
920 444 60 26 fråga

157 478 35 14 om
202 474 35 18 att
247 473 62 27 lägga
318 474 74 26 beslag
401 475 28 25 på
439 475 62 19 detta
510 474 31 24 lif,
552 475 50 19 eller
612 475 41 19 den
663 475 34 20 del
707 474 67 24 deraf,
785 481 46 13 som
849 474 74 26 börjar
943 474 38 20 vid

157 502 23 19 21
194 502 34 20 års
240 503 60 20 ålder
310 504 40 20 och
362 504 68 20 slutar
441 504 37 20 vid
490 504 26 21 43
527 505 35 19 års
573 505 65 23 ålder,
651 505 26 19 då
690 505 103 25 mångens
805 504 64 20 bästa
880 504 57 20 kraft
950 510 32 14 re-

156 532 44 20 dan
212 534 23 18 är
247 533 86 24 bruten,
346 534 27 20 då
385 534 33 20 får
430 540 50 14 man
492 534 48 20 icke
551 534 102 20 förtänka
665 535 26 19 de
704 540 106 20 personer,
823 540 47 14 som
881 534 52 20 vilja
945 534 36 20 be-

157 568 51 14 vara
217 562 23 20 åt
250 563 26 20 de
284 564 97 20 enskilda
390 570 57 20 unga
455 564 170 26 medborgarene
633 571 26 13 en
667 566 52 22 rätt,
729 570 46 14 som
783 564 78 20 endast
870 564 25 20 de
904 564 76 26 sjelfva

156 592 6 19 i
176 592 119 20 framtiden
308 599 39 21 ega
361 594 93 20 bedöma
468 600 35 14 om
518 595 26 19 de
557 595 74 19 kunna
645 594 57 20 afstå
715 594 62 20 ifrån.
805 594 43 20 Det
861 600 63 20 synes
937 594 45 26 mig

156 628 47 13 som
214 628 37 14 om
262 629 50 14 man
323 629 78 21 genom
412 625 35 19 att
457 624 70 20 införa
539 624 70 20 denna
621 624 138 26 bestämning
770 624 69 20 skulle
849 626 51 24 taga
911 624 70 20 fäder-

157 651 115 21 neslandet
283 653 48 20 från
344 660 25 13 en
382 654 34 19 hel
428 654 81 26 mängd
522 654 148 26 medborgare,
683 654 40 20 och
736 656 61 24 tager
809 660 51 14 man
872 654 109 20 fädernes-

156 682 75 20 landet
244 682 56 20 ifrån
314 684 56 23 dem,
384 684 28 19 då
426 684 40 20 har
477 690 51 14 man
542 684 133 20 åtminstone
689 684 94 20 afskurit
795 684 34 20 för
842 684 31 26 sig
886 684 27 20 all
926 684 55 25 möj-

155 711 68 26 lighet
236 714 36 18 att
284 713 99 20 kritisera
398 714 50 19 eller
462 714 124 20 motarbeta
600 714 41 20 den
655 714 107 26 egentliga
776 714 163 26 emigrationen.
953 726 7 1 -

156 741 68 20 Detta
242 743 122 26 stadgande
380 744 43 19 kan
441 744 89 20 komma
547 744 61 20 öfver
624 750 34 14 oss
675 746 39 18 när
730 750 46 14 som
793 744 63 23 helst,
873 744 7 19 i
896 744 82 19 hvilket

155 771 118 25 ögonblick
290 778 46 14 som
353 773 56 20 helst
426 774 71 19 såsom
514 780 27 13 en
558 774 117 20 drakonisk
692 774 41 26 lag,
751 775 33 18 ett
800 774 136 25 maktspråk,
954 780 25 13 en

154 801 150 27 väldsätgärd.
321 803 43 19 Det
373 803 54 20 skall
436 804 56 19 dock
500 803 33 20 för
541 804 107 20 föräldrar
656 804 60 20 såväl
725 810 46 13 som
779 803 34 20 för
821 804 26 19 de
856 809 56 20 unga
921 804 59 19 med-

155 830 119 26 borgarene
288 838 52 14 vara
354 833 80 19 lättare
448 834 34 19 att
496 834 133 20 underkasta
643 834 31 26 sig
688 833 200 26 våldshandlingar,
903 835 27 18 än
945 835 34 18 att

155 861 134 20 underkasta
300 862 31 26 sig
342 863 40 19 den
394 863 133 20 situationen
539 864 34 19 att
585 863 102 20 Finlands
698 864 94 19 Ständer
802 863 71 20 dertill
881 864 99 19 medver-

154 891 39 19 kat
203 891 26 19 **

197 951 59 20 Frih.
268 951 25 20 R.
313 952 24 20 A.
357 953 115 20 Wrede:
484 953 92 26 föreslog
587 955 32 18 att
637 954 5 19 2
653 959 65 14 mom.
730 953 68 20 skulle
808 953 172 20 äterremitteras

154 980 31 19 till
204 981 116 20 Utskottet
336 982 34 19 för
386 983 141 25 uppgörande
544 983 22 20 af
582 985 50 24 nytt
649 983 308 26 sammanjämkningsförslag
974 983 5 19 i

154 1010 96 25 enlighet
271 1012 48 19 med
339 1012 23 19 L.
384 1013 24 19 0.
421 1013 17 25 2)

197 1070 80 20 Grefve
323 1072 188 20 Mannerheim
535 1073 41 26 j:or
592 1073 147 20 understödde
756 1072 56 20 Frih.
829 1073 77 19 Wrede
917 1073 17 25 1)

196 1129 32 20 Hr
238 1130 30 20 K.
287 1131 96 20 Antell
417 1131 92 26 föreslog
519 1134 35 18 att
571 1133 5 19 2
587 1139 64 13 mom.
663 1132 68 20 skulle
742 1132 59 25 utgä,
813 1133 53 18 utan
877 1133 33 18 att
921 1134 57 18 äter-

152 1159 75 20 remiss
256 1160 87 21 skedde.
353 1161 17 25 1)

195 1219 32 19 Ir
239 1219 25 20 L.
316 1221 129 20 Mechelin
467 1222 147 19 understödde
627 1222 32 19 Hr
671 1222 80 19 Antell.
761 1221 16 26 2)

344 1293 499 26 Omröstningspropositioner:

195 1338 32 20 1:o
259 1339 39 23 De,
316 1340 75 20 hvilka
409 1340 32 20 till
460 1341 215 25 kontraproposition
693 1342 48 18 mot
756 1340 128 20 Utskottets
897 1340 81 26 förslag

150 1369 81 25 antaga
249 1369 56 20 Frih.
322 1370 90 20 Wredes
427 1370 86 26 förslag,
529 1372 59 18 rösta
604 1370 29 26 ja;

193 1398 78 20 vinner
288 1399 42 26 nej,
348 1401 90 25 antages
455 1400 33 19 till
504 1400 216 26 kontraproposition
740 1400 31 20 Hr
788 1400 84 19 Antells
889 1400 86 25 förslag;

186 1462 14 20 2)
209 1463 63 20 Enligt
286 1465 214 20 memorialprotokollet.
524 1467 108 19 Stenogram
644 1467 74 15 saknas.
