1025 1628
324 86 21 17 R.
360 90 17 13 0.
393 87 20 16 A.
427 87 53 16 1899.
496 87 24 16 26
536 87 55 20 April.
839 87 33 17 173

43 148 61 25 samt
115 147 88 20 erhällit
215 147 133 26 skiljobetyg
360 147 102 24 derifrän,
476 147 113 20 äfvensom
601 148 24 19 ät
637 147 26 20 de
676 153 109 20 personer,
797 147 75 20 hvilka

43 177 71 26 aflagt
126 183 94 14 examen
232 177 34 19 för
278 177 111 20 vinnande
402 177 22 20 af
437 177 86 20 inträde
536 178 6 19 i
555 177 152 27 polytekniskt
720 178 90 19 institut
822 178 50 19 eller

42 207 72 25 aflagt
124 207 228 26 sjökaptensexamen.

87 237 34 20 Dä
137 237 118 20 Utskottet
270 238 38 25 tog
324 238 129 25 paragrafen
470 238 69 19 under
555 238 93 26 förnyad
663 237 108 27 pröfning,
786 238 39 20 har
839 239 34 19 ut-

45 267 85 20 skottet
141 267 49 20 med
202 267 123 20 beaktande
336 267 23 20 af
369 268 33 19 Hr
412 274 44 13 von
468 268 155 20 Christiersons
633 267 40 20 här
683 268 77 25 gjorda
772 268 101 19 anmärk-

45 296 52 27 ning
111 297 33 19 uti
154 297 69 20 första
233 297 100 26 punkten
344 298 79 20 ändrat
434 298 42 20 den
487 298 57 20 förra
555 298 127 20 lokutionen
694 297 32 20 »4-
736 299 11 19 a
759 297 113 27 5-klassigt

43 327 232 19 elementarläroverko
290 327 33 20 till
339 327 67 26 lägre
422 328 236 20 elementarläroverks.
690 328 44 19 Det
749 328 33 20 lär
797 328 76 20 visser-

45 357 57 26 ligen
124 357 34 20 för
174 357 137 20 närvarande
327 357 72 20 finnas
415 358 58 20 blott
490 360 33 18 ett
539 358 79 21 sädant
635 357 115 27 3-klassigt
765 358 107 20 läroverk.

45 387 50 20 Men
106 387 36 20 det
152 389 24 18 är
185 387 106 20 tänkbart
301 389 33 18 att
344 388 82 20 sädana
436 386 143 29 uppkomma,
590 389 39 19 och
640 388 118 20 Utskottet
767 388 40 20 har
813 388 60 20 velat

46 417 64 20 ställa
124 417 63 20 dessa
200 418 123 25 kategorier
335 418 128 27 tillräckligt
477 419 117 20 allmänna.
621 419 33 19 Hr
667 424 44 14 von
725 418 98 26 Wrights
835 424 38 14 an-

46 447 116 26 märkning
175 448 68 26 afsäg,
257 449 34 18 att
305 449 36 19 det
354 455 52 13 vore
416 449 103 26 otydligt,
532 449 59 20 hvad
603 455 46 14 som
662 449 104 19 menades
778 448 49 20 med
839 450 34 18 ut-

46 477 87 26 trycket
144 478 75 26 »högre
230 478 144 21 konstskola».
390 479 49 19 Men
451 479 117 20 Utskottet
579 479 68 26 ansåg
657 480 35 18 att
702 478 38 20 vid
750 478 123 26 jemförelse

46 508 50 19 med
108 508 25 19 de
145 508 38 19 två
195 508 69 20 första
275 508 152 27 kategorierna
439 509 79 20 tvifvel
528 509 48 20 icke
587 509 67 20 borde
665 509 76 19 kunna
752 509 88 26 uppstå,
864 509 8 19 I

46 538 70 25 tredje
131 539 88 25 stycket
235 539 91 25 ansägos
342 539 26 20 de
380 539 76 26 gjorda
469 539 199 26 anmärkningarne
680 539 90 26 skäliga,
784 539 89 20 hvarför

44 568 39 19 det
94 568 47 20 icke
153 574 60 14 mera
224 569 61 19 heter
297 569 142 20 »studerande
451 569 38 20 vid
501 569 163 20 universitetet»
675 570 55 19 utan
742 569 43 23 »de,
798 568 75 20 hvilka

44 598 70 26 aflagt
132 604 93 14 examen
242 599 33 19 för
293 599 110 20 vinnande
420 599 23 20 af
460 599 87 20 inträde
564 599 37 20 vid
620 599 170 23 universitetet»;
809 599 64 20 hvar-

45 627 71 26 jämte
125 629 154 25 polytekniska
289 628 113 21 institutet
412 629 104 20 likställts
526 629 49 20 med
585 629 161 24 universitetet,
758 629 23 20 sä
791 630 35 19 att
836 629 36 20 det

46 658 62 20 heter
119 658 43 24 »de,
175 658 75 20 hvilka
262 660 37 18 äro
311 659 106 19 inskrifna
430 659 37 19 vid
480 659 153 26 polytekniska
646 658 124 20 institutet»
781 658 7 20 i
799 658 74 20 stället

45 688 34 19 för
94 688 42 24 »de,
152 688 75 20 hvilka
242 689 144 25 genomgått».

88 718 43 26 Jag
142 718 65 20 utber
219 719 43 25 mig
273 718 22 20 fä
307 719 88 20 förorda
408 719 62 20 dessa
483 719 124 26 ändringar,
619 719 95 20 oaktadt
727 719 26 19 de
765 718 48 20 icke
825 718 48 20 blif-

44 748 36 20 vit
92 748 93 26 tidigare
198 749 22 19 af
233 749 51 19 flere
298 749 65 19 ständ
376 749 159 26 föreslagna.**

88 809 10 25 $
110 808 26 21 32
148 808 45 21 blef
204 808 52 21 härä
269 809 65 26 gillad
347 809 67 30 enligt
426 809 264 26 Värnepligtsutskottets
702 809 87 26 förslag.

432 865 9 24 $
457 863 34 21 75.

89 899 33 20 Hr
134 899 24 20 L.
180 899 168 20 Mechelin:
373 899 145 20 Beträffande
531 901 20 24 $$
564 900 26 19 35
603 900 40 19 och
657 899 26 20 36
696 901 58 18 samt
767 899 27 20 53
807 899 66 20 hafva

45 929 67 20 äfven
124 931 82 18 smärre
219 929 119 27 erinringar
350 930 70 25 gjorts
432 930 7 19 i
452 930 172 23 Presteständet,
638 936 50 13 men
701 930 47 19 icke
760 929 114 20 befunnits

45 959 6 20 i
68 959 67 25 nägot
150 959 102 20 afseende
267 960 88 25 päkalla
370 960 125 26 ändringar.

90 989 144 20 Beträffande
246 990 9 24 $
268 990 27 19 72
307 989 65 21 utber
383 990 37 26 jag
432 990 45 26 mig
489 990 22 20 fä
523 990 113 23 anmärka,
649 991 36 19 att
698 990 41 20 den
752 990 122 19 äterremit-

44 1019 89 20 terades
145 1019 34 20 för
191 1019 114 21 införande
318 1020 45 19 deri
376 1020 22 19 af
410 1020 42 20 den
465 1020 6 19 i
485 1020 8 25 $
507 1020 26 20 72
545 1020 33 20 uti
590 1020 101 26 gällande
703 1019 172 27 värnepligtslag

46 1049 108 26 ingående
168 1049 167 27 bestämningen
350 1051 34 18 att
398 1049 121 27 uppbädad
534 1056 84 20 person,
634 1056 47 13 som
695 1049 180 26 tillkännagifver

45 1079 34 19 sin
93 1079 84 20 önskan
191 1080 34 19 att
238 1079 156 20 företrädesvis
406 1080 89 20 inträda
509 1080 6 19 i
529 1080 62 20 aktiv
604 1080 77 26 tjenst,
695 1080 47 20 icke
756 1080 99 25 deltager
868 1079 7 19 i

46 1109 132 26 lottningen.

89 1139 32 20 De
137 1139 69 26 öfriga
216 1140 93 19 stånden
319 1140 67 20 hafva
396 1140 126 26 visserligen
531 1140 99 26 godkänt
640 1140 128 20 Utskottets
778 1139 81 26 förslag
868 1139 6 20 i

46 1169 27 19 72
87 1170 16 24 $,
118 1175 50 14 men
183 1170 49 19 med
246 1170 118 26 anledning
378 1170 22 19 af
414 1170 26 20 R.
456 1176 19 14 o.
491 1170 38 20 A:s
543 1170 72 20 beslut
628 1171 96 25 upptogs
738 1170 33 19 till
781 1169 93 27 förnyad

46 1199 109 26 pröfning,
170 1200 109 20 huruvida
294 1200 41 20 den
349 1200 93 26 tidigare
455 1200 123 26 föreslagna
591 1200 121 26 ändringen
726 1200 68 19 borde
800 1199 74 26 återgå

45 1229 42 20 och
96 1229 104 20 förenade
210 1230 31 25 sig
251 1230 117 20 Utskottet
378 1236 36 13 om
423 1231 42 22 att,
477 1230 27 19 då
514 1230 75 20 starka
599 1230 46 20 skäl
655 1230 74 20 talade
736 1230 34 19 för
778 1229 97 20 bibehål-

46 1259 76 20 landet
136 1259 23 20 af
173 1260 38 19 det
225 1260 128 19 nuvarande
368 1261 115 24 systemet,
497 1260 46 20 låta
558 1260 9 25 $
578 1259 27 20 72
619 1259 104 21 förblifva
734 1259 140 21 oförändrad.

89 1290 66 19 Hvad
167 1289 67 20 sedan
247 1289 139 20 vidkommer
396 1291 10 23 $
418 1289 32 24 75,
462 1290 25 19 så
498 1289 67 20 hafva
577 1290 26 20 R.
615 1296 20 14 o.
647 1290 26 19 A.
686 1290 40 19 och
737 1289 138 20 Bondestän-

45 1319 39 19 det
100 1319 100 26 godkänt
217 1319 129 20 Utskottets
362 1319 88 26 förslag;
468 1319 167 20 Presteståndet
651 1320 40 19 har
708 1319 92 20 beslutit
818 1320 34 18 att
869 1319 5 19 i

46 1354 66 15 mom.
124 1349 9 19 1
145 1349 68 20 borde
222 1349 56 20 efter
287 1349 63 20 ordet
360 1350 194 25 »presterskapets»
563 1349 110 26 inskjutas
683 1350 66 19 orden
760 1349 50 19 »och
821 1348 54 20 före-

38 1378 151 21 eständarenes
209 1379 33 19 för
262 1379 246 26 dissenterförsamling»
527 1379 41 26 (»ja
588 1379 285 20 eriuskolaisseurakuntain

44 1408 138 26 johtajain»).

88 1438 187 26 Borgareständet
291 1438 40 20 har
346 1440 74 18 ansett
436 1440 35 18 att
487 1439 117 19 Utskottet
620 1438 173 20 vidkommande
809 1444 58 14 mom

44 1468 26 25 b)
80 1468 67 20 borde
157 1468 82 20 beakta
249 1468 42 20 den
301 1468 133 20 förändrade
444 1468 89 26 lydelse,
544 1474 47 14 som
601 1469 97 25 antagits
708 1469 33 19 för
750 1469 10 25 $
770 1468 20 20 8.
