1031 1631
152 88 22 16 28
524 90 78 20 Bilagor.

152 149 301 26 truppkommendör
476 150 92 21 insända
590 150 92 21 särskild
704 150 128 27 förteckning
855 151 55 26 öfver
933 150 41 20 alla

152 178 52 24 dem,
220 185 46 14 som
281 179 48 26 från
345 180 92 20 området
453 180 68 27 blifvit
537 180 32 20 till
585 181 56 20 aktiv
656 181 65 26 tjänst
737 180 91 24 utsedda,
846 181 30 20 uti
892 181 82 19 hvilken

151 208 130 27 förteckning
293 210 78 25 jämväl
385 210 49 20 böra
449 210 49 27 ingå
511 211 24 20 de
550 210 111 27 uppgifter,
676 217 44 14 som
734 210 103 27 erfordras
849 210 33 27 för
896 212 78 24 uppgö-

151 238 65 20 rande
233 239 23 26 af
271 239 70 21 dessas
357 240 236 27 tjänsteförteckningar.

194 268 33 21 På
247 270 68 25 grund
335 270 22 26 af
377 270 60 20 dessa
458 270 128 27 handlingar
601 272 109 25 upprättar
725 270 137 21 länenämden
878 276 24 14 en
917 270 58 26 dylik

151 298 46 20 hela
211 299 56 20 länet
281 299 125 27 omfattande
419 301 137 26 förteckning,
571 301 74 26 hvaraf
658 301 69 20 skilda
741 300 105 26 exemplar
860 302 49 18 utan
924 300 50 20 tids-

152 328 83 20 utdräkt
251 329 58 20 skola
326 329 102 21 insändas
444 330 33 20 till
491 332 85 18 senaten
593 330 35 20 och
644 331 215 26 generalguvernören.

531 385 16 26 $
562 385 32 19 87.

194 419 69 21 Sedan
294 420 187 26 uppbådsnämden
511 421 90 23 bestämt,
629 420 70 21 hvilka
722 420 22 26 af
766 420 24 20 de
812 420 48 26 från
883 420 90 20 området

152 449 125 26 uppbådade
292 450 58 20 skola
365 450 36 20 vid
417 450 70 21 aktiva
502 452 115 25 trupperna
634 450 90 24 inträda,
742 450 111 26 inskrifver
868 450 105 20 nämnden

151 479 43 20 alla
211 479 75 27 öfriga,
304 486 44 14 som
367 480 7 20 i
391 480 114 27 lottningen
523 480 90 27 deltagit,
633 480 33 21 vid
684 480 208 20 landtvärnet
910 481 6 19 i
934 480 38 20 den

150 509 91 27 ordning
259 510 98 20 lottlistan
376 510 99 27 angifver.

531 564 15 26 $
561 564 33 21 88.

193 599 90 27 Förslag
300 600 110 20 meddelas
429 601 120 20 framdeles.

149 754 2 8 i
492 738 58 26 Kap.
565 738 64 20 XIII.

269 786 43 22 Om
328 786 66 26 intyg
410 786 101 22 rörande
529 786 171 27 värnepligtens
716 786 138 26 utgörande.

148 850 30 20 i
529 852 16 26 $
561 852 32 20 89.

191 887 94 24 Enhvar,
306 894 43 14 som
371 888 67 26 blifvit
460 888 7 20 i
488 888 184 27 uppbädslängden
695 888 69 26 införd
784 888 36 20 och
842 888 78 20 inställt
940 888 32 26 sig

148 917 36 21 vid
202 917 193 27 uppbädstilljället,
413 924 47 14 men
478 918 43 20 icke
538 918 111 26 förklarats
664 918 82 26 skyldig
764 919 28 19 att
808 918 60 20 träda
885 918 7 20 i
908 917 64 26 tjänst

134 964 2 2 .
148 947 36 20 vid
196 947 57 21 aktiv
269 948 70 26 trupp,
357 948 66 26 förses
439 948 22 26 af
473 948 186 26 uppbädsnämden
672 948 46 20 med
729 948 61 24 bevis,
804 949 29 19 att
844 948 42 20 han
900 948 72 26 infun-

148 977 33 20 nit
200 978 32 25 sig
251 977 32 20 till
303 978 154 26 värnepligtens
475 978 138 26 fullgörande,
633 978 151 26 hvarförutom:

194 1007 35 19 1:o
245 1007 47 23 den,
313 1013 44 14 som
379 1014 61 13 anses
460 1008 116 26 oförmögen
597 1008 32 20 till
649 1008 128 26 krigstjänst,
800 1007 87 20 erhåller
908 1008 62 25 intyg,

150 1038 28 19 att
189 1037 42 20 han
249 1038 24 18 är
286 1036 32 26 för
333 1037 60 20 alltid
407 1037 97 27 därifrån
519 1038 90 25 befriad;

194 1067 34 20 2:o
245 1067 47 23 den,
313 1073 44 14 som
377 1067 69 26 blifvit
467 1067 116 27 inskrijven
603 1068 35 20 vid
674 1068 198 22 landtvärnet,
895 1067 77 25 undfär

148 1097 56 19 bevis
218 1097 95 26 däröfver
326 1097 47 20 med
388 1097 85 26 uppgift
486 1098 29 25 pä
529 1097 54 20 hans
598 1098 140 23 loitnummer;
754 1097 36 20 och

194 1126 34 21 3:0
243 1126 47 23 den,
304 1126 20 20 åt
339 1126 83 20 hvilken
438 1127 93 26 beviljats
547 1127 92 26 uppskof
652 1127 46 20 med
714 1127 80 20 inträde
810 1127 7 19 i
832 1127 70 26 tjänst,
918 1128 54 18 samt

148 1156 38 20 den
208 1162 45 14 som
275 1157 35 19 bör
328 1156 92 26 undergå
437 1163 30 20 ny
483 1157 117 26 besigtning
617 1157 47 20 eller
680 1157 44 20 står
742 1157 66 19 under
824 1156 147 26 rannsakning

148 1186 48 20 eller
214 1186 69 23 tilltal,
304 1186 86 20 erhåller
410 1188 111 25 temporärt
543 1187 62 26 intyg,
628 1187 7 19 i
654 1187 76 20 hvilket
750 1186 90 26 tydligen
862 1186 110 26 uppgijves

147 1216 81 26 hvarpä
246 1216 146 27 upphörandet
409 1216 22 26 af
448 1216 46 20 dess
511 1216 91 26 giltighet
619 1216 65 24 beror;
703 1217 36 19 och
756 1218 24 18 är
798 1216 134 26 innehafvare
950 1216 22 25 af

146 1246 77 20 sådant
235 1246 59 26 betyg
304 1246 75 26 pligtig
390 1247 35 23 att,
437 1246 64 20 sedan
513 1246 55 20 tiden
576 1246 32 26 för
616 1246 86 26 intygets
709 1246 91 26 giltighet
808 1246 69 26 utgått,
886 1246 85 20 anmäla

146 1276 34 26 sig
194 1276 37 20 hos
249 1276 150 20 vederbörande
418 1276 161 26 uppbådsnämd
599 1277 32 25 för
645 1278 27 18 att
686 1276 78 20 erhålla
780 1276 144 20 underrättelse
939 1282 32 13 om

146 1306 57 20 tiden
215 1307 41 19 när
269 1306 36 20 och
319 1307 56 19 orten
389 1306 81 20 hvarest
481 1306 43 20 han
537 1306 34 20 bör
585 1306 85 26 infinna
682 1306 33 26 sig
727 1306 33 26 för
772 1307 28 19 att
813 1306 109 25 besiktigas
935 1305 36 20 och

146 1337 102 25 mottagas
265 1336 7 20 i
287 1335 71 26 tjänst.
