1031 1631
163 80 20 16 14
533 81 78 20 Bilagor.

204 140 117 20 Utskottet
329 140 96 24 föreslår,
437 142 34 18 att
481 141 129 26 paragrafen
619 141 70 20 måtte
699 141 80 19 erhålla
789 141 97 25 följande
895 141 89 26 lydelse:

331 207 212 20 Storfurstendömet
568 208 120 25 uppställer
713 207 91 20 stående
829 209 90 24 trupper
944 207 41 20 och

291 237 124 20 landtvärn.

287 267 28 25 A)
331 267 32 20 De
374 267 72 20 finska
458 267 91 20 stående
559 269 119 25 trupperna
690 269 90 24 utgöras
790 267 29 20 af:

289 297 20 25 1)
325 297 76 20 aktiva
416 298 97 25 trupper,
529 301 45 16 som
589 297 157 26 kompletteras
760 303 78 20 genom
852 297 64 26 årligt
930 304 54 19 upp-

288 327 42 20 båd
345 327 22 20 af
382 327 114 26 manskap,
512 328 40 19 och

288 357 21 25 2)
325 363 78 18 reserv,
421 357 89 20 hvilken
528 359 24 18 är
570 357 76 20 afsedd
664 357 34 20 för
716 358 26 19 de
760 357 76 20 aktiva
854 359 131 24 truppernas

288 387 167 26 uppbringande
464 387 32 20 till
507 387 94 26 fulltalig
611 388 76 25 styrka
697 388 40 19 och
747 389 87 25 utgöres
844 387 22 20 af
876 393 107 20 personer,

289 423 45 14 som
348 417 74 20 blifvit
435 417 48 20 från
497 417 62 20 aktiv
572 418 71 25 tjänst
656 417 180 20 hemförlofvade.

288 447 27 25 B)
331 447 44 20 Det
390 447 73 20 finska
477 448 143 20 landtvärnet
635 447 74 20 består
724 447 22 20 af
761 448 26 19 de
802 447 120 26 vapenföra
938 454 47 19 per-

289 483 67 18 soner,
375 477 76 20 hvilka
469 477 47 20 icke
534 477 100 21 hänförts
652 478 33 19 till
704 478 26 19 de
748 478 91 19 stående
856 479 128 24 trupperna,

288 507 112 20 äfvensom
413 507 22 20 af
447 508 56 23 dem,
515 508 74 20 hvilka
601 507 93 21 afslutat
706 508 31 19 sin
750 507 115 26 tjänstetid
878 508 36 19 vid
923 508 61 19 dessa

288 538 96 25 trupper.

553 599 9 24 $
577 597 19 20 4.

204 632 161 27 Ridderskapet
377 633 41 20 och
431 633 63 20 adeln
506 634 40 19 har
557 634 100 25 godkänt
668 634 122 19 utskottets
802 633 79 26 förslag
892 633 7 20 i
911 633 73 26 öfrigt,

162 663 62 19 utom
235 663 41 23 att,
288 663 27 26 på
326 664 45 19 sätt
383 663 67 20 ofvan
461 663 90 24 anförts,
563 669 66 14 mom.
642 664 9 19 1
664 663 67 20 borde
742 663 120 20 öfverföras
872 663 33 20 till
916 664 9 25 $
938 664 16 19 1.

205 692 166 21 Prästeståndet
385 693 40 20 har
437 693 99 26 godkänt
549 694 121 19 utskottets
683 693 87 26 förslag.

204 722 186 26 Borgareståndet
405 723 40 20 har
458 723 91 20 beslutit
560 723 160 20 återremittera
732 729 75 14 senare
819 725 121 18 momentet
951 723 34 20 för

162 752 93 26 ändring
264 753 6 19 i
279 753 78 20 sådant
367 753 64 26 syfte,
441 755 35 18 att
485 753 71 26 någon
565 753 197 26 missuppfattning
770 753 47 20 icke
826 754 70 19 måtte
903 753 80 26 uppstå

162 782 50 19 med
222 783 117 26 anledning
349 783 22 20 af
381 783 133 26 stadgandet
525 789 35 14 om
570 783 95 26 lottning
675 783 33 20 uti
718 784 9 24 $
739 783 25 20 10
774 789 66 14 mom.
854 784 16 19 1.

204 812 167 20 Bondeståndet
383 813 40 20 har
435 813 99 26 godkänt
547 813 121 20 utskottets
680 813 80 26 förslag
772 813 34 20 till
818 813 166 26 ifrågavarande

162 842 108 25 paragraf.

204 901 117 21 Utskottet
336 902 96 24 föreslår,
449 904 35 19 att
499 903 34 20 för
547 903 167 26 ifrågavarande
730 903 102 26 paragraf
847 903 70 19 måtte
932 903 52 26 god-

162 931 85 20 kännas
259 932 96 25 följande
367 933 88 25 lydelse:

330 992 67 20 Finsk
417 993 141 26 medborgare
577 993 79 26 fullgör
674 993 33 20 sin
727 993 123 26 värnepligt
869 993 37 19 vid
926 993 58 19 finsk

288 1023 73 25 trupp.

332 1052 89 20 Inträde
441 1053 7 19 i
468 1053 71 25 tjänst
559 1053 28 26 på
607 1053 70 26 grund
698 1053 22 20 af
741 1053 90 26 uppbåd
852 1053 132 19 bestämmes

288 1087 78 20 genom
379 1082 103 26 lottning.
510 1083 7 19 I
532 1083 68 20 sådan
612 1083 96 25 lottning
722 1083 96 25 deltager
831 1083 83 19 enhvar
926 1082 58 20 blott

288 1118 25 13 en
324 1112 73 26 gång
382 1107 12 35 i
408 1112 39 19 sitt
458 1112 30 21 lif.

551 1179 8 25 $
576 1178 18 20 7.

203 1213 163 27 Ridderskapet
380 1214 41 20 och
435 1214 64 20 adeln
513 1214 39 20 har
565 1214 99 26 godkänt
677 1214 69 20 första
760 1220 66 14 mom.
841 1214 7 19 i
862 1214 122 20 utskottets

160 1242 81 26 förslag
259 1243 33 19 till
305 1243 168 27 ifrågavarande
487 1244 107 26 paragraf,
609 1244 102 20 uteslutit
724 1250 66 14 mom.
805 1244 19 23 2,
838 1244 145 20 återremitte-

160 1273 35 19 rat
207 1278 68 14 mom.
288 1273 12 20 3
313 1274 27 25 på
354 1274 37 19 det
404 1274 111 20 utskottet
527 1274 70 20 måtte
608 1275 52 25 taga
672 1274 7 20 i
692 1274 169 26 öfvervägande,
874 1273 109 20 huruvida

160 1302 48 20 icke
223 1302 39 20 det
277 1303 46 20 däri
337 1303 108 26 ingående
461 1304 131 26 stadgandet
607 1309 78 21 genom
701 1304 92 26 ändring
807 1304 7 19 i
829 1303 155 20 redaktionellt

161 1332 124 20 hänseende
299 1333 74 20 kunde
387 1333 137 27 förtydligas,
540 1335 57 18 samt
612 1335 68 19 ersatt
695 1333 173 26 anmärkningen
882 1333 50 20 med
947 1334 9 24 $
971 1332 12 20 7

160 1361 34 20 uti
212 1362 102 26 gällande
329 1363 172 27 värnepligtslag
516 1364 72 19 såsom
604 1364 70 19 denna
695 1363 102 26 paragraf
812 1364 62 25 lyder
892 1363 7 19 i
914 1363 21 19 k.
952 1362 31 20 f:n

160 1392 42 19 den
213 1392 26 19 25
250 1392 87 26 januari
350 1393 60 20 1886.

203 1422 167 20 Prästeståndet
383 1423 41 19 har
437 1423 98 26 godkänt
549 1423 128 26 paragrafen
691 1423 7 20 i
712 1423 72 26 öfrigt,
797 1424 62 18 utom
866 1424 34 18 att
908 1429 74 13 senare

160 1451 62 20 delen
236 1451 23 20 af
272 1458 65 14 mom.
351 1453 13 19 2
377 1453 68 19 borde
458 1453 80 20 erhålla
551 1453 96 26 följande
661 1453 96 20 ändrade
769 1453 88 25 lydelse:
876 1452 106 26 »fullgjort
