1048 1634
342 86 22 17 R.
379 90 17 13 o.
409 86 20 16 A.
445 86 58 17 1899.
519 86 25 17 16
556 86 57 17 Mars.
868 86 20 15 15

64 147 62 20 detta
137 146 95 26 begrepp
240 146 131 26 »Kejserliga
378 148 89 18 tronen»
473 146 67 20 hafva
548 146 190 26 viispräkbruket
746 146 44 20 fått
797 146 92 26 epitetet

64 176 127 26 »Kejserlig»
207 176 33 20 för
261 176 106 26 åtskilligt
388 176 86 24 sådant,
493 182 47 14 som
553 176 121 26 egentligen
688 176 68 20 borde
769 176 124 20 benämnas

64 205 174 26 »Storfurstligt»,
250 207 58 18 samt
319 207 34 18 att
364 206 41 20 den
417 206 122 26 Kejserliga
549 207 79 18 tronen
638 206 71 19 måste
720 212 63 13 anses
794 205 95 20 omfatta

64 236 42 20 den
125 235 157 26 Storfurstliga,
297 235 118 26 ingalunda
435 236 98 20 utesluta
547 235 134 20 densamma.
708 235 45 20 Det
766 241 40 14 var
820 235 68 23 detta,

64 271 47 15 som
125 265 38 20 vid
177 265 108 20 försvaret
300 265 22 20 af
337 265 71 20 denna
423 265 100 20 lokution
542 265 103 20 särskildt
664 265 66 20 äfven
744 265 88 26 gjordes
846 265 44 26 gäl-

64 295 71 20 lande.

107 325 67 20 Hvad
185 325 67 20 sedan
263 325 138 20 vidkommer
411 325 42 20 den
464 325 53 20 sista
528 326 40 25 $:n,
580 325 23 20 sä
614 331 40 14 var
664 325 38 20 det
712 325 48 20 icke
770 325 67 20 heller
847 325 43 20 lätt

64 357 35 18 att
109 355 88 20 komma
207 355 33 20 till
250 361 26 14 en
286 355 100 20 lokution
396 361 47 14 som
452 355 74 20 kunde
535 355 159 20 tillfredsställa
703 355 49 20 alla.
772 355 44 20 Det
826 355 67 20 fanns.

64 386 176 25 representanter
253 385 34 20 för
301 385 42 20 den
357 385 62 26 äsigt,
435 387 35 18 att
483 385 49 20 hela
547 385 62 20 detta
624 385 128 26 stadgande,
768 391 47 14 som
828 385 66 26 ingär

64 415 7 20 i
84 415 39 20 123
135 415 16 25 $,
164 415 74 20 kunde
248 415 141 23 bortlemnas,
402 415 93 20 emedan
506 421 52 14 man
570 415 56 20 dock
637 415 48 20 icke
697 421 90 14 numera
800 415 50 20 stod
862 415 28 26 pä

65 451 84 14 samma
166 445 138 26 ständpunkt
321 451 47 14 som
384 445 24 20 är
425 445 54 20 1877
495 447 36 18 att
546 445 107 26 begränsa
669 445 73 20 finska
758 446 133 25 truppernas

65 474 89 27 uppgift
169 475 77 20 endast
262 475 33 20 till
311 475 104 20 Finlands
431 475 91 20 försvar.
540 475 44 20 Det
599 475 40 20 har
654 475 70 26 gjorts
739 475 101 26 gällande
855 475 35 20 att

66 505 37 20 det
120 505 67 26 ligger
205 511 26 14 en
248 505 153 26 oegentlighet,
420 511 27 14 en
464 505 113 20 bristande
591 505 151 26 noggrannhet
755 505 7 20 i
775 505 115 26 uttrycket

66 535 114 20 »Finlands
190 534 100 24 försvar»,
303 535 27 20 dä
341 535 48 20 icke
399 535 94 20 Finland
505 535 71 26 säsom
588 535 79 20 sädant
678 537 24 18 är
712 541 27 14 en
750 535 144 26 krigförande

66 565 68 20 makt.
162 565 103 20 »Försvar
278 565 60 20 inom
352 565 103 20 Finland»
468 565 44 20 kan
527 565 27 20 dä
569 571 87 14 snarare
670 571 62 14 anses
746 564 84 27 riktigt,
844 566 26 25 ty
883 564 6 20 i

66 595 76 25 hvarje
154 594 38 20 fall
204 596 24 18 är
239 595 37 19 det
288 595 56 19 dock
355 594 159 26 rikspolitiken,
528 601 46 13 som
586 595 122 19 föranleder
719 595 54 25 krig.
797 595 44 19 Det
852 600 38 14 an-

66 624 48 26 sägs
128 624 75 20 vidare
216 625 41 23 att,
270 630 36 14 om
319 630 52 14 man
385 624 65 20 ocksä
464 625 24 19 är
503 624 60 24 1877,
576 624 28 20 dä
618 625 36 19 det
668 624 70 26 gällde
752 625 35 19 att
799 625 53 25 taga
864 625 26 19 ut

66 654 37 20 det
112 655 59 19 stora
181 654 40 20 och
230 654 34 20 för
272 654 93 26 mängen
375 654 23 20 sä
406 655 70 25 tunga
485 656 71 25 steget
564 656 36 18 att
608 654 115 26 samtycka
732 654 33 20 till
775 654 42 20 den
846 660 44 20 nya

66 684 162 23 institutionen,
243 690 46 14 som
308 686 24 18 är
350 684 73 26 byggd
442 684 29 26 pä
489 684 130 26 värnepligt,
634 684 172 26 nödvändigtvis
820 684 74 20 måste:

66 714 53 20 söka
142 720 27 14 en
190 714 145 26 begränsning
351 714 34 20 för
401 714 26 20 de
444 714 73 20 finska
533 716 131 24 truppernas
681 714 154 23 användande,
853 714 37 20 det

66 744 48 20 icke
126 750 40 14 var
178 744 86 26 möjligt
276 745 36 19 att
324 744 96 20 vidhälla
434 744 71 20 denna
518 744 152 26 begränsning,
684 744 68 20 sedan
764 744 78 26 frägan
854 750 36 14 om

67 774 104 20 Finlands
186 774 103 26 ställning
303 774 34 19 till
351 774 56 20 riket
421 774 95 20 kommit
531 774 7 20 i
549 775 33 19 ett
593 774 130 20 förändradt
735 774 66 20 skede
812 779 78 21 genom

66 805 35 18 att
112 804 46 19 helt
170 804 68 20 andra
250 804 96 26 anspråk
358 804 118 26 uppställts
488 804 28 26 pä
528 804 140 20 erkännande
680 804 22 20 af
713 804 87 20 landets
812 804 83 20 solida--

66 833 52 20 ritet
128 834 51 19 med
189 834 174 26 Kejsaredömet,
375 834 40 19 och
427 834 67 20 sedan
504 840 52 14 man
566 834 65 20 ocksä
642 834 60 20 inom
712 834 94 20 Finland
817 835 73 19 ansett

67 863 37 20 det
116 869 53 14 vara
182 863 22 20 af
215 863 47 26 vigt
274 865 34 18 att
320 864 81 20 betona
413 865 34 18 att
459 864 38 20 det
508 864 72 20 finska
592 864 75 23 folket,
680 864 23 20 sä
716 865 86 25 strängt
814 864 41 20 och
867 864 23 19 sä

67 894 47 19 ömt
126 893 38 20 det
175 895 28 18 än
215 893 67 20 häller
294 894 28 26 pä
335 893 41 20 alla
389 893 46 20 sina
448 894 106 20 särskilda
566 894 136 26 rättigheter,
716 894 56 20 dock
784 896 24 18 är
820 893 70 26 villigt

67 924 35 19 att
114 923 96 20 erkänna
224 923 45 20 sina
282 923 79 26 pligter
373 925 59 18 emot
444 924 63 20 riket.
533 924 69 20 Dessa
615 925 137 25 synpunkter
763 924 127 20 föranledde

67 953 67 26 nägra
151 954 35 19 att
203 959 51 14 anse
271 953 76 26 hvarje
364 953 68 20 skildt
449 954 122 26 stadgande
584 960 36 14 om
634 954 26 20 de
673 954 72 20 finska
758 955 138 25 truppernas.

68 983 147 20 användande
230 983 97 26 onödigt,
343 985 54 18 utan
405 983 84 27 verklig
496 984 119 26 betydelse.
630 984 75 20 Andra
712 984 48 20 åter
767 984 81 25 ansågo
856 985 35 18 att

68 1013 37 19 det
116 1013 56 19 dock
183 1019 52 13 vore
246 1013 22 20 af
279 1013 47 26 vigt
338 1014 34 19 att
383 1013 53 20 söka
447 1019 27 14 en
486 1014 69 20 sådan
566 1013 141 27 formulering
717 1013 34 20 för
764 1013 38 20 123
815 1014 16 24 $,
844 1019 46 14 som

66 1042 68 26 jemte
146 1042 120 26 vidgandet
277 1042 23 20 af
311 1043 42 19 den
365 1043 129 20 nuvarande
505 1045 93 24 gränsen
610 1044 88 22 derhän,
712 1044 34 19 att
758 1049 51 14 man
822 1043 70 20 skulle

67 1072 97 20 erkänna
177 1074 35 18 att
224 1072 26 20 de
262 1072 73 21 finska
348 1074 120 24 trupperna
481 1073 23 20 af
517 1073 62 20 deras
592 1073 77 26 högsta
682 1073 55 24 ehef,
762 1073 128 23 Monarken,

67 1102 68 20 borde
147 1102 22 20 få
183 1102 113 20 användas
309 1102 66 20 äfven
387 1103 7 19 i
407 1103 69 20 andra
489 1103 48 26 krig
550 1105 28 18 än
592 1103 32 23 de,
638 1109 47 14 som
698 1103 58 20 föras
769 1103 7 19 i
789 1103 101 23 Finland,

68 1132 56 20 dock
133 1132 80 20 erhölle
223 1132 71 26 någon
304 1132 145 26 begränsning
460 1133 89 28 derhän,
560 1134 35 19 att
605 1133 26 20 de
640 1133 48 20 icke
698 1133 69 20 skulle
776 1132 115 20 användas

67 1162 7 20 i
87 1162 34 20 för
133 1162 87 20 landets
233 1168 54 20 egna
301 1162 105 20 intressen
421 1162 74 20 alltför
507 1162 138 21 främmande
658 1163 110 20 ändamål.
795 1163 41 19 Ett
848 1162 43 20 för-

68 1192 39 19 sök
116 1193 35 18 att
160 1192 22 20 få
193 1198 26 14 en
227 1192 144 26 begränsning
379 1192 33 20 till
419 1192 73 24 stånd,
501 1199 47 13 som
556 1192 132 26 exempelvis
696 1193 68 19 skulle
771 1192 119 26 förebygga

67 1221 72 21 finska
152 1223 131 25 truppernas
297 1222 142 26 användning
451 1222 29 26 på
494 1222 101 20 asiatiskt
609 1223 94 23 område,
718 1223 38 19 der
768 1222 47 20 icke
828 1222 62 20 alltid

67 1251 47 26 krig
126 1251 6 20 i
145 1252 94 26 egentlig
250 1252 94 26 mening,
357 1258 50 14 men
418 1252 37 20 väl
467 1252 81 26 fälttåg
559 1252 50 20 med
626 1252 109 20 koloniala
748 1252 73 26 syften
833 1252 59 20 föras

67 1281 34 19 för
112 1281 114 24 intressen,
240 1288 46 13 som
299 1283 37 18 äro
349 1282 98 26 aflägsna
460 1282 49 20 från
522 1282 27 20 de
560 1282 34 20 för
607 1282 168 26 Kejsaredömet
788 1282 39 20 och
841 1282 50 20 Fin-

67 1311 52 19 land
130 1316 170 21 gemensamma,
312 1312 57 19 hade
380 1311 47 20 icke
439 1312 122 26 framgång;
574 1312 38 20 det
623 1318 39 14 var
673 1312 58 20 blott
743 1318 33 17 en,
790 1312 42 20 den
844 1318 47 14 som

68 1347 28 13 nu
107 1341 40 19 har
156 1342 53 19 äran
219 1341 51 23 tala,
282 1347 47 14 som
339 1342 150 25 proponerade
499 1342 69 20 detta.
587 1342 35 20 Då
631 1342 36 26 jag
676 1342 48 20 icke
733 1342 45 20 fick
788 1342 102 22 medhåll,

68 1370 43 20 höll
124 1370 37 26 jag
174 1370 48 20 icke
235 1371 75 20 vidare
324 1371 72 26 derpå.
423 1372 43 26 Jag
479 1372 72 20 finner
563 1372 82 26 tydligt
658 1373 34 19 att
706 1372 37 20 det
756 1372 42 20 blir
811 1373 80 18 nästan

68 1400 100 26 omöjligt
178 1402 36 18 att
224 1400 60 20 finna
296 1407 26 13 en
334 1401 68 19 sådan
413 1401 126 26 expression
550 1402 7 19 i
568 1402 34 26 lag
613 1402 33 19 för
657 1402 89 23 tanken,
759 1408 46 13 som
817 1401 75 20 kunde

67 1429 67 20 vinna
148 1430 134 20 allmännare
294 1430 132 26 anslutning.
453 1431 165 20 Slutresultatet
631 1431 43 20 blef
687 1431 92 20 sålunda
792 1432 34 19 att
839 1437 52 13 man

67 1459 67 26 ansåg
146 1459 41 20 den
199 1459 52 20 sista
261 1460 33 25 $:n
305 1460 52 19 böra
368 1461 71 19 uttala
451 1462 34 18 att
497 1461 37 19 det
544 1463 24 18 är
578 1461 154 20 företrädesvis
742 1461 33 19 till
785 1460 106 20 försvars-
