1028 1631
319 88 22 16 R.
357 91 16 13 o.
389 87 20 17 A.
423 87 52 17 1899.
489 87 24 17 23
527 88 54 16 Mars.
838 87 22 15 91

78 148 32 19 Hr
128 147 97 20 Ernst
251 147 185 20 Estlander:
467 147 34 20 Då
520 147 57 20 Frih.
595 147 89 20 Wredes
701 147 82 26 förslag
799 147 6 20 i
819 147 41 19 den

34 177 57 20 form
105 177 38 20 det
156 177 54 20 först
223 177 140 20 framstäldes
377 177 18 26 ej
410 179 59 18 ännu
483 177 40 20 har
536 177 81 20 vunnit
630 177 129 23 understöd,
773 177 38 20 ber
823 177 37 25 jag

34 207 22 20 få
73 207 134 20 understöda
224 207 129 20 detsamma.
386 207 57 20 Frih.
462 207 89 20 Wredes
567 207 81 26 förslag
663 207 93 20 innebär
772 208 35 19 att
823 206 37 20 det

33 237 83 26 tillägg,
128 237 103 20 hämtadt
242 243 25 14 ur
278 238 9 25 $
300 237 15 23 4,
332 243 47 14 som
396 237 26 20 R.
435 243 18 14 o.
466 237 25 20 A.
504 237 37 20 vid
553 238 85 19 senaste
650 237 164 20 sammanträde
824 236 36 20 be-

35 267 42 20 slöt
90 267 71 20 införa
175 267 7 20 i
195 267 9 25 $
219 267 18 23 1,
248 267 68 20 skulle
332 273 29 14 nu
371 267 64 20 derur
444 267 60 26 utgå.
527 267 44 20 Det
581 267 38 20 är
611 262 10 36 i
630 267 71 20 denna
711 267 57 20 form
777 267 37 26 jag
822 266 38 20 ber

34 297 22 20 få
68 297 134 20 understöda
214 297 57 20 Frih.
284 297 89 20 Wredes
384 297 86 26 förslag.
497 297 42 26 Jag
550 297 38 20 ber
599 297 6 20 i
617 297 65 26 öfrigt
693 298 36 19 att
740 297 22 20 få
773 297 86 20 ansluta

35 327 44 26 mig
91 327 33 20 till
137 327 59 20 hvad
213 327 58 20 Frih.
284 327 79 20 Wrede
375 328 72 25 yttrat
459 327 7 20 i
479 327 67 20 saken
559 327 40 20 och
612 327 33 20 för
658 332 53 21 egen
725 327 34 20 del
772 327 87 26 tillägga

33 357 105 26 följande:

77 387 34 20 Dä
125 387 33 20 Hr
167 387 55 20 Rein
232 388 87 23 uttalat,
330 389 35 18 att
373 387 64 26 ingen
446 388 40 20 har
494 388 86 20 kunnat
589 390 51 24 säga
650 389 34 19 att
692 388 60 20 finsk
761 387 99 21 medbor-

33 423 64 20 gares
118 417 261 26 värnepligtsskyldighet
400 418 47 19 icke
469 418 70 20 skulle
561 418 94 20 omfatta
677 418 69 20 rikets
767 418 91 23 försvar,

35 448 40 19 och
89 448 35 19 att
137 447 48 26 den,
200 453 47 14 som
260 447 68 20 skulle
341 447 122 20 framställa
477 449 32 19 ett
523 448 80 20 sädant
616 448 127 26 pästäende,
759 454 51 14 vore
823 447 37 20 be-

35 477 33 20 vis
80 477 92 27 skyldig,
186 477 23 20 sä
221 477 67 27 vägar
298 478 38 26 jag
347 484 53 14 vara
412 478 23 20 af
446 484 74 14 annan
532 478 64 20 äsikt.
620 478 43 26 Jag
674 485 65 13 anser
749 480 36 18 att
797 478 7 20 i
816 478 43 26 gäl-

34 508 65 20 lande
113 508 170 26 värnepligtslag
297 514 26 14 en
337 508 48 20 frän
399 508 33 20 Hr
446 508 67 20 Reins
527 508 119 20 afvikande
660 508 145 26 uppfattning
818 508 42 20 fin-

35 544 38 13 nes
82 538 108 26 uttryckt,
201 538 39 19 och
251 539 34 19 att
295 538 36 20 det
341 538 80 26 åligger
431 538 98 20 Hr'Rein
539 540 34 18 att
582 539 49 19 leda
640 538 7 20 i
656 538 62 21 bevis
727 540 35 18 att
772 539 70 19 denna
853 538 6 20 i

33 568 201 26 värnepligtslagen
244 568 107 27 nedlagda
361 568 144 26 uppfattning
516 568 22 20 af
547 569 87 19 landets
643 568 146 27 förpligtelser
798 570 61 24 gent-

33 599 62 18 emot
107 599 79 19 tronen
198 598 40 20 och
251 598 57 20 riket
320 598 47 20 icke
381 598 206 20 öfverensstämmer
599 599 50 19 med
662 599 87 19 landets
762 598 97 26 verkliga

33 628 106 26 ställning
153 628 40 19 och
207 628 48 20 dess
269 628 154 26 skyldigheter,
439 628 83 20 sädana
537 628 26 20 de
577 628 53 20 böra
644 635 59 14 vara.

78 658 46 20 Och
136 658 28 19 dä
174 658 75 20 vidare
261 658 32 20 Hr
299 658 107 20 Mechelin
413 658 40 20 har
464 660 73 24 yttrat
547 660 35 18 att
593 659 41 19 den
645 658 122 27 affattning
777 659 82 20 Värne-

35 687 178 27 pligtsutskottet
232 688 64 26 gifvit
316 688 8 20 1
341 688 9 26 $
364 688 7 20 i
385 688 78 26 sjelfva
477 688 78 20 verket
568 688 48 20 icke
629 689 125 26 principielt
767 688 92 20 innebär

32 719 36 18 ett
97 718 71 26 afsteg
182 718 48 19 från
245 718 59 20 hvad
319 718 7 19 i
341 718 156 20 motsvarande
512 718 103 26 paragraf
629 718 22 21 af
666 719 101 26 gällande
782 720 76 18 värne-

35 747 103 27 pligtslag
148 748 95 26 stadgas,
252 748 23 20 sä
286 748 69 20 mäste
365 748 37 26 jag
412 748 65 20 ocksä
488 748 47 20 häri
545 754 53 14 vara
609 748 22 20 af
641 755 27 13 en
678 754 75 15 annan
763 748 94 26 mening.

34 778 34 25 Ty
85 784 36 13 om
137 784 52 14 man
205 778 175 20 sammanställer
398 778 9 20 1
425 779 10 25 $
451 778 7 20 i
475 779 129 19 nuvarande
620 779 173 26 värnepligtslag
809 778 49 20 med

36 808 39 19 123
87 808 9 25 $
113 808 4 19 1
131 814 65 14 mom.
207 808 8 19 i
226 814 83 14 samma
320 808 41 26 lag,
374 808 23 20 sä
407 808 72 20 finner
490 814 51 14 man
553 808 61 20 deraf
624 808 85 26 framgä
720 809 73 20 säsom
803 814 55 20 upp-

34 837 41 26 gift
88 837 33 20 för
133 838 105 20 Finlands
250 838 128 26 krigsmakt,
391 838 98 20 förutom
501 839 123 19 värnandet
637 838 22 20 af
672 840 78 18 tronen
763 839 41 20 och
826 838 32 20 fä-

35 868 159 23 derneslandet,
212 868 85 20 hvilket
313 868 66 20 äfven
397 868 9 20 1
425 869 10 25 $
451 869 101 23 omtalar,
571 868 65 21 äfven
653 869 154 26 skyldigheten
824 870 34 19 att

34 897 144 26 »derigenom»
189 898 90 26 bidraga
290 898 33 20 till
334 898 167 26 Kejsardömets
512 899 91 20 försvar.
625 899 68 20 Detta
704 901 25 18 är
739 895 119 30 ingalunda

35 927 123 24 detsamma
175 934 46 14 som
239 929 34 19 att
290 928 104 20 Finlands
410 929 123 26 krigsmakt
550 935 52 14 vore
618 927 86 28 skyldig
722 930 35 19 att
774 929 84 20 direkte

33 957 92 26 bidraga
138 958 33 19 till
185 958 37 19 det
235 959 65 25 ryska
313 958 68 20 rikets
393 958 86 21 försvar
492 959 28 26 pä
533 965 84 14 samma
630 960 46 19 sätt
689 965 47 14 som
749 959 109 26 exempel-

32 987 35 20 vis
77 988 178 25 Kejsaredömets
265 988 127 26 krigsmakt.
404 989 33 19 Dä
445 989 106 26 derjemte
561 989 37 20 det
605 989 95 20 innehäll
708 989 150 26 Värnepligts-

33 1017 112 20 utskottet
164 1018 39 19 har
221 1018 65 26 gifvit
304 1019 9 24 $
334 1019 4 18 1
355 1018 8 20 i
382 1019 61 19 detta
463 1019 314 26 sammanjämkningsförslag,
793 1019 40 20 och
851 1019 6 19 i

33 1047 145 20 konformitet
192 1048 89 20 därmed
295 1049 42 19 den
350 1048 121 26 affattning
485 1049 116 20 Utskottet
614 1049 64 26 gifvit
692 1055 66 14 mom.
773 1049 8 20 1
797 1049 7 20 i
819 1049 38 19 123

33 1078 17 24 8,
68 1078 69 19 skulle
155 1078 98 20 medföra
271 1078 28 20 bl.
313 1084 19 14 a.
346 1079 35 19 att
397 1078 105 20 Finlands
518 1079 118 20 landtvärn
653 1079 74 20 kunde
743 1078 114 21 användas

34 1109 62 18 utom
108 1108 86 19 landets
205 1109 95 24 gränser,
313 1108 23 20 sä
348 1109 62 19 torde
421 1108 85 27 framgä
518 1110 35 19 att
564 1109 9 25 $
588 1109 7 19 1
610 1109 68 20 sädan
690 1109 42 20 den
744 1109 114 26 föreligger

32 1137 8 19 i
52 1137 204 26 utskottsförslaget
267 1138 47 19 icke
326 1140 23 18 är
361 1138 22 20 af
394 1144 84 14 samma
489 1139 95 19 innehäll
596 1145 47 13 som
643 1133 12 36 $
672 1139 7 20 1
690 1139 22 20 af
719 1145 29 14 nu
756 1139 101 26 gällande

34 1167 176 26 värnepligtslag.

76 1197 43 20 För
130 1197 66 26 öfrigt
207 1198 68 25 vägar
285 1198 37 26 jag
334 1200 59 18 ännu
405 1198 70 20 erinra
488 1205 35 13 om
535 1200 34 18 att
582 1199 105 20 särskilda
699 1199 98 26 uttryck,
809 1205 48 13 som

31 1227 52 26 ingå
97 1227 7 19 i
117 1228 10 24 3
142 1228 8 19 1
167 1227 22 20 af
202 1227 110 26 förslaget,
327 1230 36 18 äro
378 1228 22 20 af
413 1229 42 19 den
469 1228 153 21 beskaffenhet
635 1230 35 19 att
684 1229 26 20 de
723 1229 47 20 helt
783 1229 74 19 säkert

33 1257 62 20 skola
106 1257 89 20 komma
207 1259 34 18 att
253 1257 48 20 från
312 1258 52 25 rysk
376 1257 46 21 sida
434 1258 126 26 misstydas.
584 1259 33 19 lin
629 1259 68 20 sådan
709 1258 148 27 misstydning

31 1287 71 20 skulle
122 1287 37 26 jag
179 1293 52 14 anse
251 1287 99 21 sannolik
371 1288 96 26 speciellt
488 1288 138 20 beträffande
646 1289 115 26 uttrycket
773 1288 83 20 riket».

33 1317 33 25 Ty
80 1317 37 19 det
131 1318 39 19 har
183 1318 150 20 konstaterats
347 1318 28 26 pä
388 1318 70 26 grund
472 1318 23 20 af
507 1318 52 20 flere
573 1318 136 26 handlingar,
722 1325 47 13 som
783 1318 73 20 blifvit

32 1346 136 26 landtdagen
185 1347 120 24 tillställda,
324 1349 34 19 att
375 1354 26 14 en
412 1348 120 20 ätskillnad
545 1349 79 19 mellan
639 1349 37 19 det
687 1349 66 25 ryska
767 1348 89 26 Kejsar-

33 1376 75 20 dömet
118 1377 13 19 ä
141 1383 41 13 ena
192 1377 62 20 sidan
265 1378 40 19 och
315 1378 13 19 ä
339 1378 41 19 den
391 1378 68 20 andra
479 1378 38 20 det
527 1378 65 26 ryska
603 1378 67 20 Riket
679 1378 72 20 säsom
761 1378 95 20 innefat-

33 1406 67 20 tande
121 1406 168 26 Kejsaredömet
308 1408 41 19 och
369 1408 212 20 Storfurstendömet
598 1408 92 20 Finland
710 1408 48 20 icke
775 1408 81 26 ingäri

31 1436 44 19 den
86 1436 66 26 ryska
163 1436 107 26 juridiska
281 1437 160 26 terminologin.
464 1438 92 25 Följden
568 1438 68 20 skulle
648 1438 69 20 blifva
729 1439 34 19 att
775 1444 27 13 en
813 1437 43 20 för-

31 1465 123 27 blandning
164 1467 109 25 uppstode
283 1467 79 19 mellan
373 1467 61 19 dessa
445 1468 83 19 tvänne
538 1468 95 25 begrepp
643 1468 39 19 och
694 1468 125 25 derigenom
829 1474 27 13 en
