1039 1634
164 94 23 16 46
444 95 23 16 R.
481 99 17 12 0.
513 94 22 17 A.
550 95 52 16 1899.
618 95 23 16 16
654 95 56 16 Mars.

165 153 94 20 Ständer
271 154 108 26 erbjudas,
391 154 47 20 icke
451 154 53 20 böra
515 154 63 20 bestå
590 154 33 20 uti
635 160 26 14 en
673 160 59 14 mera
745 154 84 20 radikal
841 154 50 20 eller
902 159 88 21 genom-

164 183 106 26 gripande
290 184 126 26 förändring
436 184 8 20 i
463 184 54 20 våra
533 184 96 20 militära
645 184 159 23 institutioner,
821 185 57 19 samt
895 184 95 20 nämnde

164 214 41 19 ock
215 215 34 18 att
259 214 72 20 såsom
341 214 90 20 slutsats
441 214 63 20 häraf
514 214 69 20 skulle
593 214 53 26 följa
656 214 165 20 bibehållandet
831 214 22 20 af
862 214 39 20 vår
908 220 82 14 reserv-

163 243 128 21 institution
305 244 8 20 i
328 244 48 20 dess
390 244 148 26 hufvuddrag.
568 244 42 26 Jag
625 244 57 20 hade
696 244 126 26 visserligen
841 244 77 20 tvekat
934 245 34 18 att
982 244 7 19 i

164 274 62 19 detta
240 274 102 20 afseende
355 274 122 20 framställa
492 276 33 18 ett
538 274 113 20 bestämdt
677 274 106 26 yrkande,
799 274 27 20 då
840 274 37 20 det
891 274 96 26 tydligen

163 304 59 20 visat
235 304 31 26 sig
279 305 34 19 att
325 304 118 26 opinionen
455 304 38 20 vid
506 304 134 26 landtdagen
653 304 7 20 i
672 304 124 20 vidsträckt
809 304 53 26 grad
874 306 24 18 är
910 304 33 19 för
956 305 33 18 ett

163 334 152 26 uppgifvande
326 334 22 20 af
360 334 71 20 denna
443 334 134 20 institution.
601 334 71 20 Sedan
684 340 29 14 nu
726 334 119 20 emellertid
857 340 26 14 en
895 334 93 20 medlem

139 378 4 5 -
163 364 22 20 af
202 364 252 26 Värnepligtsutskottet
471 364 111 20 framstält
599 366 33 18 ett
649 364 93 26 positivt
758 364 81 26 förslag
855 364 7 20 i
878 364 61 20 detta
957 364 32 19 af-

163 394 85 23 seende,
279 394 37 19 ber
331 394 65 20 också
410 394 38 26 jag
463 396 34 18 att
512 394 21 19 få
550 394 87 20 förorda
652 394 126 20 återremiss
792 394 33 19 till
840 394 149 25 Värnepligts-

163 424 112 20 utskottet
287 424 58 22 ielet
358 424 58 26 syfte
429 424 33 20 Hr
476 424 117 26 Stjernvall
607 424 97 20 anförde.
735 424 43 25 Jag
790 424 40 19 har
842 424 37 19 vid
892 425 32 18 ett
938 423 51 20 tidi-

162 459 51 20 gare
225 453 85 21 tillfälle
322 454 67 20 redan
401 454 112 26 redogjort
525 454 33 20 för
571 455 26 19 de
609 454 53 23 skäl,
676 454 75 20 hvilka
763 454 34 19 för
808 454 44 26 mig
863 454 7 19 i
882 454 62 19 detta
956 453 33 20 af-

163 484 78 19 seende
258 486 37 18 äro
311 484 168 20 bestämmande
496 485 39 19 och
553 484 27 20 dä
598 484 111 20 dessutom
726 490 26 14 en
769 490 73 14 annan
858 483 129 26 föregäende

162 514 53 19 ärad
229 515 76 22 talare,
321 514 58 20 Frih.
394 521 44 13 von
453 514 66 23 Born,
535 514 37 20 vid
588 514 61 20 detta
664 514 85 20 tillfälle
763 514 111 20 framstält
887 514 101 25 vägande

162 544 47 19 skäl
223 544 35 19 för
273 545 70 19 denna
354 544 62 27 äsigt,
429 544 36 20 vill
476 544 37 26 jag
523 544 47 20 icke
581 544 75 20 vidare
666 545 98 25 upptaga
777 544 102 20 Ständets
889 544 32 19 tid
932 545 55 18 utan

162 574 69 19 slutar
255 574 126 20 härmed.**
940 587 2 2 :

204 634 33 20 Hr
258 635 23 19 L.
302 635 169 19 Mechelin:
510 635 9 19 I
540 634 116 26 anledning
676 634 23 20 af
713 634 58 20 Frih.
786 640 44 14 von
844 634 69 20 Borns
927 635 61 19 utta-

161 664 65 20 lande
238 665 113 25 angäende
362 665 128 20 nuvarande
502 664 228 20 reservinstitutionen
742 664 38 20 ber
790 664 37 26 jag
838 664 21 20 fä
871 664 116 20 framhälla

161 695 34 19 att
212 700 43 17 om,
267 695 70 19 säsom
353 695 36 25 jag
405 695 7 19 i
429 695 117 20 Utskottet
563 695 102 25 päyrkat,
682 695 143 19 landtvärnet
841 694 146 20 underkastas

161 724 82 26 öfning,
258 725 23 19 sä
293 725 40 19 blir
346 725 62 20 detta
420 725 119 19 landtvärn
551 725 107 19 identiskt
670 725 50 19 med
733 724 41 20 den
787 724 33 20 del
833 724 22 20 af
866 724 39 19 vär
917 730 70 13 nuva-

160 754 68 20 rande
242 754 208 23 reservinstitution,
467 761 46 13 som
527 756 87 24 utgöres
629 755 23 19 af
666 755 56 22 dem,
738 754 74 20 hvilka
827 754 85 19 inträda
927 754 7 19 i
948 754 39 19 ak-

160 784 34 19 tiv
209 785 75 25 trupp.
314 784 68 20 Hvad
396 785 48 19 äter
459 784 108 20 beträffar
582 785 41 19 den
638 790 80 17 reserv,
734 790 47 14 som
797 790 29 13 nu
841 783 89 20 föresläs
945 784 40 19 och

161 820 46 14 som
219 815 124 19 motsvarar
355 815 41 20 den
408 815 34 19 del
454 814 22 20 af
488 814 42 21 den
541 815 129 19 nuvarande
680 820 108 17 reserven,
800 820 47 14 som
858 814 129 26 genomgätt

160 844 63 20 aktiv
233 844 76 26 tjenst,
322 845 23 19 sä
357 846 24 18 är
391 846 35 18 att
436 844 38 20 vid
485 844 148 20 bedömandet
644 844 22 20 af
677 844 85 20 antalet
772 844 30 23 är,
815 850 46 14 som
872 844 66 20 borde
949 844 37 20 be-

160 875 107 19 stämmas
281 874 34 20 för
328 880 108 18 reserven,
452 876 62 24 tagas
529 874 7 20 i
550 874 147 20 betraktande
711 874 82 26 jemväl
808 875 33 19 ett
855 874 80 20 sådant
949 874 37 19 be-

159 904 45 20 slut
212 910 48 14 som
269 904 43 23 det,
321 904 86 20 hvilket
415 904 7 20 i
430 904 63 20 afton
502 904 39 20 har
550 904 74 20 blifvit
632 904 85 20 fattadt
726 904 138 20 beträffande
874 904 26 19 de
908 904 77 20 aktiva

159 935 132 25 truppernas
301 934 153 20 användande.
472 934 46 20 När
526 934 82 26 jemväl
618 934 42 20 alla
670 934 54 20 vära
734 939 55 21 egna
799 934 104 20 militärer
912 934 74 26 yttrat

159 965 35 18 att
204 964 55 20 vära
269 965 91 25 trupper
370 964 26 26 gä
408 964 98 20 starkare
517 964 41 20 och
568 964 88 20 säkrare
666 964 8 20 i
683 964 49 23 fält,
744 970 36 13 om
791 964 26 19 de
827 964 159 25 kompletteras

159 993 22 20 af
193 994 79 20 endast
283 994 78 20 öfvadt
373 994 115 26 manskap,
500 994 41 20 och
552 996 40 18 när
604 994 37 20 det
652 994 40 20 har
703 993 103 20 beslutits
817 994 6 19 i
836 994 65 19 saken
913 1000 27 13 en
952 994 33 19 sä-

159 1024 43 19 dan
216 1023 128 26 förändring
358 1024 22 20 af
394 1024 9 25 $
418 1024 46 23 123,
480 1030 46 14 som
540 1029 37 21 ger
590 1024 90 26 uttryck
694 1024 24 19 ät
732 1030 27 13 en
772 1023 161 24 vidsträcktare
947 1029 37 14 an-

158 1053 114 27 vändning
283 1054 22 20 af
316 1054 54 20 vära
382 1054 76 20 aktiva
470 1055 92 25 trupper
572 1056 28 18 än
612 1054 68 26 enligt
691 1054 101 25 gällande
804 1054 40 25 lag,
857 1053 23 20 sä
892 1053 92 20 föranle-

158 1083 38 20 des
208 1089 54 14 man
275 1083 65 20 äfven
353 1084 63 20 häraf
430 1085 34 19 att
477 1084 58 20 fästa
549 1084 101 20 afseende
663 1084 38 19 vid
715 1084 63 19 dessa
791 1083 115 20 militärers
920 1083 63 26 äsigt,

157 1117 36 15 om
207 1114 27 19 de
248 1114 98 19 säkraste
359 1114 124 25 grunderna
496 1114 34 19 för
542 1115 132 25 truppernas
687 1113 178 26 komplettering.
891 1113 42 26 Jag
945 1113 38 19 vill

157 1142 48 20 icke
216 1143 143 26 vidlyftigare
370 1150 98 19 upprepa
481 1144 26 19 de
518 1143 70 21 motiv
600 1144 34 19 för
644 1143 105 26 förslaget
760 1143 34 20 till
805 1143 9 25 $
826 1143 19 23 9,
858 1149 46 13 som
915 1143 69 26 jemte

157 1173 69 19 andra
244 1173 47 20 skäl
302 1173 111 20 föranledt
425 1174 45 25 mig
487 1174 35 19 att
534 1173 95 20 omfatta
642 1174 9 24 $
664 1173 19 20 3.
708 1173 34 19 En
755 1173 182 23 ständsledamot,
950 1173 35 19 Hr

156 1203 81 22 Antell,
253 1203 39 20 har
304 1203 37 20 vid
355 1204 33 19 ett
400 1204 70 19 annat
482 1203 85 20 tillfälle
580 1203 73 20 bättre
666 1205 28 18 än
706 1203 38 25 jag
756 1209 30 13 nu
798 1202 88 23 förmär,
900 1203 84 20 uttalat

157 1232 32 25 sig
197 1232 35 20 för
243 1233 71 19 denna
324 1233 207 20 reservinstitution.:
552 1233 42 26 Jag
603 1233 39 20 ber
651 1233 22 19 få
683 1232 79 21 föreslå
772 1233 34 19 att
816 1232 167 28 bestämningen

155 1262 48 25 i$9
213 1262 71 21 skulle
293 1263 129 25 godkännas
431 1263 40 19 och
481 1262 38 21 ber
528 1264 41 22 att,
580 1263 27 19 dä
617 1263 23 19 vi
648 1263 89 19 komma
748 1262 33 20 till
790 1262 143 20 landtvärnet
942 1262 41 20 och

155 1291 141 21 beträffande
305 1293 9 24 $
323 1293 13 19 3
344 1292 23 21 fä
375 1293 116 20 framhälla
500 1293 35 20 att
544 1293 37 19 det
590 1294 24 19 är
622 1292 166 26 bestämningar
796 1291 22 21 af
826 1292 158 26 jemförelsevis

155 1321 86 20 formell
255 1323 72 22 natur,
341 1323 101 19 rubriker
454 1323 34 20 för
501 1323 27 19 de
540 1323 58 19 olika
612 1323 73 25 slagen
699 1322 23 20 af
734 1322 79 19 härens
826 1323 157 19 sammansätt-

154 1357 59 20 ning.

197 1411 33 20 Hr
245 1411 28 20 K.
297 1412 119 19 Antell:
448 1412 34 20 Dä
497 1412 150 20 diskussionen
662 1418 65 20 synes
741 1413 51 24 taga
807 1418 25 13 en
846 1411 98 26 riktning
958 1412 24 19 sä

153 1441 84 26 tydligt
254 1443 59 18 emot
328 1442 128 20 Utskottets
468 1442 77 26 gjorda
562 1442 168 25 framställning,
749 1442 23 20 sä
789 1441 71 20 finner
876 1441 37 26 jag
930 1442 52 25 mig,

153 1472 57 19 trots
221 1471 39 20 det
269 1471 37 26 jag
316 1471 48 20 icke
375 1472 56 20 hade
442 1473 79 19 önskat
532 1472 44 23 det,
588 1472 56 19 dock
655 1471 87 27 skyldig
753 1473 34 18 att
798 1471 66 20 äfven
875 1471 49 20 med
932 1471 48 20 fara
