1025 1628
332 85 21 16 R.
368 89 16 12 o.
400 85 20 16 A.
435 84 52 17 1899.
502 84 23 17 26
539 84 56 19 April.
842 84 31 16 157

50 145 92 20 sälunda
145 140 12 34 $
174 145 9 19 1
196 146 33 18 ett
239 145 80 25 förslag
329 145 33 19 till
374 145 84 19 Preste-
470 145 39 19 och
521 145 170 20 Bondeständen
703 146 35 18 att
749 145 76 25 frängä
836 144 38 19 sitt

48 175 130 25 föregående
189 175 78 19 beslut.
295 174 32 20 De
339 174 77 23 motiv,
430 180 45 14 som
489 174 76 20 härvid
577 175 69 19 skulle
657 175 7 19 i
677 175 121 19 sistnämda
810 174 64 20 stånd

48 205 94 23 anföras,
155 211 52 13 voro
220 204 183 26 hufvudsakligen
415 204 103 26 följande:
536 204 82 20 Genom
631 206 34 18 att
677 204 32 20 till
722 205 44 24 $:ns
777 204 79 26 lydelse
868 203 5 20 i

50 241 28 13 nu
87 235 100 25 gällande
195 235 35 25 lag
239 234 39 20 har
286 234 83 26 tillagts
378 234 75 26 ryska
462 234 66 20 riket»
541 234 39 20 bör
588 234 117 25 tillräcklig
714 235 86 25 hänsyn
809 233 64 20 hafva

52 264 65 26 tagits
132 264 32 20 till
181 264 26 20 de
223 264 102 26 politiska
340 264 160 23 förhållanden,
517 270 46 14 som
578 264 103 20 betonats
697 264 33 19 uti
746 263 128 27 propositio-

51 301 48 16 nen,
116 295 39 19 och
172 300 46 14 som
233 294 74 19 kunde
322 294 88 26 påkalla
426 295 34 18 att
475 294 59 25 gifva
550 294 131 26 uttryckligt
696 294 141 20 erkännande
852 293 23 20 åt

51 324 171 26 förpligtelserna
235 325 113 24 gentemot
361 324 63 19 riket.
451 324 65 19 Hvad
530 324 98 19 deremot
641 324 139 19 vidkommer
792 323 81 25 frågan,

51 354 108 20 huruvida
172 354 91 20 framför
276 354 61 19 ordet
352 355 108 18 »tronens»
474 354 69 19 skulle
555 353 108 20 erfordras
677 354 67 19 orden
758 354 51 19 »den
823 353 51 26 Kej-

51 384 92 26 serliga»,
158 384 22 19 så
194 384 75 25 gjorde
282 384 31 25 sig
325 384 60 19 inom
399 383 116 20 Utskottet
529 384 41 19 den
584 383 171 26 uppfattningen
768 383 105 26 gällande,

50 415 34 19 att
96 414 26 19 då
135 421 26 12 en
171 414 57 25 gång
240 413 32 20 uti
283 414 32 25 $:n
327 415 92 18 nämnes
430 413 48 20 icke
488 413 58 20 blott
557 413 177 20 fäderneslandet
746 415 54 18 utan
810 413 64 26 ryska

51 444 56 19 riket
117 444 7 19 i
136 444 47 19 dess
194 444 79 23 helhet,
285 444 23 19 så
320 445 65 24 utgör
395 443 67 20 redan
474 443 62 20 detta
547 450 26 13 en
584 443 116 26 tillräcklig
711 443 120 26 förklaring
842 444 32 19 att

49 474 63 20 ordet
127 475 96 18 »tronen»
237 473 39 20 bör
289 473 69 20 fattas
372 473 48 20 icke.
434 473 57 20 blott
506 473 70 20 såsom
591 474 41 19 den
648 473 158 26 Storfurstliga,
821 474 53 19 utan

49 504 66 19 äfven
130 504 72 19 såsom
217 503 41 20 den
273 503 122 26 Kejserliga
410 505 78 18 tronen
502 503 7 20 i
523 505 146 18 sammansatt
684 504 94 25 mening.
808 503 66 25 Förty

51 534 62 19 torde
128 534 67 25 något
211 533 68 26 epitet
294 533 92 20 framför
401 535 97 18 »tronen»
513 533 47 20 icke
575 533 115 20 erfordras.
721 533 68 20 Dessa
806 533 67 19 motiv

51 564 92 19 rörande
153 564 9 19 1
172 564 9 25 $
190 563 60 20 skola
259 569 29 14 nu
296 563 146 26 framläggasi
460 563 84 20 Preste-
553 563 39 20 och
601 563 179 24 Bondeständen,
790 563 84 20 hvilkas

50 594 78 25 åtgärd
142 593 7 20 i
164 594 69 19 denna
248 594 9 24 $
271 593 143 20 erfordras.**

92 653 118 26 Angäende
223 651 102 27 förslaget
337 653 7 19 i
358 653 48 19 dess
418 653 74 19 helhet
505 654 96 25 utspann
615 653 31 25 sig
659 653 52 19 härä
724 652 97 27 följande
834 652 41 20 dis-

52 683 94 19 kussion:

93 743 33 19 Hr
138 743 97 20 Ernst
256 742 186 20 Estlander:
466 743 42 25 Jag
520 742 38 20 ber
569 744 34 18 att
613 742 24 20 få
649 742 33 20 till
694 743 133 25 protokollet
839 748 36 14 an-

51 773 58 19 mäla
120 774 34 18 att
163 773 37 25 jag
209 772 48 20 icke
267 772 58 20 varit
335 772 108 20 tillstädes
454 773 40 19 och
506 772 91 26 deltagit
607 773 6 19 i
624 773 26 19 R.
663 779 18 13 o.
693 773 37 19 A:s
741 772 134 20 förhandlin-

51 808 38 20 gar
101 803 38 20 vid
152 803 26 20 de
191 802 87 27 privata
291 803 194 20 sammanträdena
498 803 42 20 den
554 803 25 19 12
591 802 40 20 och
646 803 25 20 13
683 802 7 20 i
704 803 71 20 denna
788 802 86 20 mänad.

54 833 131 20 Derutöfver
205 833 38 19 ber
264 833 36 26 jag
321 834 35 18 att
369 833 38 19 vid
422 833 62 20 detta
497 833 85 20 sekreta
596 833 242 19 ständssammanträde
850 844 25 2 —

52 863 90 23 hvilket,
160 863 71 19 säsom
248 869 51 13 man
315 863 24 25 ju
355 862 34 20 fär
405 863 91 25 hoppas,
513 863 48 19 icke
577 863 54 19 skall
648 862 121 26 efterföljas
786 862 22 20 af
824 862 51 20 flere

52 893 147 26 dylika
147 888 15 35 —
173 888 27 35 dä
217 893 40 19 här
274 892 113 26 föreligger
406 892 148 26 afslutningen
573 892 21 20 af
613 893 262 25 Värnepligtsutskottets

51 923 79 25 förslag
145 923 33 19 till
193 923 117 25 ändringar
325 923 6 19 i
346 922 207 26 värnepligtslagen,
569 923 112 25 angäende
697 923 62 19 detta
775 922 80 25 förslag
869 922 6 19 i

52 953 48 19 dess
113 953 73 19 helhet
198 952 22 20 fä
233 953 71 19 uttala
317 952 104 26 följande:

95 982 43 20 Det
160 982 80 26 förslag
258 982 253 26 Värnepligtsutskottet
528 982 69 20 riktat
616 982 32 19 till
667 982 100 23 ständen,
786 982 91 19 innebär

53 1012 152 26 förändringar
216 1012 47 20 icke
275 1012 58 19 blott
344 1012 8 19 i
365 1012 41 19 den
419 1012 95 20 militära
527 1012 175 26 organisationen
715 1012 22 20 af
749 1012 39 19 vär
800 1013 76 18 värne-

53 1042 89 26 pligtiga
156 1042 58 20 arm6
227 1043 54 18 utan
293 1042 41 19 ock
346 1042 7 19 i
366 1042 51 19 värt
429 1042 63 19 lands
505 1042 88 25 statliga
605 1042 152 20 förhällanden
770 1042 41 19 och
823 1042 51 22 rätt,

52 1072 124 25 ändringar,
199 1078 46 13 som
267 1071 143 26 genomförda
432 1072 74 19 kunde
527 1073 51 24 göra
599 1071 159 26 tvifvelaktigt,
782 1077 35 13 om
840 1077 36 13 ens

52 1102 98 25 grunden
162 1101 33 20 för
206 1102 39 19 vär
258 1102 127 19 nuvarande
397 1101 262 26 värnepligtsinstitution
671 1102 72 19 säsom
756 1101 120 26 utgörande

52 1133 33 18 ett
106 1131 184 20 nationalförsvar
311 1131 109 23 kvarstär,
442 1131 29 25 ja,
487 1131 77 20 tvifvel
586 1132 160 19 underkastadt
773 1137 35 13 om
830 1131 46 19 icke

53 1163 72 18 rätten
136 1161 34 19 för
179 1162 50 18 värt
240 1162 50 18 land
301 1162 34 18 att
345 1161 62 19 bestä
418 1161 72 19 säsom
501 1162 45 19 stat
556 1162 55 19 satts
623 1161 26 26 pä
660 1162 52 25 spel.

96 1191 126 19 Utskottets
246 1191 158 19 förberedande
428 1190 187 26 framställningar
638 1191 66 20 hafva
729 1191 6 19 i
751 1190 125 20 hufvudsak

53 1221 80 19 vunnit
156 1221 112 25 majoritet
289 1221 60 19 inom
371 1221 209 25 representationen,
604 1227 26 13 en
652 1221 120 25 majoritet,
802 1226 46 14 som
870 1220 6 20 i

53 1251 120 25 väsentliga
185 1250 72 26 frägor
268 1251 40 19 och
320 1250 72 27 frägor
403 1252 16 19 t.
432 1257 19 14 o.
464 1256 29 15 m.
506 1250 21 21 af
538 1251 185 26 grundlagsnatur
734 1250 46 21 ofta
792 1250 84 20 bestätt

51 1281 23 20 af
83 1283 33 18 tre
127 1281 65 19 ständ
203 1282 45 18 mot
260 1282 39 21 ett,
311 1281 104 19 stundom
426 1281 22 19 af
458 1281 39 19 tvä
508 1281 65 19 ständ
584 1282 46 18 mot
641 1281 45 19 tvä.

93 1310 51 20 Med
158 1310 70 20 denna
243 1310 117 26 utredning
374 1310 22 20 af
409 1310 139 26 stämningen
562 1310 59 20 inom
635 1310 134 26 landtdagen
783 1310 40 20 har
837 1310 39 19 Ut-

52 1340 84 20 skottet
150 1340 106 20 förklarat
270 1340 31 26 sig
312 1340 93 20 tillfreds
420 1340 40 19 och
474 1340 89 20 sinnadt
577 1341 34 19 att
625 1340 50 19 med
688 1340 88 26 ledning
790 1339 22 20 af
826 1340 50 19 den-

52 1376 84 14 samma
151 1371 96 25 uppgöra
262 1370 39 19 sitt
315 1370 87 25 slutliga
417 1370 146 19 betänkande.

94 1400 34 19 Då
142 1400 136 20 förfarandet
287 1400 49 19 med
346 1400 62 19 dessa
418 1400 98 19 enskilda
525 1400 257 19 ständssammanträden
792 1399 40 19 och
841 1399 36 19 be-

52 1430 55 18 sluts
123 1429 101 20 fattande
240 1429 37 19 vid
294 1429 50 19 dem
359 1429 55 20 först
430 1429 95 26 vidtogs,
542 1430 80 19 skedde
639 1430 67 22 detta,
724 1429 33 19 för
772 1430 35 19 att
824 1428 53 20 deri-

51 1464 79 20 genom
154 1459 69 19 skulle
241 1459 74 20 kunna
334 1459 110 19 undvikas
462 1459 46 19 dels
525 1460 34 18 att
578 1459 125 19 utskottens
722 1458 154 20 betänkanden
