1031 1631
158 78 38 16 218
450 79 21 17 R.
485 83 17 13 o.
518 79 20 17 A.
552 79 52 17 1899.
618 80 23 16 18
654 80 45 20 Maj.

159 144 79 20 genom
250 144 26 14 en
287 139 120 26 uttrycklig
417 138 120 27 förklaring
548 140 34 19 att
594 139 62 20 dessa
667 139 95 20 ärenden
773 139 60 20 skola
845 139 121 20 behandlas
976 139 5 19 i

160 168 42 20 den
216 168 41 20 och
272 169 41 19 den
327 168 126 27 ordningen,
469 169 71 20 uttala
554 169 60 20 hvad
628 169 22 20 vi
663 175 52 14 anse
729 169 34 20 för
775 169 82 26 lagligt,
871 168 60 27 gifva
946 168 37 20 det

158 200 75 18 svaret
243 200 35 18 att
288 198 75 20 viicke
370 199 87 19 kunnat
465 200 97 25 upptaga
570 199 62 20 detta
639 199 80 20 ärende
726 199 33 20 till
767 199 68 26 saklig
842 199 140 25 behandling,

160 228 23 20 sä
194 230 24 18 är
228 228 38 20 det
275 228 44 21 lika
328 230 46 18 rätt
384 230 35 18 att
429 228 22 20 vi
461 229 109 20 behandla
580 229 102 23 ärenden,
693 229 82 23 hvilka,
786 234 36 14 om
832 228 65 20 ocksä
898 224 12 33 i
924 228 58 20 sväf-

159 258 73 20 vande
247 258 41 20 och
301 258 116 26 tvetydiga
432 259 41 19 och
487 258 48 20 frän
550 258 53 20 vära
618 259 87 26 vanliga
720 258 80 20 former
815 258 118 20 afvikande
948 260 34 18 ut-

159 288 92 26 uttryck
261 288 82 20 lemnas
353 288 33 20 till
398 288 129 24 Ständerna,
539 290 84 24 utsäga,
635 289 28 25 pä
673 288 89 21 hvilken
773 288 57 20 basis
840 288 22 20 vi
873 288 64 20 ställa
948 294 34 14 oss

158 318 41 20 och
214 318 60 20 hvad
288 318 82 26 följden
384 318 47 24 blir,
447 324 36 14 om
497 320 33 18 ett
545 318 71 26 dylikt
630 318 80 20 ärende
724 318 69 20 skulle
807 318 85 26 afgöras
906 318 7 20 i
927 318 54 20 strid

158 348 50 20 med
221 348 104 20 Finlands
336 348 66 26 lagar.
862 349 2 2 |

201 408 59 21 Trih.
272 409 26 20 R.
317 409 24 19 A.
397 409 80 20 Wrede:
499 409 75 20 Såsom
583 409 98 19 ledamot
691 409 22 19 af
723 409 158 26 Lagutskottet
891 408 43 20 kan
944 408 38 26 jag

158 438 48 20 icke
216 444 54 15 vara
280 440 69 19 annat
359 440 28 19 än
398 439 100 20 tacksam
509 438 33 21 för
553 439 26 19 de
589 439 120 25 yttranden
720 444 46 14 som
777 438 138 20 beträffande
926 438 55 20 före-

158 469 101 25 liggande
270 468 79 27 förslag
360 468 99 26 afgifvits
469 468 23 20 af
503 468 43 20 Hrr
556 468 106 20 Mechelin
673 469 40 19 och
725 468 80 20 Antell.
827 468 116 20 Huruvida
954 468 27 20 de

158 498 80 26 förslag
249 498 33 20 till
294 498 98 26 ändring,
405 504 47 14 som
464 498 22 20 af
497 498 33 20 Hr
541 498 106 20 Mechelin
659 498 91 24 anförts,
763 498 66 20 borde
840 498 82 20 införas
934 504 48 20 pre-

156 528 30 20 cis
200 528 7 20 i
222 528 26 20 de
264 528 87 26 ordalag
365 528 33 20 Hr
412 528 106 20 Mechelin
531 528 118 26 föreslagit,
665 530 23 18 är
702 528 120 26 nägonting
836 534 46 14 som
895 528 38 26 jag
946 528 34 20 för

157 558 139 26 ögonblicket
308 558 47 20 icke
367 558 44 20 kan
423 558 51 20 fullt
487 558 73 20 säkert
573 558 80 26 afgöra,
668 564 49 14 men
730 564 63 14 anser
805 558 49 20 dem
855 554 12 34 i
887 558 41 20 alla
941 558 38 20 fall

157 594 52 14 vara
222 588 69 20 värda
304 588 38 20 allt
355 588 130 20 beaktande.
511 588 142 20 Beträffande
665 589 33 19 ett
711 588 22 20 af
746 588 61 19 dessa
819 587 86 27 förslag,
919 589 61 18 näm-

157 618 57 26 ligen
225 618 45 23 det,
282 624 47 14 som
339 617 79 21 hänför
429 618 32 26 sig
471 618 33 19 till
515 618 164 26 motiveringen,
692 618 38 20 ber
740 617 37 27 jag
788 617 21 20 fä
821 619 80 19 nämna
913 617 66 26 nägra

157 648 45 20 ord.
218 647 46 20 Det
273 648 66 26 gäller
349 647 103 27 förslaget
463 654 35 13 om
509 648 139 19 uteslutande
659 648 22 19 af
692 648 41 19 den
744 653 83 20 passus,
839 648 38 19 der
887 647 92 20 Utskot-

157 679 33 18 tet
206 678 84 19 uttalar
304 684 27 13 en
347 677 165 26 beredvillighet
527 677 48 20 frän
592 677 133 20 Ständernas
741 678 46 19 sida
803 679 34 18 att
853 677 55 20 efter
923 683 56 14 sam-

156 709 120 24 vetsgrann
290 707 101 26 pröfning
404 707 68 26 enligt
487 707 94 20 rättvisa
597 707 39 20 och
653 707 100 26 billighet
766 707 81 26 pätaga
862 707 31 26 sig
907 707 70 20 ökade

156 737 121 20 materiella
298 737 157 26 uppoffringar,
477 737 7 20 i
506 737 102 21 händelse
629 737 109 26 nämligen
757 737 104 26 förslaget
875 737 7 20 i
897 737 79 26 grund-

156 767 140 26 lagsordning
309 767 119 26 förelägges
443 767 128 20 Ständerna.
600 767 43 26 Jag
657 767 39 20 har
710 767 33 20 för
757 767 45 20 min
817 767 34 20 del
865 767 113 26 ingenting

156 798 60 19 emot
226 798 36 19 att
272 797 70 20 denna
353 803 77 20 passus
440 797 64 26 utgär
512 803 25 14 ur
544 797 157 20 betänkandet.
717 797 42 26 Jag
767 803 62 14 anser
836 797 41 20 den
884 797 7 20 i
899 797 78 26 sjelfva

153 827 77 20 verket
250 833 53 14 vara
322 827 87 20 alldeles
429 827 134 26 öfverflödig.
596 827 44 20 Det
658 827 44 20 kan
722 828 62 25 sägas
805 828 53 19 utan
872 827 105 20 indiskre-

156 857 53 23 tion,
222 858 36 19 att
270 857 41 20 den
322 857 129 20 tillkommit
462 857 91 20 emedan
565 857 67 26 nägra
643 857 143 20 medlemmar
796 857 7 19 i
813 857 123 22 Utskottet,
944 857 33 19 till

156 887 74 20 hvilka
241 887 38 26 jag
289 887 47 20 icke
347 887 74 23 hörde,
433 887 81 26 ansägo
525 888 33 19 ett
569 887 80 20 sädant
660 887 115 20 uttalande
787 886 100 26 önskligt.
911 887 66 19 Hvad

154 917 37 26 jag
204 917 57 20 dock
273 917 50 20 ville
335 918 58 25 säga,
407 918 30 22 är,
451 918 34 19 att
498 917 41 19 den
552 917 165 26 beredvillighet
729 916 33 20 till
775 916 70 20 ökade
857 916 120 20 materiella

155 946 158 27 uppoffringar,
329 953 47 13 som
391 947 40 19 här
445 948 133 22 omnämnes,
594 946 68 26 enligt
675 946 46 20 min
736 946 68 20 tanke
818 946 28 26 pä
860 946 57 20 intet
932 947 45 19 sätt

155 977 43 19 kan
208 976 93 20 hänföra
312 976 31 26 sig
352 976 33 20 till
396 977 26 19 de
432 976 7 20 i
449 976 163 26 propositionen
622 976 112 26 angäende
745 976 41 19 den
797 976 119 25 personella
926 977 51 18 tun-

154 1012 42 20 gan
208 1006 108 26 ingäende
328 1006 115 26 förslagen.
468 1006 67 20 Detta
549 1006 66 19 borde
627 1012 53 14 vara
693 1006 58 19 klart
763 1011 78 20 genom
854 1005 123 26 adjektivet

154 1036 127 23 materiella,
297 1036 84 20 hvilket
395 1036 37 19 väl
447 1036 98 25 angifver
559 1037 35 18 att
609 1036 38 19 det
661 1037 24 18 är
699 1035 61 26 fråga
775 1041 36 14 om
826 1035 151 26 uppoffringar

153 1066 106 25 antingen
270 1065 7 20 i
289 1065 179 26 penningemedel
479 1066 50 19 eller
541 1066 27 25 pä
581 1067 68 18 annat
661 1066 45 19 sätt
718 1065 22 20 af
752 1065 110 20 materielt
873 1065 102 23 innehäll,

154 1095 71 20 säsom
239 1101 79 20 genom
333 1095 154 26 uppställande
500 1095 23 20 af
536 1101 43 20 nya
592 1101 78 20 vapen.
697 1095 50 20 Men
760 1095 37 26 jag
810 1095 40 20 har
862 1095 7 19 i
883 1095 41 20 alla
938 1095 37 20 fall

152 1125 115 26 ingenting
280 1127 59 18 emot
352 1127 35 18 att
400 1125 114 26 meningen
529 1125 69 26 utgär.
625 1125 42 26 Jag
680 1125 38 20 ber
731 1126 34 19 att
778 1125 22 19 fä
814 1125 114 20 hemställa
943 1125 33 20 till

153 1156 71 19 mötet
239 1156 36 19 att
290 1157 69 18 mötet
375 1155 50 20 ville
440 1155 75 20 bifalla
530 1155 32 20 till
579 1155 32 19 Hr
626 1155 117 20 Mechelins
759 1154 85 26 förslag,
861 1156 34 18 att
911 1155 27 20 de
953 1155 23 20 af

154 1185 80 20 honom
250 1185 130 26 ifrägasatta
397 1185 211 26 ändringsförslagen
624 1185 70 19 mätte
711 1184 144 20 öfverlemnas
871 1184 33 20 till
920 1185 56 25 Lag-

153 1215 112 19 utskottet
279 1215 34 19 för
327 1216 34 18 att
376 1215 37 19 vid
429 1215 42 19 den
485 1215 87 25 slutliga
585 1214 135 26 justeringen
735 1213 23 21 af
773 1214 47 19 dess
835 1214 141 20 betänkande

152 1246 64 24 tagas
227 1244 7 20 i
246 1244 169 26 öfvervägande.

196 1274 68 20 Hvad
279 1274 106 20 beträffar
400 1274 77 26 frågan
493 1280 35 13 om
544 1274 129 19 sambandet
689 1274 92 19 emellan
798 1273 61 20 dessa
875 1279 30 14 nu
920 1273 55 20 före-

153 1304 101 25 liggande
267 1303 73 26 frägor
352 1304 41 19 och
406 1304 26 19 de
445 1304 78 25 frägor,
537 1310 46 13 som
596 1303 117 20 Utskottet
725 1303 49 19 haft
787 1304 34 18 att
830 1303 109 20 behandla
947 1303 27 26 pä

152 1334 71 25 grund
239 1333 24 20 af
278 1333 26 20 de
319 1333 33 20 till
369 1333 122 20 Ständerna
506 1333 37 20 vid
559 1333 144 25 landtdagens
719 1333 78 25 början
813 1332 161 21 öfverlemnade

154 1363 195 25 propositionerna,
358 1363 38 26 säg
403 1363 37 19 vill
452 1363 37 25 jag
501 1363 74 19 derom
586 1363 47 20 icke
645 1364 100 18 närmare
758 1362 70 20 uttala
840 1362 50 26 mig,
899 1363 27 19 dä
938 1362 38 26 jag

153 1398 63 14 anser
229 1393 73 19 denna
315 1392 60 26 fräga
389 1392 51 20 falla
454 1394 62 18 utom
529 1391 115 21 föremälet
655 1392 34 20 för
701 1392 53 20 vära
769 1392 188 26 öfverläggningar
969 1392 7 20 i

152 1422 70 23 afton;
249 1422 38 20 vill
300 1422 58 20 blott
371 1422 7 20 i
391 1422 89 20 korthet
494 1422 87 26 angifva
595 1423 34 19 att
642 1422 37 26 jag
692 1422 7 19 i
713 1422 36 20 det
763 1422 112 20 afseendet
888 1422 46 20 stär
947 1422 27 26 pä

152 1458 84 14 samma
250 1452 139 26 ständpunkt
403 1458 46 14 som
464 1452 42 19 Hrr
519 1452 105 20 Mechelin
637 1452 40 19 och
691 1452 108 19 Antell.**
