1028 1631
329 86 21 16 R.
365 90 17 12 0.
397 86 20 16 A.
431 85 52 17 1899.
498 85 22 17 18
534 85 45 20 Maj.
828 86 34 15 209

40 147 25 19 V.
84 146 31 23 L.,
133 146 91 20 emedan
241 146 9 25 $
268 146 40 20 122
324 146 107 26 svårligen
447 146 44 20 kan
507 146 70 20 fattas
593 146 137 20 annorlunda
747 147 28 19 än
791 146 70 19 såsom

39 176 154 20 innehällande
206 176 42 20 alla
260 176 94 26 grunder
366 176 34 20 för
411 176 200 26 militiebudgetens
623 176 143 26 uppgörande
778 175 40 20 och
829 175 32 19 sä-

40 206 59 20 ledes
111 205 102 21 afseende
226 206 42 20 alla
282 205 90 27 utgifter
384 206 34 20 för
431 206 95 20 militära
540 206 108 23 ändamål,
664 206 88 19 hvadan
766 204 95 27 proposi-

40 236 75 19 tionen
127 242 36 13 om
175 237 32 18 ett
218 235 111 20 finansielt
340 236 75 26 anslag
428 236 32 20 till
474 236 66 26 ryska
551 236 67 19 rikets
630 235 165 26 militärbudget
806 234 56 20 afser

39 265 94 26 ändring
145 266 81 26 jemväl
237 265 22 20 af
269 265 26 20 de
305 265 7 20 i
322 266 9 24 $
343 266 39 20 122
392 266 106 26 stadgade
507 266 101 26 grunder.
622 265 52 20 Man
684 266 44 19 kan
738 264 123 26 visserligen

40 297 53 24 säga
107 296 34 19 att
158 296 26 19 de
194 295 156 26 statsrättsliga
367 296 52 23 skäl,
437 302 46 14 som
500 296 22 20 af
537 295 157 27 Lagutskottet
710 297 38 18 äro
764 294 96 23 anförda,

41 325 64 20 äfven
122 326 54 19 utan
193 326 61 19 detta
272 325 138 26 åberopande
427 326 76 20 kunna
520 332 63 14 anses
596 331 52 14 vara
662 325 136 25 tillräckliga,
813 330 48 14 men

40 355 37 25 jag
90 356 52 22 tror,
157 356 34 19 att
205 361 51 14 man
270 355 81 26 jemväl
366 356 40 19 har
421 356 46 20 skäl
483 357 34 19 att
531 357 52 24 taga
594 355 7 20 i
612 355 162 26 öfvervägande
785 355 34 19 att
829 355 33 19 ett

41 385 139 26 åberopande
197 385 23 20 af
238 386 39 19 122
295 386 9 24 $
320 385 7 19 i
344 385 25 21 V.
382 385 23 20 L.
423 386 84 20 kanske
523 386 80 19 lättare
619 385 80 20 förstås
716 384 23 20 af
756 384 55 24 dem,
829 384 32 20 till

41 415 74 20 hvilka
133 415 62 20 dessa
212 415 94 20 motiver
320 417 36 18 äro
371 415 93 24 riktade,
475 417 28 19 än
517 416 27 19 de
559 415 38 20 ås.
609 415 22 19 11
649 414 92 21 anförda
757 414 104 26 skälen.!)

84 445 88 20 Jämväl
180 446 33 18 ett
220 446 69 19 annat
296 445 163 26 önskningsmål
467 446 50 19 ville
524 446 37 25 jag
569 445 71 20 uttala
648 444 139 20 beträffande
798 444 64 20 moti-

41 481 48 13 ven.
99 475 30 19 På
137 475 39 19 sid.
188 475 23 19 13
219 481 64 19 synes
290 475 44 26 mig
342 475 107 26 nämligen
457 476 36 19 att
500 482 26 13 en
534 475 135 26 uteslutning
676 474 74 20 kunde
756 474 64 20 lända
826 474 36 20 be-

41 504 124 20 tänkandet
177 505 31 19 till
220 510 62 20 gagn.
295 504 43 20 Der
349 507 24 18 är
384 505 63 26 sagdt
457 505 7 19 i
476 505 53 20 sista
543 505 86 26 stycket
640 510 47 14 som
694 504 85 26 föregår
787 504 75 20 afslut-

41 534 86 26 ningen:
134 535 52 19 »Det
192 534 71 20 finska
269 534 68 20 folket
343 535 65 26 begär
413 535 47 20 icke
466 536 34 19 att
505 535 143 25 undandraga
654 534 32 26 sig
691 534 33 20 sin
729 534 66 26 plikt»
800 540 60 14 o.s.v.

83 564 77 20 Denna
175 564 173 26 mellanmening,
358 571 46 13 som
418 565 74 20 ställer
505 565 7 19 i
527 564 68 26 utsigt
609 571 26 13 en
650 564 165 26 beredvillighet
828 564 34 20 att

41 594 132 26 tillmötesgå
184 594 104 20 framtida
298 594 159 26 propositioner
467 601 36 14 om
513 594 125 27 uppoffring
648 594 34 20 för
691 594 95 20 militära
796 593 66 20 ända-

41 624 51 24 mål,
107 630 64 20 synes
184 624 44 26 mig
240 624 7 20 i
260 624 62 20 detta
336 625 158 26 sammanhang
507 630 66 20 gerna
585 624 75 20 kunna
673 624 52 20 falla
738 624 57 20 bort.
813 623 49 20 Icke

42 654 73 20 derför
123 656 34 18 att
167 654 36 20 det
211 654 48 20 icke
267 654 6 20 i
282 654 41 20 och
331 654 33 20 för
373 654 31 26 sig
413 661 51 13 vore
473 661 26 13 en
508 654 65 26 rigtig
581 654 73 23 tanke,
664 660 47 14 som
719 654 41 20 här
768 655 92 24 utsäges,

42 685 54 19 utan
109 684 74 20 därför
195 685 41 22 att,
251 684 27 20 då
292 684 42 20 den
346 684 56 20 läses
418 684 3 20 i
435 684 107 20 samband
556 684 48 20 med
618 684 159 25 motiveringen
790 683 32 20 till
836 689 25 13 en

43 714 142 26 proposition,
197 714 68 20 sådan
276 720 46 14 som
332 714 42 20 den
384 720 36 14 om
430 714 72 20 finska
513 714 105 20 soldaters
628 714 158 26 inrangerande
795 713 67 19 bland

41 744 65 25 ryska
118 745 91 25 trupper
220 744 40 20 och
273 744 26 20 då
312 744 39 20 här
362 744 47 20 icke
420 746 62 24 göres
494 744 119 26 uttrycklig
625 744 93 19 skillnad
730 743 79 20 mellan
821 743 41 19 den

37 780 44 13 ena
99 774 40 20 och
157 774 41 19 den
215 774 69 20 andra
300 774 171 26 propositionen,
490 774 37 20 det
544 775 78 19 nästan
639 774 127 19 framkallar
782 774 33 18 ett
831 772 31 20 in-

41 804 71 25 tryck,
130 810 46 14 som
193 810 36 13 om
245 810 51 13 man
313 804 39 20 här
368 804 51 20 ville
435 804 86 20 utlofva
538 805 68 19 större
623 803 172 26 beredvillighet,
812 804 28 18 än
855 802 7 20 i

41 833 150 26 verkligheten
202 840 52 13 vore
263 834 81 26 möjlig.
365 834 34 20 Då
410 834 75 20 vidare
496 834 72 20 härtill
579 834 104 22 kommer,
695 834 34 19 att
741 832 121 20 Ständerna

41 863 37 20 vid
98 864 71 19 denna
184 864 106 26 landtdag
306 863 69 20 blifva
391 863 6 20 i
413 864 85 20 tillfälle
515 865 34 19 att
565 864 71 19 uttala
652 863 32 26 sig
700 869 47 14 som
759 868 36 14 om
807 862 55 20 både

41 893 121 20 materiella
180 893 90 26 utgifter
288 894 40 19 och
345 894 68 19 andra
427 894 158 26 uppoffringar,
600 893 22 20 så
636 893 40 20 har
688 893 36 25 jag
738 892 79 20 önskat
830 892 32 19 till

41 923 162 26 öfvervägande
220 923 128 24 framställa,
360 923 109 20 huruvida
479 923 48 20 icke
538 924 61 19 detta
611 923 76 26 stycke
697 922 73 20 kunde
781 922 81 20 lemnas

42 953 57 20 bort.
133 953 72 26 Något
222 953 75 20 vidare
313 953 39 20 har
368 953 37 26 jag
421 953 33 20 för
471 953 45 20 min
533 953 34 20 del
583 953 47 19 icke
646 954 35 18 att
691 952 6 20 i
708 952 117 25 anledning
841 951 22 20 af

41 982 168 26 Lagutskottets
227 983 139 20 betänkande
383 983 111 20 anföra.**

84 1031 33 19 Hr
131 1031 118 19 Antell:
279 1031 167 25 Lagutskottets
460 1030 145 20 förevarande
619 1030 141 20 betänkande
773 1030 91 20 innebär

41 1061 72 19 säsom
123 1061 22 19 vi
155 1061 86 19 kunnat
250 1060 99 20 inhemta
359 1062 33 18 ett
402 1060 80 26 förslag
492 1062 34 19 att
535 1061 121 19 Ständerna
666 1060 69 20 skulle
745 1060 74 26 afböja
829 1061 34 19 att

41 1090 50 26 ingå
107 1090 7 20 i
130 1090 132 26 behandling
278 1090 22 20 af
316 1090 27 20 de
358 1090 33 20 till
408 1090 123 20 Ständerna
547 1092 72 18 senast
635 1090 162 20 öfverlemnade
813 1090 49 20 nåd.

42 1126 102 20 prop:rna
163 1120 40 20 och
221 1120 37 26 jag
270 1122 91 24 antager
373 1120 33 20 för
418 1120 70 26 gifvet
501 1122 34 18 att
548 1120 37 20 det
597 1120 47 20 icke
657 1120 53 20 skall
724 1121 60 19 möta
797 1120 66 25 nägra

41 1150 135 26 svårigheter
191 1151 33 19 att
239 1150 7 19 i
261 1150 61 20 detta
338 1150 100 20 afseende
453 1150 68 20 vinna
536 1150 195 26 samstämmighet.
762 1147 19 22 A
796 1150 67 19 andra

41 1180 62 19 sidan
117 1180 48 20 äter
178 1186 64 20 synes
256 1180 36 20 det
306 1180 44 26 mig
364 1181 34 19 att
411 1180 26 20 de
447 1180 87 26 privata
543 1180 194 26 öfverläggningar,
746 1179 75 20 hvilka
828 1180 36 25 egt

42 1215 48 14 rum
103 1210 68 20 under
182 1210 110 26 förloppet
304 1210 22 20 af
338 1210 70 20 denna
419 1210 114 26 landtdag,
546 1210 73 20 blifvit
630 1210 23 19 sä
666 1211 33 18 att
712 1211 51 24 säga
775 1215 26 14 en
813 1211 51 23 väg-

40 1240 89 25 ledning
143 1239 33 20 för
191 1240 25 19 de
232 1240 92 23 utskott,
340 1240 109 25 nämligen
463 1240 158 26 Lagutskottet
636 1240 39 19 och
690 1239 174 26 Värnepligtsut-

41 1269 92 23 skottet,
146 1275 46 14 som
205 1269 48 20 haft
265 1269 31 26 sig
308 1270 123 25 uppdraget
443 1271 34 18 att
490 1270 113 19 förbereda
616 1269 26 20 de
653 1269 99 26 tidigare,
765 1269 50 19 eller
827 1268 37 20 vid

42 1299 145 26 landtdagens
199 1299 78 26 början
290 1299 161 20 öfverlemnade
465 1300 50 19 näd.
529 1305 102 20 prop:rna
644 1299 32 20 till
690 1299 133 20 Ständernas
833 1298 31 20 af-

40 1329 103 25 görande.
163 1328 43 20 Det
216 1335 64 19 synes
289 1328 44 26 mig
344 1329 77 23 derför,
432 1335 47 13 som
490 1335 35 13 om
535 1329 26 19 de
571 1328 161 24 betänkanden,
744 1328 74 20 hvilka
832 1329 33 19 rö-

41 1358 68 20 rande
120 1359 62 19 dessa
192 1358 92 26 tidigare
296 1358 158 26 propositioner
464 1359 90 19 komma
565 1360 34 18 att
609 1358 111 24 aflemnas,
733 1358 68 20 skulle
812 1358 52 19 böra

42 1390 77 24 utgöra
134 1390 33 18 ett
182 1388 89 26 uttryck
285 1388 33 20 för
333 1389 41 19 den
390 1388 190 26 samstämmighet
594 1388 138 20 beträffande
747 1388 62 19 dessa
822 1387 43 20 frä-

40 1423 45 20 gor,
104 1418 87 19 hvilken
208 1418 91 19 vunnits
316 1418 70 20 under
402 1418 71 20 denna
491 1418 112 26 landtdag,
636 1418 63 19 Huru
716 1418 38 19 det
771 1417 93 26 slutliga,

77 1464 12 21 1)
105 1466 36 15 Sid.
156 1466 69 16 11—13
240 1466 96 15 motsvara
349 1466 34 15 sid.
398 1466 67 16 78—81
482 1466 4 15 i
501 1466 100 20 bilagorna.

843 1500 21 16 14
