1028 1628
337 83 21 17 R.
372 87 17 12 0.
405 83 20 16 A.
439 83 52 17 1899.
507 83 24 17 26
546 83 55 20 April.
848 84 32 16 167

57 143 71 19 säsom
146 143 85 22 sädant,
249 143 176 20 sammanträder
441 143 34 19 för
491 144 34 19 att
542 143 124 26 ändteligen
683 143 111 20 behandla
811 143 70 20 denna

57 172 67 26 fråga,
140 172 27 20 R.
182 179 19 14 o.
216 173 74 19 A.-ett
303 173 116 26 ögonblick
433 173 68 20 skulle
517 173 72 20 känna
604 173 31 26 sig
648 173 86 20 bundet
749 173 22 20 af
785 173 41 20 den
840 173 42 19 till-

56 202 106 26 fällighet,
178 209 46 13 som
238 203 87 25 spelade
339 202 22 20 in
375 203 39 19 här
428 202 38 20 vid
480 203 68 20 första
563 203 248 26 sammanjemkningen.
839 202 43 20 Det

57 234 24 18 är
91 232 79 20 endast
181 233 71 19 denna
263 232 115 26 vrängbild
389 232 23 20 af
424 233 25 19 R.
463 239 18 13 o.
495 233 32 22 A.,
540 239 47 13 som
598 239 29 13 nu
638 233 95 23 arbetar,
746 233 89 19 hvilken
845 232 37 26 jag

57 268 63 14 anser
135 263 59 18 ännu
209 263 53 19 böra
277 262 125 26 respektera
418 263 37 19 det
471 262 92 26 tidigare
579 263 81 19 mötets
674 262 81 23 beslut,
771 268 50 14 men
835 262 47 19 icke

58 292 93 19 Ständet
162 298 46 13 som
218 291 97 20 officielt.
325 304 28 2 —
362 292 67 20 Emot
439 292 34 19 Hr
482 292 106 20 Mechelin
598 292 39 19 bör
647 292 7 19 i
664 292 160 25 sammanhang
834 292 48 19 här-

57 322 50 19 med
120 321 81 20 erinras
214 323 34 18 att
262 322 36 19 det
311 322 48 19 icke
372 324 23 17 är
408 322 59 19 blott
480 322 41 20 den
534 322 87 26 vanliga
634 322 117 26 vexlingen
763 322 7 19 i
783 321 99 26 fregven-

57 358 44 16 sen,
115 357 46 13 som
174 352 39 19 här
225 351 70 26 spelat
307 351 22 20 in
342 352 27 25 pä
383 352 62 20 dessa
458 353 81 18 möten.
564 352 47 19 Här
622 352 71 25 spelar
705 351 22 20 in
740 351 91 20 framför
843 351 38 19 allt

58 381 62 20 detta
135 383 35 18 att
184 383 88 18 mötena
286 381 48 20 icke
349 383 36 18 äro
401 381 91 20 officielt
506 381 174 26 tillkännagifna,
690 393 29 2 —
728 382 58 19 ända
801 381 80 20 derhän

57 413 35 18 att
101 411 38 20 det
149 413 24 18 är
182 411 108 26 bevisligt,
301 412 34 19 att
344 411 65 20 tiotal
418 411 121 20 ledamöter
549 411 46 20 icke
605 411 48 20 haft
662 411 52 20 reda
726 411 26 26 pä
763 411 117 20 desamma.

57 441 172 26 Otvifvelaktigt
247 441 40 20 har
305 441 71 20 denna
395 441 76 20 faktor
489 441 58 20 varit
565 441 167 21 bestämmande
751 441 71 20 säsom
837 440 45 20 siff-

57 477 64 14 rorna
135 471 82 23 bevisa,
233 471 27 20 dä
273 472 33 19 ett
321 471 22 20 af
357 471 61 20 dessa
433 473 75 18 möten
521 471 99 26 frängick
634 471 37 20 det
684 471 70 20 första
768 471 94 20 beslutet
875 470 6 20 i

57 501 10 24 $
81 501 17 20 1.
123 501 41 20 Till
176 501 55 26 följd
243 501 63 20 häraf
318 503 24 18 är
353 501 37 26 jag
403 501 65 20 också
481 501 99 26 benägen
593 502 33 19 att
639 501 120 20 tillsvidare
772 500 109 27 graflägga

57 531 9 24 $
80 531 17 23 1,
111 532 54 19 utan
177 532 34 19 att
223 537 29 13 nu
264 532 98 25 upptaga
375 531 41 20 den
429 531 27 26 pä
469 533 45 18 sätt
527 531 32 20 Hr
571 531 92 20 Gadolin
674 531 129 26 föreslog.**

99 591 33 19 Hr
142 591 119 20 Antell:
283 591 33 20 Då
329 591 41 20 den
381 593 87 18 senaste
479 591 66 20 ärade
556 591 83 20 talaren
651 591 22 20 sä
685 591 94 26 kraftigt
790 591 91 20 betonat

57 621 41 19 den
111 621 138 25 tillfällighet,
263 627 47 13 som
322 621 69 20 skulle
403 621 67 20 hafva
482 621 59 26 gjort
553 621 32 26 sig
596 621 106 26 gällande,
717 621 28 20 då
757 621 76 26 frågan
846 627 34 13 om

57 651 9 24 N
81 651 9 18 1
106 652 74 18 senast
190 650 92 23 förevar,
293 651 40 19 och
343 651 89 19 hvilken
443 651 68 19 skulle
521 651 67 19 hafva
597 651 57 25 gjort
665 652 33 18 att
709 651 27 19 R.
747 657 20 13 o.
777 651 25 19 A.
813 651 67 19 fattat

57 681 32 18 ett
98 680 72 20 beslut
180 681 92 19 motsatt
281 680 40 20 sitt
329 680 92 26 tidigare
430 680 79 23 beslut,
520 680 23 20 sä
551 680 43 20 kan
603 680 37 26 jag
648 680 126 26 visserligen
783 680 48 20 icke
839 680 42 19 för-

57 710 55 19 neka
127 711 35 18 att
177 710 70 26 nägon
262 710 133 26 tillfällighet
409 710 79 20 härvid
503 710 110 20 mähända
627 710 65 20 äfven
707 710 72 26 spelat
793 716 26 14 en
834 710 46 23 roll,

57 746 49 13 men
122 741 34 18 att
172 740 26 26 gä
214 740 57 20 ända
287 740 88 23 derhän,
392 741 35 19 att
443 746 51 14 man
510 740 68 20 skulle
593 740 80 20 förbise
688 740 43 20 den
747 739 133 26 omständig-

57 769 72 23 heten,
145 770 35 19 att
190 770 145 25 landtdagens
345 769 120 27 majoritet,
478 770 20 20 d.
510 776 21 14 v.
543 776 15 14 s.
571 770 139 26 majoriteten
721 770 23 20 af
754 770 43 20 alla
808 769 72 23 ständ,

56 799 7 19 i
75 805 26 14 en
113 799 61 26 fräga
186 799 23 20 af
220 800 23 19 sä
255 800 108 25 väsentlig
374 800 113 26 betydelse
500 806 46 14 som
559 800 8 25 $
581 800 8 19 1
603 800 78 26 vädjat
696 800 2 19 i
711 799 169 26 sammanjemk-

57 829 107 26 ningsväg
181 830 32 19 till
227 831 33 18 ett
273 829 72 24 ständ,
361 830 40 19 och
414 831 35 19 att
463 836 51 14 man
528 830 47 19 icke
589 830 38 20 alls
640 830 69 19 skulle
723 829 117 20 tillskrifva
855 829 25 20 de

57 859 70 20 motiv
139 859 72 26 nägon
224 859 118 26 betydelse,
356 866 47 13 som
415 859 38 20 vid
467 860 71 20 denna
550 860 82 26 vädjan
644 859 130 26 förebragts,
788 859 37 20 det
837 859 43 20 kan

56 889 37 26 jag
103 889 33 20 för
146 889 46 20 min
203 889 33 20 del
246 889 48 20 icke
304 889 75 23 förstå;
392 889 40 20 och
442 890 37 25 jag
490 889 37 21 vill
538 889 48 20 från
593 889 45 20 min
646 889 153 26 anspråkslösa
807 889 73 20 ständ-

57 919 72 26 punkt
142 919 90 26 hoppas,
247 920 35 19 att
295 925 51 14 man
359 919 48 20 icke
420 919 79 20 endast
513 920 27 25 pä
553 919 70 26 grund
636 919 22 20 af
671 919 141 26 tillfällighet,
826 920 54 18 utan

57 949 111 20 mähända
180 949 65 20 äfven
257 949 7 19 i
276 949 58 26 syfte
346 951 35 18 att
393 949 155 20 ästadkomma
560 949 190 26 samstämmighet
762 949 7 20 i
781 955 26 14 en
819 948 61 26 fräga

57 978 22 20 af
93 980 80 18 största
188 978 52 26 vigt,
255 979 70 19 under
339 979 41 19 den
394 980 56 18 mest
464 979 92 20 kritiska
570 979 32 19 tid
616 979 50 19 värt
679 979 52 19 land
745 978 134 26 genomgätt,

56 1008 7 19 i
75 1008 71 26 nägon
158 1008 51 20 män
220 1008 80 20 ändrat
311 1008 33 20 sin
355 1009 140 25 ständpunkt
506 1009 7 19 i
524 1009 83 25 frägan.
631 1009 8 19 1
651 1009 77 25 hvarje
739 1008 38 20 fall
789 1010 45 18 tror
844 1008 36 26 jag

57 1039 34 19 att
99 1040 99 18 rösterna
206 1038 33 20 för
247 1038 40 20 och
296 1040 53 21 mot,
359 1039 23 19 sä
391 1038 58 20 olika
459 1039 26 19 de
494 1040 27 18 än
530 1038 88 24 utfallit,
627 1038 47 20 icke
683 1038 70 20 förete
762 1044 26 14 en
797 1038 23 19 sä
829 1038 51 20 emi-

57 1069 52 18 nent
120 1068 108 23 differens,
240 1069 33 19 att
283 1074 52 14 man
345 1070 54 18 utan
410 1068 75 20 vidare
495 1069 43 19 kan
548 1069 45 19 tala
603 1074 35 14 om
647 1068 142 26 tillfällighet.
809 1067 71 20 Efter-

57 1104 46 13 som
115 1098 42 19 den
169 1098 65 20 ärade
245 1098 84 20 talaren
341 1098 110 26 begagnat
463 1098 71 20 denna
547 1098 121 20 diskussion
679 1098 34 20 för
725 1099 34 19 att
771 1098 72 19 uttala
854 1103 26 14 en

56 1127 154 26 förhoppning,
223 1128 23 19 sä
259 1128 38 19 ber
309 1128 65 20 äfven
385 1128 38 26 jag
435 1129 34 19 att
481 1128 22 20 fä
515 1128 59 26 gifva
586 1128 90 26 uttryck
688 1128 23 20 ät
724 1128 41 19 den
778 1127 102 25 förhopp-

57 1157 58 26 ning,
131 1159 35 18 att
182 1159 39 18 när
236 1158 22 19 vi
273 1158 165 20 sammanträda
454 1158 33 20 till
503 1158 110 26 offentligt
629 1158 88 25 plenum
732 1157 34 20 för
781 1158 34 19 att
830 1156 50 20 fullt

56 1186 54 21 bära
123 1188 102 19 ansvaret
238 1187 33 20 för
284 1188 37 19 det
334 1188 78 23 beslut,
426 1188 90 20 hvartill
529 1188 21 19 vi
563 1188 59 19 skola
635 1188 96 22 komma,
745 1187 22 20 vi
780 1187 27 19 dä
820 1186 60 20 skola

56 1218 60 18 rösta
136 1217 28 25 pä
184 1223 83 14 samma
287 1218 52 22 sätt,
360 1224 45 13 som
427 1218 27 19 dä
475 1218 92 19 Ständet
587 1218 6 19 i
613 1216 267 27 sammanjemkningsväg

57 1248 67 24 antog
135 1248 9 24 $
159 1247 30 20 1.*

100 1277 34 20 Dä
148 1277 151 24 diskussionen
312 1277 90 20 härmed
414 1277 139 24 afstannade,
563 1277 139 26 uppmanade
714 1277 33 20 Hr
760 1276 120 21 Ordföran-

57 1306 41 20 den
115 1306 94 20 Ständet
226 1308 35 18 att
278 1308 80 24 övergå
374 1307 32 19 till
425 1307 135 25 granskning
577 1306 22 20 af
613 1306 266 26 Värnepligtsutskottets

55 1336 81 26 förslag
150 1336 7 20 i
172 1336 75 26 detalj.

100 1366 33 19 Hr
151 1366 94 26 Georg
265 1366 166 20 Schauman
447 1367 84 25 yrkade
545 1366 52 26 med
611 1366 118 26 anledning
743 1365 64 21 häraf
821 1365 59 26 uppå

55 1396 42 22 att,
115 1396 68 19 innan
198 1396 222 28 detaljdiskussionen
439 1396 85 26 vidtog,
540 1396 37 20 det
591 1402 28 14 av
632 1396 81 20 honom
725 1395 100 26 afgifvna
838 1394 42 20 för-

56 1425 69 26 slaget
140 1425 7 19 i
162 1425 33 20 sin
209 1426 74 20 helhet
299 1426 70 20 skulle
383 1428 64 24 göras
461 1426 34 20 till
510 1426 91 20 föremål
616 1426 33 19 för
663 1425 144 25 omröstning.

99 1455 32 19 Hr
148 1455 150 20 Ordföranden
315 1456 129 22 hemstälde,
457 1456 109 19 huruvida
581 1456 36 19 det
630 1455 46 20 icke
690 1461 52 13 vore
756 1454 124 26 lämpligast
