<?xml version="1.0" encoding="UTF-8"?>
<alto xmlns="http://www.loc.gov/standards/alto/ns-v3#" xmlns:xlink="http://www.w3.org/1999/xlink" xmlns:xsi="http://www.w3.org/2001/XMLSchema-instance" xsi:schemaLocation="http://www.loc.gov/standards/alto/ns-v3# http://www.loc.gov/alto/v3/alto-3-0.xsd">
	<Description>
		<MeasurementUnit>pixel</MeasurementUnit>
		<sourceImageInformation>
			<fileName>/tmp/tess_6yk315e6_input.PNG</fileName>
		</sourceImageInformation>
		<OCRProcessing ID="OCR_0">
			<ocrProcessingStep>
				<processingSoftware>
					<softwareName>tesseract 5.3.4</softwareName>
				</processingSoftware>
			</ocrProcessingStep>
		</OCRProcessing>
	</Description>
	<Layout>
		<Page WIDTH="1045" HEIGHT="1634" PHYSICAL_IMG_NR="0" ID="page_0">
			<PrintSpace HPOS="0" VPOS="0" WIDTH="1045" HEIGHT="1634">
				<ComposedBlock ID="cblock_0" HPOS="147" VPOS="95" WIDTH="450" HEIGHT="21">
					<TextBlock ID="block_0" HPOS="147" VPOS="95" WIDTH="450" HEIGHT="21">
						<TextLine ID="line_0" HPOS="147" VPOS="95" WIDTH="450" HEIGHT="21">
							<String ID="string_0" HPOS="147" VPOS="95" WIDTH="22" HEIGHT="16" WC="0.96" CONTENT="72"/><SP WIDTH="349" VPOS="95" HPOS="169"/>
							<String ID="string_1" HPOS="518" VPOS="96" WIDTH="79" HEIGHT="20" WC="0.96" CONTENT="Bilagor."/>
						</TextLine>
					</TextBlock>
				</ComposedBlock>
				<GraphicalElement ID="cblock_1" HPOS="150" VPOS="117" WIDTH="820" HEIGHT="5"></GraphicalElement >
				<ComposedBlock ID="cblock_2" HPOS="148" VPOS="155" WIDTH="827" HEIGHT="1339">
					<TextBlock ID="block_1" HPOS="148" VPOS="155" WIDTH="823" HEIGHT="116">
						<TextLine ID="line_1" HPOS="149" VPOS="155" WIDTH="821" HEIGHT="27">
							<String ID="string_2" HPOS="149" VPOS="155" WIDTH="175" HEIGHT="26" WC="0.90" CONTENT="ningsmemorial"/><SP WIDTH="12" VPOS="155" HPOS="324"/>
							<String ID="string_3" HPOS="336" VPOS="156" WIDTH="40" HEIGHT="20" WC="0.96" CONTENT="har"/><SP WIDTH="12" VPOS="156" HPOS="376"/>
							<String ID="string_4" HPOS="388" VPOS="156" WIDTH="61" HEIGHT="20" WC="0.95" CONTENT="Hans"/><SP WIDTH="13" VPOS="156" HPOS="449"/>
							<String ID="string_5" HPOS="462" VPOS="156" WIDTH="121" HEIGHT="26" WC="0.95" CONTENT="Kejserliga"/><SP WIDTH="12" VPOS="156" HPOS="583"/>
							<String ID="string_6" HPOS="595" VPOS="156" WIDTH="104" HEIGHT="26" WC="0.96" CONTENT="Majestät"/><SP WIDTH="12" VPOS="156" HPOS="699"/>
							<String ID="string_7" HPOS="711" VPOS="156" WIDTH="41" HEIGHT="20" WC="0.96" CONTENT="den"/><SP WIDTH="12" VPOS="156" HPOS="752"/>
							<String ID="string_8" HPOS="764" VPOS="155" WIDTH="27" HEIGHT="21" WC="0.96" CONTENT="23"/><SP WIDTH="12" VPOS="155" HPOS="791"/>
							<String ID="string_9" HPOS="803" VPOS="161" WIDTH="58" HEIGHT="14" WC="0.96" CONTENT="mars"/><SP WIDTH="11" VPOS="161" HPOS="861"/>
							<String ID="string_10" HPOS="872" VPOS="156" WIDTH="22" HEIGHT="25" WC="0.96" CONTENT="(4"/><SP WIDTH="12" VPOS="156" HPOS="894"/>
							<String ID="string_11" HPOS="906" VPOS="155" WIDTH="64" HEIGHT="26" WC="0.95" CONTENT="april)"/>
						</TextLine>
						<TextLine ID="line_2" HPOS="148" VPOS="185" WIDTH="821" HEIGHT="27">
							<String ID="string_12" HPOS="148" VPOS="185" WIDTH="91" HEIGHT="19" WC="0.96" CONTENT="tecknat"/><SP WIDTH="17" VPOS="185" HPOS="239"/>
							<String ID="string_13" HPOS="256" VPOS="185" WIDTH="95" HEIGHT="26" WC="0.96" CONTENT="följande"/><SP WIDTH="16" VPOS="185" HPOS="351"/>
							<String ID="string_14" HPOS="367" VPOS="186" WIDTH="126" HEIGHT="20" WC="0.93" CONTENT="resolution:"/><SP WIDTH="33" VPOS="186" HPOS="493"/>
							<String ID="string_15" HPOS="526" VPOS="186" WIDTH="76" HEIGHT="20" WC="0.92" CONTENT="»Dessa"/><SP WIDTH="17" VPOS="186" HPOS="602"/>
							<String ID="string_16" HPOS="619" VPOS="186" WIDTH="73" HEIGHT="26" WC="0.96" CONTENT="frågor"/><SP WIDTH="16" VPOS="186" HPOS="692"/>
							<String ID="string_17" HPOS="708" VPOS="186" WIDTH="66" HEIGHT="22" WC="0.96" CONTENT="skola,"/><SP WIDTH="18" VPOS="186" HPOS="774"/>
							<String ID="string_18" HPOS="792" VPOS="185" WIDTH="6" HEIGHT="19" WC="0.96" CONTENT="i"/><SP WIDTH="17" VPOS="185" HPOS="798"/>
							<String ID="string_19" HPOS="815" VPOS="185" WIDTH="106" HEIGHT="20" WC="0.96" CONTENT="anseende"/><SP WIDTH="16" VPOS="185" HPOS="921"/>
							<String ID="string_20" HPOS="937" VPOS="185" WIDTH="32" HEIGHT="19" WC="0.96" CONTENT="till"/>
						</TextLine>
						<TextLine ID="line_3" HPOS="150" VPOS="215" WIDTH="821" HEIGHT="27">
							<String ID="string_21" HPOS="150" VPOS="215" WIDTH="62" HEIGHT="19" WC="0.96" CONTENT="deras"/><SP WIDTH="8" VPOS="215" HPOS="212"/>
							<String ID="string_22" HPOS="220" VPOS="215" WIDTH="138" HEIGHT="26" WC="0.96" CONTENT="oskiljaktiga"/><SP WIDTH="10" VPOS="215" HPOS="358"/>
							<String ID="string_23" HPOS="368" VPOS="216" WIDTH="107" HEIGHT="19" WC="0.96" CONTENT="samband"/><SP WIDTH="8" VPOS="216" HPOS="475"/>
							<String ID="string_24" HPOS="483" VPOS="216" WIDTH="51" HEIGHT="20" WC="0.93" CONTENT="med"/><SP WIDTH="8" VPOS="216" HPOS="534"/>
							<String ID="string_25" HPOS="542" VPOS="215" WIDTH="203" HEIGHT="27" WC="0.91" CONTENT="värnepligtslagen,"/><SP WIDTH="10" VPOS="215" HPOS="745"/>
							<String ID="string_26" HPOS="755" VPOS="215" WIDTH="136" HEIGHT="20" WC="0.91" CONTENT="oförtöfvadt"/><SP WIDTH="9" VPOS="215" HPOS="891"/>
							<String ID="string_27" HPOS="900" VPOS="215" WIDTH="71" HEIGHT="19" WC="0.92" CONTENT="öfver-"/>
						</TextLine>
						<TextLine ID="line_4" HPOS="149" VPOS="244" WIDTH="541" HEIGHT="27">
							<String ID="string_28" HPOS="149" VPOS="244" WIDTH="85" HEIGHT="20" WC="0.96" CONTENT="lämnas"/><SP WIDTH="18" VPOS="244" HPOS="234"/>
							<String ID="string_29" HPOS="252" VPOS="244" WIDTH="31" HEIGHT="20" WC="0.96" CONTENT="till"/><SP WIDTH="17" VPOS="244" HPOS="283"/>
							<String ID="string_30" HPOS="300" VPOS="245" WIDTH="80" HEIGHT="20" WC="0.93" CONTENT="urtima"/><SP WIDTH="17" VPOS="245" HPOS="380"/>
							<String ID="string_31" HPOS="397" VPOS="246" WIDTH="145" HEIGHT="25" WC="0.91" CONTENT="landtdagens"/><SP WIDTH="17" VPOS="246" HPOS="542"/>
							<String ID="string_32" HPOS="559" VPOS="246" WIDTH="131" HEIGHT="19" WC="0.95" CONTENT="utlåtande»."/>
						</TextLine>
					</TextBlock>
					<TextBlock ID="block_2" HPOS="150" VPOS="274" WIDTH="822" HEIGHT="386">
						<TextLine ID="line_5" HPOS="195" VPOS="274" WIDTH="776" HEIGHT="27">
							<String ID="string_33" HPOS="195" VPOS="274" WIDTH="8" HEIGHT="19" WC="0.96" CONTENT="I"/><SP WIDTH="18" VPOS="274" HPOS="203"/>
							<String ID="string_34" HPOS="221" VPOS="274" WIDTH="111" HEIGHT="20" WC="0.96" CONTENT="skrifvelse"/><SP WIDTH="17" VPOS="274" HPOS="332"/>
							<String ID="string_35" HPOS="349" VPOS="275" WIDTH="23" HEIGHT="20" WC="0.95" CONTENT="af"/><SP WIDTH="17" VPOS="275" HPOS="372"/>
							<String ID="string_36" HPOS="389" VPOS="275" WIDTH="42" HEIGHT="20" WC="0.96" CONTENT="den"/><SP WIDTH="17" VPOS="275" HPOS="431"/>
							<String ID="string_37" HPOS="448" VPOS="276" WIDTH="27" HEIGHT="19" WC="0.95" CONTENT="24"/><SP WIDTH="17" VPOS="276" HPOS="475"/>
							<String ID="string_38" HPOS="492" VPOS="281" WIDTH="58" HEIGHT="14" WC="0.95" CONTENT="mars"/><SP WIDTH="18" VPOS="281" HPOS="550"/>
							<String ID="string_39" HPOS="568" VPOS="275" WIDTH="22" HEIGHT="25" WC="0.95" CONTENT="(5"/><SP WIDTH="17" VPOS="275" HPOS="590"/>
							<String ID="string_40" HPOS="607" VPOS="275" WIDTH="64" HEIGHT="26" WC="0.96" CONTENT="april)"/><SP WIDTH="17" VPOS="275" HPOS="671"/>
							<String ID="string_41" HPOS="688" VPOS="275" WIDTH="32" HEIGHT="20" WC="0.93" CONTENT="till"/><SP WIDTH="18" VPOS="275" HPOS="720"/>
							<String ID="string_42" HPOS="738" VPOS="277" WIDTH="16" HEIGHT="17" WC="0.88" CONTENT="t."/><SP WIDTH="19" VPOS="277" HPOS="754"/>
							<String ID="string_43" HPOS="773" VPOS="275" WIDTH="14" HEIGHT="19" WC="0.91" CONTENT="f."/><SP WIDTH="19" VPOS="275" HPOS="787"/>
							<String ID="string_44" HPOS="806" VPOS="275" WIDTH="165" HEIGHT="19" WC="0.91" CONTENT="ministerstats-"/>
						</TextLine>
						<TextLine ID="line_6" HPOS="150" VPOS="304" WIDTH="820" HEIGHT="26">
							<String ID="string_45" HPOS="150" VPOS="304" WIDTH="148" HEIGHT="21" WC="0.96" CONTENT="sekreteraren"/><SP WIDTH="9" VPOS="304" HPOS="298"/>
							<String ID="string_46" HPOS="307" VPOS="304" WIDTH="33" HEIGHT="20" WC="0.93" CONTENT="för"/><SP WIDTH="8" VPOS="304" HPOS="340"/>
							<String ID="string_47" HPOS="348" VPOS="305" WIDTH="207" HEIGHT="20" WC="0.91" CONTENT="storfurstendömet"/><SP WIDTH="10" VPOS="305" HPOS="555"/>
							<String ID="string_48" HPOS="565" VPOS="305" WIDTH="92" HEIGHT="20" WC="0.96" CONTENT="Finland"/><SP WIDTH="10" VPOS="305" HPOS="657"/>
							<String ID="string_49" HPOS="667" VPOS="305" WIDTH="39" HEIGHT="20" WC="0.96" CONTENT="har"/><SP WIDTH="8" VPOS="305" HPOS="706"/>
							<String ID="string_50" HPOS="714" VPOS="304" WIDTH="171" HEIGHT="26" WC="0.96" CONTENT="krigsministern"/><SP WIDTH="10" VPOS="304" HPOS="885"/>
							<String ID="string_51" HPOS="895" VPOS="305" WIDTH="75" HEIGHT="25" WC="0.96" CONTENT="därpå,"/>
						</TextLine>
						<TextLine ID="line_7" HPOS="150" VPOS="334" WIDTH="822" HEIGHT="27">
							<String ID="string_52" HPOS="150" VPOS="334" WIDTH="50" HEIGHT="20" WC="0.96" CONTENT="med"/><SP WIDTH="15" VPOS="334" HPOS="200"/>
							<String ID="string_53" HPOS="215" VPOS="334" WIDTH="137" HEIGHT="26" WC="0.96" CONTENT="åberopande"/><SP WIDTH="15" VPOS="334" HPOS="352"/>
							<String ID="string_54" HPOS="367" VPOS="334" WIDTH="22" HEIGHT="20" WC="0.96" CONTENT="af"/><SP WIDTH="14" VPOS="334" HPOS="389"/>
							<String ID="string_55" HPOS="403" VPOS="336" WIDTH="62" HEIGHT="19" WC="0.96" CONTENT="Hans"/><SP WIDTH="14" VPOS="336" HPOS="465"/>
							<String ID="string_56" HPOS="479" VPOS="335" WIDTH="116" HEIGHT="26" WC="0.96" CONTENT="Majestäts"/><SP WIDTH="14" VPOS="335" HPOS="595"/>
							<String ID="string_57" HPOS="609" VPOS="335" WIDTH="66" HEIGHT="20" WC="0.96" CONTENT="ofvan"/><SP WIDTH="16" VPOS="335" HPOS="675"/>
							<String ID="string_58" HPOS="691" VPOS="335" WIDTH="94" HEIGHT="19" WC="0.96" CONTENT="citerade"/><SP WIDTH="14" VPOS="335" HPOS="785"/>
							<String ID="string_59" HPOS="799" VPOS="334" WIDTH="79" HEIGHT="26" WC="0.93" CONTENT="nådiga"/><SP WIDTH="14" VPOS="334" HPOS="878"/>
							<String ID="string_60" HPOS="892" VPOS="335" WIDTH="80" HEIGHT="19" WC="0.93" CONTENT="resolu-"/>
						</TextLine>
						<TextLine ID="line_8" HPOS="150" VPOS="364" WIDTH="821" HEIGHT="23">
							<String ID="string_61" HPOS="150" VPOS="364" WIDTH="54" HEIGHT="23" WC="0.96" CONTENT="tion,"/><SP WIDTH="18" VPOS="364" HPOS="204"/>
							<String ID="string_62" HPOS="222" VPOS="364" WIDTH="91" HEIGHT="20" WC="0.96" CONTENT="anhållit"/><SP WIDTH="17" VPOS="364" HPOS="313"/>
							<String ID="string_63" HPOS="330" VPOS="365" WIDTH="37" HEIGHT="19" WC="0.96" CONTENT="det"/><SP WIDTH="16" VPOS="365" HPOS="367"/>
							<String ID="string_64" HPOS="383" VPOS="365" WIDTH="50" HEIGHT="20" WC="0.93" CONTENT="ville"/><SP WIDTH="16" VPOS="365" HPOS="433"/>
							<String ID="string_65" HPOS="449" VPOS="366" WIDTH="16" HEIGHT="19" WC="0.88" CONTENT="t."/><SP WIDTH="18" VPOS="366" HPOS="465"/>
							<String ID="string_66" HPOS="483" VPOS="365" WIDTH="14" HEIGHT="20" WC="0.90" CONTENT="f."/><SP WIDTH="18" VPOS="365" HPOS="497"/>
							<String ID="string_67" HPOS="515" VPOS="365" WIDTH="305" HEIGHT="20" WC="0.91" CONTENT="ministerstatssekreteraren"/><SP WIDTH="17" VPOS="365" HPOS="820"/>
							<String ID="string_68" HPOS="837" VPOS="364" WIDTH="134" HEIGHT="20" WC="0.90" CONTENT="öfverlämna"/>
						</TextLine>
						<TextLine ID="line_9" HPOS="150" VPOS="394" WIDTH="820" HEIGHT="27">
							<String ID="string_69" HPOS="150" VPOS="394" WIDTH="144" HEIGHT="21" WC="0.91" CONTENT="förenämnda"/><SP WIDTH="14" VPOS="394" HPOS="294"/>
							<String ID="string_70" HPOS="308" VPOS="394" WIDTH="71" HEIGHT="27" WC="0.95" CONTENT="frågor"/><SP WIDTH="14" VPOS="394" HPOS="379"/>
							<String ID="string_71" HPOS="393" VPOS="395" WIDTH="6" HEIGHT="20" WC="0.95" CONTENT="i"/><SP WIDTH="11" VPOS="395" HPOS="399"/>
							<String ID="string_72" HPOS="410" VPOS="395" WIDTH="40" HEIGHT="20" WC="0.96" CONTENT="den"/><SP WIDTH="11" VPOS="395" HPOS="450"/>
							<String ID="string_73" HPOS="461" VPOS="394" WIDTH="7" HEIGHT="21" WC="0.96" CONTENT="i"/><SP WIDTH="10" VPOS="394" HPOS="468"/>
							<String ID="string_74" HPOS="478" VPOS="396" WIDTH="19" HEIGHT="22" WC="0.93" CONTENT="2,"/><SP WIDTH="17" VPOS="396" HPOS="497"/>
							<String ID="string_75" HPOS="514" VPOS="395" WIDTH="27" HEIGHT="20" WC="0.93" CONTENT="26"/><SP WIDTH="15" VPOS="395" HPOS="541"/>
							<String ID="string_76" HPOS="556" VPOS="395" WIDTH="39" HEIGHT="20" WC="0.95" CONTENT="och"/><SP WIDTH="15" VPOS="395" HPOS="595"/>
							<String ID="string_77" HPOS="610" VPOS="395" WIDTH="27" HEIGHT="20" WC="0.95" CONTENT="50"/><SP WIDTH="14" VPOS="395" HPOS="637"/>
							<String ID="string_78" HPOS="651" VPOS="395" WIDTH="20" HEIGHT="25" WC="0.95" CONTENT="$$"/><SP WIDTH="15" VPOS="395" HPOS="671"/>
							<String ID="string_79" HPOS="686" VPOS="394" WIDTH="32" HEIGHT="21" WC="0.93" CONTENT="uti"/><SP WIDTH="16" VPOS="394" HPOS="718"/>
							<String ID="string_80" HPOS="734" VPOS="394" WIDTH="236" HEIGHT="26" WC="0.91" CONTENT="landtdagsordningen"/>
						</TextLine>
						<TextLine ID="line_10" HPOS="150" VPOS="423" WIDTH="820" HEIGHT="28">
							<String ID="string_81" HPOS="150" VPOS="423" WIDTH="23" HEIGHT="20" WC="0.96" CONTENT="af"/><SP WIDTH="17" VPOS="423" HPOS="173"/>
							<String ID="string_82" HPOS="190" VPOS="424" WIDTH="41" HEIGHT="19" WC="0.96" CONTENT="den"/><SP WIDTH="20" VPOS="424" HPOS="231"/>
							<String ID="string_83" HPOS="251" VPOS="424" WIDTH="25" HEIGHT="20" WC="0.93" CONTENT="15"/><SP WIDTH="17" VPOS="424" HPOS="276"/>
							<String ID="string_84" HPOS="293" VPOS="425" WIDTH="53" HEIGHT="26" WC="0.96" CONTENT="april"/><SP WIDTH="20" VPOS="425" HPOS="346"/>
							<String ID="string_85" HPOS="366" VPOS="425" WIDTH="53" HEIGHT="20" WC="0.93" CONTENT="1869"/><SP WIDTH="17" VPOS="425" HPOS="419"/>
							<String ID="string_86" HPOS="436" VPOS="425" WIDTH="89" HEIGHT="26" WC="0.91" CONTENT="angifna"/><SP WIDTH="17" VPOS="425" HPOS="525"/>
							<String ID="string_87" HPOS="542" VPOS="425" WIDTH="92" HEIGHT="26" WC="0.96" CONTENT="ordning"/><SP WIDTH="17" VPOS="425" HPOS="634"/>
							<String ID="string_88" HPOS="651" VPOS="425" WIDTH="33" HEIGHT="20" WC="0.96" CONTENT="till"/><SP WIDTH="18" VPOS="425" HPOS="684"/>
							<String ID="string_89" HPOS="702" VPOS="425" WIDTH="129" HEIGHT="20" WC="0.96" CONTENT="ständernas"/><SP WIDTH="18" VPOS="425" HPOS="831"/>
							<String ID="string_90" HPOS="849" VPOS="425" WIDTH="121" HEIGHT="22" WC="0.96" CONTENT="utlåtande,"/>
						</TextLine>
						<TextLine ID="line_11" HPOS="151" VPOS="454" WIDTH="818" HEIGHT="27">
							<String ID="string_91" HPOS="151" VPOS="454" WIDTH="125" HEIGHT="25" WC="0.96" CONTENT="hvarjämte"/><SP WIDTH="10" VPOS="454" HPOS="276"/>
							<String ID="string_92" HPOS="286" VPOS="454" WIDTH="170" HEIGHT="27" WC="0.93" CONTENT="krigsministern"/><SP WIDTH="8" VPOS="454" HPOS="456"/>
							<String ID="string_93" HPOS="464" VPOS="467" WIDTH="27" HEIGHT="1" WC="0.93" CONTENT="—"/><SP WIDTH="7" VPOS="467" HPOS="491"/>
							<String ID="string_94" HPOS="498" VPOS="455" WIDTH="68" HEIGHT="20" WC="0.96" CONTENT="ehuru"/><SP WIDTH="10" VPOS="455" HPOS="566"/>
							<String ID="string_95" HPOS="576" VPOS="455" WIDTH="61" HEIGHT="20" WC="0.96" CONTENT="Hans"/><SP WIDTH="7" VPOS="455" HPOS="637"/>
							<String ID="string_96" HPOS="644" VPOS="455" WIDTH="115" HEIGHT="26" WC="0.96" CONTENT="Majestäts"/><SP WIDTH="7" VPOS="455" HPOS="759"/>
							<String ID="string_97" HPOS="766" VPOS="454" WIDTH="118" HEIGHT="20" WC="0.96" CONTENT="resolution"/><SP WIDTH="11" VPOS="454" HPOS="884"/>
							<String ID="string_98" HPOS="895" VPOS="454" WIDTH="74" HEIGHT="20" WC="0.96" CONTENT="därom"/>
						</TextLine>
						<TextLine ID="line_12" HPOS="150" VPOS="483" WIDTH="820" HEIGHT="27">
							<String ID="string_99" HPOS="150" VPOS="483" WIDTH="57" HEIGHT="20" WC="0.96" CONTENT="intet"/><SP WIDTH="11" VPOS="483" HPOS="207"/>
							<String ID="string_100" HPOS="218" VPOS="483" WIDTH="118" HEIGHT="21" WC="0.93" CONTENT="innehåller"/><SP WIDTH="10" VPOS="483" HPOS="336"/>
							<String ID="string_101" HPOS="346" VPOS="497" WIDTH="28" HEIGHT="1" WC="0.91" CONTENT="—"/><SP WIDTH="10" VPOS="497" HPOS="374"/>
							<String ID="string_102" HPOS="384" VPOS="485" WIDTH="50" HEIGHT="20" WC="0.96" CONTENT="med"/><SP WIDTH="11" VPOS="485" HPOS="434"/>
							<String ID="string_103" HPOS="445" VPOS="485" WIDTH="101" HEIGHT="20" WC="0.93" CONTENT="afseende"/><SP WIDTH="11" VPOS="485" HPOS="546"/>
							<String ID="string_104" HPOS="557" VPOS="485" WIDTH="12" HEIGHT="20" WC="0.91" CONTENT="å"/><SP WIDTH="12" VPOS="485" HPOS="569"/>
							<String ID="string_105" HPOS="581" VPOS="486" WIDTH="40" HEIGHT="19" WC="0.96" CONTENT="art."/><SP WIDTH="12" VPOS="486" HPOS="621"/>
							<String ID="string_106" HPOS="633" VPOS="485" WIDTH="13" HEIGHT="19" WC="0.96" CONTENT="4"/><SP WIDTH="11" VPOS="485" HPOS="646"/>
							<String ID="string_107" HPOS="657" VPOS="485" WIDTH="40" HEIGHT="20" WC="0.96" CONTENT="och"/><SP WIDTH="12" VPOS="485" HPOS="697"/>
							<String ID="string_108" HPOS="709" VPOS="485" WIDTH="12" HEIGHT="19" WC="0.96" CONTENT="5"/><SP WIDTH="11" VPOS="485" HPOS="721"/>
							<String ID="string_109" HPOS="732" VPOS="484" WIDTH="6" HEIGHT="20" WC="0.93" CONTENT="i"/><SP WIDTH="11" VPOS="484" HPOS="738"/>
							<String ID="string_110" HPOS="749" VPOS="484" WIDTH="221" HEIGHT="26" WC="0.92" CONTENT="grundstadgandena"/>
						</TextLine>
						<TextLine ID="line_13" HPOS="151" VPOS="513" WIDTH="820" HEIGHT="28">
							<String ID="string_111" HPOS="151" VPOS="513" WIDTH="22" HEIGHT="20" WC="0.95" CONTENT="af"/><SP WIDTH="14" VPOS="513" HPOS="173"/>
							<String ID="string_112" HPOS="187" VPOS="513" WIDTH="42" HEIGHT="20" WC="0.96" CONTENT="den"/><SP WIDTH="14" VPOS="513" HPOS="229"/>
							<String ID="string_113" HPOS="243" VPOS="513" WIDTH="50" HEIGHT="28" WC="0.96" CONTENT="3/15"/><SP WIDTH="13" VPOS="513" HPOS="293"/>
							<String ID="string_114" HPOS="306" VPOS="514" WIDTH="95" HEIGHT="21" WC="0.93" CONTENT="februari"/><SP WIDTH="15" VPOS="514" HPOS="401"/>
							<String ID="string_115" HPOS="416" VPOS="515" WIDTH="79" HEIGHT="20" WC="0.93" CONTENT="utbedt"/><SP WIDTH="15" VPOS="515" HPOS="495"/>
							<String ID="string_116" HPOS="510" VPOS="515" WIDTH="31" HEIGHT="26" WC="0.96" CONTENT="sig"/><SP WIDTH="13" VPOS="515" HPOS="541"/>
							<String ID="string_117" HPOS="554" VPOS="515" WIDTH="34" HEIGHT="20" WC="0.96" CONTENT="att"/><SP WIDTH="14" VPOS="515" HPOS="588"/>
							<String ID="string_118" HPOS="602" VPOS="515" WIDTH="7" HEIGHT="19" WC="0.96" CONTENT="i"/><SP WIDTH="14" VPOS="515" HPOS="609"/>
							<String ID="string_119" HPOS="623" VPOS="515" WIDTH="70" HEIGHT="19" WC="0.96" CONTENT="sinom"/><SP WIDTH="14" VPOS="515" HPOS="693"/>
							<String ID="string_120" HPOS="707" VPOS="514" WIDTH="32" HEIGHT="20" WC="0.96" CONTENT="tid"/><SP WIDTH="14" VPOS="514" HPOS="739"/>
							<String ID="string_121" HPOS="753" VPOS="514" WIDTH="22" HEIGHT="20" WC="0.92" CONTENT="få"/><SP WIDTH="15" VPOS="514" HPOS="775"/>
							<String ID="string_122" HPOS="790" VPOS="515" WIDTH="110" HEIGHT="24" WC="0.92" CONTENT="emottaga"/><SP WIDTH="15" VPOS="515" HPOS="900"/>
							<String ID="string_123" HPOS="915" VPOS="514" WIDTH="56" HEIGHT="19" WC="0.90" CONTENT="utla-"/>
						</TextLine>
						<TextLine ID="line_14" HPOS="151" VPOS="543" WIDTH="821" HEIGHT="28">
							<String ID="string_124" HPOS="151" VPOS="543" WIDTH="83" HEIGHT="20" WC="0.96" CONTENT="tanden"/><SP WIDTH="13" VPOS="543" HPOS="234"/>
							<String ID="string_125" HPOS="247" VPOS="543" WIDTH="7" HEIGHT="20" WC="0.96" CONTENT="i"/><SP WIDTH="13" VPOS="543" HPOS="254"/>
							<String ID="string_126" HPOS="267" VPOS="544" WIDTH="65" HEIGHT="26" WC="0.96" CONTENT="sagda"/><SP WIDTH="13" VPOS="544" HPOS="332"/>
							<String ID="string_127" HPOS="345" VPOS="544" WIDTH="73" HEIGHT="27" WC="0.96" CONTENT="frågor"/><SP WIDTH="13" VPOS="544" HPOS="418"/>
							<String ID="string_128" HPOS="431" VPOS="545" WIDTH="22" HEIGHT="20" WC="0.93" CONTENT="af"/><SP WIDTH="12" VPOS="545" HPOS="453"/>
							<String ID="string_129" HPOS="465" VPOS="545" WIDTH="134" HEIGHT="25" WC="0.92" CONTENT="landtdagen"/><SP WIDTH="13" VPOS="545" HPOS="599"/>
							<String ID="string_130" HPOS="612" VPOS="545" WIDTH="41" HEIGHT="19" WC="0.96" CONTENT="och"/><SP WIDTH="13" VPOS="545" HPOS="653"/>
							<String ID="string_131" HPOS="666" VPOS="545" WIDTH="90" HEIGHT="19" WC="0.96" CONTENT="senaten"/><SP WIDTH="13" VPOS="545" HPOS="756"/>
							<String ID="string_132" HPOS="769" VPOS="545" WIDTH="58" HEIGHT="19" WC="0.96" CONTENT="samt"/><SP WIDTH="12" VPOS="545" HPOS="827"/>
							<String ID="string_133" HPOS="839" VPOS="544" WIDTH="22" HEIGHT="20" WC="0.93" CONTENT="af"/><SP WIDTH="13" VPOS="544" HPOS="861"/>
							<String ID="string_134" HPOS="874" VPOS="546" WIDTH="15" HEIGHT="17" WC="0.90" CONTENT="t."/><SP WIDTH="15" VPOS="546" HPOS="889"/>
							<String ID="string_135" HPOS="904" VPOS="543" WIDTH="14" HEIGHT="20" WC="0.88" CONTENT="f."/><SP WIDTH="15" VPOS="543" HPOS="918"/>
							<String ID="string_136" HPOS="933" VPOS="544" WIDTH="39" HEIGHT="19" WC="0.92" CONTENT="mi-"/>
						</TextLine>
						<TextLine ID="line_15" HPOS="151" VPOS="573" WIDTH="820" HEIGHT="27">
							<String ID="string_137" HPOS="151" VPOS="573" WIDTH="275" HEIGHT="21" WC="0.91" CONTENT="nisterstatssekreteraren"/><SP WIDTH="18" VPOS="573" HPOS="426"/>
							<String ID="string_138" HPOS="444" VPOS="574" WIDTH="41" HEIGHT="20" WC="0.93" CONTENT="och"/><SP WIDTH="19" VPOS="574" HPOS="485"/>
							<String ID="string_139" HPOS="504" VPOS="575" WIDTH="222" HEIGHT="25" WC="0.91" CONTENT="generalguvernören"/><SP WIDTH="20" VPOS="575" HPOS="726"/>
							<String ID="string_140" HPOS="746" VPOS="574" WIDTH="61" HEIGHT="19" WC="0.96" CONTENT="öfver"/><SP WIDTH="18" VPOS="574" HPOS="807"/>
							<String ID="string_141" HPOS="825" VPOS="573" WIDTH="99" HEIGHT="23" WC="0.96" CONTENT="Finland,"/><SP WIDTH="20" VPOS="573" HPOS="924"/>
							<String ID="string_142" HPOS="944" VPOS="574" WIDTH="27" HEIGHT="25" WC="0.96" CONTENT="på"/>
						</TextLine>
						<TextLine ID="line_16" HPOS="152" VPOS="603" WIDTH="820" HEIGHT="27">
							<String ID="string_143" HPOS="152" VPOS="603" WIDTH="37" HEIGHT="20" WC="0.96" CONTENT="det"/><SP WIDTH="18" VPOS="603" HPOS="189"/>
							<String ID="string_144" HPOS="207" VPOS="603" WIDTH="100" HEIGHT="26" WC="0.96" CONTENT="frågorna"/><SP WIDTH="17" VPOS="603" HPOS="307"/>
							<String ID="string_145" HPOS="324" VPOS="604" WIDTH="122" HEIGHT="20" WC="0.96" CONTENT="sedermera"/><SP WIDTH="17" VPOS="604" HPOS="446"/>
							<String ID="string_146" HPOS="463" VPOS="605" WIDTH="67" HEIGHT="25" WC="0.96" CONTENT="enligt"/><SP WIDTH="18" VPOS="605" HPOS="530"/>
							<String ID="string_147" HPOS="548" VPOS="605" WIDTH="40" HEIGHT="19" WC="0.95" CONTENT="art."/><SP WIDTH="18" VPOS="605" HPOS="588"/>
							<String ID="string_148" HPOS="606" VPOS="604" WIDTH="12" HEIGHT="19" WC="0.96" CONTENT="6"/><SP WIDTH="17" VPOS="604" HPOS="618"/>
							<String ID="string_149" HPOS="635" VPOS="604" WIDTH="6" HEIGHT="20" WC="0.96" CONTENT="i"/><SP WIDTH="18" VPOS="604" HPOS="641"/>
							<String ID="string_150" HPOS="659" VPOS="604" WIDTH="123" HEIGHT="26" WC="0.93" CONTENT="åberopade"/><SP WIDTH="16" VPOS="604" HPOS="782"/>
							<String ID="string_151" HPOS="798" VPOS="603" WIDTH="174" HEIGHT="26" WC="0.91" CONTENT="grundstadgan-"/>
						</TextLine>
						<TextLine ID="line_17" HPOS="151" VPOS="633" WIDTH="630" HEIGHT="27">
							<String ID="string_152" HPOS="151" VPOS="633" WIDTH="42" HEIGHT="20" WC="0.96" CONTENT="den"/><SP WIDTH="16" VPOS="633" HPOS="193"/>
							<String ID="string_153" HPOS="209" VPOS="633" WIDTH="73" HEIGHT="20" WC="0.96" CONTENT="kunde"/><SP WIDTH="16" VPOS="633" HPOS="282"/>
							<String ID="string_154" HPOS="298" VPOS="634" WIDTH="130" HEIGHT="26" WC="0.96" CONTENT="hänskjutas"/><SP WIDTH="15" VPOS="634" HPOS="428"/>
							<String ID="string_155" HPOS="443" VPOS="634" WIDTH="32" HEIGHT="20" WC="0.93" CONTENT="till"/><SP WIDTH="15" VPOS="634" HPOS="475"/>
							<String ID="string_156" HPOS="490" VPOS="634" WIDTH="169" HEIGHT="26" WC="0.91" CONTENT="rikskonseljens"/><SP WIDTH="16" VPOS="634" HPOS="659"/>
							<String ID="string_157" HPOS="675" VPOS="633" WIDTH="106" HEIGHT="27" WC="0.91" CONTENT="pröfning."/>
						</TextLine>
					</TextBlock>
					<TextBlock ID="block_3" HPOS="151" VPOS="663" WIDTH="822" HEIGHT="295">
						<TextLine ID="line_18" HPOS="194" VPOS="663" WIDTH="779" HEIGHT="27">
							<String ID="string_158" HPOS="194" VPOS="663" WIDTH="149" HEIGHT="20" WC="0.92" CONTENT="Underrättad"/><SP WIDTH="16" VPOS="663" HPOS="343"/>
							<String ID="string_159" HPOS="359" VPOS="664" WIDTH="23" HEIGHT="19" WC="0.96" CONTENT="af"/><SP WIDTH="14" VPOS="664" HPOS="382"/>
							<String ID="string_160" HPOS="396" VPOS="664" WIDTH="173" HEIGHT="26" WC="0.95" CONTENT="krigsministern"/><SP WIDTH="16" VPOS="664" HPOS="569"/>
							<String ID="string_161" HPOS="585" VPOS="670" WIDTH="35" HEIGHT="13" WC="0.96" CONTENT="om"/><SP WIDTH="16" VPOS="670" HPOS="620"/>
							<String ID="string_162" HPOS="636" VPOS="664" WIDTH="81" HEIGHT="19" WC="0.93" CONTENT="dennes"/><SP WIDTH="16" VPOS="664" HPOS="717"/>
							<String ID="string_163" HPOS="733" VPOS="663" WIDTH="66" HEIGHT="20" WC="0.92" CONTENT="afsikt"/><SP WIDTH="16" VPOS="663" HPOS="799"/>
							<String ID="string_164" HPOS="815" VPOS="665" WIDTH="33" HEIGHT="18" WC="0.95" CONTENT="att"/><SP WIDTH="15" VPOS="665" HPOS="848"/>
							<String ID="string_165" HPOS="863" VPOS="665" WIDTH="51" HEIGHT="24" WC="0.93" CONTENT="göra"/><SP WIDTH="16" VPOS="665" HPOS="914"/>
							<String ID="string_166" HPOS="930" VPOS="663" WIDTH="43" HEIGHT="20" WC="0.92" CONTENT="för-"/>
						</TextLine>
						<TextLine ID="line_19" HPOS="151" VPOS="693" WIDTH="822" HEIGHT="26">
							<String ID="string_167" HPOS="151" VPOS="693" WIDTH="92" HEIGHT="20" WC="0.96" CONTENT="berörda"/><SP WIDTH="17" VPOS="693" HPOS="243"/>
							<String ID="string_168" HPOS="260" VPOS="693" WIDTH="136" HEIGHT="24" WC="0.95" CONTENT="hemställan,"/><SP WIDTH="17" VPOS="693" HPOS="396"/>
							<String ID="string_169" HPOS="413" VPOS="694" WIDTH="39" HEIGHT="20" WC="0.96" CONTENT="har"/><SP WIDTH="15" VPOS="694" HPOS="452"/>
							<String ID="string_170" HPOS="467" VPOS="694" WIDTH="83" HEIGHT="25" WC="0.96" CONTENT="jämväl"/><SP WIDTH="16" VPOS="694" HPOS="550"/>
							<String ID="string_171" HPOS="566" VPOS="694" WIDTH="38" HEIGHT="19" WC="0.93" CONTENT="t.f."/><SP WIDTH="17" VPOS="694" HPOS="604"/>
							<String ID="string_172" HPOS="621" VPOS="693" WIDTH="304" HEIGHT="20" WC="0.92" CONTENT="ministerstatssekreteraren"/><SP WIDTH="14" VPOS="693" HPOS="925"/>
							<String ID="string_173" HPOS="939" VPOS="693" WIDTH="34" HEIGHT="19" WC="0.96" CONTENT="för"/>
						</TextLine>
						<TextLine ID="line_20" HPOS="151" VPOS="723" WIDTH="822" HEIGHT="26">
							<String ID="string_174" HPOS="151" VPOS="723" WIDTH="93" HEIGHT="19" WC="0.93" CONTENT="Finland"/><SP WIDTH="15" VPOS="723" HPOS="244"/>
							<String ID="string_175" HPOS="259" VPOS="723" WIDTH="12" HEIGHT="20" WC="0.93" CONTENT="å"/><SP WIDTH="15" VPOS="723" HPOS="271"/>
							<String ID="string_176" HPOS="286" VPOS="723" WIDTH="31" HEIGHT="20" WC="0.96" CONTENT="sin"/><SP WIDTH="15" VPOS="723" HPOS="317"/>
							<String ID="string_177" HPOS="332" VPOS="723" WIDTH="46" HEIGHT="20" WC="0.96" CONTENT="sida"/><SP WIDTH="14" VPOS="723" HPOS="378"/>
							<String ID="string_178" HPOS="392" VPOS="723" WIDTH="73" HEIGHT="20" WC="0.96" CONTENT="funnit"/><SP WIDTH="15" VPOS="723" HPOS="465"/>
							<String ID="string_179" HPOS="480" VPOS="723" WIDTH="116" HEIGHT="26" WC="0.96" CONTENT="anledning"/><SP WIDTH="14" VPOS="723" HPOS="596"/>
							<String ID="string_180" HPOS="610" VPOS="725" WIDTH="35" HEIGHT="18" WC="0.96" CONTENT="att"/><SP WIDTH="14" VPOS="725" HPOS="645"/>
							<String ID="string_181" HPOS="659" VPOS="723" WIDTH="50" HEIGHT="20" WC="0.93" CONTENT="med"/><SP WIDTH="16" VPOS="723" HPOS="709"/>
							<String ID="string_182" HPOS="725" VPOS="723" WIDTH="121" HEIGHT="26" WC="0.91" CONTENT="åberopadt"/><SP WIDTH="16" VPOS="723" HPOS="846"/>
							<String ID="string_183" HPOS="862" VPOS="723" WIDTH="48" HEIGHT="20" WC="0.96" CONTENT="stöd"/><SP WIDTH="14" VPOS="723" HPOS="910"/>
							<String ID="string_184" HPOS="924" VPOS="723" WIDTH="23" HEIGHT="20" WC="0.96" CONTENT="af"/><SP WIDTH="13" VPOS="723" HPOS="947"/>
							<String ID="string_185" HPOS="960" VPOS="723" WIDTH="13" HEIGHT="19" WC="0.96" CONTENT="3"/>
						</TextLine>
						<TextLine ID="line_21" HPOS="151" VPOS="753" WIDTH="821" HEIGHT="26">
							<String ID="string_186" HPOS="151" VPOS="754" WIDTH="41" HEIGHT="18" WC="0.96" CONTENT="art."/><SP WIDTH="19" VPOS="754" HPOS="192"/>
							<String ID="string_187" HPOS="211" VPOS="753" WIDTH="5" HEIGHT="19" WC="0.93" CONTENT="i"/><SP WIDTH="17" VPOS="753" HPOS="216"/>
							<String ID="string_188" HPOS="233" VPOS="753" WIDTH="109" HEIGHT="20" WC="0.92" CONTENT="ännämda"/><SP WIDTH="20" VPOS="753" HPOS="342"/>
							<String ID="string_189" HPOS="362" VPOS="753" WIDTH="209" HEIGHT="26" WC="0.91" CONTENT="grundstadganden"/><SP WIDTH="20" VPOS="753" HPOS="571"/>
							<String ID="string_190" HPOS="591" VPOS="754" WIDTH="38" HEIGHT="19" WC="0.96" CONTENT="hos"/><SP WIDTH="20" VPOS="754" HPOS="629"/>
							<String ID="string_191" HPOS="649" VPOS="753" WIDTH="62" HEIGHT="20" WC="0.96" CONTENT="Hans"/><SP WIDTH="19" VPOS="753" HPOS="711"/>
							<String ID="string_192" HPOS="730" VPOS="753" WIDTH="104" HEIGHT="26" WC="0.93" CONTENT="Majestät"/><SP WIDTH="17" VPOS="753" HPOS="834"/>
							<String ID="string_193" HPOS="851" VPOS="753" WIDTH="121" HEIGHT="23" WC="0.91" CONTENT="hemställa,"/>
						</TextLine>
						<TextLine ID="line_22" HPOS="151" VPOS="782" WIDTH="821" HEIGHT="27">
							<String ID="string_194" HPOS="151" VPOS="784" WIDTH="35" HEIGHT="18" WC="0.96" CONTENT="att"/><SP WIDTH="15" VPOS="784" HPOS="186"/>
							<String ID="string_195" HPOS="201" VPOS="782" WIDTH="166" HEIGHT="27" WC="0.96" CONTENT="ifrågavarande"/><SP WIDTH="17" VPOS="782" HPOS="367"/>
							<String ID="string_196" HPOS="384" VPOS="783" WIDTH="79" HEIGHT="20" WC="0.96" CONTENT="ärende"/><SP WIDTH="17" VPOS="783" HPOS="463"/>
							<String ID="string_197" HPOS="480" VPOS="784" WIDTH="70" HEIGHT="19" WC="0.93" CONTENT="måtte"/><SP WIDTH="17" VPOS="784" HPOS="550"/>
							<String ID="string_198" HPOS="567" VPOS="783" WIDTH="142" HEIGHT="20" WC="0.90" CONTENT="tillerkännas"/><SP WIDTH="16" VPOS="783" HPOS="709"/>
							<String ID="string_199" HPOS="725" VPOS="783" WIDTH="112" HEIGHT="26" WC="0.96" CONTENT="betydelse"/><SP WIDTH="17" VPOS="783" HPOS="837"/>
							<String ID="string_200" HPOS="854" VPOS="783" WIDTH="22" HEIGHT="19" WC="0.96" CONTENT="af"/><SP WIDTH="16" VPOS="783" HPOS="876"/>
							<String ID="string_201" HPOS="892" VPOS="783" WIDTH="80" HEIGHT="19" WC="0.95" CONTENT="allmän"/>
						</TextLine>
						<TextLine ID="line_23" HPOS="151" VPOS="812" WIDTH="822" HEIGHT="27">
							<String ID="string_202" HPOS="151" VPOS="812" WIDTH="202" HEIGHT="27" WC="0.92" CONTENT="riksangelägenhet"/><SP WIDTH="12" VPOS="812" HPOS="353"/>
							<String ID="string_203" HPOS="365" VPOS="815" WIDTH="58" HEIGHT="18" WC="0.96" CONTENT="samt"/><SP WIDTH="11" VPOS="815" HPOS="423"/>
							<String ID="string_204" HPOS="434" VPOS="813" WIDTH="7" HEIGHT="20" WC="0.96" CONTENT="i"/><SP WIDTH="11" VPOS="813" HPOS="441"/>
							<String ID="string_205" HPOS="452" VPOS="813" WIDTH="101" HEIGHT="20" WC="0.93" CONTENT="afseende"/><SP WIDTH="11" VPOS="813" HPOS="553"/>
							<String ID="string_206" HPOS="564" VPOS="813" WIDTH="12" HEIGHT="20" WC="0.93" CONTENT="å"/><SP WIDTH="13" VPOS="813" HPOS="576"/>
							<String ID="string_207" HPOS="589" VPOS="813" WIDTH="114" HEIGHT="20" WC="0.93" CONTENT="utlåtande"/><SP WIDTH="11" VPOS="813" HPOS="703"/>
							<String ID="string_208" HPOS="714" VPOS="813" WIDTH="177" HEIGHT="19" WC="0.91" CONTENT="förberedelsevis"/><SP WIDTH="11" VPOS="813" HPOS="891"/>
							<String ID="string_209" HPOS="902" VPOS="813" WIDTH="71" HEIGHT="19" WC="0.90" CONTENT="öfver-"/>
						</TextLine>
						<TextLine ID="line_24" HPOS="151" VPOS="840" WIDTH="822" HEIGHT="23">
							<String ID="string_210" HPOS="151" VPOS="842" WIDTH="85" HEIGHT="20" WC="0.96" CONTENT="lämnas"/><SP WIDTH="14" VPOS="842" HPOS="236"/>
							<String ID="string_211" HPOS="250" VPOS="842" WIDTH="32" HEIGHT="20" WC="0.95" CONTENT="till"/><SP WIDTH="15" VPOS="842" HPOS="282"/>
							<String ID="string_212" HPOS="297" VPOS="843" WIDTH="103" HEIGHT="20" WC="0.96" CONTENT="Finlands"/><SP WIDTH="14" VPOS="843" HPOS="400"/>
							<String ID="string_213" HPOS="414" VPOS="849" WIDTH="29" HEIGHT="13" WC="0.96" CONTENT="nu"/><SP WIDTH="14" VPOS="849" HPOS="443"/>
							<String ID="string_214" HPOS="457" VPOS="843" WIDTH="130" HEIGHT="20" WC="0.96" CONTENT="församlade"/><SP WIDTH="14" VPOS="843" HPOS="587"/>
							<String ID="string_215" HPOS="601" VPOS="843" WIDTH="94" HEIGHT="20" WC="0.93" CONTENT="ständer."/><SP WIDTH="23" VPOS="843" HPOS="695"/>
							<String ID="string_216" HPOS="718" VPOS="840" WIDTH="18" HEIGHT="22" WC="0.88" CONTENT="Å"/><SP WIDTH="14" VPOS="840" HPOS="736"/>
							<String ID="string_217" HPOS="750" VPOS="844" WIDTH="16" HEIGHT="18" WC="0.90" CONTENT="t."/><SP WIDTH="13" VPOS="844" HPOS="766"/>
							<String ID="string_218" HPOS="779" VPOS="842" WIDTH="15" HEIGHT="20" WC="0.89" CONTENT="f."/><SP WIDTH="15" VPOS="842" HPOS="794"/>
							<String ID="string_219" HPOS="809" VPOS="842" WIDTH="164" HEIGHT="20" WC="0.91" CONTENT="ministerstats-"/>
						</TextLine>
						<TextLine ID="line_25" HPOS="152" VPOS="872" WIDTH="821" HEIGHT="27">
							<String ID="string_220" HPOS="152" VPOS="872" WIDTH="159" HEIGHT="20" WC="0.93" CONTENT="sekreterarens"/><SP WIDTH="15" VPOS="872" HPOS="311"/>
							<String ID="string_221" HPOS="326" VPOS="873" WIDTH="204" HEIGHT="26" WC="0.91" CONTENT="föredragningsnot"/><SP WIDTH="8" VPOS="873" HPOS="530"/>
							<String ID="string_222" HPOS="538" VPOS="873" WIDTH="39" HEIGHT="20" WC="0.96" CONTENT="har"/><SP WIDTH="9" VPOS="873" HPOS="577"/>
							<String ID="string_223" HPOS="586" VPOS="873" WIDTH="61" HEIGHT="19" WC="0.96" CONTENT="Hans"/><SP WIDTH="7" VPOS="873" HPOS="647"/>
							<String ID="string_224" HPOS="654" VPOS="873" WIDTH="104" HEIGHT="25" WC="0.96" CONTENT="Majestät"/><SP WIDTH="14" VPOS="873" HPOS="758"/>
							<String ID="string_225" HPOS="772" VPOS="872" WIDTH="107" HEIGHT="26" WC="0.96" CONTENT="Kejsaren"/><SP WIDTH="14" VPOS="872" HPOS="879"/>
							<String ID="string_226" HPOS="893" VPOS="872" WIDTH="40" HEIGHT="20" WC="0.96" CONTENT="den"/><SP WIDTH="13" VPOS="872" HPOS="933"/>
							<String ID="string_227" HPOS="946" VPOS="872" WIDTH="27" HEIGHT="20" WC="0.94" CONTENT="23"/>
						</TextLine>
						<TextLine ID="line_26" HPOS="152" VPOS="902" WIDTH="819" HEIGHT="26">
							<String ID="string_228" HPOS="152" VPOS="908" WIDTH="57" HEIGHT="13" WC="0.94" CONTENT="mars"/><SP WIDTH="20" VPOS="908" HPOS="209"/>
							<String ID="string_229" HPOS="229" VPOS="902" WIDTH="21" HEIGHT="25" WC="0.96" CONTENT="(4"/><SP WIDTH="15" VPOS="902" HPOS="250"/>
							<String ID="string_230" HPOS="265" VPOS="902" WIDTH="62" HEIGHT="26" WC="0.96" CONTENT="april)"/><SP WIDTH="20" VPOS="902" HPOS="327"/>
							<String ID="string_231" HPOS="347" VPOS="903" WIDTH="97" HEIGHT="19" WC="0.93" CONTENT="tecknat:"/><SP WIDTH="26" VPOS="903" HPOS="444"/>
							<String ID="string_232" HPOS="470" VPOS="903" WIDTH="109" HEIGHT="20" WC="0.91" CONTENT="»Förfares"/><SP WIDTH="13" VPOS="903" HPOS="579"/>
							<String ID="string_233" HPOS="592" VPOS="903" WIDTH="67" HEIGHT="25" WC="0.96" CONTENT="enligt"/><SP WIDTH="14" VPOS="903" HPOS="659"/>
							<String ID="string_234" HPOS="673" VPOS="903" WIDTH="41" HEIGHT="19" WC="0.97" CONTENT="den"/><SP WIDTH="15" VPOS="903" HPOS="714"/>
							<String ID="string_235" HPOS="729" VPOS="902" WIDTH="21" HEIGHT="20" WC="0.96" CONTENT="af"/><SP WIDTH="13" VPOS="902" HPOS="750"/>
							<String ID="string_236" HPOS="763" VPOS="902" WIDTH="44" HEIGHT="26" WC="0.96" CONTENT="mig"/><SP WIDTH="14" VPOS="902" HPOS="807"/>
							<String ID="string_237" HPOS="821" VPOS="902" WIDTH="70" HEIGHT="20" WC="0.96" CONTENT="denna"/><SP WIDTH="14" VPOS="902" HPOS="891"/>
							<String ID="string_238" HPOS="905" VPOS="902" WIDTH="42" HEIGHT="26" WC="0.93" CONTENT="dag"/><SP WIDTH="13" VPOS="902" HPOS="947"/>
							<String ID="string_239" HPOS="960" VPOS="902" WIDTH="11" HEIGHT="20" WC="0.92" CONTENT="å"/>
						</TextLine>
						<TextLine ID="line_27" HPOS="151" VPOS="932" WIDTH="792" HEIGHT="26">
							<String ID="string_240" HPOS="151" VPOS="932" WIDTH="185" HEIGHT="25" WC="0.91" CONTENT="krigsministerns"/><SP WIDTH="15" VPOS="932" HPOS="336"/>
							<String ID="string_241" HPOS="351" VPOS="932" WIDTH="276" HEIGHT="26" WC="0.91" CONTENT="föredragningsmemorial"/><SP WIDTH="14" VPOS="932" HPOS="627"/>
							<String ID="string_242" HPOS="641" VPOS="932" WIDTH="127" HEIGHT="20" WC="0.93" CONTENT="meddelade"/><SP WIDTH="14" VPOS="932" HPOS="768"/>
							<String ID="string_243" HPOS="782" VPOS="932" WIDTH="161" HEIGHT="20" WC="0.90" CONTENT="resolutionen»."/>
						</TextLine>
					</TextBlock>
					<TextBlock ID="block_4" HPOS="151" VPOS="961" WIDTH="823" HEIGHT="474">
						<TextLine ID="line_28" HPOS="195" VPOS="961" WIDTH="778" HEIGHT="27">
							<String ID="string_244" HPOS="195" VPOS="961" WIDTH="100" HEIGHT="21" WC="0.91" CONTENT="Oaktadt"/><SP WIDTH="18" VPOS="961" HPOS="295"/>
							<String ID="string_245" HPOS="313" VPOS="962" WIDTH="62" HEIGHT="20" WC="0.96" CONTENT="Hans"/><SP WIDTH="17" VPOS="962" HPOS="375"/>
							<String ID="string_246" HPOS="392" VPOS="962" WIDTH="106" HEIGHT="26" WC="0.96" CONTENT="Majestät"/><SP WIDTH="18" VPOS="962" HPOS="498"/>
							<String ID="string_247" HPOS="516" VPOS="962" WIDTH="106" HEIGHT="26" WC="0.96" CONTENT="Kejsaren"/><SP WIDTH="19" VPOS="962" HPOS="622"/>
							<String ID="string_248" HPOS="641" VPOS="962" WIDTH="91" HEIGHT="20" WC="0.96" CONTENT="sålunda"/><SP WIDTH="17" VPOS="962" HPOS="732"/>
							<String ID="string_249" HPOS="749" VPOS="967" WIDTH="79" HEIGHT="21" WC="0.93" CONTENT="genom"/><SP WIDTH="19" VPOS="967" HPOS="828"/>
							<String ID="string_250" HPOS="847" VPOS="962" WIDTH="126" HEIGHT="26" WC="0.91" CONTENT="högstegen-"/>
						</TextLine>
						<TextLine ID="line_29" HPOS="152" VPOS="991" WIDTH="822" HEIGHT="27">
							<String ID="string_251" HPOS="152" VPOS="991" WIDTH="93" HEIGHT="26" WC="0.91" CONTENT="händigt"/><SP WIDTH="8" VPOS="991" HPOS="245"/>
							<String ID="string_252" HPOS="253" VPOS="992" WIDTH="107" HEIGHT="20" WC="0.96" CONTENT="tecknade"/><SP WIDTH="8" VPOS="992" HPOS="360"/>
							<String ID="string_253" HPOS="368" VPOS="992" WIDTH="143" HEIGHT="20" WC="0.96" CONTENT="resolutioner"/><SP WIDTH="9" VPOS="992" HPOS="511"/>
							<String ID="string_254" HPOS="520" VPOS="992" WIDTH="59" HEIGHT="20" WC="0.93" CONTENT="såväl"/><SP WIDTH="9" VPOS="992" HPOS="579"/>
							<String ID="string_255" HPOS="588" VPOS="992" WIDTH="12" HEIGHT="20" WC="0.93" CONTENT="å"/><SP WIDTH="9" VPOS="992" HPOS="600"/>
							<String ID="string_256" HPOS="609" VPOS="992" WIDTH="184" HEIGHT="26" WC="0.91" CONTENT="krigsministerns"/><SP WIDTH="8" VPOS="992" HPOS="793"/>
							<String ID="string_257" HPOS="801" VPOS="992" WIDTH="173" HEIGHT="25" WC="0.92" CONTENT="föredragnings-"/>
						</TextLine>
						<TextLine ID="line_30" HPOS="152" VPOS="1021" WIDTH="822" HEIGHT="26">
							<String ID="string_258" HPOS="152" VPOS="1021" WIDTH="114" HEIGHT="20" WC="0.96" CONTENT="memorial"/><SP WIDTH="16" VPOS="1021" HPOS="266"/>
							<String ID="string_259" HPOS="282" VPOS="1028" WIDTH="46" HEIGHT="13" WC="0.93" CONTENT="som"/><SP WIDTH="16" VPOS="1028" HPOS="328"/>
							<String ID="string_260" HPOS="344" VPOS="1022" WIDTH="12" HEIGHT="20" WC="0.85" CONTENT="å"/><SP WIDTH="16" VPOS="1022" HPOS="356"/>
							<String ID="string_261" HPOS="372" VPOS="1023" WIDTH="17" HEIGHT="19" WC="0.91" CONTENT="t."/><SP WIDTH="17" VPOS="1023" HPOS="389"/>
							<String ID="string_262" HPOS="406" VPOS="1022" WIDTH="14" HEIGHT="20" WC="0.92" CONTENT="f."/><SP WIDTH="18" VPOS="1022" HPOS="420"/>
							<String ID="string_263" HPOS="438" VPOS="1022" WIDTH="316" HEIGHT="20" WC="0.91" CONTENT="ministerstatssekreterarens"/><SP WIDTH="16" VPOS="1022" HPOS="754"/>
							<String ID="string_264" HPOS="770" VPOS="1021" WIDTH="204" HEIGHT="26" WC="0.92" CONTENT="föredragningsnot"/>
						</TextLine>
						<TextLine ID="line_31" HPOS="152" VPOS="1051" WIDTH="821" HEIGHT="26">
							<String ID="string_265" HPOS="152" VPOS="1051" WIDTH="113" HEIGHT="19" WC="0.91" CONTENT="meddelat"/><SP WIDTH="14" VPOS="1051" HPOS="265"/>
							<String ID="string_266" HPOS="279" VPOS="1052" WIDTH="76" HEIGHT="20" WC="0.96" CONTENT="endast"/><SP WIDTH="15" VPOS="1052" HPOS="355"/>
							<String ID="string_267" HPOS="370" VPOS="1052" WIDTH="42" HEIGHT="19" WC="0.93" CONTENT="den"/><SP WIDTH="14" VPOS="1052" HPOS="412"/>
							<String ID="string_268" HPOS="426" VPOS="1052" WIDTH="124" HEIGHT="25" WC="0.92" CONTENT="befallning,"/><SP WIDTH="14" VPOS="1052" HPOS="550"/>
							<String ID="string_269" HPOS="564" VPOS="1053" WIDTH="33" HEIGHT="19" WC="0.93" CONTENT="att"/><SP WIDTH="13" VPOS="1053" HPOS="597"/>
							<String ID="string_270" HPOS="610" VPOS="1052" WIDTH="126" HEIGHT="19" WC="0.92" CONTENT="förberörda"/><SP WIDTH="14" VPOS="1052" HPOS="736"/>
							<String ID="string_271" HPOS="750" VPOS="1051" WIDTH="73" HEIGHT="26" WC="0.92" CONTENT="frägor"/><SP WIDTH="13" VPOS="1051" HPOS="823"/>
							<String ID="string_272" HPOS="836" VPOS="1051" WIDTH="88" HEIGHT="22" WC="0.91" CONTENT="skulle,i"/><SP WIDTH="12" VPOS="1051" HPOS="924"/>
							<String ID="string_273" HPOS="936" VPOS="1057" WIDTH="37" HEIGHT="13" WC="0.92" CONTENT="an-"/>
						</TextLine>
						<TextLine ID="line_32" HPOS="152" VPOS="1080" WIDTH="820" HEIGHT="27">
							<String ID="string_274" HPOS="152" VPOS="1081" WIDTH="78" HEIGHT="19" WC="0.92" CONTENT="seende"/><SP WIDTH="17" VPOS="1081" HPOS="230"/>
							<String ID="string_275" HPOS="247" VPOS="1081" WIDTH="32" HEIGHT="19" WC="0.96" CONTENT="till"/><SP WIDTH="17" VPOS="1081" HPOS="279"/>
							<String ID="string_276" HPOS="296" VPOS="1082" WIDTH="61" HEIGHT="19" WC="0.93" CONTENT="deras"/><SP WIDTH="16" VPOS="1082" HPOS="357"/>
							<String ID="string_277" HPOS="373" VPOS="1081" WIDTH="140" HEIGHT="26" WC="0.92" CONTENT="oskiljaktiga"/><SP WIDTH="16" VPOS="1081" HPOS="513"/>
							<String ID="string_278" HPOS="529" VPOS="1082" WIDTH="158" HEIGHT="25" WC="0.96" CONTENT="sammanhang"/><SP WIDTH="17" VPOS="1082" HPOS="687"/>
							<String ID="string_279" HPOS="704" VPOS="1081" WIDTH="49" HEIGHT="19" WC="0.93" CONTENT="med"/><SP WIDTH="16" VPOS="1081" HPOS="753"/>
							<String ID="string_280" HPOS="769" VPOS="1080" WIDTH="203" HEIGHT="27" WC="0.91" CONTENT="värnepligtslagen,"/>
						</TextLine>
						<TextLine ID="line_33" HPOS="152" VPOS="1110" WIDTH="821" HEIGHT="24">
							<String ID="string_281" HPOS="152" VPOS="1110" WIDTH="138" HEIGHT="20" WC="0.91" CONTENT="oförtöfvadt"/><SP WIDTH="14" VPOS="1110" HPOS="290"/>
							<String ID="string_282" HPOS="304" VPOS="1111" WIDTH="147" HEIGHT="20" WC="0.92" CONTENT="öfverlämnas"/><SP WIDTH="14" VPOS="1111" HPOS="451"/>
							<String ID="string_283" HPOS="465" VPOS="1111" WIDTH="33" HEIGHT="20" WC="0.93" CONTENT="till"/><SP WIDTH="10" VPOS="1111" HPOS="498"/>
							<String ID="string_284" HPOS="508" VPOS="1112" WIDTH="124" HEIGHT="22" WC="0.92" CONTENT="ständerna,"/><SP WIDTH="12" VPOS="1112" HPOS="632"/>
							<String ID="string_285" HPOS="644" VPOS="1112" WIDTH="39" HEIGHT="19" WC="0.93" CONTENT="har"/><SP WIDTH="10" VPOS="1112" HPOS="683"/>
							<String ID="string_286" HPOS="693" VPOS="1112" WIDTH="16" HEIGHT="19" WC="0.89" CONTENT="t."/><SP WIDTH="12" VPOS="1112" HPOS="709"/>
							<String ID="string_287" HPOS="721" VPOS="1111" WIDTH="14" HEIGHT="19" WC="0.89" CONTENT="f."/><SP WIDTH="12" VPOS="1111" HPOS="735"/>
							<String ID="string_288" HPOS="747" VPOS="1110" WIDTH="226" HEIGHT="21" WC="0.91" CONTENT="ministerstatssekre-"/>
						</TextLine>
						<TextLine ID="line_34" HPOS="152" VPOS="1140" WIDTH="821" HEIGHT="26">
							<String ID="string_289" HPOS="152" VPOS="1141" WIDTH="86" HEIGHT="19" WC="0.92" CONTENT="teraren"/><SP WIDTH="16" VPOS="1141" HPOS="238"/>
							<String ID="string_290" HPOS="254" VPOS="1141" WIDTH="119" HEIGHT="19" WC="0.92" CONTENT="emellertid"/><SP WIDTH="15" VPOS="1141" HPOS="373"/>
							<String ID="string_291" HPOS="388" VPOS="1141" WIDTH="6" HEIGHT="19" WC="0.93" CONTENT="i"/><SP WIDTH="16" VPOS="1141" HPOS="394"/>
							<String ID="string_292" HPOS="410" VPOS="1141" WIDTH="112" HEIGHT="19" WC="0.92" CONTENT="skrifvelse"/><SP WIDTH="14" VPOS="1141" HPOS="522"/>
							<String ID="string_293" HPOS="536" VPOS="1141" WIDTH="23" HEIGHT="19" WC="0.96" CONTENT="af"/><SP WIDTH="15" VPOS="1141" HPOS="559"/>
							<String ID="string_294" HPOS="574" VPOS="1141" WIDTH="41" HEIGHT="19" WC="0.96" CONTENT="den"/><SP WIDTH="15" VPOS="1141" HPOS="615"/>
							<String ID="string_295" HPOS="630" VPOS="1141" WIDTH="27" HEIGHT="20" WC="0.96" CONTENT="27"/><SP WIDTH="14" VPOS="1141" HPOS="657"/>
							<String ID="string_296" HPOS="671" VPOS="1147" WIDTH="58" HEIGHT="13" WC="0.96" CONTENT="mars"/><SP WIDTH="15" VPOS="1147" HPOS="729"/>
							<String ID="string_297" HPOS="744" VPOS="1140" WIDTH="22" HEIGHT="25" WC="0.96" CONTENT="(8"/><SP WIDTH="15" VPOS="1140" HPOS="766"/>
							<String ID="string_298" HPOS="781" VPOS="1140" WIDTH="71" HEIGHT="26" WC="0.93" CONTENT="april),"/><SP WIDTH="16" VPOS="1140" HPOS="852"/>
							<String ID="string_299" HPOS="868" VPOS="1140" WIDTH="105" HEIGHT="20" WC="0.92" CONTENT="hvarmed"/>
						</TextLine>
						<TextLine ID="line_35" HPOS="151" VPOS="1170" WIDTH="823" HEIGHT="26">
							<String ID="string_300" HPOS="151" VPOS="1170" WIDTH="44" HEIGHT="19" WC="0.96" CONTENT="han"/><SP WIDTH="11" VPOS="1170" HPOS="195"/>
							<String ID="string_301" HPOS="206" VPOS="1170" WIDTH="33" HEIGHT="20" WC="0.93" CONTENT="till"/><SP WIDTH="10" VPOS="1170" HPOS="239"/>
							<String ID="string_302" HPOS="249" VPOS="1171" WIDTH="221" HEIGHT="25" WC="0.92" CONTENT="generalguvernören"/><SP WIDTH="11" VPOS="1171" HPOS="470"/>
							<String ID="string_303" HPOS="481" VPOS="1171" WIDTH="61" HEIGHT="19" WC="0.96" CONTENT="öfver"/><SP WIDTH="10" VPOS="1171" HPOS="542"/>
							<String ID="string_304" HPOS="552" VPOS="1170" WIDTH="91" HEIGHT="20" WC="0.96" CONTENT="Finland"/><SP WIDTH="11" VPOS="1170" HPOS="643"/>
							<String ID="string_305" HPOS="654" VPOS="1171" WIDTH="6" HEIGHT="19" WC="0.93" CONTENT="i"/><SP WIDTH="11" VPOS="1171" HPOS="660"/>
							<String ID="string_306" HPOS="671" VPOS="1170" WIDTH="100" HEIGHT="20" WC="0.93" CONTENT="afseende"/><SP WIDTH="10" VPOS="1170" HPOS="771"/>
							<String ID="string_307" HPOS="781" VPOS="1170" WIDTH="13" HEIGHT="20" WC="0.92" CONTENT="å"/><SP WIDTH="16" VPOS="1170" HPOS="794"/>
							<String ID="string_308" HPOS="810" VPOS="1170" WIDTH="88" HEIGHT="26" WC="0.93" CONTENT="behörig"/><SP WIDTH="13" VPOS="1170" HPOS="898"/>
							<String ID="string_309" HPOS="911" VPOS="1170" WIDTH="63" HEIGHT="20" WC="0.92" CONTENT="verk-"/>
						</TextLine>
						<TextLine ID="line_36" HPOS="152" VPOS="1200" WIDTH="821" HEIGHT="26">
							<String ID="string_310" HPOS="152" VPOS="1200" WIDTH="112" HEIGHT="25" WC="0.91" CONTENT="ställighet"/><SP WIDTH="17" VPOS="1200" HPOS="264"/>
							<String ID="string_311" HPOS="281" VPOS="1200" WIDTH="127" HEIGHT="20" WC="0.92" CONTENT="öfversändt"/><SP WIDTH="18" VPOS="1200" HPOS="408"/>
							<String ID="string_312" HPOS="426" VPOS="1200" WIDTH="86" HEIGHT="20" WC="0.92" CONTENT="afskrift"/><SP WIDTH="17" VPOS="1200" HPOS="512"/>
							<String ID="string_313" HPOS="529" VPOS="1200" WIDTH="22" HEIGHT="20" WC="0.93" CONTENT="af"/><SP WIDTH="17" VPOS="1200" HPOS="551"/>
							<String ID="string_314" HPOS="568" VPOS="1200" WIDTH="182" HEIGHT="26" WC="0.92" CONTENT="krigsministerns"/><SP WIDTH="18" VPOS="1200" HPOS="750"/>
							<String ID="string_315" HPOS="768" VPOS="1200" WIDTH="66" HEIGHT="20" WC="0.96" CONTENT="ofvan"/><SP WIDTH="17" VPOS="1200" HPOS="834"/>
							<String ID="string_316" HPOS="851" VPOS="1200" WIDTH="122" HEIGHT="25" WC="0.96" CONTENT="åberopade"/>
						</TextLine>
						<TextLine ID="line_37" HPOS="152" VPOS="1229" WIDTH="822" HEIGHT="28">
							<String ID="string_317" HPOS="152" VPOS="1229" WIDTH="114" HEIGHT="20" WC="0.92" CONTENT="skrifvelse"/><SP WIDTH="16" VPOS="1229" HPOS="266"/>
							<String ID="string_318" HPOS="282" VPOS="1230" WIDTH="21" HEIGHT="20" WC="0.97" CONTENT="af"/><SP WIDTH="15" VPOS="1230" HPOS="303"/>
							<String ID="string_319" HPOS="318" VPOS="1231" WIDTH="42" HEIGHT="19" WC="0.96" CONTENT="den"/><SP WIDTH="16" VPOS="1231" HPOS="360"/>
							<String ID="string_320" HPOS="376" VPOS="1231" WIDTH="26" HEIGHT="19" WC="0.96" CONTENT="24"/><SP WIDTH="16" VPOS="1231" HPOS="402"/>
							<String ID="string_321" HPOS="418" VPOS="1237" WIDTH="58" HEIGHT="14" WC="0.96" CONTENT="mars"/><SP WIDTH="16" VPOS="1237" HPOS="476"/>
							<String ID="string_322" HPOS="492" VPOS="1231" WIDTH="20" HEIGHT="24" WC="0.96" CONTENT="(5"/><SP WIDTH="11" VPOS="1231" HPOS="512"/>
							<String ID="string_323" HPOS="523" VPOS="1231" WIDTH="70" HEIGHT="26" WC="0.93" CONTENT="april),"/><SP WIDTH="10" VPOS="1231" HPOS="593"/>
							<String ID="string_324" HPOS="603" VPOS="1231" WIDTH="106" HEIGHT="19" WC="0.93" CONTENT="förklarat"/><SP WIDTH="16" VPOS="1231" HPOS="709"/>
							<String ID="string_325" HPOS="725" VPOS="1230" WIDTH="121" HEIGHT="20" WC="0.91" CONTENT="sistnämda"/><SP WIDTH="16" VPOS="1230" HPOS="846"/>
							<String ID="string_326" HPOS="862" VPOS="1230" WIDTH="112" HEIGHT="19" WC="0.93" CONTENT="skrifvelse"/>
						</TextLine>
						<TextLine ID="line_38" HPOS="151" VPOS="1259" WIDTH="822" HEIGHT="27">
							<String ID="string_327" HPOS="151" VPOS="1259" WIDTH="56" HEIGHT="26" WC="0.92" CONTENT="angä"/><SP WIDTH="14" VPOS="1259" HPOS="207"/>
							<String ID="string_328" HPOS="221" VPOS="1260" WIDTH="124" HEIGHT="20" WC="0.90" CONTENT="»meddelad"/><SP WIDTH="13" VPOS="1260" HPOS="345"/>
							<String ID="string_329" HPOS="358" VPOS="1260" WIDTH="65" HEIGHT="26" WC="0.92" CONTENT="nädig"/><SP WIDTH="12" VPOS="1260" HPOS="423"/>
							<String ID="string_330" HPOS="435" VPOS="1260" WIDTH="117" HEIGHT="26" WC="0.92" CONTENT="befallning"/><SP WIDTH="12" VPOS="1260" HPOS="552"/>
							<String ID="string_331" HPOS="564" VPOS="1261" WIDTH="33" HEIGHT="19" WC="0.93" CONTENT="att"/><SP WIDTH="11" VPOS="1261" HPOS="597"/>
							<String ID="string_332" HPOS="608" VPOS="1261" WIDTH="76" HEIGHT="25" WC="0.92" CONTENT="frägan"/><SP WIDTH="13" VPOS="1261" HPOS="684"/>
							<String ID="string_333" HPOS="697" VPOS="1266" WIDTH="35" HEIGHT="13" WC="0.93" CONTENT="om"/><SP WIDTH="13" VPOS="1266" HPOS="732"/>
							<String ID="string_334" HPOS="745" VPOS="1259" WIDTH="144" HEIGHT="26" WC="0.92" CONTENT="utjämnande"/><SP WIDTH="11" VPOS="1259" HPOS="889"/>
							<String ID="string_335" HPOS="900" VPOS="1259" WIDTH="22" HEIGHT="20" WC="0.96" CONTENT="af"/><SP WIDTH="10" VPOS="1259" HPOS="922"/>
							<String ID="string_336" HPOS="932" VPOS="1259" WIDTH="41" HEIGHT="20" WC="0.96" CONTENT="den"/>
						</TextLine>
						<TextLine ID="line_39" HPOS="152" VPOS="1289" WIDTH="822" HEIGHT="27">
							<String ID="string_337" HPOS="152" VPOS="1289" WIDTH="122" HEIGHT="26" WC="0.91" CONTENT="personella"/><SP WIDTH="10" VPOS="1289" HPOS="274"/>
							<String ID="string_338" HPOS="284" VPOS="1290" WIDTH="40" HEIGHT="19" WC="0.93" CONTENT="och"/><SP WIDTH="9" VPOS="1290" HPOS="324"/>
							<String ID="string_339" HPOS="333" VPOS="1290" WIDTH="122" HEIGHT="20" WC="0.92" CONTENT="finansiella"/><SP WIDTH="10" VPOS="1290" HPOS="455"/>
							<String ID="string_340" HPOS="465" VPOS="1290" WIDTH="219" HEIGHT="26" WC="0.92" CONTENT="värnepligtstungan"/><SP WIDTH="10" VPOS="1290" HPOS="684"/>
							<String ID="string_341" HPOS="694" VPOS="1290" WIDTH="7" HEIGHT="19" WC="0.97" CONTENT="i"/><SP WIDTH="10" VPOS="1290" HPOS="701"/>
							<String ID="string_342" HPOS="711" VPOS="1289" WIDTH="93" HEIGHT="20" WC="0.96" CONTENT="Finland"/><SP WIDTH="11" VPOS="1289" HPOS="804"/>
							<String ID="string_343" HPOS="815" VPOS="1289" WIDTH="39" HEIGHT="20" WC="0.96" CONTENT="och"/><SP WIDTH="10" VPOS="1289" HPOS="854"/>
							<String ID="string_344" HPOS="864" VPOS="1289" WIDTH="6" HEIGHT="20" WC="0.93" CONTENT="i"/><SP WIDTH="10" VPOS="1289" HPOS="870"/>
							<String ID="string_345" HPOS="880" VPOS="1289" WIDTH="94" HEIGHT="26" WC="0.92" CONTENT="kejsare-"/>
						</TextLine>
						<TextLine ID="line_40" HPOS="151" VPOS="1319" WIDTH="823" HEIGHT="26">
							<String ID="string_346" HPOS="151" VPOS="1319" WIDTH="76" HEIGHT="19" WC="0.92" CONTENT="dömet"/><SP WIDTH="13" VPOS="1319" HPOS="227"/>
							<String ID="string_347" HPOS="240" VPOS="1319" WIDTH="55" HEIGHT="20" WC="0.96" CONTENT="skall"/><SP WIDTH="12" VPOS="1319" HPOS="295"/>
							<String ID="string_348" HPOS="307" VPOS="1325" WIDTH="63" HEIGHT="14" WC="0.93" CONTENT="anses"/><SP WIDTH="12" VPOS="1325" HPOS="370"/>
							<String ID="string_349" HPOS="382" VPOS="1320" WIDTH="72" HEIGHT="19" WC="0.92" CONTENT="säsom"/><SP WIDTH="12" VPOS="1320" HPOS="454"/>
							<String ID="string_350" HPOS="466" VPOS="1320" WIDTH="81" HEIGHT="19" WC="0.93" CONTENT="allmän"/><SP WIDTH="12" VPOS="1320" HPOS="547"/>
							<String ID="string_351" HPOS="559" VPOS="1319" WIDTH="203" HEIGHT="26" WC="0.92" CONTENT="riksangelägenhet"/><SP WIDTH="13" VPOS="1319" HPOS="762"/>
							<String ID="string_352" HPOS="775" VPOS="1319" WIDTH="113" HEIGHT="20" WC="0.92" CONTENT="äfvensom"/><SP WIDTH="12" VPOS="1319" HPOS="888"/>
							<String ID="string_353" HPOS="900" VPOS="1321" WIDTH="35" HEIGHT="18" WC="0.96" CONTENT="att"/><SP WIDTH="13" VPOS="1321" HPOS="935"/>
							<String ID="string_354" HPOS="948" VPOS="1319" WIDTH="26" HEIGHT="20" WC="0.96" CONTENT="de"/>
						</TextLine>
						<TextLine ID="line_41" HPOS="151" VPOS="1348" WIDTH="823" HEIGHT="27">
							<String ID="string_355" HPOS="151" VPOS="1348" WIDTH="8" HEIGHT="19" WC="0.96" CONTENT="i"/><SP WIDTH="12" VPOS="1348" HPOS="159"/>
							<String ID="string_356" HPOS="171" VPOS="1348" WIDTH="94" HEIGHT="20" WC="0.93" CONTENT="berörda"/><SP WIDTH="12" VPOS="1348" HPOS="265"/>
							<String ID="string_357" HPOS="277" VPOS="1349" WIDTH="112" HEIGHT="20" WC="0.93" CONTENT="skrifvelse"/><SP WIDTH="13" VPOS="1349" HPOS="389"/>
							<String ID="string_358" HPOS="402" VPOS="1349" WIDTH="143" HEIGHT="20" WC="0.92" CONTENT="omförmälda"/><SP WIDTH="13" VPOS="1349" HPOS="545"/>
							<String ID="string_359" HPOS="558" VPOS="1349" WIDTH="79" HEIGHT="26" WC="0.96" CONTENT="förslag"/><SP WIDTH="12" VPOS="1349" HPOS="637"/>
							<String ID="string_360" HPOS="649" VPOS="1349" WIDTH="7" HEIGHT="20" WC="0.93" CONTENT="i"/><SP WIDTH="13" VPOS="1349" HPOS="656"/>
							<String ID="string_361" HPOS="669" VPOS="1349" WIDTH="66" HEIGHT="26" WC="0.95" CONTENT="sagda"/><SP WIDTH="13" VPOS="1349" HPOS="735"/>
							<String ID="string_362" HPOS="748" VPOS="1349" WIDTH="79" HEIGHT="20" WC="0.96" CONTENT="ärende"/><SP WIDTH="13" VPOS="1349" HPOS="827"/>
							<String ID="string_363" HPOS="840" VPOS="1349" WIDTH="58" HEIGHT="20" WC="0.96" CONTENT="skola"/><SP WIDTH="14" VPOS="1349" HPOS="898"/>
							<String ID="string_364" HPOS="912" VPOS="1349" WIDTH="6" HEIGHT="20" WC="0.93" CONTENT="i"/><SP WIDTH="12" VPOS="1349" HPOS="918"/>
							<String ID="string_365" HPOS="930" VPOS="1349" WIDTH="44" HEIGHT="25" WC="0.84" CONTENT="lag-"/>
						</TextLine>
						<TextLine ID="line_42" HPOS="152" VPOS="1378" WIDTH="822" HEIGHT="27">
							<String ID="string_366" HPOS="152" VPOS="1378" WIDTH="156" HEIGHT="26" WC="0.92" CONTENT="stiftningsväg"/><SP WIDTH="18" VPOS="1378" HPOS="308"/>
							<String ID="string_367" HPOS="326" VPOS="1379" WIDTH="86" HEIGHT="26" WC="0.92" CONTENT="afgöras"/><SP WIDTH="17" VPOS="1379" HPOS="412"/>
							<String ID="string_368" HPOS="429" VPOS="1379" WIDTH="6" HEIGHT="20" WC="0.96" CONTENT="i"/><SP WIDTH="18" VPOS="1379" HPOS="435"/>
							<String ID="string_369" HPOS="453" VPOS="1379" WIDTH="42" HEIGHT="20" WC="0.97" CONTENT="den"/><SP WIDTH="17" VPOS="1379" HPOS="495"/>
							<String ID="string_370" HPOS="512" VPOS="1379" WIDTH="97" HEIGHT="26" WC="0.96" CONTENT="ordning,"/><SP WIDTH="20" VPOS="1379" HPOS="609"/>
							<String ID="string_371" HPOS="629" VPOS="1385" WIDTH="46" HEIGHT="14" WC="0.92" CONTENT="som"/><SP WIDTH="18" VPOS="1385" HPOS="675"/>
							<String ID="string_372" HPOS="693" VPOS="1379" WIDTH="71" HEIGHT="20" WC="0.92" CONTENT="finnes"/><SP WIDTH="17" VPOS="1379" HPOS="764"/>
							<String ID="string_373" HPOS="781" VPOS="1379" WIDTH="110" HEIGHT="20" WC="0.89" CONTENT="fastställd"/><SP WIDTH="17" VPOS="1379" HPOS="891"/>
							<String ID="string_374" HPOS="908" VPOS="1379" WIDTH="6" HEIGHT="19" WC="0.96" CONTENT="i"/><SP WIDTH="19" VPOS="1379" HPOS="914"/>
							<String ID="string_375" HPOS="933" VPOS="1379" WIDTH="41" HEIGHT="19" WC="0.96" CONTENT="den"/>
						</TextLine>
						<TextLine ID="line_43" HPOS="151" VPOS="1406" WIDTH="779" HEIGHT="29">
							<String ID="string_376" HPOS="151" VPOS="1406" WIDTH="50" HEIGHT="28" WC="0.92" CONTENT="3/15"/><SP WIDTH="15" VPOS="1406" HPOS="201"/>
							<String ID="string_377" HPOS="216" VPOS="1408" WIDTH="100" HEIGHT="20" WC="0.92" CONTENT="sistlidna"/><SP WIDTH="15" VPOS="1408" HPOS="316"/>
							<String ID="string_378" HPOS="331" VPOS="1409" WIDTH="95" HEIGHT="20" WC="0.93" CONTENT="februari"/><SP WIDTH="15" VPOS="1409" HPOS="426"/>
							<String ID="string_379" HPOS="441" VPOS="1409" WIDTH="87" HEIGHT="26" WC="0.92" CONTENT="nädigst"/><SP WIDTH="14" VPOS="1409" HPOS="528"/>
							<String ID="string_380" HPOS="542" VPOS="1409" WIDTH="136" HEIGHT="20" WC="0.92" CONTENT="stadfästade"/><SP WIDTH="14" VPOS="1409" HPOS="678"/>
							<String ID="string_381" HPOS="692" VPOS="1409" WIDTH="238" HEIGHT="25" WC="0.32" CONTENT="grundstadgandenm."/>
						</TextLine>
					</TextBlock>
					<TextBlock ID="block_5" HPOS="151" VPOS="1437" WIDTH="824" HEIGHT="57">
						<TextLine ID="line_44" HPOS="194" VPOS="1437" WIDTH="781" HEIGHT="24">
							<String ID="string_382" HPOS="194" VPOS="1437" WIDTH="105" HEIGHT="20" WC="0.93" CONTENT="Finlands"/><SP WIDTH="20" VPOS="1437" HPOS="299"/>
							<String ID="string_383" HPOS="319" VPOS="1438" WIDTH="280" HEIGHT="20" WC="0.89" CONTENT="ministersatssekreterare"/><SP WIDTH="18" VPOS="1438" HPOS="599"/>
							<String ID="string_384" HPOS="617" VPOS="1439" WIDTH="40" HEIGHT="19" WC="0.92" CONTENT="har"/><SP WIDTH="20" VPOS="1439" HPOS="657"/>
							<String ID="string_385" HPOS="677" VPOS="1439" WIDTH="89" HEIGHT="22" WC="0.91" CONTENT="säledes,"/><SP WIDTH="21" VPOS="1439" HPOS="766"/>
							<String ID="string_386" HPOS="787" VPOS="1438" WIDTH="33" HEIGHT="19" WC="0.96" CONTENT="för"/><SP WIDTH="20" VPOS="1438" HPOS="820"/>
							<String ID="string_387" HPOS="840" VPOS="1438" WIDTH="22" HEIGHT="19" WC="0.93" CONTENT="sä"/><SP WIDTH="20" VPOS="1438" HPOS="862"/>
							<String ID="string_388" HPOS="882" VPOS="1438" WIDTH="46" HEIGHT="19" WC="0.93" CONTENT="vidt"/><SP WIDTH="22" VPOS="1438" HPOS="928"/>
							<String ID="string_389" HPOS="950" VPOS="1444" WIDTH="25" HEIGHT="13" WC="0.96" CONTENT="ur"/>
						</TextLine>
						<TextLine ID="line_45" HPOS="151" VPOS="1467" WIDTH="822" HEIGHT="27">
							<String ID="string_390" HPOS="151" VPOS="1467" WIDTH="159" HEIGHT="26" WC="0.91" CONTENT="handlingarna"/><SP WIDTH="16" VPOS="1467" HPOS="310"/>
							<String ID="string_391" HPOS="326" VPOS="1468" WIDTH="102" HEIGHT="26" WC="0.90" CONTENT="framgär,"/><SP WIDTH="17" VPOS="1468" HPOS="428"/>
							<String ID="string_392" HPOS="445" VPOS="1468" WIDTH="47" HEIGHT="20" WC="0.92" CONTENT="icke"/><SP WIDTH="15" VPOS="1468" HPOS="492"/>
							<String ID="string_393" HPOS="507" VPOS="1469" WIDTH="33" HEIGHT="19" WC="0.96" CONTENT="för"/><SP WIDTH="16" VPOS="1469" HPOS="540"/>
							<String ID="string_394" HPOS="556" VPOS="1468" WIDTH="61" HEIGHT="19" WC="0.93" CONTENT="Hans"/><SP WIDTH="16" VPOS="1468" HPOS="617"/>
							<String ID="string_395" HPOS="633" VPOS="1468" WIDTH="105" HEIGHT="26" WC="0.91" CONTENT="Majestät"/><SP WIDTH="15" VPOS="1468" HPOS="738"/>
							<String ID="string_396" HPOS="753" VPOS="1468" WIDTH="127" HEIGHT="23" WC="0.90" CONTENT="framhällit,"/><SP WIDTH="17" VPOS="1468" HPOS="880"/>
							<String ID="string_397" HPOS="897" VPOS="1469" WIDTH="34" HEIGHT="18" WC="0.95" CONTENT="att"/><SP WIDTH="16" VPOS="1469" HPOS="931"/>
							<String ID="string_398" HPOS="947" VPOS="1474" WIDTH="26" HEIGHT="13" WC="0.96" CONTENT="en"/>
						</TextLine>
					</TextBlock>
				</ComposedBlock>
			</PrintSpace>
		</Page>
	</Layout>
</alto>
