1028 1631
339 82 21 17 R.
374 86 17 13 o.
407 82 20 17 A.
441 82 52 18 1899.
507 82 24 17 17
545 82 45 20 Maj.
841 82 35 16 203
891 96 2 2 .

45 141 75 28 lisesti
136 142 69 26 hyvin
221 142 107 23 tärkeätä,
345 143 47 19 että
408 142 33 23 he,
459 142 125 20 ennenkuin
601 144 40 25 nyt
657 142 60 20 esillä
734 143 61 19 oleva
812 141 64 20 Laki-

53 171 150 20 valiokunnan
219 171 101 21 mietintö
337 173 91 19 otetaan
444 173 142 19 keskustelun
603 172 106 24 alaiseksi,
728 173 50 19 edes
793 171 82 27 jossain

53 201 84 20 määrin
157 201 95 20 voisivat
270 201 105 27 perehtyä
393 203 48 19 tätä
461 202 58 20 asiaa
538 202 126 20 koskevaan
682 201 193 21 Asevelvollisuus-

53 231 150 20 valiokunnan
222 231 137 24 mietintöön,
379 231 52 26 joka
450 233 107 19 sanotaan
577 232 77 20 olevan
673 232 46 20 ensi
738 231 137 27 perjantaina

53 261 129 20 saatavissa.
215 261 59 20 Minä
292 261 120 20 sentähden
430 262 61 20 asian
508 262 129 26 tärkeyteen
654 262 93 19 katsoen
765 261 109 26 pyytäisin

55 291 44 19 niin
113 291 76 26 pitkää
203 291 63 20 aikaa
279 292 77 19 tämän
369 291 61 20 asian
444 291 146 20 valmistavaa
600 291 119 26 käsittelyä
732 293 78 18 varten
823 291 53 19 kuin

55 321 147 20 mahdollista.
222 321 103 20 Ehdotan
335 321 36 20 siis
381 321 121 20 mietinnön
512 321 174 27 pöydällepanoa
696 321 46 20 ensi
752 321 123 26 perjantain

54 350 138 26 iltapuoleen.

97 410 57 20 Frih.
169 410 25 20 R.
216 410 25 20 A.
262 410 115 20 Wrede:
403 410 42 26 Jag
457 411 83 20 tilläter
552 411 45 25 mig
609 412 35 19 att
656 411 6 19 i
675 411 118 25 anledning
805 410 22 20 af
839 409 37 20 det

53 440 53 20 sista
123 440 114 25 yttrandet
247 440 24 25 1).

98 499 33 20 Hr
147 499 24 20 L.
190 500 25 19 E.
233 505 58 14 von
310 500 185 20 Haartman:
530 500 42 26 Jag
593 501 43 19 kan
653 500 47 20 icke
719 506 51 14 anse
787 501 35 18 att
839 499 36 20 det

54 535 51 14 vore
120 529 76 26 nödigt
209 530 24 25 2).

98 589 33 20 Hr
149 589 97 20 Ernst
273 589 184 20 Estlander:
494 590 43 25 Jag
554 590 68 25 vågar
640 589 137 26 interpellera
796 589 80 26 Lagut-

53 619 97 20 skottets
162 619 24 26 1).
788 625 3 2 i

99 679 32 19 Hr
145 679 24 20 L.
215 679 135 20 Mechelin:
379 679 48 20 Den
442 681 86 18 senaste
543 680 65 19 ärade
622 679 84 20 talaren
721 679 40 20 har
774 679 58 26 gjort
846 679 31 25 sig

55 709 87 26 skyldig
160 709 33 19 till
211 710 32 19 ett
261 709 151 20 missförständ
431 709 138 20 beträffande
587 709 171 26 uppfattningen
777 709 22 20 af
816 709 60 19 dessa

56 739 199 20 sammankomster
268 739 40 19 och
323 739 27 20 de
364 739 145 26 förpligtelser
523 739 26 20 de
563 739 105 20 medföra.
697 739 44 20 Det
756 745 64 20 synes
834 738 43 26 mig

55 770 36 18 att
104 768 37 20 vid
154 769 62 19 detta
229 769 76 19 liksom
318 769 37 20 vid
368 769 79 26 mänga
460 769 130 26 föregäende
603 769 178 20 sammanträden
795 768 22 20 af
828 774 50 14 ena-

58 798 72 20 handa
144 799 34 19 art
191 799 36 19 det
239 799 58 19 rätta
309 798 147 21 förhällandet
469 801 30 21 är,
513 800 33 19 att
559 799 117 20 Utskottet
698 799 110 19 inhemtar
819 797 59 21 stän-

56 828 54 20 dens
120 828 68 20 tanke
198 828 110 26 angäende
319 829 26 19 de
355 829 80 26 förslag
446 829 116 20 Utskottet
573 831 76 18 ämnar
658 828 127 27 framlägga.
807 827 71 20 Skulle

56 864 52 13 man
126 858 32 19 uti
176 858 41 20 alla
235 858 64 20 ständ
316 858 61 21 finna
395 859 122 20 önskvärdt
534 859 50 19 eller
601 858 137 26 nödvändigt
755 859 34 19 att
807 857 70 26 nägon

58 887 92 26 ändring
166 888 99 26 vidtages
282 888 6 19 i
305 888 158 23 betänkandet,
482 889 22 19 sä
522 889 39 19 har
578 894 50 14 man
646 888 125 26 derigenom
787 887 47 20 icke
850 887 27 26 pä

58 918 67 25 nägot
143 919 45 18 sätt
204 917 103 26 juridiskt
325 918 113 26 förpligtat
456 919 158 25 Lagutskottet
627 919 34 19 att
678 919 52 24 göra
749 918 71 19 denna
837 917 42 20 för-

56 947 100 26 ändring,
169 953 50 14 men
233 948 82 19 lemnat
329 948 158 26 Lagutskottet
502 948 132 26 upplysning
648 954 36 13 om
698 948 27 19 de
739 947 80 26 äsigter
833 952 45 15 som

58 977 53 20 råda
124 977 60 20 inom
198 977 92 20 stånden
303 978 6 19 i
323 978 42 20 den
378 978 61 26 fråga
452 978 93 20 hvarom
558 978 151 20 betänkandet
723 977 54 20 skall
791 977 87 20 handla.

58 1007 44 20 Det
117 1009 24 18 är
156 1013 26 14 en
197 1007 106 26 utvidgad
319 1007 238 26 Utskottsbehandling
572 1014 46 13 som
633 1007 66 26 ligger
714 1007 32 20 till
761 1007 71 26 grund
846 1006 33 20 för

56 1037 43 20 alla
112 1037 62 20 dessa
186 1037 97 20 enskilda
296 1039 81 22 möten,
391 1038 74 20 hvilka
478 1043 39 20 ega
529 1044 49 13 rum
589 1037 50 20 med
651 1037 118 26 anledning
781 1037 22 20 af
814 1036 65 20 fram-

57 1067 129 26 ställningar
196 1067 48 20 frän
255 1067 122 24 Utskottet,
389 1067 40 20 och
440 1068 37 19 det
485 1073 51 14 vore
547 1068 6 19 i
564 1068 43 25 hög
616 1067 53 26 grad
677 1067 96 26 oriktigt,
785 1072 36 14 om
828 1072 51 13 man

58 1097 47 19 icke
115 1097 51 20 ville
176 1097 58 26 gifva
246 1097 67 26 nägot
324 1103 50 14 svar
385 1097 27 26 pä
424 1097 41 20 den
476 1097 117 26 förfrägan,
603 1103 45 14 som
659 1097 80 26 liggeri
749 1097 33 20 ett
793 1096 87 20 medde-

60 1126 70 24 lande,
143 1127 79 19 sådant
233 1133 46 13 som
291 1127 37 20 det
339 1133 29 14 nu
379 1127 7 20 i
397 1127 42 26 dag
450 1129 123 25 mottagna.
595 1127 41 20 Om
648 1127 37 20 det
695 1127 71 20 finnes
777 1125 103 21 medlem-

58 1162 48 14 mar
117 1156 22 20 af
151 1156 62 20 detta
225 1156 76 24 Ständ,
314 1163 46 13 som
372 1164 52 13 anse
435 1158 35 19 att
482 1158 38 19 det
531 1164 52 13 vore
594 1157 32 20 till
639 1158 64 25 nytta
715 1157 34 19 för
761 1156 73 23 saken,
847 1157 34 19 att

59 1186 168 26 Lagutskottets
241 1186 80 26 förslag
335 1187 33 20 till
383 1187 72 20 beslut
470 1187 72 20 blefve
557 1187 137 20 annorlunda
709 1186 108 20 affattadt
831 1186 50 19 eller

59 1222 46 13 som
120 1216 68 20 hafva
203 1216 66 26 några
285 1216 145 26 påminnelser
445 1218 35 19 att
495 1218 51 25 göra
561 1216 138 20 beträffande
715 1215 165 26 motiveringen,

59 1246 22 19 sä
94 1246 67 20 hafva
174 1246 26 20 de
212 1252 29 13 nu
252 1246 84 20 tillfälle
348 1248 35 18 att
394 1248 52 24 göra
458 1247 44 20 det.
523 1246 69 20 Sedan
605 1246 157 26 Lagutskottet
773 1245 108 20 inhemtat

58 1276 58 19 hvad
131 1276 59 19 inom
203 1276 26 20 de
240 1276 47 26 fyra
300 1276 70 20 skilda
382 1277 94 19 ständen
489 1277 93 19 uttalats
593 1276 51 20 eller
655 1276 72 20 säsom
739 1276 72 19 beslut
822 1274 59 20 med-

57 1306 76 22 delats,
145 1306 23 19 sä
178 1305 68 20 fattar
256 1305 116 21 Utskottet
382 1306 38 20 sitt
430 1306 88 26 slutliga
528 1306 72 20 beslut
609 1306 6 19 i
625 1306 87 20 saken.
701 1301 15 36 *

101 1364 57 21 Frih.
171 1365 26 19 R.
217 1365 25 19 A.
298 1364 80 20 Wrede:
401 1364 33 20 Då
447 1364 32 20 Hr
491 1364 106 20 Mechelin
608 1364 67 20 redan
686 1364 88 25 afgifvit
785 1363 42 20 den
838 1363 42 19 för-

58 1394 90 26 klaring,
159 1400 46 14 som
214 1394 36 26 jag
259 1394 52 26 eljes
320 1394 56 20 hade
385 1396 74 18 ansett
468 1394 45 26 mig
521 1394 53 20 böra
584 1394 27 26 pä
620 1394 168 25 Lagutskottets
797 1394 83 24 vägnar

93 1458 14 22 1)
118 1460 101 15 Yltrandet
228 1460 19 15 är
256 1460 39 15 icke
305 1459 98 21 ätergifvet
416 1459 1 15 i
428 1460 145 19 memorialprot.
591 1459 108 19 Stenogram
709 1458 74 16 saknas.
