1045 1634
347 94 21 16 R.
383 98 16 12 0.
415 94 20 16 A.
450 94 51 16 1899.
517 94 22 16 16
552 94 54 16 Mars.
863 95 23 16 27

62 153 68 19 tänka
143 159 39 17 oss,
195 153 59 19 hvad
266 159 25 13 ur
302 159 26 13 en
340 153 100 26 objektiv
452 153 87 27 rättslig
551 154 113 26 synpunkt
685 154 44 20 kan
741 160 63 14 anses
815 154 69 26 åligga

63 188 34 14 oss
111 183 48 19 med
174 182 101 20 afseende
288 183 12 19 å
314 183 189 26 tillmötesgående
517 184 48 19 utaf
580 184 25 20 de
616 184 129 26 fordringar,
756 190 47 14 som
813 184 27 26 på
851 190 33 14 oss

63 213 74 19 ställas
151 212 139 20 beträffande
303 213 51 19 vårt
368 213 76 26 bidrag
458 214 32 19 till
505 214 68 19 rikets
586 214 91 20 försvar.
706 214 43 20 Det
764 220 64 20 synes
842 214 43 26 mig

63 249 29 13 nu
104 244 34 18 att
150 244 8 24 $
174 243 6 19 1
194 242 33 20 uti
239 243 39 19 vår
290 249 28 13 nu
330 243 100 25 gällande
442 244 170 26 värnepligtslag
624 246 23 18 är
659 244 68 20 sådan
735 245 34 19 att
777 250 51 14 man
836 244 48 20 från

62 279 27 13 en
103 274 85 24 strängt
201 272 99 27 opartisk
314 273 138 26 ståndpunkt
466 274 43 19 kan
523 275 48 18 mot
585 274 126 20 densamma
725 276 52 24 göra
792 274 42 20 den
847 280 37 14 an-

62 302 122 26 märkning,
199 304 34 18 att
249 303 133 23 densamma,
400 303 71 20 såsom
486 304 41 19 den
543 310 29 13 nu
587 305 24 19 är
625 303 139 24 formulerad,
780 304 48 20 icke
842 304 42 19 till-

62 332 92 26 räckligt
168 332 55 20 afser
237 333 40 19 och
291 332 47 20 icke
350 333 70 25 gifver
433 333 50 20 fullt
497 334 68 19 exakt
577 334 91 26 uttryck
681 334 24 20 åt
719 334 41 20 den
774 334 109 26 ställning,

62 362 51 20 vårt
125 362 51 20 land
188 362 97 26 rättsligt
297 363 85 25 intager
393 363 33 19 till
439 364 37 19 det
488 364 66 25 ryska
566 364 148 26 kejsareriket.
739 364 43 20 För
793 364 45 20 min
851 364 33 20 del

62 398 64 13 anser
139 392 37 26 jag
190 394 34 18 att
239 393 42 19 den
296 392 146 27 formulering,
459 399 47 14 som
520 394 251 25 Värnepligtsutskottet
786 400 29 13 nu
830 394 55 19 före-

62 422 65 25 slagit
147 422 21 20 af
187 423 9 24 $
218 423 7 18 1
248 422 6 20 i
275 422 78 26 själfva
373 423 77 20 verket
469 423 40 20 har
528 429 26 14 ur
570 423 69 20 denna
655 423 100 26 rättsliga
771 423 114 26 synpunkt

62 452 110 20 företräde
191 452 91 20 framför
301 459 29 13 nu
350 453 100 25 gällande
469 453 141 26 formulering
630 453 22 20 af
672 459 83 14 samma
775 453 108 26 paragraf,

63 482 89 20 hvarför
164 482 37 26 jag
214 482 47 20 icke
275 483 22 19 så
311 483 130 26 obetingadt
454 489 47 14 som
515 483 58 20 Frih.
587 489 44 14 von
644 484 59 19 Born
717 484 43 19 kan
774 483 111 26 medgifva

62 513 35 18 att
109 512 38 20 det
157 512 80 26 förslag
249 513 251 26 Värnepligtsutskottet
512 513 109 26 framlagt,
634 514 69 19 skulle
714 515 78 24 utgöra
804 519 27 14 en
842 513 43 20 för-

62 542 102 26 sämring.
193 543 32 19 Då
239 542 38 20 vid
290 543 134 26 landtdagen
438 543 7 20 i
458 543 72 26 Borgå
544 543 126 26 föreningen
684 544 92 19 emellan
789 543 51 20 vårt
853 543 32 20 fä-

63 572 129 20 dernesland
206 573 40 19 och
261 573 37 19 det
312 573 65 25 ryska
392 573 161 26 kejsaredömet
567 573 126 23 afslutades,
708 574 67 19 erhöll
790 574 50 19 vårt
853 573 32 20 fä-

63 602 129 20 dernesland
206 602 125 26 visserligen
346 603 46 20 inre
407 603 182 26 sjelfständighet,
604 603 45 20 fick
663 603 107 26 rättighet
784 603 33 20 till
832 609 53 20 egen

63 631 137 27 författning,
219 638 53 20 egen
280 633 154 26 lagstiftning,
452 639 53 20 egen
523 633 96 26 styrelse,
638 639 50 14 men
705 634 38 19 det
759 633 45 20 fick
821 634 64 25 ingen

59 659 180 29 "sjelfständighet
249 663 57 22 utåt,
318 662 64 27 ingen
394 663 137 26 sjelfständig
542 663 82 20 utrikes
636 663 83 26 politik.
743 663 8 20 I
762 663 53 20 flere
826 663 22 20 af
859 664 26 19 de

63 692 69 23 akter,
145 692 7 19 i
163 692 74 20 hvilka
249 692 80 26 Kejsar
340 693 123 20 Alexander
478 693 7 19 I
497 693 100 20 uttalade
608 693 170 26 grundsatserna
790 693 34 20 för
835 693 49 20 Fin-

62 722 64 19 lands
137 722 103 26 förening,
252 723 58 19 talar
320 722 43 20 han
375 729 35 13 om
422 724 33 19 att
466 723 94 20 Finland
571 723 40 20 blir
621 723 49 20 fritt
681 723 32 20 till
725 723 37 20 det
774 723 51 24 inre,
836 723 49 20 fritt

63 752 7 19 i
86 751 100 20 afseende
201 753 12 19 å
230 752 33 19 sin
280 752 44 20 inre
340 753 96 25 styrelse,
453 759 50 14 men
519 753 44 20 han
578 753 39 20 har
632 753 139 26 ingenstädes
787 755 49 24 sagt
851 755 34 18 att

64 781 92 20 Finland
169 784 23 17 är
205 782 147 26 sjelfständigt
364 783 7 19 i
384 783 46 20 sina
442 784 60 25 yttre
514 783 157 20 förhällanden.
697 783 93 20 Finland
802 783 44 20 blef
858 789 27 14 en

63 813 52 22 stat,
128 818 49 14 men
189 812 47 20 icke
247 819 26 13 en
286 814 93 18 suverän
391 814 51 18 stat.
466 813 93 20 Finland
571 813 56 20 hade
638 813 47 20 icke
697 813 40 20 och
749 813 39 21 har
799 813 48 20 icke
858 820 27 13 en

63 847 53 21 egen
127 843 59 25 yttre
197 842 85 26 politik.
304 843 43 19 Det
358 844 24 18 är
402 843 7 19 i
420 843 101 20 afseende
533 844 12 19 ä
556 843 53 26 krig,
621 843 46 20 fred
679 844 40 19 och
730 844 96 19 förbund
837 844 48 19 soli-

63 872 85 20 dariskt
161 872 49 20 med
223 872 48 20 hela
285 872 63 20 riket.
375 872 34 20 Dä
423 873 35 19 det
473 874 66 25 ryska
553 873 55 20 riket
622 874 39 19 har
674 873 53 26 krig,
742 873 99 20 befinner
854 874 32 25 sig

63 902 93 20 Finland
172 902 7 19 i
195 902 159 26 krigstillständ
371 904 55 18 utan
442 903 83 20 vidare.
560 903 75 20 Rikets
651 903 72 20 fiende
740 905 24 18 är
780 904 105 19 Finlands

63 932 72 20 fiende
143 933 53 19 utan
203 932 75 20 vidare
286 933 40 19 och
334 933 62 19 detta
404 933 47 19 icke
458 933 47 20 blott
523 933 100 23 faktiskt,
629 934 55 19 utan
692 933 66 26 enligt
766 933 119 20 bestäende

63 963 52 19 rätt.
142 962 45 20 Och
200 962 61 20 deraf
273 962 63 26 följer
348 964 35 18 att
396 963 26 19 de
435 962 72 21 finska
519 964 132 25 truppernas
663 964 87 27 uppgift
762 963 7 20 i
782 964 103 19 händelse

63 991 23 20 af
96 992 53 26 krig,
161 992 69 20 mäste
241 998 52 14 vara
304 994 34 18 att
348 992 99 21 försvara
457 992 64 24 riket,
533 994 34 19 att
577 994 135 25 gemensamt
722 994 50 19 med
783 994 26 19 de
819 994 66 25 ryska

63 1023 120 24 trupperna
194 1022 98 20 försvara
305 1023 61 19 detta
379 1023 55 23 hela,
447 1023 22 19 af
481 1023 85 19 hvilket
578 1023 91 20 Finland
682 1023 7 19 i
701 1023 184 26 utrikespolitiskt

64 1052 122 20 hänseende
199 1052 70 20 bildar
282 1058 26 14 en
321 1052 41 20 del.
388 1053 42 25 Jag
442 1054 24 18 är
479 1059 36 13 om
528 1053 70 20 denna
611 1053 143 26 uppfattning
766 1053 119 26 ingalunda

63 1087 82 17 ensam;
156 1082 43 19 kan
209 1082 102 20 särskildt
322 1082 71 20 erinra
404 1089 36 13 om
449 1089 26 13 en
487 1083 120 20 auktoritet
617 1083 7 19 i
634 1083 39 19 vär
683 1084 109 22 statsrätt,
804 1083 82 26 profes-

63 1117 36 13 sor
109 1112 143 23 Hermanson,
263 1112 89 20 hvilken
362 1113 50 19 med
422 1114 45 18 stor
477 1113 86 19 klarhet
573 1113 40 19 och
623 1113 138 26 grundlighet
771 1113 115 20 utvecklar

64 1142 71 19 denna
151 1142 143 26 uppfattning
309 1142 22 20 af
347 1142 104 20 Finlands
467 1143 110 25 ställning.

107 1172 40 19 Om
159 1178 29 13 nu
200 1172 40 20 den
252 1172 71 20 finska
335 1172 259 26 militärorganisationen
605 1174 24 18 är
640 1173 59 26 bygd
711 1173 27 25 pä
749 1173 136 25 grundvalen

63 1201 23 19 af
98 1201 80 20 allmän
190 1202 129 25 värnepligt,
333 1202 23 20 sä
364 1202 64 25 följer
436 1202 60 20 deraf
504 1202 86 26 logiskt,
599 1204 34 18 att
641 1203 42 19 den
691 1203 109 19 allmänna
808 1204 78 18 värne-

64 1231 82 26 pligten
158 1231 6 20 i
177 1231 92 20 Finland
282 1232 39 19 har
333 1232 134 25 betydelsen,
481 1233 35 19 att
527 1232 125 26 förpligtiga
665 1233 48 19 dess
724 1232 96 26 manliga
832 1238 53 20 ung-

63 1261 52 19 dom
125 1262 34 18 att
169 1261 64 20 äfven
244 1261 89 26 bidraga
344 1261 32 20 till
386 1262 68 20 rikets
463 1262 92 19 försvar.
574 1262 51 19 Man
635 1262 52 20 sade
696 1262 125 26 visserligen
832 1262 53 20 1877

63 1291 41 19 och
116 1291 39 20 har
167 1293 107 24 upprepat
287 1291 37 20 det
336 1297 82 18 senare,
431 1293 34 18 att
477 1292 26 19 det
526 1292 66 25 ligger
602 1292 7 19 i
620 1292 77 25 sjelfva
709 1292 49 19 iden
770 1292 23 20 af
804 1292 81 20 allmän

63 1321 123 26 värnepligt
197 1322 40 22 att,
251 1321 26 20 dä
289 1327 26 14 en
326 1321 77 20 nation
414 1321 107 20 omfattar
531 1322 133 23 densamma,
677 1322 37 19 det
724 1322 58 19 blott
793 1322 44 19 kan
848 1322 38 19 ske

63 1350 34 19 för
111 1350 187 21 fäderneslandets
312 1351 92 20 försvar.
434 1351 69 20 Detta
518 1352 66 25 gäller
597 1351 124 26 visserligen
736 1352 7 19 i
758 1352 126 23 allmänhet,

64 1386 49 13 men
124 1380 27 19 dä
162 1381 49 19 värt
221 1381 153 20 fädernestand
384 1381 95 20 faktiskt
489 1381 99 20 befinner
598 1381 31 26 sig
639 1381 6 20 i
656 1382 71 19 denna
737 1381 104 26 ställning
851 1383 35 19 att

63 1410 38 19 det
110 1409 7 20 i
125 1409 101 21 afseende
235 1411 12 19 ä
257 1411 47 25 krig
313 1411 40 19 och
362 1411 48 20 fred
419 1412 64 25 utgör
493 1417 26 14 en
528 1411 47 20 icke
585 1411 136 26 sjelfständig
745 1411 141 20 beståndsdel

63 1439 23 20 af
100 1441 32 18 ett
146 1441 69 19 större
228 1441 52 22 helt,
296 1441 22 19 sä
329 1441 71 19 bildar
409 1441 50 20 värt
469 1441 51 20 land
530 1441 7 19 i
547 1441 61 20 detta
619 1441 100 20 afseende
729 1442 33 19 ett
771 1441 115 26 undantag

63 1469 48 20 frän
127 1470 67 19 andra
209 1470 81 23 länder,
306 1471 20 19 d.
342 1477 21 13 v.
380 1477 15 13 s.
412 1471 152 26 värnepligten
578 1473 23 18 är
615 1471 7 19 i
637 1471 79 26 själfva
730 1471 77 20 verket
822 1471 64 26 älagd
