1031 1631
341 80 21 17 R.
377 84 16 13 o.
407 80 20 17 A.
442 80 52 17 1899.
508 81 22 17 18
545 80 44 20 Maj.
841 81 34 15 217

52 140 83 20 sådana
149 140 176 26 betänkligheter
339 140 68 20 skulle
421 140 89 20 komma
524 142 35 18 att
573 140 68 20 blifva
655 141 167 20 bestämmande
836 140 39 20 och

52 170 119 26 afgörande
181 170 33 20 för
224 170 71 20 denna
306 170 72 26 frägas
388 170 75 20 vidare
474 170 138 26 behandling.
633 170 114 20 Fastmera
757 177 65 19 synes
832 170 44 26 mig

53 199 111 21 sannolikt
174 201 35 19 att
220 200 37 20 det
267 200 49 20 hela
327 200 98 20 kommer
435 201 35 19 att
481 200 50 20 bero
543 200 27 26 pä
582 206 26 14 en
619 200 62 20 enkel
692 200 119 27 befallning
821 200 56 20 efter

52 229 84 21 enskild
154 229 154 27 föredragning
325 230 22 20 af
363 230 180 26 krigsministern,
556 230 28 20 dä
596 230 43 20 han
651 230 148 26 tilläfventyrs
811 230 66 20 fram-

53 260 74 20 ställer
138 260 84 20 önskan
232 260 8 19 i
250 260 69 20 sädan
330 260 96 26 rigtning
437 261 40 22 att,
490 260 66 20 sedan
568 266 50 14 svar
627 260 79 26 ingätt,
718 260 77 26 frägan
806 260 71 20 mätte

52 289 32 20 till
95 289 157 26 rikskonseljen
263 289 151 21 öfverlemnas.
434 290 43 20 Det
488 292 23 18 är
521 290 89 26 mycket
619 290 76 26 troligt
705 291 34 19 att
749 290 48 20 hela
805 290 71 20 denna

53 319 60 26 fråga
129 320 66 19 sedan
210 320 39 19 alls
264 319 47 20 icke
326 326 59 14 mera
399 320 100 21 kommer
513 321 35 19 att
563 320 85 26 afgöras
663 320 28 26 pä
705 320 59 20 finsk
779 321 55 19 utan
849 320 37 25 på"

53 350 51 25 rysk
119 349 153 27 föredragning
288 350 40 19 och
343 349 89 20 hvilken
447 350 86 26 garanti
549 350 22 20 vi
586 350 60 20 skola
661 350 68 20 hafva
744 350 34 20 för
793 351 34 19 att
843 349 33 20 Hr

54 379 140 26 Kuropatkin
214 379 55 20 skall
286 384 67 22 rygga
371 379 89 21 tillbaks
478 380 33 20 för
529 380 82 20 sådana
629 380 181 26 betänkligheter,
829 385 46 14 som

54 409 33 20 Hr
100 409 106 20 Mechelin
221 409 105 26 antydde,
341 409 38 20 det
392 409 38 20 vill
443 410 38 26 jag
494 410 72 20 lemna
581 410 88 20 derhän.
697 410 43 20 För
753 410 66 26 öfrigt
833 410 43 19 kan

54 445 50 14 man
123 439 55 24 icke,
198 445 64 21 synes
282 439 38 20 det
339 439 50 26 mig,
407 440 68 26 enligt
492 440 100 26 gällande
609 440 151 26 rättsordning
777 440 98 25 tillämpa

54 469 130 26 pästäendet
194 475 36 14 om
239 469 123 20 retroaktiv
371 470 84 20 verkan
464 470 29 26 pä
503 470 62 20 detta
574 470 86 26 förslag.
681 470 72 20 Skulle
763 470 38 19 det
810 469 65 20 hafva

53 499 58 20 varit
130 500 94 25 antagen
243 500 41 19 och
301 499 62 26 giltig
380 499 35 27 lag
433 499 73 21 förrän
524 500 127 20 manifestet
669 501 119 22 emanerat,
808 499 68 20 skulle

54 535 50 14 man
115 530 87 19 kunnat
212 529 45 20 tala
269 535 36 14 om
316 535 26 14 en
353 529 122 20 retroaktiv
485 530 83 20 verkan
579 530 22 20 af
613 530 128 23 detsamma,
753 536 51 13 men
815 530 61 19 detta

54 559 80 26 förslag
145 559 39 20 har
194 559 48 20 icke
252 559 58 20 varit
321 559 35 26 lag
367 560 54 19 utan
433 560 78 19 endast
522 560 33 19 ett
566 560 87 26 projekt
663 560 34 19 till
707 560 42 26 lag,
761 565 47 14 som
819 558 58 20 varit

54 589 69 20 under
135 589 133 26 behandling
280 589 40 20 och
331 589 74 20 blifvit
417 589 167 24 öfverlemnadt,
597 595 36 14 om
644 589 23 20 vi
678 590 39 19 här
729 590 58 19 hälla
799 595 34 14 oss
844 588 32 20 till

54 619 156 26 ordalydelsen,
225 619 48 20 icke
286 619 34 20 till
335 619 133 20 Ständernas
481 619 133 26 behandling
628 620 40 19 och
682 619 125 26 afgörande,
823 620 53 18 utan

54 649 78 20 endast
152 649 33 20 till
207 649 134 20 Ständernas
361 649 158 20 förberedande
539 649 132 26 granskning
692 649 40 20 och
753 648 122 24 utlätande,

54 679 111 20 hvarefter
179 679 37 20 det
230 679 46 19 stär
290 679 62 20 Hans
366 679 105 26 Majestät
485 679 49 20 fritt
547 680 35 19 att
595 679 33 20 till
643 679 75 20 hvilka
732 679 69 20 andra
815 684 62 20 myn-

54 709 98 26 digheter
167 715 46 14 som
227 709 57 19 helst
298 709 134 20 öfverlemna
447 709 122 20 detsamma
583 709 33 20 till
630 709 121 23 utlätande,
767 709 6 19 i
787 708 89 20 hvilken

54 739 93 26 ordning
159 739 62 19 Hans
234 738 105 26 Majestät
350 739 44 20 kan
406 738 61 21 finna
479 739 34 20 för
524 739 54 26 godt
590 740 34 19 att
636 739 130 20 bestämma.
791 738 86 20 Säledes

55 775 64 20 synes
133 768 45 26 mig
192 770 34 18 att
240 774 52 14 man
306 768 48 20 icke
368 775 38 14 ens
420 769 55 19 efter
490 769 41 20 den
545 769 106 26 tolkning,
667 775 46 14 som
728 769 40 19 här
781 768 8 20 i
802 768 75 21 landet

54 799 118 26 tillämpas,
184 799 69 19 skulle
263 799 76 20 kunna
350 798 50 20 fullt
411 800 52 24 göra
475 799 46 20 skäl
532 798 33 20 för
577 799 136 26 pästäendet,
726 800 34 18 att
771 805 26 13 en
809 798 67 20 sädan

54 828 122 20 retroaktiv
195 828 83 20 verkan
298 828 22 20 af
339 828 126 20 manifestet
485 829 68 19 skulle
572 828 104 20 innebära
695 835 27 13 en
741 828 134 26 omöjlighet.

55 858 72 26 Nägot
140 858 74 20 vidare
227 859 39 19 har
278 858 37 26 jag
327 858 48 20 icke
387 860 34 18 att
433 858 110 27 tillägga.*

96 918 33 20 Hr
144 918 24 20 L.
192 918 167 20 Mechelin:
390 918 43 20 Det
448 918 65 26 ligger
528 919 89 25 mycket
631 918 92 26 sanning
737 919 7 19 i
759 918 58 20 Frih.
834 924 43 14 von

55 948 102 20 Alfthans
172 948 106 26 yttrande
293 950 34 18 att
343 954 51 14 man
409 948 48 20 icke
473 948 44 20 kan
533 948 73 20 säkert
621 950 58 22 veta,
696 948 56 20 huru
768 948 109 20 ärendena

54 978 91 20 officielt
162 978 120 20 behandlas
299 978 6 20 i
323 980 33 18 ett
372 978 59 24 land,
450 978 37 20 der
504 978 27 20 de
547 978 100 26 rättsliga
663 978 109 20 formerna
789 978 48 20 icke
854 978 22 20 sä

55 1009 86 25 strängt
151 1008 117 26 iakttagas.
290 1008 42 26 Jag
342 1008 40 20 har
391 1008 34 20 för
436 1008 45 20 min
492 1008 33 20 del
535 1008 48 20 icke
593 1008 39 20 alls
642 1008 56 20 talat
709 1014 36 14 om
755 1008 60 20 hvad
826 1014 50 14 man

55 1038 73 20 kunde
143 1039 81 25 antaga
240 1038 50 20 eller
304 1040 35 18 tro
355 1038 50 20 eller
420 1038 85 26 hoppas
519 1038 7 20 i
542 1038 60 20 detta
618 1038 85 20 ärende.
720 1038 43 26 Jag
777 1038 40 20 har
832 1038 44 20 helt

55 1068 73 20 enkelt
140 1068 140 20 konstaterat
292 1069 35 19 att
339 1068 92 20 emedan
444 1068 126 20 manifestet
583 1068 127 20 utfärdades
723 1068 67 26 nägra
803 1068 75 20 mäna-

55 1098 38 20 der
102 1098 56 20 efter
168 1098 36 20 det
214 1098 104 26 förslaget
327 1098 33 20 till
370 1098 171 26 värnepligtslag
550 1098 105 20 förelades
666 1098 129 23 Ständerna,
807 1098 70 19 denna

54 1128 62 26 fräga
127 1128 48 20 icke
187 1134 59 14 mera
258 1128 43 20 kan
314 1128 135 26 äterbringas
461 1129 35 19 att
507 1128 106 26 genomgä
625 1128 81 20 sädana
719 1127 158 20 förberedande

56 1158 88 23 stadier,
160 1164 47 14 som
222 1158 7 20 i
246 1158 61 20 dessa
323 1158 209 26 grundstadganden
547 1159 38 18 äro
600 1158 95 26 angifna,
727 1157 41 20 Om
784 1163 51 14 man
851 1163 26 13 en

55 1188 56 26 gäng
130 1188 74 19 ställer
222 1187 32 27 sig
272 1188 28 26 pä
318 1187 184 20 förmodandenas
521 1188 40 19 och
579 1187 142 26 farhägornas
739 1187 96 24 omräde,
855 1187 22 19 sä

55 1218 43 19 kan
110 1223 52 14 man
174 1218 65 19 ocksä
252 1219 50 25 säga
315 1218 34 19 att
361 1218 32 19 ett
405 1223 50 14 svar
467 1217 22 20 af
501 1217 121 20 Ständerna
634 1217 27 26 pä
674 1217 25 20 de
711 1217 50 20 näd.
775 1223 102 20 prop:rna

55 1247 22 20 af
92 1247 37 20 det
143 1247 102 23 innehäll,
262 1253 46 14 som
323 1247 158 26 Lagutskottet
495 1253 29 13 nu
539 1247 116 26 föreslagit,
672 1247 27 26 pä
714 1246 127 26 tillstyrkan
855 1246 23 20 af

55 1277 180 26 Krigsministern
248 1277 99 20 kommer
360 1278 34 18 att
407 1277 114 20 betraktas
534 1277 71 19 säsom
618 1278 32 18 ett
663 1276 86 24 ärende,
763 1282 47 14 som
823 1276 54 20 skall

55 1306 120 20 behandlas
188 1307 6 19 i
208 1306 164 26 rikskonseljen.
399 1306 44 20 Det
456 1308 24 18 är
493 1307 47 19 icke
553 1306 71 26 nägon
637 1306 86 26 garanti
736 1306 34 20 för
783 1307 35 19 att
830 1306 48 20 icke

55 1336 65 20 äfven
134 1336 62 20 detta
210 1336 43 20 kan
267 1336 97 20 inträffa.
391 1336 26 20 Vi
431 1336 75 20 kunna
519 1336 24 26 ju
556 1336 47 20 icke
616 1338 58 18 rätta
688 1336 51 20 värt
752 1336 125 26 handlings-

56 1367 44 19 sätt
115 1366 55 20 efter
185 1366 26 20 de
226 1366 174 23 eventualiteter,
416 1372 47 14 som
477 1366 75 20 kunna
566 1366 91 20 inträffa
672 1365 68 21 under
754 1365 124 26 inflytande

55 1395 23 21 af
90 1396 160 26 myndigheter,
265 1396 138 20 främmande
416 1396 34 20 för
464 1396 39 20 vär
517 1397 45 19 rätt
576 1396 40 20 och
630 1396 137 20 främmande
781 1395 34 19 för
828 1395 49 19 värt

55 1426 89 26 stränga
160 1426 179 19 betraktelsesätt
354 1426 113 25 angäende
483 1425 114 20 formerna.
629 1425 49 20 Men
694 1425 22 19 vi
731 1425 76 19 kunna
823 1424 55 20 dock

56 1455 77 25 sjelfva
145 1455 84 26 pröfva,
240 1455 56 20 huru
306 1455 61 26 lagen
379 1455 53 20 skall
444 1455 126 23 behandlas,
581 1455 40 20 och
631 1461 36 13 om
677 1455 37 19 det
724 1456 23 18 är
757 1455 46 19 rätt
813 1455 34 19 att
857 1454 22 20 vi
