1034 1631
329 91 22 17 R.
365 95 18 13 0.
397 91 22 17 A.
433 91 52 17 1899.
499 92 22 16 17
535 91 57 17 Mars.
848 90 23 16 63

245 151 429 27 Omröstningsproposition:

92 211 54 23 Den,
164 217 47 14 som
228 212 127 25 godkänner
371 218 66 13 mom.
452 212 20 23 6,
486 213 72 18 röstar
574 211 29 26 ja;
618 212 77 20 vinner
712 212 34 26 nej
765 211 108 21 uteslutes

50 242 62 19 detta
134 243 104 19 moment.

92 271 84 21 Genom
190 272 35 20 att
237 272 92 20 besvara
344 272 71 19 denna
429 271 136 27 proposition
579 272 50 19 med
643 272 33 26 nej
692 272 57 20 hade
758 272 70 23 mötet
835 271 38 19 be-

50 301 63 20 slutit
124 302 36 19 att
177 301 6 20 6
194 307 66 14 mom.
273 301 69 20 skulle
353 302 115 19 uteslutas.

92 331 12 20 7
117 337 67 15 mom.
198 332 132 25 godkändes.

92 362 20 24 $$
124 361 24 20 11
161 361 41 20 och
213 361 26 20 12
249 361 96 26 gillades.

92 392 9 24 $
115 391 32 20 13.

92 451 136 20 Diskussion:

92 511 33 20 Hr
138 511 24 21 L.
184 511 167 21 Mechelin:
383 511 43 20 Vid
445 511 123 26 jemförelse
588 512 92 20 emellan
699 511 104 27 förslaget
815 511 33 20 till
862 512 10 24 $

51 541 26 20 13
90 541 40 20 och
143 548 29 13 nu
185 541 100 26 gällande
297 541 171 27 värnepligtslag
480 542 63 19 torde
556 542 38 19 det
606 541 84 27 framgä
703 543 35 19 att
750 541 122 21 förändrin-

50 576 68 21 garna
131 573 37 18 äro
182 571 117 26 betingade
313 572 140 19 uteslutande
467 571 22 20 af
503 572 42 19 den
559 571 99 26 ändring,
673 578 47 13 som
730 572 116 19 iafseende
860 577 11 14 a

51 601 77 26 sjelfva
139 602 180 25 reservsystemet
330 601 107 26 vidtagits
448 601 40 20 och
499 601 111 26 godkänts
621 601 38 20 vid
670 601 12 20 3
694 602 16 24 $.
734 601 81 26 Sjelfva
827 607 47 20 sys-

50 632 76 22 temet,
141 631 67 26 enligt
222 631 85 20 hvilket
326 631 26 20 de
371 631 160 26 värnepligtiga
546 631 60 20 skola
620 632 63 25 tagas
696 631 7 20 i
717 631 101 27 anspräk,
833 631 40 20 har

50 661 142 26 naturligtvis
203 661 48 20 icke
262 661 77 20 behöft
350 661 46 26 gå.
388 657 13 34 i
408 661 42 20 den
463 661 99 26 ordning,
575 667 46 14 som
633 661 68 26 enligt
712 661 101 26 gällande
824 661 10 26 $
848 661 27 20 13

50 692 25 19 är
92 691 150 23 föreskrifven,
261 691 37 20 der
315 690 69 27 fjerde
401 691 42 20 och
461 691 68 20 femte
546 691 111 20 klasserna
675 691 7 20 i
699 697 100 14 reserven
817 691 54 20 först

50 721 93 20 inkallas
157 721 41 20 och
212 721 94 20 derefter
320 721 76 26 tredje,
411 721 69 20 andra
495 721 41 20 och
550 721 75 20 första.
648 721 46 20 När
707 721 168 26 kompletterin-

50 756 42 21 gen
101 751 49 20 sker
158 751 49 20 frän
216 757 79 17 reserv,
305 757 47 14 som
361 753 24 18 är
394 751 51 20 fullt
454 751 74 23 öfvad,
537 753 24 18 är
570 751 38 20 det
616 751 70 26 gifvet
695 752 35 19 att
738 757 52 14 man
799 751 74 26 börjar

51 781 50 20 med
114 781 42 20 den
168 781 70 20 första
250 781 23 20 af
285 781 62 20 dessa
360 781 89 23 klasser,
463 781 20 20 d.
497 787 21 14 v.
532 787 17 14 s.
563 781 42 20 den
617 781 70 26 fjerde
699 781 41 20 och
752 781 67 20 femte
832 781 43 20 och

51 811 67 20 sedan
127 811 77 26 uppät.
222 811 42 20 För
273 812 86 19 ämnets
367 811 127 26 lämpligare
503 811 132 26 gruppering
644 811 40 20 har
692 817 52 14 man
752 811 79 26 flyttat
840 811 34 20 till

51 840 53 21 sista
119 842 122 19 momentet
256 841 41 20 den
313 841 238 26 finansangelägenhet,
568 847 46 14 som
629 841 7 20 i
651 847 29 14 nu
696 841 99 26 gällande
811 847 63 20 para-

50 871 49 26 graf
114 870 71 21 finnes
198 871 6 20 i
217 871 84 26 början.
331 871 44 20 Det
391 877 65 20 synes
469 871 65 20 ocksä
548 871 134 26 sakenligare
695 872 34 19 att
741 871 48 20 icke
801 871 72 20 direkt

51 900 103 27 inmänga
162 901 62 20 detta
234 901 39 20 och
283 902 34 19 att
330 901 3 19 i
341 901 159 26 sammanhang
507 901 50 20 med
565 901 37 20 det
610 901 66 26 öfriga
687 901 107 28 bibehålla
802 901 70 20 denna

52 931 146 26 bestämning,
220 937 45 14 som
285 931 24 26 ju
329 931 126 26 visserligen
475 931 48 20 icke
543 933 24 18 är
587 931 87 20 absolut
695 931 132 26 nödvändig,
848 932 25 25 ty

51 960 77 27 hvarje
142 961 92 26 styrelse
247 961 71 20 mäste
331 961 43 23 väl,
389 967 36 14 om
439 961 148 26 mobilisering
600 961 56 23 sker,
671 967 52 14 vara
737 961 94 20 betänkt
845 961 28 26 pä

51 991 155 23 kostnaderna,
219 997 50 14 men
281 997 36 13 om
329 997 51 14 man
392 991 69 20 skulle
473 991 96 20 utesluta
582 992 33 19 ett
627 991 121 26 stadgande
760 991 23 20 af
794 991 79 20 sädant

51 1020 102 24 innehåll,
166 1021 27 20 dä
204 1021 38 20 det
252 1022 59 19 ännu
321 1020 78 24 finnes,
410 1021 74 20 kunde
495 1021 38 20 det
543 1021 102 26 möjligen
656 1021 38 20 vid
704 1021 84 20 mindre
799 1021 78 26 objek-

52 1050 33 20 tiv
97 1050 134 27 granskning
242 1051 49 20 leda
302 1051 33 19 till
348 1056 26 14 en
386 1050 81 27 oriktig
478 1051 145 26 uppfattning
634 1051 23 20 af
670 1051 104 20 Senatens
786 1051 87 26 uppgift

52 1080 7 20 i
70 1080 62 20 detta
142 1081 124 19 hänseende
277 1081 34 19 att
321 1080 68 21 hafva
400 1081 42 20 den
452 1080 122 21 finansiella
586 1081 164 20 omvärdnaden
761 1087 35 14 om
806 1081 69 20 hand.

90 1135 38 25 'Hr
145 1140 69 20 Elis
260 1140 164 26 Furuhjelm
448 1140 94 27 föreslog
558 1142 34 19 att
608 1140 69 27 ifräga
693 1147 36 13 om
740 1141 137 20 betecknan-

52 1170 38 20 det
107 1170 23 20 af
147 1171 78 25 högsta
243 1171 90 19 makten
351 1170 145 20 konformitet
509 1171 69 19 skulle
591 1170 7 20 i
611 1170 139 27 lagförslaget
763 1171 113 25 iakttagas

52 1200 40 19 och
106 1201 114 25 uttrycket
234 1200 116 26 »Kejsaren
362 1200 40 20 och
413 1200 145 20 Storfursten»
569 1200 89 20 komma
665 1200 33 20 till
706 1200 171 26 användning.!)

94 1260 33 19 Hr
148 1260 24 20 L.
198 1259 167 21 Mechelin:
397 1260 34 19 Hr
452 1260 140 26 Furuhjelms
606 1260 145 26 anmärkning
766 1266 35 14 om
816 1260 58 19 vissa

52 1290 137 25 ojemnheter
208 1289 7 20 i
236 1290 41 20 den
297 1289 159 21 redaktionella
476 1289 85 21 formen
582 1290 80 20 saknar
681 1290 118 26 ingalunda
820 1290 55 19 skäl.

52 1320 43 25 Jag
111 1319 38 20 ber
164 1319 22 20 fä
203 1320 94 25 upplysa
313 1320 35 19 att
365 1319 70 20 denna
452 1320 89 20 kortare
556 1320 41 19 och
614 1319 87 21 enklare
716 1320 56 19 term
789 1319 85 26 »nädigt

52 1349 164 23 förordnande»,
229 1355 46 14 som
287 1349 28 26 pä
327 1355 40 20 par
378 1349 78 20 ställen
467 1349 80 26 ingätt,
560 1349 40 20 har
610 1349 102 20 härflutit
723 1349 48 20 frän
783 1350 38 19 det
832 1348 45 21 för-

52 1379 46 25 slag
111 1379 33 20 till
158 1379 137 26 proposition
311 1379 4 19 i
328 1380 81 22 ämnet,
424 1385 47 14 som
485 1379 22 20 af
522 1379 94 20 Senaten
628 1379 132 20 utarbetats.
787 1379 46 20 Och
847 1379 27 19 dä

53 1409 62 19 detta
126 1410 25 18 är
162 1410 34 18 ett
207 1409 96 26 uttryck,
312 1414 47 14 som
370 1408 40 20 har
421 1408 97 27 burskap
520 1404 12 36 i
548 1409 37 19 det
595 1408 101 21 officiella
704 1409 87 26 språket
799 1408 41 20 och
852 1410 25 18 är

88 1472 14 22 1)
115 1474 134 20 Andragandet
262 1474 70 16 infördt
345 1474 57 20 enligt
416 1474 216 20 memorialprotokollet;
646 1475 105 19 stenogram
765 1473 74 17 saknas.
