1042 1634
159 101 23 15 32
444 101 21 16 R.
480 105 16 12 o.
512 101 21 16 A.
548 101 51 16 1899.
614 101 22 16 16
650 101 54 16 Mars.

160 160 32 20 till
205 166 26 14 en
244 160 127 26 förändring
383 160 6 20 i
402 160 72 20 denna
487 160 108 26 paragraf,
609 167 49 13 men
671 161 47 19 icke
731 166 25 14 en
770 160 68 20 sädan
851 159 133 26 förändring,

160 196 47 13 som
221 190 252 25 Värnepligtsutskottet
487 190 118 26 föreslagit.
634 190 75 25 Enligt
724 190 44 19 min
782 190 68 20 tanke
864 190 69 19 mäste
949 190 37 19 det

160 219 110 26 nämligen
281 220 121 25 uppställas
412 220 71 20 säsom
495 220 41 20 den
547 220 91 20 främsta
649 220 71 26 regeln
729 220 138 20 beträffande
875 220 26 19 de
909 221 77 18 värne-

160 249 89 26 pligtige
259 251 131 24 truppernas
400 250 88 26 uppgift
498 251 34 19 att
543 251 26 19 de
579 250 66 20 hafva
655 251 35 19 att
699 252 68 18 värna
777 251 78 18 tronen
865 250 40 19 och
915 249 71 20 fäder-

160 280 115 20 neslandet
288 280 40 19 och
342 280 52 23 icke,
410 281 71 19 säsom
495 280 252 26 Värnepligtsutskottet
761 281 44 24 gör,
820 281 34 19 att
868 280 61 19 deras
943 279 43 20 för-

160 311 87 19 nämsta
261 310 87 26 uppgift
361 312 23 18 är
397 311 35 19 att
444 310 91 26 bidraga
549 311 32 19 till
594 311 66 25 ryska
672 310 68 20 rikets
753 310 91 20 försvar.
870 310 68 19 Detta
951 311 34 18 att

160 340 27 19 de
200 342 69 18 värna
283 342 77 18 tronen
374 341 41 19 och
428 340 178 20 fäderneslandet
619 340 91 21 innebär
723 340 23 26 ju
761 341 34 19 att
809 340 26 19 de
849 340 90 25 bidraga
952 340 33 19 till

160 370 65 26 ryska
243 370 68 20 rikets
328 370 91 20 försvar.
454 371 46 19 Och
517 371 42 19 den
576 370 68 20 första
661 371 72 26 regeln
751 371 45 22 bör,
814 370 67 20 redan
899 370 27 26 pä
944 370 41 19 den

160 400 71 25 grund
247 401 35 19 att
299 401 61 19 dessa
376 402 92 24 trupper
484 403 37 18 äro
537 401 90 20 afsedda
644 401 34 19 att
694 402 78 24 utgöra
789 407 26 13 en
831 400 155 20 nationalmili-

161 431 41 22 tär,
217 436 54 14 vara
285 431 34 19 att
334 431 25 19 de
374 431 60 19 skola
448 433 70 18 värna
532 431 39 19 sitt
585 432 49 24 eget
647 431 52 19 land
713 431 40 19 och
769 431 41 19 den
824 435 162 21 gemensamma

160 461 128 19 monarken.
323 461 66 19 Hvad
407 461 67 19 sedan
492 461 107 20 beträffar
617 461 41 19 den
676 461 88 26 uppgift
781 461 50 19 med
849 461 86 25 hänsyn
952 460 33 20 till

160 490 181 26 Kejsaredömets
354 490 91 24 försvar,
460 497 46 13 som
519 491 98 25 rättsligt
627 491 43 20 kan
680 491 84 19 fordras
774 490 22 20 af
807 490 26 20 de
843 490 71 20 finska
925 491 61 25 trup-

161 526 73 20 perna,
250 521 23 19 sä
288 520 68 20 skulle
370 521 36 20 väl
422 521 70 20 denna
507 521 62 20 bestä
585 521 46 20 däri
645 522 35 19 att
695 521 62 19 dessa
770 522 98 24 trupper,
884 520 27 20 dä
926 521 60 19 trän-

159 550 72 25 gande
246 550 67 20 behof
328 551 80 19 sädant
424 551 105 25 päkallar,
546 551 67 19 borde
629 551 75 20 kunna
719 551 115 19 användas
850 550 136 20 omedelbart

160 580 34 20 för
208 580 180 25 Kejsaredömets
403 581 91 20 försvar.
516 581 63 19 Dock
593 581 50 19 ville
657 581 37 26 jag
705 581 78 19 härvid
795 582 52 24 göra
859 580 127 26 ytterligare

160 616 26 13 en
204 610 152 26 begränsning.
384 611 41 19 Det
436 611 44 19 kan
492 611 69 25 aldrig
573 611 98 25 päkallas
682 610 49 20 utaf
743 610 100 23 Finland,
855 610 7 20 i
873 610 42 19 den
927 611 59 19 ställ-

161 640 51 26 ning
226 640 64 20 hvari
303 640 93 20 Finland
411 640 46 20 stär
469 640 33 20 till
517 640 174 26 Kejsaredömet,
707 641 34 19 att
753 640 49 20 värt
810 640 51 20 land
869 646 51 13 vore
928 640 58 26 skyl-

161 670 47 25 digt
221 671 35 18 att
269 670 46 20 låta
328 670 46 20 sina
388 672 92 24 trupper
493 670 87 26 deltaga
593 670 7 20 i
613 670 47 26 krig
673 670 7 20 i
693 670 138 20 främmande
843 669 141 21 världsdelar.

160 700 44 19 Det
214 700 129 26 europeiska
355 700 110 26 Ryssland
476 702 23 18 är
510 702 56 18 stort
577 706 42 20 nog
630 701 40 19 och
681 706 36 14 om
729 700 25 20 de
765 700 72 20 finska
848 701 120 25 trupperna
979 700 7 19 i

160 729 94 26 krigstid
270 730 40 19 och
328 730 26 20 dä
372 730 168 26 Kejsaredömet
556 730 99 20 befinner
668 730 31 26 sig
710 730 7 20 i
728 736 26 14 en
766 730 79 20 kritisk
856 730 129 26 belägenhet

160 760 116 20 användas
287 760 32 19 till
331 760 48 20 dess
390 760 86 20 försvar
486 760 60 20 inom
558 760 99 26 Europas
668 762 94 24 gränser,
775 760 23 20 sä
810 762 24 18 är
845 760 61 20 detta
918 760 67 20 redan

160 791 34 18 ett
208 790 80 25 rägadt
317 790 57 20 mätt
389 790 23 20 af
426 790 60 20 hvad
500 796 52 14 man
567 790 43 20 kan
625 790 87 26 begära.
741 790 44 25 Jag
799 790 50 20 ville
865 790 73 20 därför
952 790 34 20 för

160 820 72 19 denna
243 820 102 26 paragraf
354 820 79 21 föreslä
444 827 26 13 en
480 821 127 25 förändring
617 821 6 19 i
635 821 36 19 det
682 821 57 26 syfte
750 822 34 18 att
795 821 41 19 den
847 820 68 20 skulle
925 820 61 20 inne-

160 850 54 19 bära
225 851 35 18 att
273 850 102 20 Finlands
386 851 122 26 krigsmakt
518 851 40 20 har
567 851 33 19 till
611 851 102 20 ändamål
724 852 34 18 att
777 852 69 18 värna
856 851 78 21 tronen
945 851 40 19 och

160 879 184 24 fäderneslandet,
356 882 57 18 samt
423 881 35 19 att
468 881 26 19 de
504 881 71 19 finska
585 882 127 25 trupperna,
724 880 39 20 där
772 881 79 19 sädant
861 882 24 18 är
895 880 22 20 af
926 881 60 19 trän-

159 910 71 25 gande
246 910 67 19 behof
324 911 120 25 päkalladt,
456 911 75 19 kunna
543 911 113 19 användas
667 911 83 25 jämväl
762 910 33 19 för
807 910 178 26 Kejsaredömets

160 939 92 24 försvar,
266 940 56 19 dock
334 940 47 20 icke
392 941 34 19 för
437 940 198 26 krigsoperationer
646 942 62 18 utom
721 941 95 25 Europa.
840 940 66 20 Hvad
919 940 65 20 sedan

160 969 109 20 beträffar
283 971 8 18 1
307 971 9 24 $
333 970 3 19 i
350 970 209 27 Värnepligtslagen,
574 971 23 19 sä
610 971 44 19 kan
667 971 37 25 jag
717 970 7 20 i
736 970 69 20 likhet
819 970 49 20 med
882 970 59 20 hvad
954 976 31 14 re-

160 999 43 20 dan
218 1000 94 19 uttalats
326 1000 22 19 af
363 1000 44 20 Hrr
421 1001 118 25 Stjernvall
553 1001 39 19 och
605 1001 127 25 Furuhjelm
744 1000 47 20 icke
802 1000 53 23 inse,
867 1001 34 19 att
914 1000 71 26 nägon

160 1029 128 26 förändring
298 1030 7 19 i
316 1030 70 20 denna
397 1030 9 25 $
416 1036 52 14 vore
479 1030 109 26 päkallad.
608 1030 68 20 Detta
686 1030 45 20 kan
741 1036 66 20 synas
817 1030 167 22 inkonsekvent,

160 1059 28 19 dä
203 1059 66 20 också
285 1060 39 19 här
337 1060 57 19 talas
408 1066 36 13 om
458 1060 91 23 försvar,
565 1066 56 17 men,
637 1060 58 20 mine
709 1060 88 23 Herrar,
812 1059 37 26 jag
862 1060 39 19 ber
915 1061 34 19 att
963 1059 22 20 få

159 1088 69 26 fräga,
244 1089 89 19 hvilken
347 1090 89 25 mening
449 1090 40 19 har
503 1090 37 19 det
554 1091 35 19 att
602 1090 7 19 i
622 1090 39 20 tvä
676 1090 106 20 särskilda
797 1089 131 26 paragrafer,
944 1090 41 19 den

160 1118 69 20 första
243 1119 41 19 och
292 1119 59 24 sista,
361 1120 56 19 talas
429 1126 36 14 om
478 1120 26 19 de
516 1119 169 27 värnepligtiges
697 1119 88 26 uppgift
797 1119 50 20 med
859 1119 102 20 afseende
973 1120 12 19 ä

159 1148 117 24 försvaret,
289 1155 35 13 om
335 1149 47 19 icke
394 1150 62 19 dessa
467 1149 125 26 paragrafer
602 1150 112 25 verkligen
725 1149 69 20 skulle
805 1149 67 20 hafva
883 1150 34 19 ett
928 1149 56 20 olika

160 1178 58 26 syfte
234 1178 41 20 och
290 1178 18 26 ej
328 1180 115 19 enahanda
454 1179 102 20 innehåll.
578 1179 42 26 Jag
632 1180 39 19 har
681 1179 89 20 förstått
784 1179 49 20 dem
845 1179 22 19 sä
879 1180 34 18 att
926 1179 39 19 123
976 1180 9 24 $

159 1208 102 26 angifver
271 1208 127 20 ändamälet
408 1209 50 19 med
470 1209 26 20 de
506 1209 73 20 finska
589 1210 132 25 truppernas
732 1208 153 23 användande,
898 1210 34 18 att
944 1209 40 19 den

160 1240 24 17 är
194 1238 78 20 afsedd
282 1240 35 18 att
327 1240 101 18 närmare
438 1239 105 25 precisera
555 1239 61 19 deras
627 1239 94 26 uppgift,
732 1245 50 13 men
793 1240 34 18 att
838 1239 37 20 det
886 1239 99 19 däremot

159 1268 29 19 11
203 1268 9 24 $
225 1270 25 17 är
261 1268 60 26 fråga
334 1274 36 14 om
383 1269 40 19 den
436 1269 97 19 enskilde
545 1269 168 25 medborgarens
726 1268 87 26 uppgift
825 1268 72 20 såsom
908 1270 77 18 värne-

160 1297 84 26 pligtig,
259 1298 39 19 och
312 1298 70 20 säsom
396 1299 69 19 sädan
488 1299 46 19 stär
547 1299 40 19 den
601 1299 96 19 enskilde
710 1298 157 26 medborgaren
880 1298 6 20 i
899 1298 86 20 landets

161 1327 76 25 tjänst.
266 1328 34 20 Dä
314 1328 43 20 han
372 1328 79 26 fullgör
464 1328 33 20 sin
510 1328 130 26 värnepligt,
656 1329 23 19 sä
693 1328 79 26 fullgör
786 1328 43 20 han
844 1328 41 20 den
899 1328 34 20 för
947 1328 38 20 sitt

159 1357 51 19 land
227 1358 41 19 och
283 1358 34 19 för
332 1358 31 20 sin
380 1358 98 20 monark.
494 1358 50 20 Med
559 1358 101 20 afseende
675 1359 12 19 å
703 1358 61 20 detta
780 1358 142 23 förhållande,
939 1364 45 14 som

159 1387 48 19 icke
221 1387 69 20 borde
303 1388 75 20 kunna
393 1388 113 23 bestridas,
522 1388 23 20 sä
559 1388 71 20 finner
642 1388 37 26 jag
694 1388 37 20 det
745 1388 50 20 fullt
809 1388 108 26 sakenligt
931 1389 34 19 att
979 1388 6 19 i

161 1417 8 18 1
186 1418 10 23 $
210 1417 58 20 talas
282 1418 79 19 endast
376 1424 36 13 om
426 1420 89 17 tronens
529 1418 40 19 och
583 1418 188 19 fäderneslandets
786 1418 91 19 försvar.
905 1418 42 25 Jag
962 1420 24 17 är

159 1446 85 20 säledes
262 1447 138 20 beträffande
418 1448 70 19 denna
507 1447 100 26 paragraf
624 1454 49 13 ense
690 1447 50 20 med
755 1448 44 19 Hrr
813 1447 118 26 Stjernvall
945 1447 39 20 och

159 1476 136 26 Furuhjelm.
315 1477 42 26 Jag
370 1477 68 20 skulle
450 1477 33 20 för
495 1478 44 19 min
553 1477 39 23 del,
601 1483 35 14 om
649 1478 38 19 det
700 1483 27 14 nu
741 1477 62 26 gälde
815 1479 35 18 att
862 1477 72 20 uttala
946 1477 39 26 sig,
