1031 1634
146 79 21 17 S
427 80 22 18 R.
463 85 16 13 o.
496 81 19 17 A.
530 82 52 16 1899.
597 82 22 16 23
634 82 54 17 Mars.

142 141 114 25 upplevat,
269 141 36 20 vid
317 141 133 27 landtdagen
461 142 7 19 i
478 142 79 26 Borgä,
569 142 113 26 frimodigt
693 142 41 20 och
745 144 67 24 öppet
823 143 100 19 uttalade
933 144 35 18 att

142 170 87 20 landets
243 171 118 20 nationella
376 172 83 20 militär
473 172 78 20 endast
566 172 68 20 borde
648 172 115 20 användas
776 172 34 20 till
825 172 86 20 landets
925 172 44 20 för-

143 206 57 14 svar.
220 201 42 25 Jag
272 201 37 20 ber
319 202 33 19 att
362 202 75 19 vidare
447 202 22 19 fä
479 202 71 20 erinra
560 208 43 17 om,
613 202 117 20 huruledes
740 202 24 20 är
774 202 60 23 1854,
846 202 27 20 dä
885 202 41 20 den
936 202 32 22 in-

144 230 58 20 delta
216 230 109 21 militären
339 231 68 20 delvis
420 233 123 25 uppsattes,
558 232 104 20 likaledes
675 232 33 19 uti
721 232 159 20 förordnandet
894 232 74 20 derom

143 260 112 20 uttalades
265 262 34 18 att
311 261 61 20 dessa
382 262 88 19 landets
480 262 119 20 nationella
610 263 91 25 trupper
712 263 116 25 uppsattes
839 262 33 20 för
882 262 87 20 landets

143 290 92 23 försvar;
248 291 40 19 och
301 291 106 26 slutligen,
421 292 116 20 huruledes
549 292 38 19 vid
601 292 109 19 1877—78
722 292 34 20 års
768 292 113 26 landtdag,
894 292 28 20 dä
936 292 8 20 1
959 292 9 25 $

143 320 6 19 i
163 320 164 26 propositionen
339 321 32 19 till
384 322 171 26 värnepligtslag
567 322 114 23 ändrades,
696 322 37 20 det
745 328 39 14 var
796 323 82 25 ytterst
890 322 21 20 fä
924 324 44 17 rös-

143 351 34 19 ter
189 350 59 20 inom
262 351 92 19 ständen
373 357 46 14 som
431 352 67 25 höjde
511 352 32 26 sig
554 352 33 19 till
600 351 84 21 försvar
696 352 35 19 för
743 352 42 20 den
798 352 83 26 äsigten
894 353 34 19 att
941 352 27 19 ri-

143 380 38 19 ket
191 380 39 20 här
239 380 67 20 borde
316 383 91 18 nämnas
417 382 40 19 och
467 382 47 19 icke
523 382 183 19 fäderneslandet.
726 382 34 20 Dä
769 382 198 26 värnepligtslagen

144 411 84 25 antogs,
240 411 67 26 ansäg
317 417 50 14 man
377 411 119 26 ingalunda
507 413 35 18 att
552 412 143 20 redaktionen
706 412 6 19 i
723 413 19 24 $$
755 413 8 18 1
776 413 40 19 och
828 413 39 19 123
877 412 91 20 innebar

144 441 91 25 uttryck
250 441 23 19 af
287 441 129 26 nägonslags
431 442 145 23 chauvinism,
592 448 47 14 som
654 448 51 14 man
721 449 29 13 nu
765 442 40 20 har
820 443 50 19 hört
886 442 81 26 pästäs.

144 469 34 20 Då
189 470 139 21 framstäldes
337 472 99 19 tvärtom
447 473 46 19 rätt
503 472 79 26 skarpa
593 472 171 26 anmärkningar
774 472 75 20 derom
860 473 33 19 att
905 473 62 19 dessa

145 500 125 25 paragrafer
287 501 47 20 icke
353 501 127 27 tillräckligt
499 502 58 20 klart
576 502 40 19 och
635 502 113 20 bestämdt
766 503 100 19 uttalade
885 502 82 20 tanken

144 536 36 13 om
194 530 41 19 den
249 530 72 21 finska
335 532 85 19 arméns
433 532 89 26 uppgift
535 532 72 20 såsom
621 539 26 13 en
660 533 49 19 rent
722 532 58 20 finsk
794 533 66 19 armé.
888 533 42 18 Det
944 534 24 18 är

144 560 83 19 således
246 567 27 13 en
291 561 82 25 ganska
392 563 46 18 stor
457 562 159 26 omsvängning
634 562 6 19 i
659 562 212 26 representationens
890 562 78 20 åskåd-

144 589 117 26 ningssätt,
277 597 45 13 som
337 597 29 14 nu
380 592 78 25 tyckes
472 593 52 24 göra
539 592 31 26 sig
584 592 109 20 märkbar.
723 592 43 20 Det
780 593 70 19 finnes
864 593 23 25 ju
902 593 64 19 också

141 621 63 24 "yttre
218 621 88 19 orsaker
320 621 32 19 till
367 628 25 13 en
408 622 69 19 sådan
492 622 165 26 omsvängning;
672 623 40 19 och
728 623 36 25 jag
778 623 98 19 kommer
891 629 28 13 nu
934 622 32 19 till

142 650 28 19 de
185 650 101 25 politiska
301 651 52 23 skäl,
368 651 90 20 hvarför
471 652 94 20 Ståndet
578 652 67 20 borde
658 654 81 24 antaga
753 659 26 13 en
793 653 9 24 $
816 652 22 20 af
852 652 70 20 denna
936 653 31 25 ly-

142 680 74 19 delse;
232 680 43 20 Det
287 681 72 20 ställes
371 687 29 14 nu
413 682 27 25 på
453 682 104 20 Finlands
568 683 174 25 representation
754 683 37 19 det
803 683 118 25 anspråket
932 684 35 18 att

143 710 202 25 representationen
357 711 54 20 skall
424 711 58 20 afstå
494 712 56 20 ifrån
563 712 118 26 begreppet
694 713 106 19 särskilda
823 712 71 20 finska
907 713 61 25 trup-

144 745 44 20 per,
205 746 26 13 en
247 741 91 19 särskild
353 741 58 20 finsk
427 743 66 22 armé,
509 742 41 20 och
565 743 96 19 erkänna
676 743 36 19 att
728 743 70 19 denna
814 743 59 19 armé
889 743 78 19 endast

144 770 64 25 utgör
219 776 26 13 en
257 770 34 20 del
302 771 22 19 af
334 771 121 20 riksarmén
466 772 40 20 och
516 772 57 20 intet
584 774 75 19 annat.
680 772 52 20 Man
743 773 38 25 går
791 773 23 26 ju
826 773 23 19 så
860 773 62 25 långt
933 773 34 19 att

144 805 51 14 man
210 806 63 14 anser
287 801 16 19 t.
318 807 19 13 o.
352 807 28 14 m.
396 801 283 27 landtvärnsbataljonerna
694 802 48 20 icke
756 802 66 20 hafva
838 802 70 26 någon
924 804 43 18 sär-

144 829 56 20 skild
215 830 88 26 uppgift
320 832 53 19 utan
391 832 78 20 endast
486 838 83 14 samma
586 833 110 19 allmänna
714 832 88 26 uppgift
818 834 34 18 att
868 832 98 20 försvara

144 859 56 19 riket
217 860 6 19 i
243 860 48 20 dess
310 861 79 23 helhet,
404 868 47 13 som
465 862 26 20 de
504 862 65 26 ryska
583 864 126 24 trupperna.
736 863 41 19 Det
792 869 64 19 synes
869 863 43 25 mig
925 864 41 22 att,

144 889 27 19 dä
181 890 123 25 anspräken
313 892 37 18 äro
359 892 23 19 sä
391 892 116 26 omättliga
516 898 46 14 som
571 892 26 20 de
607 893 70 19 denna
686 893 57 25 gäng
752 894 44 22 äro,
807 892 51 20 det
849 885 10 37 i
868 892 99 26 politiskt

144 919 125 20 hänseende
279 920 100 20 klokaste
391 923 24 18 är
427 923 34 18 att
473 922 85 26 inlägga
571 928 26 14 en
609 922 23 20 sä
645 923 60 19 stark
717 928 93 20 gensaga
822 928 47 14 som
881 922 86 26 möjligt

144 950 47 18 mot
206 949 62 21 dessa
281 951 102 25 anspräk,
397 952 36 19 att
445 952 48 19 icke
507 952 109 26 medgifva
631 952 67 26 nägot
712 958 46 14 som
772 954 24 18 är
810 952 156 26 oberättigadt.

144 978 42 26 Jag
198 979 43 19 kan
252 980 47 19 icke
311 980 96 21 erkänna
419 982 35 19 att
465 982 164 26 konsegvensen
641 982 21 20 af
675 982 39 20 123
725 983 9 25 $
745 988 52 14 vore
808 984 34 18 att
854 983 113 25 uttrycket

144 1008 76 20 »riket»
231 1009 68 20 borde
310 1010 85 26 intagas
407 1011 6 19 i
427 1012 7 18 1
449 1013 16 23 $,
478 1013 25 25 ty
515 1018 51 14 man
578 1012 35 20 mä
625 1018 29 14 nu
666 1014 52 24 säga
730 1013 58 19 hvad
800 1018 47 14 som
858 1013 56 19 helst
926 1013 40 19 och

144 1038 44 20 tala
202 1045 35 13 om
252 1040 159 25 spegelfäkteri,
425 1042 23 19 sä
461 1044 24 17 är
499 1042 36 19 det
548 1042 93 20 faktiskt
654 1042 40 20 och
707 1042 80 26 logiskt
800 1042 120 20 otänkbart
932 1044 35 18 att

144 1068 41 19 den
204 1068 71 20 finske
293 1070 156 26 medborgaren
467 1072 69 19 skulle
550 1072 33 20 stä
597 1072 6 20 i
617 1072 219 26 tjensteförhällande
848 1072 33 20 till
895 1073 71 25 nägon

143 1104 74 14 annan
229 1100 29 18 än
271 1100 119 20 monarken
404 1101 40 19 och
458 1101 38 20 sitt
509 1102 58 20 land.
593 1102 33 20 En
639 1102 282 26 tjenstgöringsskyldighet
934 1103 32 19 sä-

144 1134 46 13 som
205 1129 124 26 värnepligt
343 1132 113 24 gentemot
471 1131 57 20 riket
542 1134 24 18 är
580 1132 48 20 icke
641 1132 103 20 tänkbar.
773 1132 43 26 Jag
831 1132 39 20 har
884 1133 82 19 uttalat

144 1158 68 23 detta,
225 1159 93 20 emedan
329 1160 37 26 jag
378 1166 63 14 anser
453 1161 43 26 mig
508 1162 67 19 hafva
587 1162 117 26 anledning
716 1162 71 20 dertill
799 1168 78 20 genom
890 1163 25 19 de
927 1163 39 19 tvä

143 1188 66 19 ärade
224 1188 109 20 talarenes
349 1191 128 25 yttranden,
494 1198 46 13 som
557 1192 39 20 här
611 1192 83 20 uttalat
710 1192 31 26 sig
757 1192 6 20 i
778 1192 84 26 frågan.
894 1192 72 20 Meni

143 1217 78 26 sjelfva
236 1219 77 20 verket
327 1226 63 14 anser
403 1220 37 27 jag
455 1222 34 19 att
503 1222 71 19 denna
589 1221 34 20 del
637 1222 22 20 af
672 1222 78 26 frägan
764 1222 47 20 icke
826 1228 58 14 mera
899 1222 67 20 borde

142 1247 89 20 komma
246 1249 69 20 under
329 1250 84 24 debatt,
428 1251 91 20 emedan
535 1252 25 19 R.
576 1258 18 13 o.
609 1253 25 19 A.
649 1252 67 20 redan
730 1252 64 26 gifvit
808 1252 32 20 sin
854 1253 56 25 äsigt
924 1253 42 19 till-

143 1277 73 20 känna
230 1284 36 13 om
280 1279 58 20 hvad
352 1281 33 24 $:n
398 1281 67 20 borde
479 1281 115 20 innehälla.
621 1282 45 20 Här
680 1282 68 20 borde
760 1283 36 19 väl
809 1283 79 19 endast
900 1282 66 20 fram-

140 1307 78 20 ställas
230 1308 82 24 skälen,
325 1309 90 21 hvarför
427 1311 26 20 R.
467 1317 18 14 o.
499 1311 24 20 A.
537 1318 29 13 nu
578 1312 39 19 bör
629 1312 75 26 frängä
718 1312 71 20 denna
800 1312 56 26 äsigt
869 1313 40 19 och
921 1319 45 13 om-

142 1336 58 20 fatta
213 1343 26 14 en
251 1344 80 15 annan.
355 1340 72 26 Nägra
440 1341 82 20 sädana
534 1348 43 19 nya
589 1342 46 19 skäl
647 1342 43 19 kan
701 1342 38 25 jag
750 1342 46 19 icke
808 1342 60 20 finna
881 1343 34 19 att
927 1343 39 19 här

141 1366 75 20 blifvit
233 1367 138 22 framstälda.

186 1397 106 26 Slutligen
303 1399 82 20 tillåter
395 1400 38 26 jag
444 1401 43 26 mig
499 1403 57 18 ännu
569 1407 25 14 en
606 1402 151 26 anmärkning.
779 1402 52 20 Man
850 1404 24 18 är
884 1404 82 24 ytterst

142 1426 119 26 angelägen
272 1434 34 14 om
318 1430 34 19 att
362 1429 6 20 i
379 1430 33 19 tid
423 1431 40 19 och
474 1431 46 20 otid
531 1431 79 20 betona
621 1431 150 20 solidariteten
782 1432 49 19 med
841 1431 63 24 riket,
916 1433 49 20 med

143 1455 174 26 Kejsaredömet,
331 1459 51 20 eller
395 1460 41 19 den
449 1466 160 20 gemensamma
623 1461 149 20 solidariteten
784 1462 34 19 för
828 1462 41 19 alla
878 1462 59 20 delar
944 1463 22 20 af
