1031 1631
164 90 21 15 48
538 90 78 20 Bilagor.

206 149 38 20 De
271 149 46 20 vid
336 155 133 15 reserven
491 149 154 26 inskrifna
665 145 97 24 kunna
781 154 96 20 genom
896 148 90 26 krigs-

164 179 191 20 ministerns
373 180 191 26 förfogande
582 179 106 20 kallas
702 178 284 26 tillöfningsmöten

166 209 80 19 inom
273 209 114 24 landet,
414 210 104 20 likväl
543 209 67 20 icke
634 209 80 26 flere
738 210 35 18 än
799 208 49 20 två
872 208 115 26 gånger

165 239 90 19 under
274 239 63 20 hela
357 239 80 21 tiden
458 240 30 20 de
508 240 44 20 stå
574 239 6 20 i
601 245 140 17 reserven,
762 238 142 20 hvardera
924 238 62 26 gån-

164 274 52 20 gen
232 268 347 27 förhögstsexveckor.
609 267 378 27 Närmareföreskrifter

164 298 661 27 rörandeinkallandetafreservmäntill
847 297 140 27 öfnings-

164 330 75 18 möte
271 329 148 26 utfärdas
448 330 30 25 af
507 330 130 19 senaten
668 328 80 27 efter
776 328 124 20 samråd
925 328 62 20 med

163 358 340 26 generalguvernören.

206 388 39 20 De
267 388 111 26 finska
401 390 178 26 trupperna
600 388 264 26 sammandragas,
888 388 34 20 dä
944 388 42 20 sä-

164 418 68 20 dant
257 424 84 14 anses
364 419 107 26 nödigt,
492 419 50 20 till
561 420 93 18 större
672 424 207 21 gemensamma
898 418 88 26 läger-

164 448 557 28 mötenochöfningarinomlandet.
751 448 235 26 Aktivatrupp-

165 478 194 26 afdelningar
377 479 98 20 kunna
495 479 49 20 ock
563 479 50 20 till
632 478 197 26 deltagande
821 474 16 35 i
852 478 134 26 lägermö-

163 509 44 18 ten
229 508 49 20 och
303 510 152 19 manövrer
477 509 7 20 i
499 509 213 26 kejsaredömet
728 508 256 20 utkommenderas.

374 566 5 6 +
544 563 11 26 $
574 563 32 26 13.

206 598 42 20 Då
268 598 89 27 behof
377 599 135 26 uppstår
532 600 43 19 att
595 599 111 25 bringa
726 598 32 19 de
776 597 111 26 finska
904 598 81 25 trup-

163 634 98 19 perna
281 628 54 21 till
354 629 160 25 förstärkt
533 630 145 19 numerär
698 628 124 25 utöfver
840 628 145 19 staterna

163 657 48 26 för
228 658 149 25 fredstid,
398 658 146 21 inkallas
562 659 243 19 reservmännen
824 657 56 20 till
898 657 88 20 aktiv

163 687 105 26 tjänst
291 687 694 27 pägrundafnädigbefallning,
809 683 57 37 som
880 687 105 27 medde-

163 717 47 20 las
230 719 131 19 senaten
383 724 104 20 genom
509 718 173 26 kejserligt
704 717 144 26 reskripi
870 717 55 20 till
946 723 39 20 ge

162 747 302 26 neralguvernören.

208 777 100 26 Yngre
329 778 146 20 ärsklass
498 778 145 20 inkallas
664 778 66 25 före
751 777 94 20 äldre.
891 777 95 20 Inkallas

164 807 43 20 icke
221 807 34 20 hel
270 807 97 24 ärsklass,
384 808 47 20 sker
446 808 134 26 ultagningen
596 808 45 19 med
656 807 85 26 ledning
756 807 22 26 af
792 807 39 20 den
840 807 64 20 redan
912 807 73 26 försig-

162 837 84 26 gångna
261 837 112 26 lottningen
387 839 54 19 samt
455 838 60 26 äfven
531 838 7 20 i
552 838 61 26 öfrigt
627 837 62 26 enligt
702 837 24 20 de
740 837 32 26 för
787 837 80 20 inträde
874 837 34 20 vid
916 837 69 20 aktiva

163 867 117 26 trupperna
296 867 97 26 stadgade
409 868 96 26 grunder.

205 897 169 26 Angående
405 897 208 20 bestridande
643 897 29 26 af
702 896 284 27 kostnaderna
933 892 56 35 för

162 927 198 26 truppernas
383 927 176 26 bringande
581 927 56 20 till
659 927 159 26 förstärkt
840 928 146 19 numerär

162 956 87 20 skall
265 957 124 26 förslag
405 957 31 26 af
452 958 131 19 senaten
601 959 158 24 uppgöras
776 957 48 20 och
842 952 65 35 till
921 956 64 20 Hans

162 986 189 27 Kejserliga
378 987 145 26 Majestät
541 982 161 36 insändas.

541 1041 15 26 $
571 1041 32 20 14.

203 1076 33 19 På
264 1076 156 27 framställning
443 1077 22 26 af
487 1078 84 19 senaten
595 1077 119 20 bestämmer
743 1076 103 25 Kejsaren
870 1076 36 20 och
930 1076 55 21 Stor-

161 1105 88 25 fursten,
267 1106 100 20 hvilka
389 1106 204 26 befattningar
613 1107 7 19 i
639 1107 84 19 stats-
742 1106 50 19 och
812 1105 173 21 kommunal-

162 1135 197 25 tjänstsamt
375 1136 51 20 vid
443 1136 149 20 enskilda
608 1135 286 27 järnvägsföretag
910 1137 36 19 äro
963 1136 22 25 af

161 1164 146 27 beskaffenhet,
331 1167 29 18 att
381 1166 60 20 deras
465 1166 140 25 innehafvare,
632 1166 65 19 ehuru
719 1165 91 20 hörande
832 1165 32 20 till
885 1171 99 17 reserven,

161 1194 65 21 likväl
237 1195 36 20 må
284 1195 76 26 befrias
371 1195 48 26 från
432 1197 29 18 att
471 1195 32 20 till
515 1195 56 20 aktiv
581 1195 138 26 tjänstgöring
730 1195 102 23 inkallas;
864 1195 121 20 ochstad-

160 1230 49 19 gas
226 1225 7 19 i
250 1225 153 20 enahanda
419 1225 125 26 ordning
559 1225 109 26 jämväl
683 1225 149 26 angående
847 1225 137 20 anmälan

160 1253 50 20 hos
234 1255 216 20 vederbörande
473 1255 243 26 uppbådsnämnd
739 1261 39 14 om
801 1260 183 15 reservmans

161 1284 209 26 anställning
399 1284 7 20 i
434 1284 90 26 dylik
551 1284 184 26 befattning
762 1284 80 20 eller
869 1284 115 26 afgång

160 1313 71 25 från
249 1314 183 20 densamma.

541 1368 15 26 $
572 1368 31 20 15.

206 1403 164 26 Värnepligtiga,
393 1410 44 13 som
461 1403 34 20 vid
517 1404 56 19 aktiv
594 1404 64 26 trupp
679 1403 90 26 fullgöra
795 1403 34 20 sin
852 1403 132 26 krigstjänst-

160 1432 122 26 skyldighet,
294 1432 79 21 räknas
383 1433 129 26 fortfarande
523 1433 32 20 till
565 1433 25 20 de
601 1433 128 23 kommuner,
740 1433 70 20 hvilka
821 1433 24 19 de
853 1433 35 19 vid
896 1433 88 20 inträdet

161 1462 6 19 i
186 1462 91 25 tjänsten
297 1462 100 21 tillhörde.
