1034 1631
159 93 22 16 62
253 81 2 2 |
439 93 23 16 R.
475 97 18 12 o.
510 93 20 16 A.
545 93 53 16 1899.
613 93 22 16 17
648 93 56 16 Mars.

159 152 103 27 politiska
274 153 46 20 skäl
331 153 69 20 skulle
410 153 76 20 kunna
498 153 125 26 gvarhällas
635 153 87 20 utöfver
734 153 41 19 den
787 153 115 20 bestämda
913 152 67 20 tiden.

159 182 42 27 Jag
215 182 40 21 ber
269 183 82 20 således
365 182 21 21 få
400 183 112 26 tillstyrka
527 184 36 19 att
577 183 67 20 orden
658 183 61 20 eller
733 182 105 21 militära»
853 183 68 20 skulle
935 184 46 18 ute-

159 212 75 20 slutas.
263 213 66 20 Hvad
343 213 107 20 beträffar
464 213 37 20 det
515 213 8 20 i
537 213 105 20 nästsista
656 214 123 19 momentet
793 213 23 20 af
829 213 33 25 $:n
876 213 105 26 stadgade

159 242 188 27 bemyndigandet
363 243 34 20 för
413 243 176 26 krigsministern
606 244 35 19 att
657 243 94 20 anställa
769 243 145 26 öfningsmöte
932 243 49 20 med

158 278 109 18 reserven,
278 273 71 20 finner
357 273 37 26 jag
404 273 38 20 det
452 279 53 14 vara
516 273 86 26 obilligt
612 274 34 19 att
656 273 42 20 öka
709 273 84 20 bördan
803 273 34 20 för
843 273 55 23 dem,
907 273 73 20 hvilka

158 302 61 26 tjena
229 303 39 20 vid
278 303 26 20 de
313 303 90 20 stäende
412 304 122 25 trupperna
544 303 41 20 och
594 303 67 20 redan
670 303 130 26 genomgätt
808 303 40 20 full
858 303 123 26 utbildning

159 332 37 20 vid
211 333 98 23 aktiven,
323 338 78 21 genom
416 334 35 19 att
465 333 128 26 ytterligare
607 333 134 20 underkasta
756 333 49 20 dem
820 333 112 26 möjlighet
947 335 34 18 att

159 363 171 20 sammankallas
340 363 33 20 till
383 363 170 26 öfningsmöten.
564 363 44 20 Det
618 369 48 20 eger
677 368 42 21 nog
729 363 32 20 sin
771 363 105 26 riktighet
886 365 33 18 att
930 369 50 14 man

158 398 79 20 genom
249 393 73 26 dylika
333 393 162 26 öfningsmöten
506 393 111 20 mähända
627 393 40 20 har
676 393 67 20 tänkt
754 393 31 26 sig
795 393 141 26 möjligheten
947 395 34 18 att

158 423 95 20 anställa
267 429 16 14 s.
297 423 20 20 k.
332 423 240 26 försöksmobilisering,
587 429 50 14 men
650 423 68 26 nägot
731 423 116 20 uttalande
861 423 75 20 härom
950 429 30 14 er-

158 452 59 21 inrar
227 453 39 26 jag
278 453 43 27 mig
332 453 48 20 icke
391 453 69 20 hafva
472 455 44 18 sett
528 453 6 20 i
547 454 27 19 de
585 453 137 27 handlingar,
736 459 47 14 som
795 453 77 27 ätfölja
885 453 96 27 proposi-

158 482 82 21 tionen.
266 484 67 20 Dessa
345 483 258 27 försöksmobiliseringar
615 485 37 19 äro
664 484 74 26 nägot,
752 490 47 14 som
811 484 89 26 mycket
912 484 68 20 sällan

158 513 161 24 föranstaltats,
334 514 68 20 redan
418 514 72 20 derför
505 515 35 19 att
556 514 27 20 de
598 514 154 20 åstadkomma
768 520 26 14 en
809 514 172 26 utomordentlig

158 543 111 27 rubbning
287 544 22 20 af
327 544 165 20 förhällandena
511 544 70 20 under
598 544 92 20 fredstid
713 544 40 20 och
776 544 97 20 medföra
892 544 89 26 mycket

159 574 59 19 stora
229 573 125 21 kostnader.
376 574 73 20 Skulle
460 580 51 14 man
522 574 68 20 likväl
601 574 53 26 vilja
664 574 110 20 bibehälla
786 574 70 20 denna
867 574 113 26 möjlighet

157 608 80 21 genom
249 604 164 26 medgifvandet
424 604 23 20 af
457 605 46 19 rätt
514 605 36 19 att
561 604 159 20 sammankalla
731 610 100 14 reserven
842 604 32 20 till
886 604 95 26 öfnings-

158 634 82 23 möten,
253 634 23 20 sä
285 634 67 20 borde
361 634 119 26 ingalunda
491 640 59 14 mera
561 636 28 18 än
598 635 33 19 ett
641 634 147 26 öfningsmöte
797 634 22 20 få
830 634 108 26 päbjudas
948 634 33 20 för

159 663 42 20 den
214 663 74 21 finska
301 670 106 17 reserven,
423 664 27 20 dä
464 670 52 14 man
529 664 8 20 i
551 664 110 26 Ryssland
674 664 34 20 för
723 664 25 20 13
762 664 35 20 ärs
810 670 71 14 reserv
895 664 86 26 ätnöjer

158 693 32 26 sig
203 694 52 19 med
267 694 64 26 högst
345 694 39 20 tvä
397 695 82 19 möten.
500 694 43 26 Jag
557 696 46 18 tror
616 694 22 20 vi
651 695 76 25 tryggt
740 694 75 20 kunna
827 694 71 20 lemna
909 694 12 20 ä
934 694 46 20 sido

157 723 78 26 frägan
255 730 36 14 om
308 724 264 26 försöksmobiliseringar.
603 724 51 20 Man
673 724 40 20 har
732 724 110 26 öfvergätt
860 724 33 20 till
911 724 69 20 andra

157 754 71 19 medel
236 753 35 20 för
278 755 35 19 att
320 754 132 20 kontrollera
461 760 111 14 reservens
579 754 146 26 befintlighet,
735 759 78 21 genom
821 760 16 14 s.
847 754 20 20 k.
876 754 104 20 kon*roll-

158 784 74 19 möten
242 784 23 20 af
273 784 45 20 helt
326 785 68 19 annat
402 784 53 26 slag,
465 784 40 20 och
513 784 38 26 jag
559 786 46 18 tror
613 784 71 20 derför
693 785 35 19 att
736 790 52 14 man
796 790 29 14 nu
834 790 65 20 gerna
907 784 73 20 kunae

158 813 98 21 utesluta
267 814 48 20 hela
327 814 70 20 denna
408 814 141 26 bestämning
560 820 35 14 om
606 814 213 26 öfningsskyldighet
829 814 34 20 för
872 820 107 14 reserven.

200 873 33 20 Hr
256 874 68 20 Elis
347 874 190 26 Furuhjelm
562 874 96 21 önskade
674 874 6 20 i
698 874 9 20 1
725 880 67 15 mom.
809 874 80 27 utbyta
913 874 67 20 orden

157 903 94 26 »Nädigt
269 904 175 20 bestämmande»
462 906 47 19 mot
527 904 117 26 »Kejsaren
662 905 41 19 och
722 904 146 21 Storfurstens
885 905 95 19 bestäm-

158 933 97 21 mande».
275 933 101 27 Föreslog
386 935 34 19 att
430 934 6 19 i
446 934 106 20 nästsista
562 940 65 15 mom.
638 934 34 20 för
682 935 41 19 den
733 934 104 20 händelse
847 935 37 19 det
893 934 86 20 komme

157 964 35 19 att
205 963 127 24 bibehällas,
346 964 69 20 skulle
427 964 82 27 tydligt
521 965 98 20 utsättas
631 965 34 19 att
678 964 162 26 öfningsmöten
853 964 49 20 med
914 970 66 14 reser-

158 999 42 14 ven
212 993 75 20 kunde
299 994 68 19 hällas
379 994 79 20 endast
468 994 61 20 inom
541 994 102 26 landet.1)

202 1053 9 20 1
224 1059 67 14 mom.
304 1053 44 20 blef
359 1054 52 20 härä
422 1054 106 26 godkänt.

202 1083 9 19 I
222 1083 63 26 fräga
297 1089 35 14 om
344 1084 13 19 2
369 1089 66 14 mom.
448 1083 174 21 öfverlemnades
633 1084 33 19 till
678 1085 82 18 mötets
771 1084 135 20 besvarande
918 1090 26 13 en
957 1084 22 19 sä

158 1112 98 26 lydande

355 1203 428 27 Omröstningsproposition:

200 1255 56 24 Den,
268 1262 47 14 som
325 1257 127 26 godkänner
463 1263 66 14 mom.
541 1257 12 20 2
564 1257 150 23 oförändradt,
726 1259 72 18 röstar
807 1257 30 26 ja;
848 1257 77 20 vinner
936 1257 43 25 nej,

157 1285 128 26 godkännes
299 1286 122 21 detsamma
435 1287 50 20 med
499 1287 137 27 uteslutning
649 1287 23 21 af
685 1287 68 20 orden
766 1287 60 21 eller
840 1287 112 21 militära.»

200 1315 33 21 Då
249 1316 163 26 propositionen
425 1317 132 20 besvarades
570 1318 50 19 med
633 1318 42 25 nej,
688 1318 57 19 hade
758 1319 71 19 mötet
842 1317 137 27 följaktligen

157 1345 93 20 beslutit
259 1347 35 19 att
303 1352 25 14 ur
346 1346 4 20 2
359 1352 66 15 mom.
436 1347 67 20 orden
512 1347 61 20 »eller
582 1347 104 20 militära»
696 1347 69 20 skulle
774 1347 60 26 utgå.

199 1375 20 23 3,
229 1375 15 20 4
255 1376 40 19 och
312 1376 5 20 5
327 1382 89 14 momm.
428 1378 93 24 antogos
531 1376 151 21 oförändrade.

200 1404 103 21 Rörande
317 1412 66 14 mom.
398 1406 12 20 6
424 1406 140 20 framstäldes
578 1406 96 26 följande

193 1468 14 22 1)
221 1471 133 19 Andragandet
369 1471 70 17 infördt
452 1472 57 20 enligt
522 1472 215 20 memorialprotokollet;
751 1473 106 19 stenogram
870 1472 75 17 saknas.
