1036 1631
427 70 83 38 Bilagor.
860 80 19 16 61

104 141 80 24 Elev,
209 147 60 15 som
292 141 72 26 från
388 141 110 20 nämda
521 141 260 26 specialklasser
800 140 82 20 'utdi-

62 171 215 24 mitterats,är
292 171 590 27 pligtigattitreärstidtjänstgöra

62 200 269 27 vidaktivtrupp.
362 201 99 26 Afgår
476 201 58 20 han
556 201 29 20 då
600 201 72 25 från
703 201 53 19 den
774 200 108 20 aktiva

61 230 138 26 tjänsten,
224 231 162 26 öfverföres
409 231 54 20 han
487 231 45 26 för
550 230 53 26 fem
624 231 30 19 år
673 230 50 21 till
740 236 140 14 reserven.

101 260 76 26 Elev,
200 261 117 20 hvilken
340 261 66 25 från
426 260 166 27 någondera
611 260 29 26 af
657 260 101 26 finska
777 260 105 20 kadett-

62 290 114 20 kårens
200 292 49 19 två
273 290 109 26 högsta
406 290 260 27 specialklasser
690 290 103 27 afgått
816 290 67 26 före

62 320 147 26 afslutad
227 321 80 23 kurs,
328 322 32 19 är
378 320 121 27 pligtig
517 322 44 18 att
580 320 48 20 stå
648 320 6 20 i
674 320 86 20 aktiv
779 320 104 26 tjänst

63 350 217 20 under
173 346 50 34 ett
235 346 50 34 och
299 346 321 34 etthalftårstidför
639 350 147 20 hvardera
803 350 79 20 klas-

43 386 73 20 osen,
143 380 70 26 ifall
233 381 54 19 han
308 380 127 26 åtnjutit
456 380 217 26 undervisning
694 380 7 20 i
719 380 163 20 densamma

62 410 100 26 längre
179 412 33 18 än
231 417 30 13 en
280 410 179 21 läsetermin.
481 410 37 20 De
533 410 133 23 däremot,
690 416 55 14 som
764 410 118 20 tillhört

62 440 109 20 nämda
202 440 259 26 specialklasser
491 440 127 20 kortare
648 440 52 24 tid,
732 441 52 19 äro
816 439 66 21 icke

62 469 124 21 bundna
210 470 50 20 vid
283 470 99 26 någon
402 470 219 26 obligatorisk
640 470 176 26 tjänstetid
835 469 47 26 för

63 500 147 25 ätnjuten
239 500 241 26 undervisning,
509 501 73 19 utan
609 500 143 26 fullgöra
780 501 102 19 värne-

62 529 124 27 pligten
210 530 101 26 enligt
335 530 163 20 allmänna
520 530 144 26 grunder.

439 601 14 27 $
469 601 34 21 99.

105 637 98 20 Förutom
218 637 24 21 de
258 637 7 20 i
281 637 64 26 kap.
362 637 44 20 XI
422 637 14 21 V
444 637 113 21 omnämda
565 637 103 26 frivilliga
676 637 48 24 kan,
734 637 39 20 där
782 637 101 20 vakanser

61 667 75 26 finnas
146 667 41 20 "vid
203 667 24 20 de
244 667 69 20 aktiva
330 668 121 25 trupperna,
469 667 70 20 såsom
556 667 92 20 volontär
665 667 101 20 anställas
783 673 25 14 en
824 667 57 24 hvar,

61 703 44 14 som
542 703 3 2 ;

105 727 35 20 1:o
154 727 43 20 icke
211 729 24 18 är
248 733 63 20 yngre
325 729 27 18 än
366 727 77 26 sjutton
458 727 49 20 eller
520 727 56 20 äldre
590 729 28 18 än
632 727 65 20 trettio
711 727 25 21 är
749 727 75 26 (under
838 727 45 26 krig

61 757 77 26 lyratio
156 757 42 26 är);

105 787 35 20 2:o
160 787 3 20 i
179 787 149 26 afseende
351 787 5 20 å
371 787 267 26 kroppsbyggnad
654 787 50 20 och
719 787 163 20 hälsotill-

62 817 93 20 stånd
177 818 176 19 motsvarar
374 817 32 20 de
427 817 196 26 fordringar,
646 823 59 14 som
727 817 89 26 gälla
836 817 47 26 för

63 847 178 26 antagande
262 847 6 20 i
288 847 206 26 krigstjänst,
515 847 51 20 och

105 877 35 20 3:0
166 877 67 20 icke
257 877 66 20 står
348 877 97 20 under
469 877 109 20 tilltal
602 877 48 26 för
674 877 87 23 brott,
787 877 95 20 hvarä

63 907 208 26 ovillkorligt
295 907 228 26 frihetsstraff
547 907 57 20 kan
629 907 89 26 följa,
744 907 79 20 eller
846 907 36 26 på

61 937 100 25 grund
184 937 30 26 af
236 937 62 20 dom
322 938 32 19 är
376 937 158 26 förlustig
556 937 326 26 medborgerligt
822 933 64 34 för-

62 967 117 19 troende
201 967 70 20 eller
293 967 119 26 ovärdig
430 968 41 19 att
488 967 114 26 nyttjas
621 967 7 20 i
648 967 115 20 landets
780 966 101 26 tjänst.

104 996 68 24 Den,
199 996 682 27 somönskarblifvaantagentillvolonitär,

62 1026 50 20 bör
136 1027 207 25 personligen
364 1027 125 20 anmäla
509 1027 48 26 sig
576 1027 52 20 hos
650 1026 232 21 vederbörande

62 1056 298 26 truppkommendör
391 1057 78 20 eller
503 1057 153 26 chefskap
682 1057 48 26 för
755 1056 127 21 militär

63 1086 186 26 inrättning
274 1087 69 19 samt
362 1086 152 20 inlämna:

104 1116 21 25 a)
140 1116 115 26 prästbevis
270 1116 55 26 öfver
340 1116 57 20 ålder
412 1116 36 20 och
463 1116 67 27 fräjd;

104 1145 20 26 b)
141 1146 46 25 ifall
195 1146 43 20 han
249 1147 24 19 är
282 1146 104 26 omyndig,
399 1146 57 26 intyg
466 1146 22 27 af
498 1146 110 26 föräldrar,
619 1146 133 26 förmyndare
762 1146 47 20 eller
819 1146 62 20 måls-

62 1181 49 14 man
130 1175 55 26 öfver
201 1176 104 26 samtycke
322 1176 32 20 till
372 1176 98 24 inträdet;
488 1177 55 19 samt

105 1206 18 25 c)
139 1211 32 14 om
190 1205 42 20 han
253 1207 24 19 är
298 1206 114 26 inskrifven
433 1206 35 20 vid
488 1212 91 14 reserven
600 1207 48 19 eller
667 1206 135 23 landtvärnet,
825 1206 57 25 intyg

62 1235 80 25 jämväl
164 1235 99 26 häröfver.

432 1301 15 24 $
463 1301 48 20 100.

104 1336 42 20 För
162 1337 98 23 volontär,
277 1343 43 14 som
336 1337 63 26 enligt
415 1337 7 19 i
437 1337 121 26 föregående
573 1337 101 26 paragraf
689 1337 88 26 anförda
792 1337 90 25 grunder

63 1366 92 20 inträder
167 1366 6 20 i
185 1366 56 20 aktiv
252 1366 70 27 tjänst,
334 1367 64 26 gäller
408 1366 53 20 hvad
474 1367 7 20 i
493 1367 16 26 $
516 1367 18 23 9,
542 1367 92 25 jämförd
641 1367 45 20 med
694 1367 14 26 $
716 1367 33 23 32,
758 1373 32 14 om
798 1366 83 26 tjänste-

61 1396 30 20 tid
106 1396 34 20 vid
154 1396 57 20 aktiv
225 1397 64 25 trupp
303 1396 36 20 och
353 1402 92 14 reserven
459 1397 60 25 sagdt
534 1398 29 19 är.
592 1397 48 19 Har
654 1397 41 20 han
709 1397 65 20 redan
789 1396 92 26 fullgjort

61 1426 138 26 tjänstgöring
211 1426 34 20 vid
257 1426 56 20 aktiv
323 1427 64 25 trupp
399 1426 58 26 (ute
466 1426 57 26 sl.),
536 1426 120 20 bestämmes
668 1426 130 26 tjänstetiden
810 1432 72 20 genom

60 1456 58 25 aftal.
