1028 1628
322 82 21 17 R.
358 86 16 12 o.
390 82 20 17 A.
425 82 51 17 1899.
492 82 24 17 26
531 81 56 21 April.
833 83 34 14 169

43 148 47 14 som
108 142 73 26 lydde:
217 142 39 19 »Pä
277 142 94 20 Senaten
390 142 40 20 och
449 142 228 26 Generalguvernören
696 142 127 20 ankommer
832 143 35 19 att

43 172 168 26 sammandraga
228 173 120 25 trupperna
365 172 33 20 till
415 173 69 19 större
501 177 160 21 gemensamma
679 172 133 26 lägermöten
826 172 40 19 och

43 201 101 27 öfningar
157 201 59 21 inom
229 202 92 23 landet»,
336 204 58 18 samt
408 202 64 20 också
488 202 37 20 det
538 202 70 26 tredje
622 203 122 19 momentet
755 202 112 26 angående

43 232 216 26 gardesbataljonens
278 233 178 19 sommarmöten.
493 232 116 20 Utskottet
627 232 56 20 hade
702 232 27 20 dä
748 231 118 26 föreslagit,

43 262 35 19 att
91 268 52 14 man
156 268 74 14 senare
243 262 69 19 skulle
325 262 137 20 äterkomma
476 262 32 20 till
522 262 41 20 den
576 262 156 25 jemförelsevis
744 262 122 20 sekundära

43 291 77 26 frägan
138 298 36 14 om
189 292 156 26 lägermötena,
363 292 40 20 och
420 293 35 19 att
472 292 119 26 möjligtvis
608 292 67 26 nägot
692 292 122 26 stadgande
831 298 36 13 om

45 322 49 19 dem
104 322 74 19 kunde
189 322 58 19 föras
257 327 47 14 som
314 322 77 26 tillägg
400 322 34 19 till
449 323 5 24 $
466 322 46 23 121,
524 322 39 19 där
574 322 36 19 det
620 322 90 25 stadgas
720 328 36 13 om
767 323 100 24 trupper-

44 357 39 14 nas
97 351 122 26 fördelning
232 351 60 20 inom
305 351 83 20 landet.
416 352 78 19 Denna
508 351 61 26 fräga
583 351 55 20 hade
653 352 92 20 sälunda
759 351 108 20 förblifvit

44 381 107 26 bordlagd
161 382 40 19 och
211 387 40 14 var
260 381 67 20 bland
338 381 57 24 dem,
406 388 46 13 som
462 383 115 24 upptogos,
589 383 39 18 när
638 387 50 14 man
698 382 52 19 kom
760 381 33 20 till
803 381 64 20 efter-

45 411 100 20 skörden.
166 412 42 19 Det
218 411 92 20 befanns
321 411 27 20 dä
359 411 55 20 efter
424 412 102 26 pröfning
536 417 52 14 vara
598 412 54 22 skäl,
663 413 34 18 att
708 412 6 19 i
724 412 62 26 lagen
796 411 70 20 införa

45 441 122 26 stadgande
178 447 35 14 om
225 441 62 20 dessa
298 442 141 25 lägermöten,
453 442 45 20 dels
509 442 33 19 för
554 443 33 18 att
598 441 22 20 fä
632 442 38 19 det
681 442 92 26 positivt
784 443 82 24 utsagt,

45 472 34 19 att
91 473 69 18 större
171 477 162 20 gemensamma
345 471 135 26 lägermöten
492 472 49 20 med
554 472 25 19 de
591 471 71 21 finska
674 473 119 25 trupperna
806 472 60 19 skola

44 507 40 20 ega
96 507 49 14 rum
157 501 59 20 inom
228 501 82 24 landet,
324 501 45 20 dels
382 502 65 19 ocksä
460 502 33 19 för
505 503 35 19 att
551 507 78 20 genom
641 503 32 18 ett
687 502 121 26 stadgande
821 502 47 19 der-

45 537 35 14 om
93 533 35 18 att
139 531 86 20 vaktiva
237 531 205 27 truppafdelningar
454 532 75 20 kunna
542 532 40 19 ock
593 532 33 19 till
639 532 131 26 deltagande
782 532 7 19 i
800 532 67 26 läger-

45 562 74 19 möten
136 562 40 19 och
192 563 116 18 manövrer
323 561 7 20 i
347 562 168 26 Kejsaredömet
531 562 209 23 utkommenderas»,
756 561 111 27 legalisera

45 592 33 19 ett
89 591 132 23 förfarande,
235 597 46 14 som
294 591 111 21 allaredan
417 592 69 20 under
498 598 27 13 en
537 592 54 26 följd
603 592 22 20 af
637 592 24 20 är
672 593 36 25 egt
720 598 56 17 rum,
784 592 39 19 och
832 597 36 14 om

46 621 65 20 hvars
122 621 53 20 fulla
186 621 97 27 legalitet
294 621 58 20 olika
363 621 80 27 äsigter
454 622 91 23 funnits,
558 628 35 13 om
604 628 50 14 man
666 623 40 19 ock
717 622 48 20 icke
776 621 91 27 positivt

45 651 86 20 kunnat
141 651 80 23 bevisa,
233 653 34 18 att
277 651 80 20 sädant
365 651 126 21 förfarande
500 652 79 20 saknat
589 652 49 20 stöd
648 652 6 19 i
664 652 40 26 lag.
725 651 142 21 Beträffande

45 681 42 19 den
99 682 60 19 rätta
171 681 85 26 platsen
269 681 33 20 för
315 682 62 19 detta
389 682 122 26 stadgande
523 688 36 13 om
570 682 140 26 lägermöten,
724 682 80 20 enades
816 687 51 14 man

45 717 36 13 om
93 712 35 19 att
141 711 37 20 det
190 717 51 14 vore
253 711 126 26 lämpligast
391 712 35 19 att
438 711 75 26 tilläga
526 711 37 20 det
575 711 71 20 säsom
659 711 52 20 sista
724 712 98 19 moment
834 711 33 19 till

45 741 10 24 $
72 741 31 20 10.
127 741 47 20 Den
190 742 33 19 ter
239 741 31 26 sig
285 741 48 20 icke
348 741 138 26 synnerligen
501 741 86 24 vacker,
605 741 70 20 denna
692 741 25 20 10
732 742 10 25 $
758 741 49 20 med
821 740 46 21 sina

46 771 79 26 mänga
134 772 104 22 moment,
249 777 49 13 men
308 772 82 22 ämnet,
401 777 46 14 som
456 771 120 20 behandlas
585 771 7 20 i
602 771 61 20 detta
673 773 105 21 moment,
788 773 24 18 är
821 771 47 20 icke

46 802 54 19 utan
111 801 39 20 allt
161 801 107 20 samband
279 801 49 19 med
339 801 130 26 föregäende
480 803 104 22 moment,
596 807 46 14 som
653 801 93 20 handlar
756 807 35 14 om
801 806 66 15 reser-

47 837 52 13 vens
116 831 116 19 eventuela
249 831 169 26 öfningsmöten.
454 831 66 20 Hvad
538 831 118 20 innehållet
674 831 40 20 och
732 831 96 26 lydelsen
846 830 21 20 af

46 861 62 22 detta
123 860 209 27 tilläggsstadgande
347 861 113 23 beträffar,
476 861 63 20 torde
554 861 195 26 uppmärksamhet
764 861 21 20 fä
799 861 69 20 fästas

46 891 76 19 dervid
135 892 34 18 att
181 891 37 19 det
229 890 7 20 i
248 892 33 18 ett
293 890 102 21 afseende
407 891 74 26 skiljer
492 891 32 26 sig
535 891 48 20 frän
595 891 67 20 andra
675 897 65 14 mom.
754 891 22 20 af
789 891 25 19 10
825 891 9 25 $
846 890 23 20 af

46 920 132 26 nugällande
188 921 41 25 lag,
241 921 38 19 der
290 921 38 19 det
339 922 24 18 är
373 921 71 26 sagdt,
456 922 34 19 att
502 921 37 20 det
550 921 127 20 ankommer
687 921 28 26 pä
726 922 90 19 senaten
827 920 40 20 och

45 950 224 26 generalguvernören
285 951 34 19 att
334 951 169 26 sammandraga
517 952 126 25 trupperna.
660 951 116 20 Utskottet
790 950 78 20 trodde

46 981 35 19 att
89 980 38 20 det
135 980 47 20 icke
190 986 51 14 vore
250 980 101 26 lämpligt
360 982 34 18 att
403 982 85 18 utsätta
497 982 35 18 att
540 980 37 20 det
585 980 111 26 verkligen
704 980 128 20 ankommer
840 980 27 25 pä

47 1010 61 20 dessa
120 1010 159 26 myndigheter,
291 1012 52 18 enär
355 1010 62 20 dessa
429 1010 153 26 myndigheter
593 1016 42 20 nog
646 1010 62 20 torde
720 1010 49 20 med
781 1009 88 26 ledning

46 1040 22 20 af
77 1040 75 26 lagens
162 1040 67 26 öfriga
240 1040 138 26 stadganden
388 1040 51 20 reda
450 1040 32 26 sig
491 1040 6 20 i
507 1040 60 26 fräga
578 1046 36 14 om
624 1040 38 20 sitt
672 1040 97 20 initiativ
779 1040 37 19 vid
826 1040 43 19 för-

46 1070 152 20 anstaltandet
210 1070 22 19 af
245 1070 75 26 dylika
333 1071 75 19 möten
421 1069 40 21 och
474 1070 28 20 dä
515 1070 6 20 i
533 1070 77 26 hvarje
623 1070 37 20 fall
673 1076 26 14 en
712 1070 70 26 viktig
795 1069 74 20 faktor

46 1099 79 20 härvid
137 1099 63 20 alltid
211 1100 55 19 skall
279 1101 52 25 göra
343 1099 32 27 sig
387 1100 107 26 gällande,
508 1100 108 26 nämligen
629 1100 48 23 den,
690 1101 35 19 att
738 1100 32 20 uti
783 1099 86 20 militie-

46 1130 111 25 budgeten
168 1130 69 19 mäste
248 1130 73 19 finnas
332 1130 76 26 anslag
418 1130 22 20 af
452 1130 121 20 Ständerna
584 1130 32 20 för
628 1130 73 26 dylika
712 1129 109 20 möten.**

89 1196 30 19 Pä
140 1195 33 19 Hr
194 1195 163 20 Ordförandens
377 1196 161 26 framställning
558 1196 69 20 beslöt
648 1196 93 20 Ständet
761 1195 53 20 härä
834 1196 35 18 att

46 1226 117 25 godkänna
175 1225 36 19 det
222 1224 33 20 till
268 1225 25 19 10
304 1226 9 24 $
324 1225 23 20 af
358 1225 116 21 Utskottet
485 1226 78 26 fogade
574 1232 43 20 nya
628 1227 128 18 momentet.

430 1298 8 24 s
454 1298 34 19 20.

89 1338 33 20 Hr
142 1338 23 20 L.
194 1338 168 20 Mechelin:
402 1339 118 25 Angående
540 1339 9 25 $
569 1339 26 19 20
615 1339 103 25 upplyser
737 1338 132 26 protokollet

46 1368 48 20 från
113 1369 86 19 senaste
217 1368 98 20 enskilda
334 1368 153 20 ständsmöten
506 1368 103 26 följande:
649 1368 162 26 Ridderskapet
829 1368 40 19 och

46 1398 70 19 Adeln
131 1398 39 20 har
185 1397 90 21 beslutit
289 1398 108 20 vidblifva
412 1398 39 20 sitt
465 1398 93 26 tidigare
572 1398 71 20 beslut
658 1398 74 20 derom
746 1399 35 19 att
795 1403 75 14 senare

47 1427 116 26 meningen
172 1427 7 20 i
187 1434 66 14 mom.
256 1423 12 36 3
284 1428 69 20 skulle
362 1428 81 20 erhälla
451 1428 97 26 följande
557 1428 87 26 lydelse:
661 1428 38 19 »Af
708 1428 26 20 de
742 1428 127 22 värnemän,

46 1463 47 13 som
111 1458 74 19 senast
202 1457 73 20 blifvit
293 1457 49 20 från
360 1464 100 13 reserven
479 1458 33 20 til
529 1458 141 20 landtvärnet
688 1457 132 23 öfverförda,
839 1456 31 20 in-
