1028 1631
147 86 33 16 180
436 86 21 16 R.
472 90 16 12 o.
504 86 20 16 A.
540 86 52 16 1899.
607 85 10 17 3
632 85 44 19 Maj.
898 84 33 17 N:o
946 84 22 16 12

253 358 32 26 Är
306 360 64 24 1899
393 360 50 24 den
464 360 15 24 3
498 360 63 30 Maj,
584 360 107 30 onsdag,
710 360 35 24 kl.
765 360 15 24 7
800 366 21 18 e.
835 365 34 19 m.

274 434 179 19 sammanträdde
469 433 141 20 medlemmar
624 433 22 19 af
661 433 26 19 R.
697 439 19 13 0.
726 433 25 19 A.
765 432 37 20 vid
816 432 110 26 pägäende
938 438 33 13 ur-

275 463 53 20 tima
347 463 106 26 landtdag
473 463 31 19 till
522 463 95 19 enskildt
636 464 59 18 möte
713 463 12 19 &
740 462 147 20 Riddarhuset
903 462 68 20 under

275 493 186 26 ordförandeskap
478 493 22 20 af
511 493 100 25 Verkliga
624 493 124 19 Statsrådet
761 492 22 20 L.
797 492 105 20 Lindelöf.

191 552 135 20 Protokollet
340 552 71 20 fördes
426 553 22 19 af
463 553 163 19 undertecknad
641 553 163 19 bankdirektör.
814 551 22 25 !).

192 612 29 20 På
234 612 94 26 begäran
340 613 110 19 lemnades
462 613 62 19 ordet
536 612 22 20 åt

192 672 31 19 Hr
235 672 24 20 L.
280 672 166 24 Mechelin,
461 679 45 13 som
519 672 144 26 tillkännagaf
675 674 34 18 att
722 672 250 26 Värnepligtsutskollet

148 703 73 18 ansett
239 702 32 26 sig
284 702 52 20 böra
351 704 58 18 ännu
423 709 26 13 en
463 702 63 26 gång,
541 702 39 20 och
595 703 70 19 såsom
680 702 37 20 det
731 702 49 20 stod
794 704 34 18 att
842 702 83 26 hoppas
939 702 33 19 för

148 731 53 20 sista
218 732 91 26 gången,
324 732 32 20 till
371 732 122 20 Ständerna
506 732 57 20 rikta
576 739 25 13 en
614 732 135 26 uppmaning
760 734 33 18 att
807 732 164 20 sammanträda

148 761 33 19 till
196 762 98 20 enskilda
309 763 73 19 möten
398 762 33 20 för
445 764 34 18 att
494 762 108 20 behandla
617 762 66 26 några
699 762 78 26 frågor,
793 768 46 14 som
856 762 116 19 Utskottet

148 790 74 20 funnit
233 792 139 26 nödvändiga
383 794 34 18 att
428 792 144 20 underställas
583 798 29 20 ny
623 792 100 26 pröfning
734 792 37 19 vid
781 792 82 20 sådana
874 791 97 20 enskilda

148 820 160 24 ständsmöten,
319 822 67 20 innan
397 822 261 26 Värnepligtsutskottets
669 821 140 21 betänkande
819 822 6 19 i
836 822 26 19 de
872 822 100 25 antydda

147 850 103 26 frågorna
264 851 111 21 definitivt
389 853 122 24 uppsattes;
525 852 55 19 efter
592 852 84 19 hvilket
686 852 142 19 meddelande
840 851 32 19 Hr
882 851 22 20 1..
916 851 56 20 Mec-

149 880 57 20 helin
221 881 101 25 uppläste
337 882 36 19 det
388 882 85 25 förslag,
489 888 46 13 som
549 881 251 26 Värnepligtsutskottet
814 881 77 20 önskat
907 881 65 20 fram-

147 909 65 21 ställa
227 910 33 20 till
276 911 91 19 stånden
384 912 39 18 och
439 912 83 19 hvilket
536 918 40 13 var
590 912 22 19 af
626 911 96 26 följande
738 911 111 26 lydelse:
830 905 23 37 2)

191 969 32 20 Hr
242 970 152 20 Ordföranden
412 971 121 20 hemstälde
553 971 30 19 till
608 971 95 23 ståndet,
722 971 108 19 huruvida
848 971 54 22 icke,
921 973 52 17 enär

148 1000 90 19 ärendet
255 1000 62 20 torde
333 1006 52 14 vara
402 1000 22 20 af
439 1001 138 19 brådskande
594 1000 158 22 beskaffenhet,
771 1001 93 19 Ståndet
879 1001 93 19 omedel-

148 1029 50 19 bart
212 1029 50 20 ville
276 1030 48 25 ingå
340 1030 5 20 i
361 1030 101 26 pröfning
474 1030 22 20 af
510 1031 37 19 det
560 1030 147 26 föreliggande
721 1030 109 26 förslaget.

192 1088 32 20 Ilr
244 1089 97 20 Ernst
362 1090 178 20 Estlander
569 1090 68 20 utbad
657 1090 32 26 sig
709 1090 60 20 ordet
790 1090 40 20 och
850 1090 122 20 hemstälde

147 1119 35 18 att
195 1119 91 19 ärendet
300 1119 69 20 måtte
383 1120 129 25 bordläggas
519 1119 24 26 ?).

190 1177 33 19 Iir
244 1178 101 26 Georg
374 1179 176 20 Schauman
580 1180 99 19 biträdde
701 1180 37 19 det
759 1180 22 19 af
803 1180 31 18 Hr
856 1180 116 19 Estlander

147 1206 130 22 framstälda
289 1208 116 25 yrkandet.
415 1209 18 24 4)

190 1236 60 20 Enär
264 1238 91 20 sålunda
369 1240 81 18 tvenne
465 1239 141 20 medlemmar
619 1239 23 20 af
656 1240 93 19 Sländet
764 1240 78 19 önskat
858 1239 114 25 bordlägg-

147 1266 52 26 ning
210 1267 22 19 af
244 1268 97 22 ärendet,
354 1268 70 20 beslöt
435 1270 70 18 mötet
517 1270 34 18 att
563 1269 119 25 uppskjuta
696 1269 87 25 frägans
795 1269 133 25 behandling
939 1268 33 20 till

147 1297 64 19 nästa
225 1296 98 21 enskilda
338 1299 66 21 möte,
419 1304 46 14 som
480 1300 94 18 utsattes
588 1299 31 19 till
635 1299 161 25 morgondagen
812 1299 27 19 kl.
856 1298 10 20 7
881 1305 17 13 e.
914 1305 28 13 m.

181 1344 14 19 1)
205 1342 61 18 Äfven
276 1345 209 20 memorialprotokollet
495 1347 20 15 är
525 1346 95 16 bevaradt.
642 1342 15 20 Å
668 1346 31 16 det
710 1346 93 16 utskrifna
814 1346 110 20 protokollet
937 1346 33 15 har

145 1367 127 16 sekreteraren
282 1370 104 15 annoterat:
399 1370 118 19 »Kompletts.

181 1390 14 21 ?)
210 1392 22 15 Se
246 1392 62 20 bilaga
323 1393 27 15 12.

181 1414 15 20 3)
205 1415 65 20 Enligt
280 1417 214 19 memorialprotokollet.
514 1418 107 19 Stenogram
632 1418 73 15 saknas.

181 1437 15 21 4)
205 1439 63 20 Enligt
283 1441 208 19 memorialprotokollet
505 1442 47 14 hade
567 1442 27 14 Hr
608 1442 18 15 1.
643 1442 88 15 Mechelin
746 1442 51 15 ordet
811 1442 46 15 efter
867 1442 26 14 Hr
902 1442 69 15 Schau-

145 1466 50 12 man.
215 1463 132 20 Andragandet
358 1466 20 14 är
388 1465 38 15 icke
437 1464 104 20 ätergifvet.
