1028 1631
318 80 22 16 RB.
354 83 16 13 o.
386 79 20 17 A.
420 79 59 17 1899.
493 80 22 16 13
530 80 56 20 April.
659 104 3 1 N
718 103 36 2 MUN
827 79 31 25 127

39 140 71 26 villige
121 140 52 20 böra
185 140 105 26 genomgä
301 140 33 19 för
345 141 35 19 att
390 140 113 19 befordras
513 140 33 19 till
558 139 118 20 officerare.
685 140 40 19 Att
736 139 122 19 bestämma

39 170 70 20 skilda
123 170 121 26 kategorier
258 170 33 20 för
305 170 100 26 frivillige
420 170 39 19 har
473 170 116 19 Utskottet
603 169 47 20 icke
664 169 86 20 kunnat
764 169 93 22 förorda,

39 202 54 18 utan
104 200 114 20 bibehällit
228 200 26 19 de
265 200 128 19 nuvarande
403 200 151 25 stadgandena
554 194 12 36 i
581 199 39 20 allt
630 199 125 26 väsentligt,
766 205 49 13 men
826 198 33 19 för

39 231 34 19 att
86 230 48 19 icke
146 229 112 20 föranleda
272 236 26 13 en
312 230 69 19 under
394 229 57 20 olika
465 229 185 26 förutsättningar
662 229 62 26 gjord
737 228 121 27 jemförelse

39 260 80 19 mellan
135 260 26 19 de
177 266 29 13 nu
222 260 99 25 gällande
338 259 191 26 bestämningarne
545 259 6 20 i
567 259 26 20 96
609 260 9 25 $
635 259 39 20 och
692 259 32 23 de,
742 265 45 13 som
803 258 54 27 gälla

39 289 175 27 Kejsaredömet,
230 289 39 20 har
284 295 51 14 man
350 289 109 20 förenklat
474 289 67 20 saken
556 289 71 20 säsom
642 289 105 26 förslaget
762 288 95 20 innebär.

81 350 10 25 $
102 350 27 19 96
140 349 126 26 godkändes
278 349 94 20 derefter
383 349 67 26 enligt
462 349 122 20 utskottets
596 349 85 26 förslag.

83 410 69 19 Sedan
165 409 7 20 i
185 409 100 20 afseende
297 409 12 20 ä
322 409 10 25 $
344 409 27 20 97

83 469 33 20 Hr
136 469 23 20 L.
181 469 160 20 Mechelin
369 469 91 26 upplyst
486 471 34 18 att
546 469 41 20 den
608 469 44 20 deri
671 469 76 26 gjorda
767 468 92 20 förkort-

41 499 79 26 ningen
136 499 21 20 af
173 499 67 20 andra
256 501 73 18 satsen
344 499 78 20 endast
437 505 40 14 var
491 506 26 13 en
532 499 68 26 logisk
616 499 53 26 följd
685 499 21 20 af
722 499 117 25 ändringen
854 497 5 20 i

40 530 9 24 $
66 529 33 24 96,

83 559 44 20 blef
139 560 9 25 $
161 559 26 20 97
200 559 72 26 gillad.
618 566 8 7 .

83 619 175 20 Vidkommande
263 615 12 34 $
292 619 26 20 98
331 619 89 26 yttrade

83 679 33 20 Hr
129 679 23 20 L.
174 679 166 20 Mechelin:
364 679 50 20 Med
424 679 85 26 hänsyn
519 679 32 20 till
560 679 9 25 $
579 679 27 20 98
615 679 79 20 befann
704 679 32 26 sig
745 678 115 20 Utskottet

41 709 33 20 uti
89 715 27 14 en
131 709 156 26 jemförelsevis
303 709 50 20 svär
368 709 137 26 belägenhet,
522 709 27 20 dä
565 709 109 26 nämligen
690 709 22 19 sä
729 708 56 20 olika
802 708 58 19 stad-

41 739 86 26 ganden
141 740 60 19 emot
214 739 26 20 de
254 745 28 14 nu
296 739 100 26 gällande
409 739 128 26 föreslagits.
564 739 116 20 Utskottet
694 739 39 19 har
746 738 114 25 öfvervägt

41 769 74 20 skälen
129 769 34 20 för
177 769 39 20 och
230 770 60 19 emot
304 770 32 19 ett
350 769 133 26 frängäende
497 769 48 20 utaf
559 769 26 20 de
599 769 143 26 stadganden,
758 774 45 14 som
817 767 44 26 gäl-

41 799 64 20 lande
120 799 34 26 lag
168 799 124 23 innehäller,
309 799 40 20 och
364 799 93 26 nödgats
472 799 89 20 komma
575 799 33 19 till
623 799 41 19 den
675 797 142 27 uppfattning
826 799 34 18 att

41 835 52 13 man
107 829 22 20 af
142 829 102 26 politiska
258 829 46 20 skäl
318 828 107 27 svärligen
439 829 73 20 kunde
525 829 74 19 fordra
613 828 162 20 bibehällandet
788 827 34 20 för
835 827 25 20 de

41 858 72 21 finska
125 859 130 20 kadetterna
267 859 22 20 af
300 859 116 23 förmäner,
429 859 110 26 betydligt
550 859 74 25 längre
634 859 84 25 gäende
729 860 28 18 än
769 858 32 23 de,
815 863 45 14 som

41 890 37 18 äro
89 888 160 20 tillförsäkrade
259 889 130 19 kadetterna
400 889 32 19 uti
443 889 174 25 Kejsaredömet.
638 889 43 19 Der
691 888 87 20 kräfves
788 887 73 26 längre

43 918 68 26 tjenst
125 918 33 20 för
173 919 56 22 dem,
244 925 46 13 som
303 919 128 26 genomgätt
445 919 119 20 kadettkär
577 919 40 19 och
631 918 94 20 derifrän
739 917 123 21 utdimitte-

42 949 52 22 rats,
110 950 27 18 än
152 948 22 20 af
188 949 107 22 kadetter,
311 954 47 14 som
372 949 128 25 genomgätt
514 948 72 20 finska
600 948 152 20 kadettkären.
781 947 80 20 Finska

41 978 146 20 kadettkären
198 978 39 20 har
247 978 73 20 blifvit
330 978 62 26 gjord
403 978 32 20 till
445 978 91 20 föremäl
546 978 34 20 för
589 978 150 26 hvarjehanda
750 977 112 26 ändrings-

41 1008 113 25 yrkanden
165 1008 40 20 och
214 1008 103 20 särskildt
327 1009 39 19 har
376 1014 50 14 man
437 1008 80 23 anfört,
527 1009 35 19 att
571 1008 42 20 den
622 1008 40 19 har
671 1008 33 19 för
711 1007 61 26 längt
779 1007 83 26 gäende

41 1037 129 27 privilegier.
189 1038 42 19 Vid
243 1038 61 19 sidan
316 1038 63 20 häraf
389 1038 39 20 har
440 1038 65 20 äfven
516 1038 7 19 i
534 1038 116 20 Utskottet
661 1037 137 23 framhällits,
810 1038 34 19 att
855 1036 7 20 i

42 1067 77 26 sjelfva
127 1068 76 19 verket
211 1069 72 18 staten
290 1068 68 19 borde
365 1067 55 20 efter
427 1069 34 18 att
469 1068 67 20 hafva
543 1068 77 19 beredt
626 1073 56 20 unga
688 1069 51 18 män
747 1067 114 20 kostnads-

43 1097 27 20 fri
81 1097 80 26 daning
172 1097 32 20 till
214 1097 118 24 officerare;
344 1097 21 20 få
376 1098 6 19 i
392 1098 92 25 gengäld
494 1098 74 19 härför
578 1098 66 25 några
654 1098 24 19 är
688 1097 66 26 draga
764 1098 65 25 nytta
840 1097 22 19 af

42 1127 42 20 den
95 1127 96 21 militära
202 1127 124 27 utbildning
338 1128 26 20 de
375 1133 57 21 unga
443 1129 95 19 männen
549 1127 7 21 i
566 1127 146 21 kadettkåren
723 1127 92 23 erhållit,
828 1127 33 19 att

44 1158 37 19 det
94 1155 82 22 således
188 1158 48 20 från
249 1158 71 20 denna
332 1158 114 26 synpunkt
457 1158 48 20 icke
517 1158 67 20 borde
596 1158 56 26 ligga
664 1158 71 26 någon
748 1158 68 19 större
828 1163 34 13 oc-

41 1187 121 26 gentlighet
175 1187 33 20 uti
222 1189 34 18 att
269 1188 84 22 kadett,
368 1194 46 13 som
428 1188 92 20 afslutat
533 1188 52 20 kurs
597 1188 7 19 i
616 1188 152 22 kadettkåren,
777 1187 67 19 borde
857 1186 5 20 i

43 1217 80 20 allmän
137 1217 62 20 aktiv
212 1217 69 26 tjenst
294 1218 90 25 qvarstå
398 1218 69 19 under
480 1218 13 20 3
506 1218 30 23 år,
550 1218 45 19 ifall
608 1218 42 19 han
662 1218 61 26 afgår
734 1217 47 20 från
793 1216 68 20 första

43 1247 165 25 specialklassen
222 1248 8 18 1
249 1247 22 26 %
283 1248 29 22 är,
326 1248 39 19 och
378 1247 44 20 ifall
435 1248 43 19 han
491 1248 60 26 afgär
563 1248 47 19 från
620 1248 68 19 andra
696 1247 165 26 specialklassen

42 1276 13 20 3
67 1276 30 20 år.
124 1277 7 19 I
144 1277 137 25 konseqvens
294 1277 90 20 härmed
398 1278 68 19 skulle
479 1277 64 20 äfven
557 1278 32 22 de,
603 1283 46 14 som
662 1277 48 26 afgå
723 1277 48 19 från
784 1276 77 26 högsta

43 1306 51 20 eller
105 1306 129 26 nästhögsta
246 1307 173 25 specialklassen,
432 1307 53 20 böra
497 1307 120 26 tjenstgöra
630 1307 36 19 vid
675 1307 107 20 militären
791 1306 69 20 såsom

42 1336 102 26 vederlag
158 1336 33 20 för
206 1336 41 20 den
262 1336 138 28 uppfostran,
415 1343 47 13 som
478 1337 26 19 de
519 1337 92 19 erhållit.

85 1365 65 21 Hvad
167 1366 137 20 vidkommer
320 1366 69 20 första
406 1366 173 26 specialklassen,
596 1367 62 19 torde
674 1366 61 20 fallet
751 1372 59 17 vara,
828 1367 32 18 att

42 1395 37 20 vid
94 1396 27 19 de
133 1396 65 25 ryska
212 1396 210 20 militärläroverken
436 1396 47 20 icke
496 1396 70 20 finnes
580 1402 45 14 mer
638 1398 27 18 än
679 1398 81 18 tvenne
773 1395 89 26 special-

42 1425 89 23 klasser,
147 1426 39 19 och
201 1427 34 18 att
250 1426 67 19 första
333 1426 85 20 klassen
433 1426 7 19 i
456 1426 180 20 Fredrikshamns
650 1426 119 20 kadettkår
783 1426 39 19 har
836 1431 26 13 en

41 1454 158 26 jemförelsevis
207 1455 157 20 förberedande
373 1456 103 26 ställning
484 1456 33 20 till
526 1456 25 20 de
560 1456 74 23 andra,
644 1456 40 19 och
692 1456 62 20 detta
763 1455 100 25 betingar
