1028 1628
333 87 20 16 R.
368 91 16 12 o.
400 87 20 16 A.
435 87 52 16 1899.
502 87 25 16 26
541 87 56 19 April.
842 87 32 15 179

95 146 31 20 Pä
135 147 74 19 derom
215 146 72 26 gjordt
297 146 82 26 yrkande
400 146 119 20 anställdes
527 146 71 20 sluten
606 146 106 26 votering;
721 146 40 19 och
769 146 27 20 dä
805 146 70 19 denna

54 176 63 20 utföll
133 176 48 20 med
196 176 26 19 45
236 176 22 25 ja
273 176 40 19 och
328 176 26 19 58
368 176 43 26 nej,
427 176 56 20 hade
498 176 26 20 R.
540 182 19 14 o.
575 176 24 20 A.
616 176 100 19 vidhällit
732 176 38 19 sitt
784 175 90 26 tidigare

54 206 113 26 angående
182 206 9 25 $
208 206 39 19 120
262 206 85 19 fattade
363 206 78 23 beslut,
458 206 5 19 i
479 206 55 25 följd
550 205 78 21 hvaraf
643 212 74 13 senare
734 206 119 19 momentet
869 205 6 19 i

53 237 33 23 S:n
106 236 68 19 skulle
194 236 113 19 uteslutas:

423 290 8 24 S
455 289 44 19 121.

98 325 31 19 Hr
143 325 23 19 L.
189 324 166 20 Mechelin:
382 326 9 23 $
407 325 34 19 121
451 324 52 22 blef
516 324 22 20 af
552 324 25 20 R.
593 331 18 13 o.
626 325 24 19 A.
666 326 58 17 samt
738 324 83 19 Preste-
834 324 40 19 och

54 355 189 25 Borgareständen
272 354 102 25 godkänd
397 354 65 26 enligt
488 354 127 20 Utskottets
637 354 130 25 föregående
789 353 85 26 förslag.

55 385 167 19 Bondeständet
239 384 39 19 har
294 384 91 19 beslutit
402 385 34 19 att
454 384 26 19 de
498 384 75 20 aktiva
591 385 119 24 trupperna
729 384 52 19 böra
799 384 76 25 utgöra

56 415 63 25 högst
135 414 74 23 10,000
223 420 57 13 man.
309 414 116 19 Utskottet
439 414 67 25 ansäg
520 414 31 25 sig
565 414 56 19 dock
635 414 52 19 böra
701 413 119 26 framlägga
834 413 42 19 för-

56 445 68 24 slaget
135 444 5 19 i
153 444 95 25 enlighet
258 444 49 19 med
320 444 36 19 det
368 443 129 26 föregäende
508 443 101 24 beslutet,
622 443 39 20 och
673 445 37 18 äro
722 443 71 20 derför
804 443 72 24 »högst

57 474 74 23 12,000
148 480 60 13 man»
224 474 39 19 här
279 475 119 24 upptagna.
425 473 44 20 Det
485 473 205 20 öfverensstämmer
705 473 49 20 med
771 473 26 20 R.
809 479 18 14 o.
840 473 37 18 A:s

55 504 72 19 beslut
136 504 39 19 och
186 504 97 25 päkallar
292 503 71 20 derför
371 503 46 20 icke
428 503 101 26 pröfning
538 503 72 20 här.**

98 565 9 24 $
122 564 34 19 121
173 563 43 20 blef
229 563 50 20 härä
293 563 72 26 gillad.

459 618 9 23 $
480 617 45 20 122.

99 653 32 19 Hr
143 653 23 19 L.
187 652 166 20 Mechelin:
376 653 9 24 $
399 653 38 19 122
448 653 127 25 godkändes
586 652 22 20 af
620 653 26 19 R.
658 659 19 13 o.
690 653 25 19 A.
728 654 57 18 samt
797 652 79 25 Borga-

56 683 119 19 reständet.
202 682 164 20 Presteständet
385 682 188 20 äterremitterade
592 682 126 26 paragrafen
739 682 33 20 för
787 683 34 19 att
837 682 41 19 Ul-

57 713 84 19 skottet
155 712 69 19 måtte
238 713 50 25 taga
302 712 6 19 i
322 711 161 26 öfvervägande
497 718 36 13 om
546 712 46 19 icke
607 712 65 19 orden
686 712 138 19 vinkomster»
838 711 38 20 och

57 742 135 26 »tillgängar»
203 742 67 19 borde
282 742 49 19 med
344 742 123 19 hvarandra
480 742 54 25 byta
547 742 66 25 plats.
635 741 115 20 Utskottet
763 741 38 20 har
813 741 64 20 fram-

57 772 54 19 stält
120 771 128 26 paragrafen
258 771 7 20 i
275 771 47 20 dess
332 771 58 20 förra
399 771 88 27 lydelse,
498 772 90 19 emedan
599 772 37 19 det
645 773 23 18 är
677 771 102 26 riktigare
789 772 34 19 att
832 771 44 19 tala

57 808 35 13 om
107 801 179 20 »militiefondens
300 801 125 26 tillgångar»
439 801 40 20 och
495 801 153 20 »statsverkets
662 801 107 20 ordinarie
784 801 95 19 inkoms-

57 833 48 18 terv.
127 831 131 26 Paragrafen
270 831 98 26 päkallar
378 831 82 20 således
471 831 46 20 icke
529 831 100 26 pröfning
640 831 21 20 af
672 831 25 20 R.
710 837 18 14 o.
741 831 52 20 A,**

100 891 92 20 Ständet
203 891 114 26 godkände
328 891 65 26 derpä
404 891 9 24 $
425 891 46 20 122.

431 945 9 24 $
459 945 45 19 123.

100 980 33 20 Hr
144 981 23 19 L.
189 980 165 20 Mechelin:
377 980 26 20 R.
416 987 19 13 o.
448 980 25 20 A.
488 980 55 20 hade
555 980 90 20 beslutit
656 982 35 18 att
702 980 63 20 detta
781 981 97 19 moment

57 1010 69 20 skulle
143 1010 66 21 hafva
225 1010 96 26 följande
338 1010 87 26 lydelse:
454 1010 85 20 »Under
555 1010 91 26 krigstid
662 1010 114 20 användas
793 1010 26 20 de
835 1010 43 19 stä-

57 1040 55 20 ende
125 1040 72 20 finska
209 1042 119 24 trupperna
342 1040 155 20 företrädesvis
505 1040 38 20 vid
553 1040 213 26 försvarsätgärder
758 1036 12 34 i
777 1040 100 22 Finland,

57 1076 50 14 men
119 1070 80 23 kunna,
212 1070 27 20 dä
250 1070 26 19 de
286 1070 47 19 icke
344 1072 36 17 äro
392 1070 72 20 härtill
475 1070 116 25 behöfliga,
602 1070 68 20 kallas
680 1071 34 19 att
724 1070 80 25 jemväl
818 1071 60 18 utom

57 1100 76 20 landet
150 1100 117 20 medverka
284 1100 37 19 vid
339 1100 67 19 rikets
423 1100 100 20 försvar».
559 1100 66 19 Detta
642 1106 40 13 var
698 1106 26 13 en
743 1100 135 24 konsegvens

57 1130 23 20 af
97 1130 26 20 R.
141 1136 19 14 o.
178 1130 37 20 A:s
232 1130 71 19 beslut
320 1130 91 19 rörande
428 1130 9 24 $
454 1130 27 19 20
498 1130 111 25 angående
626 1130 147 19 landtvärnet.
791 1129 33 19 Då
838 1129 41 19 Ut-

58 1160 95 20 skottets
167 1160 79 25 förslag
260 1159 138 20 beträffande
412 1160 9 24 $
435 1159 26 19 20
475 1165 29 13 nu
518 1160 46 19 icke
578 1159 66 20 heller
656 1159 73 19 blifvit
743 1159 22 20 af
778 1159 26 19 R.
819 1165 19 13 o.
853 1159 25 19 A.

57 1189 121 25 godkändt,
195 1190 22 19 sä
232 1189 62 20 torde
309 1189 65 19 äfven
390 1189 139 20 beträffande
546 1189 38 19 123
599 1190 9 24 $
623 1189 103 20 Ständets
738 1189 57 19 förra
807 1188 72 20 beslut

58 1220 52 19 böra
122 1219 106 20 vidhällas
239 1219 39 19 och
289 1219 39 19 här
338 1219 81 19 införas
430 1219 36 19 »de
477 1219 90 19 stående
577 1218 71 20 finska
659 1218 163 26 truppernas.**

101 1279 94 19 Ständet
208 1278 83 20 vidblef
304 1278 39 20 sitt
356 1278 140 20 beträffande
509 1279 9 24 $
533 1278 38 20 123
585 1278 58 20 förut
656 1278 85 20 fattade
755 1278 77 20 beslut.

101 1332 174 20 Sammanträdet
292 1331 120 20 afslutades
425 1332 28 19 kl.
470 1332 22 18 11
509 1332 27 25 pä
549 1331 97 20 aftonen.

695 1384 23 19 In
733 1384 74 19 fidem:

644 1420 47 19 Clas
704 1426 38 13 von
756 1419 80 20 Collan.
