1028 1631
151 76 33 16 152
433 78 22 16 R.
469 82 16 12 0.
501 78 20 16 A.
535 78 52 16 1899.
602 78 22 16 13
639 78 55 20 April.

152 136 110 20 utskottet
273 137 75 26 gjorda
360 137 109 27 kalkylen,
483 138 110 26 nämligen
606 138 41 20 den
658 139 35 19 att
705 138 41 19 den
758 139 38 24 gör
807 138 33 19 för
851 144 34 13 oss
897 144 77 13 sanno-

150 166 48 23 likt,
213 168 35 18 att
263 167 26 19 de
303 167 121 20 finansiella
438 168 81 19 bördor
533 167 167 27 ifrägavarande
715 169 47 25 steg
776 168 44 19 kan
834 167 104 23 medföra,
954 167 18 26 cj

152 196 59 20 skola
227 196 68 20 blifva
311 197 143 20 öfverhöfvan
469 199 76 24 tunga.

192 256 57 20 Frih.
285 263 35 13 von
339 257 88 20 Born:
449 257 107 20 Tacksam
568 257 33 20 för
612 258 26 19 de
648 258 159 19 meddelanden
817 258 16 25 1)

192 317 9 25 $
214 317 37 19 121
265 317 44 19 blef
321 318 51 19 härä
384 318 73 26 gillad.

194 376 143 21 Beträffande
348 378 9 24 $
371 378 38 20 122
420 378 89 26 yttrade

192 437 33 19 Hr
237 437 167 20 Mechelin:
432 434 71 23 Äfven
515 438 10 24 $
540 438 39 20 122
592 438 62 19 torde
667 438 73 19 fordra
754 438 70 25 någon
838 437 51 20 liten
904 437 69 26 belys-

150 467 57 25 ning.
240 467 51 20 Man
308 467 39 20 har
362 468 83 19 försökt
464 468 63 19 ställa
543 468 32 26 sig
591 468 27 26 på
634 468 136 25 grundvalen
787 467 22 20 af
824 467 99 26 gällande
939 468 35 24 lag

150 496 65 20 äfven
231 497 28 25 på
274 497 61 20 detta
350 498 68 20 ställe.
449 498 162 26 Förändringen
626 498 74 19 består
715 497 71 20 deruti
801 499 33 18 att
850 497 66 26 enligt
931 498 41 18 den

150 526 121 26 föreslagna
294 528 128 25 paragrafen
442 528 145 19 statsverkets
604 527 107 20 ordinarie
730 527 125 23 inkomster,
872 527 39 20 och
926 527 47 19 icke

151 556 56 20 blott
223 557 170 20 militiefondens
407 558 122 25 tillgångar,
546 558 67 19 borde
627 559 63 24 tagas
705 557 6 19 i
726 557 94 26 anspråk
835 557 32 19 till
883 557 40 19 den
939 557 34 20 del

151 586 26 20 de
187 587 76 19 kunna
273 586 68 21 blifva
352 587 22 20 af
385 588 78 19 nöden.
484 588 42 25 Jag
537 588 38 19 ber
585 588 77 19 främst
672 587 22 20 få
706 589 58 18 rätta
777 589 81 18 tvänne
868 587 45 20 ord:
936 587 37 19 der

150 616 38 20 det
202 616 46 20 står
262 617 179 20 »militiefondens
456 618 129 19 inkomster»
600 618 38 19 bör
653 618 37 19 det
702 618 33 19 stå
744 617 178 20 »militiefondens
930 617 42 19 till-

150 646 97 26 gångar»;
267 647 36 19 der
315 647 36 19 det
363 648 45 19 står
419 648 146 19 statsverkets
577 647 107 20 ordinarie
695 647 134 25 »tillgångar»
840 647 40 19 bör
890 647 37 19 det
938 648 34 18 stä

150 676 145 20 »inkomster».
319 677 25 19 Vi
358 677 66 20 hafva
438 677 77 20 hittills
529 677 48 20 haft
590 684 25 13 en
629 677 129 25 fullständig
772 677 136 25 parallellism
922 677 51 19 mel-

150 706 35 19 lan
201 706 41 20 den
257 707 110 19 allmänna
382 707 149 20 statsfondens
546 707 83 26 budget
644 707 40 19 och
700 707 54 23 dess,
770 713 50 13 man
835 707 73 19 kunde
922 708 50 24 säga

150 736 168 24 additamenter,
332 737 284 19 kommunikationsfonden
630 738 58 18 samt
702 736 210 26 bevillningsfonden
932 736 40 20 och

150 766 166 24 militiefonden,
333 766 22 20 af
369 767 74 20 hvilka
460 767 41 19 den
516 773 75 13 senare
606 767 39 20 har
660 767 46 20 sina
722 773 53 13 anor
789 766 48 20 från
854 766 24 20 17
893 766 80 20 seklets

150 796 50 19 slut.
224 796 51 20 Men
289 796 69 20 denna
371 797 140 25 parallellism
523 803 40 13 var
575 797 37 19 det
625 803 46 13 som
684 796 126 20 föranledde
822 802 26 14 en
861 796 67 20 sådan
942 796 30 20 af-

150 825 97 26 fattning
258 826 23 20 af
292 826 126 26 paragrafen
430 827 37 19 vid
481 826 52 20 1877
543 827 35 19 års
589 827 112 25 landtdag.
716 826 33 20 Då
761 826 77 20 tänkte
849 826 31 26 sig
890 826 82 26 lagstif-

149 857 62 18 taren
225 856 48 20 icke
287 857 34 19 att
335 856 66 26 några
415 857 68 19 andra
497 862 94 14 resurser
605 857 68 19 skulle
686 856 35 20 för
734 856 187 20 militärväsendet
935 862 37 14 an-

149 886 84 19 vändas
250 887 27 18 än
295 886 32 23 de,
344 892 46 14 som
407 887 67 25 enligt
489 886 201 26 indelningsverket
706 886 77 20 inflöto
800 886 32 19 till
848 886 124 19 militiefon-

150 915 48 20 den.
230 915 8 19 I
255 916 70 19 sinom
339 916 33 20 tid
387 916 77 20 visade
479 916 31 26 sig
526 917 62 23 dock,
605 916 54 20 efter
674 916 228 26 dragonregementets
918 922 54 19 upp-

149 945 110 26 ställning,
270 947 33 18 att
313 946 26 20 de
349 946 94 20 militära
454 946 119 26 utgifterna
583 948 66 18 växte
659 946 22 20 så
691 946 116 26 betydligt,
818 947 33 18 att
860 946 36 19 det
904 946 68 19 skulle

148 974 58 20 varit
218 981 27 13 en
258 976 83 25 verklig
353 976 113 26 obillighet
479 976 40 20 och
532 976 65 20 stridt
610 977 46 19 mot
668 976 153 26 grundtanken
835 976 49 19 med
897 975 75 20 bevill-
990 975 4 3 *

149 1005 152 25 ningsfonden,
319 1011 35 14 om
371 1012 51 14 man
439 1006 78 20 endast
534 1006 49 20 med
601 1006 21 20 af
640 1006 122 20 Ständerna
779 1005 109 25 beviljade
902 1005 69 19 medel

148 1035 68 19 skulle
229 1034 52 26 fyllt
293 1035 195 27 militiebudgeten;
502 1036 40 19 och
556 1036 37 20 det
605 1036 96 19 faktiska
715 1035 135 20 förfarandet
862 1035 40 19 har
914 1035 58 20 varit

148 1066 35 18 att
194 1070 24 14 ur
228 1065 111 20 allmänna
350 1065 149 20 statsfondens
510 1065 205 20 öfverskottsmedel
727 1065 131 25 öfverföring
869 1065 59 19 skett
939 1065 31 19 till

148 1094 82 26 ganska
252 1096 59 18 stora
331 1095 79 26 belopp
431 1096 34 19 till
485 1095 219 26 bevillningsfonden,
726 1095 88 19 hvilken
834 1094 52 20 fond
908 1095 63 19 Stän-

148 1124 66 20 derna
224 1124 68 20 sedan
302 1125 105 20 öfverfört
416 1125 33 20 till
459 1125 165 20 militiefonden.
643 1125 83 19 Genom
737 1125 70 19 denna
817 1126 78 24 omväg
905 1124 65 20 hafva

147 1154 47 19 icke
210 1154 59 20 blott
285 1154 220 21 öfverskottsmedlen
521 1155 123 23 öfverförts,
662 1156 55 18 utan
733 1154 64 20 äfven
813 1154 71 26 någon
900 1154 33 20 del
949 1154 23 20 af

148 1184 151 20 statsfondens
322 1185 107 19 ordinarie
452 1185 121 20 inkomster
595 1185 99 19 anvisats
717 1184 32 20 till
773 1184 199 25 militiebudgetens

148 1213 145 21 betäckande.
327 1214 46 20 När
387 1221 52 13 man
454 1215 38 25 går
507 1215 70 19 ökade
593 1214 91 26 utgifter
698 1214 111 23 tillmötes,
825 1216 25 18 är
865 1214 37 19 det
917 1214 54 19 nöd-

147 1244 92 25 vändigt
255 1245 34 18 att
303 1244 76 26 bringa
394 1245 85 19 landets
494 1245 41 19 alla
551 1246 151 18 statsresurser
717 1244 68 19 under
799 1244 119 25 beräkning
930 1243 40 20 och

148 1273 125 26 derigenom
291 1274 154 20 åstadkomma
464 1280 25 14 en
507 1274 147 26 totalbudget.
690 1273 146 26 Naturligtvis
854 1274 51 19 böra
923 1273 47 19 icke

147 1302 95 20 militära
261 1304 102 19 ändamål
380 1304 21 20 få
418 1306 52 24 göra
487 1304 67 26 något
571 1304 93 25 verkligt
681 1304 88 24 intrång
786 1304 26 25 på
830 1303 26 20 de
873 1302 97 26 oändligt

147 1333 88 25 mycket
246 1333 109 26 viktigare
366 1334 111 26 uppgifter
487 1334 34 19 för
531 1334 113 19 kulturens
655 1333 205 23 framåtskridande,
873 1333 39 19 och
924 1333 47 19 der-

147 1362 33 19 för
190 1362 43 20 kan
244 1362 48 20 icke
303 1363 66 20 heller
379 1364 93 25 afsigten
483 1364 49 19 med
543 1364 42 19 den
596 1364 121 24 föreslagna
728 1363 152 25 förändringen
891 1363 6 19 i
908 1363 61 19 detta

146 1392 123 25 stadgande
285 1399 52 14 vara
353 1394 34 19 att
403 1393 91 20 framför
509 1394 39 19 allt
563 1393 34 19 för
612 1393 188 19 militärväsendet
816 1392 68 20 skulle
900 1392 70 20 öfver-

183 1456 13 21 1)
211 1458 110 19 Stenogram
335 1458 68 16 saknas
416 1459 34 15 och
465 1459 4 15 i
483 1459 211 20 memorialprotokollet
705 1460 19 14 är
734 1459 95 19 yttrandet
838 1459 15 19 ej
862 1460 106 20 återgifvet.
