1028 1631
163 83 33 15 116
442 82 21 17 R.
478 86 17 13 o.
511 82 20 16 A.
545 82 52 16 1899.
612 82 22 16 23
648 82 97 24 Mars.

163 148 76 20 person
256 148 46 14 som
317 142 178 26 tillkännagifver
511 142 32 19 sin
559 142 83 19 önskan
658 143 34 18 att
707 140 153 20 företrädesvis
875 140 87 20 inträda
977 140 7 20 i

163 172 62 20 aktiv
242 172 75 26 tjenst,
335 172 46 20 icke
398 172 69 20 skulle
484 172 95 19 behöfva
597 171 85 26 deltaga
700 171 6 19 i
723 170 100 26 lottning.
856 170 39 20 Till
913 170 70 20 denna

163 202 161 26 framställning
337 202 59 20 biföll
411 203 77 18 mötet.

205 262 21 24 $$
238 261 33 24 75,
283 261 25 20 76
322 262 39 19 och
374 262 25 19 79
411 261 128 27 godkändes
551 263 53 18 utan
617 261 150 25 anmärkning.

206 292 8 24 $
229 291 27 20 80
271 292 69 19 beslöt
356 292 92 19 Ständet
463 292 6 19 i
479 291 227 25 öfverensstämmeJse
714 291 48 19 med
778 291 36 19 det
829 291 36 19 vid
880 291 9 24 $
904 290 26 20 62
942 290 42 20 fat-

164 321 51 20 tade
224 321 96 20 beslutet
329 322 160 19 återremittera
499 321 33 20 till
542 321 249 25 Värnepligtsutskottet
800 320 33 20 för
842 322 33 18 att
885 320 99 26 bringas
973 316 14 35 i

165 350 224 21 öfverensstämmelse
404 352 49 19 med
469 352 9 24 $
493 352 19 19 8.

206 382 20 24 $$
237 381 83 20 81—83
331 381 127 26 godkändes
470 383 53 18 utan
535 381 130 19 diskussion.

207 441 32 19 Då
253 441 91 19 Ståndet
356 441 95 20 derefter
462 442 68 19 skulle
543 441 71 19 skrida
626 441 33 19 till
671 441 132 25 behandling
814 440 22 20 af
847 440 25 20 85
884 442 16 23 $,
912 441 73 19 anhöll

207 500 32 20 Hr
254 500 100 26 Georg
376 508 59 13 von
459 501 228 20 Christierson
710 507 35 13 om
760 501 61 19 ordet
836 501 39 19 och
890 501 95 25 yttrade:

166 530 37 20 Uti
216 531 41 19 den
270 531 90 20 emellan
372 531 26 19 85
411 532 40 19 och
464 531 26 19 87
503 532 20 24 $$
535 531 179 19 förekommande
726 530 26 20 86
763 532 16 23 $,
788 536 45 14 som
842 530 21 20 af
871 531 115 19 Utskottet

164 560 48 19 icke
228 561 114 25 upptagits
357 561 32 19 till
407 561 139 26 behandling,
564 561 110 19 meddelas
690 560 110 20 föreskrift
817 567 33 12 om
868 561 117 25 ordningen

164 589 34 20 för
211 591 105 19 utseende
330 590 21 20 af
365 591 289 26 kompletteringsmanskap
669 591 32 19 till
716 592 126 24 trupperna.
870 590 42 20 Det
927 591 61 19 heter

167 620 37 19 der
214 620 6 19 i
232 620 26 19 de
270 621 31 18 tre
311 620 68 20 första
390 622 133 18 momenten:

207 649 33 20 De
253 650 32 19 till
299 651 61 19 aktiv
373 651 70 25 tjenst
456 651 93 19 utsedda
563 650 157 26 värnepligtige
733 650 93 20 fördelas
839 650 26 25 på
872 651 25 19 de
911 650 75 20 aktiva

166 681 119 24 trupperna
302 681 90 19 sålunda
409 682 34 18 att

209 710 31 19 1:0
255 709 33 20 för
300 710 205 26 gardesbataljonen
519 710 70 26 väljas
603 711 70 19 dertill
687 710 72 25 villiga
773 711 39 18 och
826 710 101 26 lämpliga
941 716 47 20 per-

165 745 62 14 soner
242 741 54 18 utan
312 740 100 20 afseende
427 741 12 19 å
455 741 62 19 deras
533 741 91 22 hemort;

207 770 34 19 2:0
262 769 32 20 för
313 770 226 26 kavalleritrupperna
560 772 88 23 uttagas
667 771 33 22 de,
722 770 72 19 hvilka
814 770 84 19 erhållit
918 770 69 25 lägsta

165 799 163 20 lottnumrorna
343 800 40 19 och
399 802 36 17 äro
451 800 33 19 till
499 800 154 26 ryttaretjenst
669 800 96 25 tjenliga.

208 829 44 20 Det
264 831 22 18 är
298 830 81 19 således
391 830 76 25 nödigt
479 831 34 18 att
524 836 26 13 en
562 830 151 25 värnepligtig,
726 829 33 20 för
769 831 34 18 att
814 830 74 19 kunna
900 831 88 24 uttagas

166 859 33 19 Lill
210 859 146 26 tjenstgöring
368 859 37 20 vid
417 860 214 25 gardesbataljonen,
644 860 55 19 skall
711 859 66 20 hafva
789 859 105 20 förklarat
907 859 30 26 sig
950 859 38 20 vil-

166 889 29 25 lig
205 890 33 19 att
248 889 88 20 inträda
346 889 6 20 i
362 890 68 19 sådan
440 889 75 26 tjenst.
535 889 32 20 Då
579 896 25 13 en
614 889 103 20 faststäld
727 889 63 26 laglig
800 889 189 26 kompletterings-

166 919 94 26 ordning
272 919 32 19 för
316 921 121 24 trupperna
450 919 76 23 finnes,
541 926 64 19 synes
618 919 36 20 det
667 925 53 14 vara
734 919 94 26 skäligen
837 919 109 26 oformligt
955 921 33 18 att

167 949 47 19 hela
227 949 71 20 denna
311 949 92 26 ordning
415 949 54 20 skall
482 949 74 20 kunna
569 949 97 20 eluderas
679 949 6 20 i
698 949 102 20 händelse
813 949 35 20 det
860 949 47 20 icke
919 949 70 20 finnes

166 978 127 26 tillräckligt
306 979 59 20 antal
379 985 108 20 personer,
500 979 73 26 villiga
585 980 34 19 att
632 979 112 26 sjelfmant
756 979 85 20 inträda
854 979 6 19 i
872 979 68 26 tjenst
952 979 36 20 vid

167 1008 71 25 någon
256 1009 44 19 viss
316 1010 74 25 trupp.
424 1009 33 20 Då
475 1009 37 20 det
529 1009 103 20 särskildt
648 1015 30 14 nu
694 1009 67 25 gäller
777 1009 211 26 gardesbataljonen,

167 1038 22 19 så
205 1044 65 19 synes
285 1039 60 19 detta
360 1045 53 14 vara
429 1039 22 20 så
466 1039 89 26 mycket
570 1039 83 19 mindre
668 1039 106 25 lämpligt.
803 1039 43 19 Det
860 1039 39 19 bör
913 1039 77 19 visser-

167 1067 55 26 ligen
233 1068 108 20 erkännas
352 1070 34 18 att
396 1069 108 19 härintills
514 1069 71 26 någon
594 1069 99 25 praktisk
703 1069 115 25 olägenhet
828 1068 22 20 af
857 1069 71 19 denna
935 1069 55 19 före-

166 1097 64 20 skrift
244 1098 47 19 icke
305 1100 70 24 yppat
390 1099 37 25 sig,
443 1099 22 19 så
480 1099 85 19 tillvida
580 1100 33 18 att
628 1099 76 25 nödigt
718 1099 59 19 antal
792 1105 100 19 personer
906 1099 82 19 anmält

166 1127 31 25 sig
210 1127 74 26 villiga
297 1129 34 18 att
345 1129 62 19 träda
419 1129 7 19 i
439 1129 68 25 (jenst
520 1128 37 20 vid
569 1128 213 26 gardesbataljonen.
807 1128 49 19 Men
869 1130 120 18 motsatsen

166 1157 43 19 kan
222 1157 92 20 inträffa
328 1158 40 19 och
381 1158 38 19 vid
433 1159 77 19 sådant
526 1158 135 19 förhållande
674 1164 52 17 vore
740 1158 47 19 hela
801 1158 189 25 kompletterings-

166 1187 121 26 ordningen
302 1187 85 20 rubbad
403 1188 40 19 och
459 1188 71 19 denna
546 1188 91 25 ordning
652 1188 66 19 också
734 1188 49 19 med
796 1188 120 19 detsamma
930 1188 60 19 kom-

167 1217 156 24 prometterad.
354 1217 43 20 Det
412 1217 109 20 förefaller
536 1218 91 19 sålunda
642 1224 47 13 som
705 1223 35 14 om
756 1218 37 19 det
808 1223 50 14 vore
873 1217 117 26 anledning

167 1247 34 18 att
216 1246 7 19 i
239 1247 119 25 synnerhet
374 1253 97 18 numera,
488 1248 27 19 då
531 1254 51 13 man
598 1247 78 20 tänker
692 1247 31 26 sig
738 1247 140 26 möjligheten
894 1249 35 18 att
944 1247 46 20 icke

166 1276 79 19 endast
264 1277 205 25 gardesbataljonen
489 1279 53 17 utan
561 1277 64 19 också
644 1277 68 25 öfriga
730 1279 91 23 trupper
839 1277 67 19 under
924 1277 67 25 krigs-

168 1305 31 19 tid
215 1306 62 19 skola
293 1306 74 20 kunna
383 1306 58 20 föras
457 1308 61 18 utom
534 1307 81 23 landet,
632 1307 62 19 detta
711 1307 70 19 vilkor
795 1306 33 20 för
843 1306 148 26 gardesbatal-

166 1334 78 26 jonens
257 1336 171 26 komplettering
440 1337 68 19 skulle
521 1336 155 26 undanrödjas.

210 1365 67 20 Hvad
292 1366 198 26 kompletteringen
507 1366 22 20 af
544 1366 224 26 kavalleritrupperna
785 1366 50 20 eller
850 1366 141 26 dragonrege-

167 1396 86 18 mentet
272 1396 74 24 angår,
367 1396 23 19 så
410 1396 70 20 finnes
499 1396 125 26 visserligen
643 1396 34 20 för
697 1396 125 20 densamma
841 1396 47 20 icke
908 1402 83 14 samma

167 1424 78 20 hinder
257 1431 46 13 som
315 1425 26 19 de
352 1426 7 19 i
371 1425 101 20 afseende
484 1426 11 19 å
508 1426 206 25 gardesbataljonen
726 1426 139 19 omnämnda.
888 1426 49 20 Men
950 1426 42 19 för-

167 1454 114 20 hållandet
296 1456 23 18 är
335 1455 39 20 här
389 1455 79 20 sådant
483 1457 34 18 att
533 1455 33 20 för
581 1457 34 18 att
630 1457 92 24 antagas
737 1455 32 20 till
785 1456 68 25 tjenst
868 1456 36 19 vid
920 1456 72 19 finska
