1031 1631
419 79 80 28 Bilagor.
848 83 22 15 43

88 143 186 25 Borgareståndet
292 142 39 20 har
349 143 34 19 för
401 149 66 14 mom.
487 144 13 19 2
519 143 86 27 antagit
623 143 97 26 följande
738 142 131 21 förändrade

47 173 88 25 lydelse:
159 172 128 20 »Officerare
299 172 22 20 af
332 173 52 25 rysk
396 173 115 20 härkomst
523 173 75 20 kunna
611 173 55 20 dock
678 173 33 20 till
723 173 59 19 finsk
793 174 77 24 trupp-

47 202 117 26 afdelning,
178 202 87 20 utöfver
277 202 48 20 dess
336 204 52 22 stat,
401 202 218 21 tillkommenderas».

421 257 9 25 $
447 256 46 21 121.

90 292 161 26 Ridderskapet
276 292 40 20 och
341 293 64 19 adeln
429 294 59 18 samt
512 294 83 25 präste-
620 292 40 20 och
685 292 184 26 borgarestånden

47 322 67 20 hafva
126 322 98 26 godkänt
235 322 122 20 utskottets
368 322 87 26 förslag.

89 352 167 20 Bondeståndet
278 352 40 20 har
339 352 98 24 beslutit,
461 354 35 18 att
519 352 76 20 aktiva
618 352 160 26 truppstyrkan
802 351 68 20 under

47 382 92 20 fredstid
150 382 67 20 borde
228 384 78 24 utgöra
317 382 64 26 högst
392 382 98 21 tiotusen
501 388 58 14 man.

421 437 10 24 $
448 436 46 20 122.

89 471 162 27 Ridderskapet
263 472 39 19 och
315 472 63 20 adeln
391 473 58 19 samt
460 472 101 26 borgare-
572 472 41 20 och
625 471 166 21 bondestånden
803 470 66 20 hafva

46 501 100 26 godkänt
157 502 121 19 utskottets
289 502 87 26 förslag.

89 531 166 20 Prästeståndet
271 532 40 20 har
326 532 173 20 återremitterat
515 532 129 26 paragrafen
659 532 34 20 för
708 532 35 19 att
759 531 111 19 utskottet

48 560 70 21 måtte
132 562 52 25 taga
199 561 7 20 i
221 561 168 26 öfvervägande,
405 562 111 20 huruvida
531 562 67 20 orden
613 562 139 20 »inkomster»
764 561 39 19 och
820 560 50 20 »till-

47 591 91 26 gångar»
150 590 67 21 borde
228 591 49 20 med
288 591 125 21 hvarandra
424 592 55 26 byta
491 592 64 26 plats.

361 644 9 25 $
387 644 40 20 123
443 649 66 14 mom.
528 644 17 19 1.

90 680 161 26 Ridderskapet
266 680 39 19 och
320 680 65 20 adeln
399 679 40 21 har
453 679 98 24 beslutit,
567 680 34 19 att
615 680 61 20 detta
691 681 99 19 moment
804 680 66 20 borde

47 710 81 20 erhålla
150 710 96 26 följande
267 710 87 25 lydelse:
379 709 85 20 »Under
484 709 93 26 krigstid
598 710 113 20 användas
733 710 27 20 de
780 709 90 21 stående

47 740 72 20 finska
134 741 120 25 trupperna
270 739 155 20 företrädesvis
435 739 38 20 vid
483 739 199 27 försvarsåtgärder
692 740 6 19 i
709 740 100 23 Finland,
820 745 50 14 men

48 770 81 23 kunna,
148 770 28 20 då
193 770 26 19 de
234 769 48 20 icke
297 771 37 18 äro
350 769 74 20 härtill
441 769 116 26 behöfliga,
575 769 68 20 kallas
659 770 35 20 att
708 769 84 27 jämväl
809 770 61 19 utom

48 800 75 19 landet
138 800 119 19 medverka
273 799 33 20 till
322 799 68 20 rikets
406 799 101 20 försvar».

92 826 74 29 Öfriga
178 829 64 20 stånd
254 829 66 20 hafva
331 829 99 26 godkänt
441 828 338 27 sammanjämkningsförslaget.

91 931 105 26 Slutligen
210 931 38 20 har
261 932 180 25 representanten
454 930 35 20 för
501 931 165 26 Lappmarkens
680 931 104 25 domsaga
798 930 7 20 i
818 930 53 20 bon-

48 961 117 20 deståndet
176 960 117 27 föreslagit,
306 962 35 18 att
352 960 7 20 i
371 960 248 34 författningsförslaget
630 960 67 20 borde
704 962 110 24 upptagas
820 960 51 26 tyd-

48 991 29 26 lig
90 990 111 20 föreskrift
215 991 82 23 därom,
312 990 109 20 huruvida
435 990 144 20 kateketerna
593 990 6 20 i
614 990 114 26 Lappland
742 992 37 18 äro
794 990 77 40 under

48 1021 91 19 kastade
150 1020 123 26 värnepligt
283 1020 50 20 eller
343 1020 54 20 icke.
