1031 1631
413 66 83 38 Bilagor.
846 77 22 16 29

45 138 65 20 Bilaga
122 137 18 17 8.

44 233 143 16 Förberedande
201 233 143 20 framställning.
690 233 178 19 Korrekturafdrag.

409 403 97 21 Sekret.

433 503 14 25 $
464 503 18 20 2
831 521 6 6 a

86 539 222 26 Jordegarena
330 539 7 20 i
365 539 108 20 landet
494 540 51 19 äro
565 539 49 26 för
633 538 176 27 framtiden
831 538 39 19 be-

44 569 107 25 friade
172 569 73 26 från
266 569 226 26 skyldigheten
515 570 44 19 att
581 568 170 27 uppställa
773 568 97 26 krigs-

49 598 66 26 folk
133 598 102 26 enligt
251 598 308 27 indelningsverket,
576 598 294 20 hvilket
720 594 71 35 dock
799 594 16 35 i
830 594 45 35 ka

45 628 112 21 meralt
176 628 179 21 hänseende
374 629 184 26 fortbestår.

434 689 14 26 $
464 689 19 20 8.

87 724 37 24 De,
146 720 38 36 som
204 725 27 25 på
247 725 99 25 grund
362 725 29 26 af
413 725 55 20 dom
486 726 51 19 äro
552 725 181 26 förlustiga
749 724 122 20 medbor-

45 754 118 26 gerligt
182 754 185 25 förtroende
387 754 79 21 eller
486 754 152 27 ovärdiga
659 755 44 20 att
721 754 150 20 ilandets

45 784 249 26 tjänstnyttjas,
309 784 23 26 få
346 784 19 27 ej
381 784 84 21 inträda
481 785 7 19 i
502 785 128 25 krigstjänst.

426 844 14 26 $
457 845 33 20 62.

91 880 62 26 Ifrån
173 879 195 27 uppbådskallelsen
388 880 110 21 uteslutas:

88 910 21 25 a)
124 916 105 20 personer,
252 916 44 14 som
319 909 67 27 blifvit
407 910 121 27 prästvigda
550 910 64 20 sedan
637 910 24 20 de
685 910 7 20 i
715 909 156 27 uppbådsläng-

46 940 38 20 den
104 940 80 26 införts,
203 940 106 26 äfvensom
326 940 138 26 psalmläsare
476 940 22 26 af
510 940 156 26 grekisk-ryska
679 939 191 24 trosbekännelsen;

88 970 20 25 b)
124 970 7 20 i
147 969 183 27 fyllnadslängden
347 970 20 19 B
383 970 84 26 införda
484 976 104 20 personer,
605 971 54 19 samt

88 1000 18 23 €)
123 1005 158 21 personer,
303 1005 60 15 som
382 1000 37 26 på
438 1000 101 26 grund
559 1000 29 26 af
608 1000 63 20 dom
687 1002 51 18 äro
755 999 117 26 förlus-

46 1030 66 26 tiga
136 1029 247 26 medborgerligt
406 1030 185 25 förtroende
615 1030 80 20 eller
718 1029 154 26 ovärdiga

48 1061 44 18 att
113 1059 126 26 nyttjas
263 1059 7 20 i
293 1059 126 20 landets
441 1059 111 26 tjänst.
590 1059 100 21 Sedan
713 1059 88 21 tiden
824 1059 49 26 för

46 1089 98 21 sådan
176 1089 238 26 straffpåföljd
445 1089 224 26 tilländagätt,
695 1089 86 20 skall
802 1089 7 20 i
833 1089 39 25 ajf-

46 1119 103 20 seende
169 1119 13 20 å
198 1119 58 20 dem
272 1119 157 26 tillämpas
445 1119 73 20 hvad
534 1119 8 20 i
559 1119 15 26 $
591 1120 27 19 82
637 1119 45 26 för
700 1119 51 20 där
769 1119 104 20 nämda

46 1150 61 26 fall
130 1151 31 19 är
180 1149 155 27 stadgadt.

428 1210 11 26 8
459 1210 33 20 80.

90 1245 53 24 Den,
161 1251 44 14 som
223 1245 7 20 i
247 1245 53 26 följd
317 1246 22 25 af
356 1246 81 26 uttagen
454 1246 36 20 lot
507 1247 23 19 är
546 1245 113 27 förpligtad
675 1245 32 21 till
724 1245 57 20 aktiv
798 1244 75 26 tjänst-

46 1274 79 27 göring,
143 1281 48 14 men
208 1275 44 20 står
268 1275 66 20 under
347 1270 53 36 (ute
406 1270 48 36 sl.)
470 1275 62 21 tilltal
546 1276 32 26 för
597 1275 82 24 brott,
702 1275 87 20 hvarä
809 1274 64 26 fän-

46 1305 84 25 gelse
153 1305 81 27 öfver
250 1311 48 13 sex
319 1305 137 20 månader
472 1304 400 27 ellertukthusstraff
819 1300 56 37 kan

46 1334 90 26 följa,
159 1334 86 21 skall
265 1336 135 25 antagas
420 1335 7 20 i
447 1335 115 26 tjänst:

89 1370 41 14 om
157 1364 58 20 han
243 1364 152 26 frikänts,
423 1365 193 20 omedelbart
642 1365 97 20 sedan
767 1364 106 20 domen

49 1394 115 20 vunnit
184 1394 71 26 laga
276 1394 95 26 kraft;

90 1424 78 26 ifall
186 1424 58 20 han
264 1424 164 26 sakfällts,
448 1424 131 20 såsnart
597 1424 58 20 han
676 1424 119 20 utstått
814 1423 60 20 sitt

47 1454 107 26 straff,
174 1455 78 19 samt
