1048 1634
351 88 21 16 R.
387 92 16 12 o.
419 88 20 16 A.
453 88 53 16 1899.
521 88 22 16 16
557 88 55 16 Mars.
869 86 23 16 23

66 150 38 24 gör
116 147 38 21 det
166 148 87 19 svärare
265 149 28 18 än
305 148 85 25 vanligt
402 149 34 18 att
449 147 49 20 med
511 147 65 26 nödig
588 147 51 19 köld
652 147 110 20 behandla
774 147 26 20 de
812 146 78 26 frägor,

66 184 48 14 som
126 178 71 20 måste
209 177 67 20 vinna
290 183 25 14 en
329 178 67 20 exakt
409 177 40 20 och
463 177 100 26 praktisk
576 177 91 25 lösning.
693 177 68 26 Finge
774 183 51 14 man
838 176 53 26 följa

67 208 26 19 de
104 207 94 23 känslor,
211 213 46 14 som
269 207 49 19 med
330 207 87 20 fullaste
428 208 46 19 rätt
485 206 78 20 kräfva
575 207 39 19 sitt
626 207 97 25 uttryck,
736 207 28 19 dä
776 206 68 20 skulle
856 205 34 20 väl

67 238 94 25 mängen
174 243 73 14 annan
260 239 28 18 än
302 237 41 19 den
356 237 65 20 ärade
434 237 75 23 talare,
524 243 47 13 som
584 243 51 19 nyss
648 237 23 19 sä
684 237 104 25 vältaligt
800 235 91 21 skildrat

68 267 41 20 den
127 267 117 26 stämning,
263 267 68 19 under
347 267 89 20 hvilken
453 273 52 13 man
522 267 121 19 behandlat
659 266 149 26 föreliggande
824 265 66 26 fråga,

67 298 74 19 känna
155 297 31 26 sig
200 297 80 20 manad
294 297 32 19 till
341 303 32 16 en,
389 303 35 14 om
437 297 37 26 jag
487 297 23 19 så
524 296 34 20 får
570 298 58 24 säga,
643 296 68 26 lyrisk
724 296 134 20 betraktelse
870 295 22 20 af

68 327 82 26 tingen.
174 327 50 20 Men
236 327 37 26 jag
285 326 111 20 förmodar
407 328 35 19 att
454 327 84 20 enhvar
549 327 94 19 medlem
655 326 23 20 af
690 327 71 19 denna
774 326 65 20 ärade
851 325 41 20 för-

68 357 92 26 samling
172 357 54 20 skall
237 357 103 19 betrakta
351 357 38 19 det
399 357 72 20 såsom
482 357 46 19 helt
538 352 74 24 enkelt
623 363 27 13 en
661 356 125 26 skyldighet
796 356 34 20 för
840 355 52 20 Vär-

68 387 208 26 nepligtsutskottet
291 387 34 19 att
340 388 98 25 uppgöra
453 387 41 19 och
509 386 95 20 aflemna
620 387 26 19 de
661 386 87 26 förslag,
765 392 46 14 som
826 385 67 25 enligt

70 417 49 20 dess
128 417 57 26 åsigt
194 417 75 20 kunna
278 417 40 19 och
328 417 52 19 böra
390 417 22 20 af
422 417 122 20 Ständerna
554 416 106 20 omfattas
670 417 39 19 och
718 416 48 20 icke
775 415 117 20 inskränka

68 447 33 26 sig
114 447 59 19 blott
186 447 34 19 till
234 453 26 13 en
275 447 88 25 negativ
377 447 133 20 betraktelse
525 446 61 20 öfver
600 447 26 19 de
640 446 103 26 politiska
757 445 137 26 vansklighe-

69 479 40 21 ter,
128 483 46 13 som
189 477 71 19 måste
274 478 51 25 göra
341 477 82 20 enhvar
437 477 109 25 motvillig
560 477 33 19 till
609 477 67 25 något
691 478 47 24 steg
753 476 22 20 af
790 476 37 20 det
841 475 51 26 slag,

69 507 85 19 hvilket
166 513 50 13 vore
228 508 35 18 att
274 507 103 20 betrakta
389 507 71 20 såsom
472 506 104 27 eftergift.

111 537 252 25 Värnepligtsutskottet
370 537 39 20 har
423 537 33 19 till
470 537 88 25 ledning
572 537 34 19 för
620 537 38 19 det
667 542 102 21 program
778 536 116 21 Utskottet

69 567 57 20 hade
136 568 34 19 att
179 566 54 26 följa
242 566 49 20 haft
301 568 32 18 ett
343 567 132 26 uttryckligt
484 567 73 20 beslut
566 567 22 19 af
598 567 100 26 samtliga
708 567 66 19 stånd
784 573 36 13 om
830 565 64 21 också

70 597 55 19 efter
144 596 214 26 sammanjemkning
377 597 139 23 tillkommet,
537 597 67 25 enligt
623 597 85 19 hvilket
727 596 81 26 förslag
827 596 67 20 skulle

70 628 110 24 uppgöras
195 626 32 20 till
244 626 91 26 ändring
351 626 33 20 uti
398 626 107 20 särskilda
522 626 60 20 delar
597 626 22 20 af
634 626 101 26 gällande
751 626 143 26 värnepligts-

69 656 41 26 lag,
128 656 154 20 innefattande
299 656 83 20 sådana
399 656 121 26 eftergifter
537 656 51 20 eller
604 656 158 26 förändringar,
780 657 35 19 att
832 656 63 20 Stän-

70 686 67 20 derna
149 686 74 20 kunde
234 686 62 20 finna
308 686 46 20 skäl
367 687 34 19 att
413 686 116 26 samtycka
541 686 32 20 till
586 686 57 20 dem.
667 686 42 20 Vill
721 692 52 14 man
785 685 110 27 objektivt

70 716 94 26 granska
179 716 37 20 det
231 722 29 14 nu
274 716 147 26 föreliggande
435 716 111 26 förslaget,
562 716 22 20 så
599 716 55 20 skall
668 722 52 14 man
734 716 68 23 finna,
818 717 34 19 att
866 715 30 20 ef-

70 746 128 26 tergifterna
212 746 140 20 beträffande
367 746 41 20 den
422 746 96 20 militära
532 746 177 26 organisationen
723 746 63 20 bestå
801 745 95 21 hufvud-

70 776 106 26 sakligast
190 776 33 19 uti
238 782 26 13 en
278 775 127 27 förändring
419 776 22 20 af
454 782 113 14 reservens
581 776 155 26 organisation.
765 776 77 20 Denna
857 775 39 20 har

70 805 49 21 haft
130 806 34 19 till
176 805 54 26 följd
242 812 27 13 en
280 806 127 27 förändring
418 806 7 20 i
436 806 154 21 landtvärnets
602 806 149 27 organisation
763 806 40 20 och
814 805 81 27 jemväl

70 836 128 26 förändring
211 836 7 19 i
232 835 148 27 affattningen
394 836 23 20 af
429 837 155 19 landtvärnets
598 836 94 27 uppgift,
707 837 93 19 hvarom
814 835 82 20 menin-

70 871 68 20 garna
148 865 59 20 inom
221 866 117 20 Utskottet
347 866 58 20 varit
416 867 40 19 och
466 866 137 21 fortfarande
613 868 37 18 äro
661 867 82 22 delade,
755 866 40 20 och
806 866 38 20 der
852 865 43 26 jag,

71 896 27 25 på
109 896 70 25 grund
190 895 22 20 af
221 896 59 20 hvad
290 896 37 26 jag
336 897 67 19 redan
413 897 7 19 i
429 897 38 26 går
477 897 57 19 hade
544 896 84 21 tillfälle
639 897 61 26 yttra
709 896 7 20 i
726 903 27 13 en
763 895 132 26 församling,

71 926 39 19 der
120 926 79 25 många
209 926 40 20 här
260 926 137 20 närvarande
407 933 52 13 voro
471 927 115 23 tillstädes,
598 927 47 19 icke
656 927 44 19 kan
710 927 88 19 ansluta
810 926 43 25 mig
864 925 32 20 till

71 955 263 26 Värnepligtsutskottets
345 956 123 26 majoritets
480 957 146 25 ståndpunkt.
649 957 43 19 Det
704 958 23 19 är
739 956 83 20 således
833 955 64 20 emel-

71 986 36 19 lan
128 985 128 20 Utskottets
276 985 81 27 förslag
377 993 35 13 om
433 986 127 26 förändring
580 987 23 20 af
623 993 111 13 reservens
748 985 149 27 organisation

72 1015 40 19 och
128 1015 127 20 totaliteten
272 1016 23 20 af
312 1016 37 20 det
365 1016 7 20 i
387 1017 66 25 ryska
471 1017 190 25 krigsministeriet
678 1016 123 26 uppgjorda
818 1015 80 27 lagför-

72 1045 75 25 slaget,
162 1051 46 13 som
221 1051 51 14 man
286 1046 39 19 bör
337 1046 93 20 anställa
443 1046 129 26 jemförelse,
586 1046 34 20 för
632 1048 35 18 att
680 1046 65 20 också
758 1046 22 20 få
794 1046 58 19 blick
864 1045 34 20 för

72 1075 81 19 vidden
167 1075 22 19 af
203 1075 26 19 de
242 1075 127 26 eftergifter,
384 1076 33 20 för
430 1076 75 20 hvilka
514 1076 117 20 Utskottet
645 1082 28 14 nu
687 1076 59 26 gjort
760 1076 31 26 sig
804 1076 33 19 till
850 1075 48 20 tolk

72 1104 40 20 och
124 1105 44 19 fått
181 1105 98 25 uppbära
290 1106 28 19 te
329 1106 68 20 hårda
409 1106 46 23 ord,
468 1106 22 19 vi
502 1112 52 20 nyss
565 1106 57 20 hört.
644 1106 70 26 Tager
725 1112 51 14 man
788 1106 50 19 bort
849 1105 49 20 från

72 1135 38 19 det
120 1141 28 13 nu
158 1134 147 26 föreliggande
315 1136 102 26 förslaget
427 1136 59 20 hvad
496 1136 40 20 här
545 1138 23 18 är
577 1136 109 26 tillstyrkt
695 1136 139 20 beträffande
844 1135 54 19 mili-

72 1166 74 18 tärens
154 1170 72 14 reserv
236 1166 40 19 och
286 1166 25 19 de
320 1166 161 25 konsegvenser
490 1166 38 20 det
534 1166 48 20 haft
588 1166 49 20 med
644 1166 37 26 sig,
689 1166 22 20 så
718 1166 94 20 återstår
819 1166 79 19 nästan

72 1194 120 26 ingenting.
220 1195 35 23 Jo,
271 1196 41 19 den
327 1196 68 20 andra
410 1196 100 26 punkten
524 1196 8 19 i
546 1196 12 20 7
572 1196 16 25 $,
604 1196 89 20 hvilken
706 1196 37 26 jag
757 1195 35 20 för
805 1195 45 19 min
865 1195 33 19 del

72 1224 67 26 yrkar
151 1224 26 26 på
190 1226 34 18 att
236 1226 54 19 skall
303 1226 126 19 bibehållas.
453 1226 44 19 Det
509 1227 24 19 är
544 1232 27 13 en
583 1226 146 25 bestämning,
742 1232 48 13 som
801 1225 39 26 går
850 1225 49 26 igen

72 1254 7 20 i
95 1254 109 20 1877—78
219 1255 35 19 års
268 1256 279 25 värnepligtsproposition.
565 1272 3 3 .
585 1256 29 25 .1)

115 1284 42 26 Jag
170 1284 37 20 ber
216 1286 35 18 att
260 1285 22 20 få
292 1285 34 19 för
335 1286 33 19 ett
378 1285 116 26 ögonblick
504 1286 88 20 komma
602 1286 33 19 till
652 1286 27 19 de
694 1286 27 24 $$,
743 1291 47 14 som
801 1286 98 19 närmast

73 1316 37 17 äro
121 1314 90 20 föremål
222 1314 34 20 för
267 1315 112 23 debatten,
391 1316 20 24 $$
424 1316 8 19 1
445 1316 41 19 och
499 1316 45 19 123.
574 1315 49 25 181
636 1315 61 20 finna
708 1315 22 19 vi
738 1316 63 19 detta
809 1315 91 26 uttryck

73 1344 74 25 »ryska
161 1344 72 24 riket»,
248 1351 46 13 som
308 1345 41 19 den
363 1352 42 18 nva
419 1345 73 20 tidens
505 1346 104 19 statsrätt
622 1345 65 20 äfven
701 1345 39 20 hos
753 1351 35 13 oss
800 1344 100 20 introdu-

74 1374 58 19 cerat
146 1380 46 13 som
204 1374 34 20 ett
250 1375 89 19 korrekt
352 1375 97 26 uttryck.
471 1375 32 19 De
512 1375 64 20 flesta
586 1375 27 25 på
622 1375 62 20 detta
697 1381 48 13 rum
758 1375 64 19 torde
830 1374 70 20 erinra

74 1403 31 25 sig
117 1404 35 18 att
164 1403 50 20 med
226 1404 105 20 Finlands
345 1405 104 19 Ständers
461 1404 61 20 bifall
536 1405 39 19 och
588 1405 114 25 samtycke
716 1405 62 19 detta
791 1404 91 26 uttryck
894 1404 7 19 i

110 1466 13 22 2)
142 1468 62 20 Enligt
222 1468 115 20 anteckning
358 1468 10 15 å
387 1469 147 19 stenogrammet
547 1469 67 15 saknas
631 1468 33 16 här
677 1473 21 11 en
712 1469 29 15 del
756 1468 18 16 af
787 1468 114 16 uttalandet.
