1031 1631
168 88 22 16 46
540 89 81 19 Bilagor.

556 148 50 27 84.

210 184 101 20 Finsk
325 184 199 26 medborgare
540 183 455 27 fullgörsinvärnepligtvid

167 213 91 26 finsk
275 215 101 25 trupp.

211 243 132 21 Inträde
362 244 7 20 i
387 244 105 26 tjänst
510 244 36 26 pä
568 244 99 26 grund
683 244 29 26 af
728 244 124 26 uppbåd
867 244 126 20 bestäm-

168 279 58 14 mes
244 279 103 20 genom
365 274 150 28 lottning.
550 274 11 20 I
580 274 98 21 sådan
698 274 142 26 lottning
858 274 135 24 deltager

168 303 446 27 enhvarblottengängisitt
635 304 47 26 lij.

556 370 16 26 8
587 370 19 20 5.

210 404 85 20 Antalet
311 405 22 25 af
345 405 32 20 det
390 405 32 26 för
435 405 32 20 de
482 405 111 26 finska
610 406 109 20 aktiva
735 405 257 26 truppafdelnin-

167 440 118 20 garnas
307 434 157 27 komplettering
486 435 132 27 erforderliga
641 435 105 26 manskap
769 435 120 20 bestämmes
912 435 79 26 årligen

169 464 22 26 af
210 464 104 26 Kejsaren
334 465 36 19 och
391 464 126 27 Storfursten
537 466 37 25 på
592 465 234 26 föredragning
845 465 30 25 af
894 465 98 25 krigs-

167 494 743 27 ministernikejsardömet,sedansenatenför
923 495 69 19 Fin-

167 524 74 20 land
262 524 102 20 därom
385 525 137 25 afgifvit
541 525 130 26 förslag.

213 554 89 26 Uppgift
329 561 32 13 om
384 554 32 20 det
438 554 92 21 sålunda
552 555 105 21 bestämda
680 555 77 20 antalet
779 555 104 20 meddelas
906 556 86 18 senaten

167 589 72 20 genom
255 584 103 26 kejserligt
372 584 90 26 reskript
476 584 33 20 till
522 585 217 26 generalguvernören.
840 581 1 4 |

552 644 16 26 $
584 644 17 20 7.

208 679 782 27 Attmedpenningarlösasigfrånvärnepligten

167 709 79 20 eller
265 715 103 14 annan
387 709 49 26 för
454 710 47 25 sig
519 710 100 20 ställa
638 711 32 19 är
690 710 66 19 icke
773 709 132 21 tillåtet.

209 739 101 20 Finsk
330 739 206 26 medborgare,
558 746 60 13 som
638 739 78 26 fyllt
736 739 119 26 femton
873 740 37 23 år,
933 739 57 20 kan

166 768 161 26 frikallas
345 769 72 26 från
435 769 72 20 sina
526 769 227 26 undersåtliga
771 769 121 26 pligter
909 769 83 26 först

167 798 82 26 efter
285 799 48 20 det
353 799 58 20 han
433 799 155 26 fullgjort
609 799 50 20 sin
681 799 186 26 värnepligt
888 799 50 20 vid
959 799 33 20 de

167 829 131 19 stående
322 830 179 25 trupperna
526 829 79 20 eller
630 829 121 26 uttagit
775 829 64 23 lott,
865 835 61 14 som
951 829 38 20 be-

166 858 86 25 friar
274 859 106 20 honom
404 859 72 25 från
501 859 97 20 sådan
624 859 110 26 tjänst,
761 859 78 19 eller
861 859 53 20 ock
934 859 56 25 för-

167 887 126 21 klarats
313 889 130 26 oduglig
463 889 55 20 till
537 889 206 26 krigstjänst.

208 917 95 20 Finsk
327 919 189 26 medborgare,
542 925 56 14 som
624 919 95 19 vistas
741 918 7 20 i
769 919 219 24 kejsaredömet,

166 947 125 26 fullgör
314 948 50 20 sin
390 949 186 26 värnepligt
600 948 102 27 enligt
727 948 90 26 finsk
841 948 55 26 lag.
937 948 52 19 An-

165 977 118 26 gående
300 978 150 25 eftergift
473 979 46 19 och
536 978 166 21 lättnader
721 978 4 19 i
743 978 247 26 värnepligtens

165 1007 377 26 fullgörande
390 1003 54 35 för
458 1003 95 35 finsk
565 1008 206 25 medborgare,
789 1014 59 13 som
865 1007 125 20 inträdt

167 1037 6 19 i
198 1037 74 25 rysk
295 1037 201 26 krigstjänst
520 1038 78 19 eller
622 1038 80 25 eljes
727 1037 192 26 uppehåller
942 1038 49 25 sig

167 1067 81 19 inom
273 1067 237 26 kejsaredömet,
536 1069 32 19 är
592 1067 161 20 särskildt
771 1067 132 26 stadgat.

210 1097 54 19 Tills
280 1097 70 20 vidare
365 1097 37 20 och
419 1097 56 20 intill
490 1097 45 20 dess
551 1097 104 26 Kejsaren
671 1097 37 20 och
725 1097 126 26 Storfursten
868 1097 41 20 kan
926 1097 64 25 finna

165 1126 76 26 skäligt
257 1127 71 20 därom
343 1127 134 20 annorlunda
491 1127 105 26 förordna,
612 1129 37 18 äro
664 1127 130 20 invånarena
811 1127 6 19 i
831 1127 24 20 de
870 1127 33 20 till
917 1127 72 26 Lapp-

165 1156 98 19 markens
278 1157 66 19 härad
358 1157 92 20 hörande
465 1157 121 20 kommuner
601 1157 106 26 äfvensom
724 1157 6 20 i
746 1157 127 25 Kuolajärvi
889 1157 99 20 kommun

165 1185 22 26 af
206 1185 65 21 Kemi
289 1186 67 20 härad
374 1187 92 25 befriade
483 1187 48 25 från
550 1187 153 26 värnepligtens
722 1187 111 24 utgörande
846 1187 36 19 och
898 1187 92 19 inkallas

164 1215 55 26 förty
231 1216 45 19 icke
287 1216 32 20 till
329 1216 95 26 lottning.
448 1217 75 19 Denna
535 1217 92 26 befrielse
638 1216 91 26 åtnjutes
741 1216 64 20 likväl
816 1216 19 26 ej
847 1216 22 25 uf
880 1216 52 23 dem,
945 1223 44 13 som

165 1245 49 26 efter
228 1245 68 26 fyllda
310 1246 77 25 femton
403 1247 24 19 år
441 1246 33 20 till
487 1247 68 25 någon
571 1246 22 26 af
607 1246 138 26 förenämnda
760 1246 122 19 kommuner
897 1246 93 25 inflyttat

165 1275 49 25 från
231 1281 74 14 annan
322 1277 31 18 ort
370 1276 7 19 i
394 1276 75 21 landet,
487 1276 38 20 där
540 1276 24 20 de
581 1276 53 20 varit
651 1276 154 26 värnepligtige,
824 1277 49 18 utan
891 1276 99 25 förblifva

164 1304 57 20 desse
235 1304 130 26 fortfarande
379 1306 116 26 värnepligt
510 1306 157 19 underkastade.

289 1385 2 2 .
552 1365 16 26 $
580 1361 22 35 8.

207 1400 38 23 De,
271 1406 44 14 som
336 1401 29 25 pä
392 1400 100 26 grund
512 1400 30 26 af
562 1400 62 20 dom
645 1402 52 18 äro
717 1400 180 26 förlustiga
918 1400 70 20 med-

164 1429 178 27 borgerligt
362 1430 184 26 förtroende
566 1430 79 20 eller
665 1430 152 26 ovärdiga
838 1432 43 18 att
901 1431 7 21 i
928 1430 61 20 lan-

164 1459 67 19 dets
251 1459 104 25 tjänst
373 1460 132 26 nyttjas,
518 1460 22 26 få
552 1460 18 26 ej
583 1460 242 26 inträda
676 1455 12 35 i
698 1460 127 26 krigstjänst.
