1028 1631
314 90 21 15 R.
351 93 16 13 0.
384 89 19 17 A.
418 86 51 20 1899.
484 90 22 16 23
520 90 56 16 Mars.
834 91 23 16 93

33 151 34 18 ett
78 148 79 20 sädant
168 148 99 20 resultat.
289 148 44 20 Det
345 150 24 18 är
380 155 29 13 nu
420 149 63 20 dessa
494 149 103 24 faktorer,
619 156 47 14 som
676 150 38 26 jag
724 150 80 20 tänker
814 150 43 28 mig

34 180 35 19 att
81 180 33 18 ett
126 178 184 24 ständerutskott,
324 184 47 14 som
384 179 56 19 dock
451 179 7 19 i
470 179 53 20 sista
535 179 59 20 hand
607 180 39 20 bär
658 181 104 19 ansvaret
773 180 7 20 i
792 180 65 26 högre

33 209 54 25 grad
97 210 27 18 än
134 208 27 20 de
169 208 98 20 enskilda
276 208 170 21 medlemmarne
455 209 7 19 i
471 209 207 26 representationen,
689 210 71 20 mäste
769 210 88 22 beakta,

35 239 27 19 dä
73 239 37 19 det
121 238 56 20 dock
187 238 54 20 skall
251 238 40 20 sist
301 238 40 20 och
352 238 101 27 slutligen
463 239 61 20 finna
535 239 31 26 sig
576 240 125 20 nödsakadt
711 241 35 19 att
756 240 100 26 förflytta

33 268 77 26 frägan
123 268 48 20 frän
185 268 61 20 detta
259 268 88 26 privata
360 269 88 19 omräde
460 269 34 19 till
507 269 37 20 det
557 269 107 21 officiella.
690 270 43 26 Jag
746 276 62 14 anser
821 270 37 19 det

33 305 54 13 vara
102 298 22 20 af
138 299 80 19 största
233 298 47 26 vigt
295 300 41 22 att,
351 298 67 20 innan
433 305 52 13 man
498 299 84 20 lemnar
597 300 61 19 dessa
673 299 87 26 privata
775 301 81 21 möten,
866 306 4 4 *

34 334 51 14 man
97 330 39 24 gör
147 328 34 20 för
193 328 31 26 sig
236 328 65 24 klart,
314 328 57 20 huru
383 328 77 27 frägan
472 328 76 21 vidare
560 329 54 20 skall
626 329 128 20 behandlas.
779 329 42 20 Det
834 331 25 18 är

34 364 26 14 ur
69 358 71 20 denna
149 358 120 26 synpunkt,
279 364 47 14 som
335 358 36 26 jag
380 358 50 20 ville
438 360 53 24 taga
499 358 77 27 frägan
592 359 32 19 till
633 359 49 20 tals.
699 360 43 19 För
751 359 45 20 min
805 365 52 19 egen

34 388 34 20 del
80 388 40 20 har
131 388 36 26 jag
179 388 78 20 liksom
269 388 58 20 Frih.
340 394 44 14 von
396 388 60 20 Born
467 388 48 20 icke
526 389 59 20 varit
596 389 95 20 tilltalad
703 389 23 20 af
738 390 62 19 detta
812 390 45 18 sätt

34 420 35 18 att
82 418 109 20 behandla
205 424 26 14 en
244 418 34 20 för
291 418 145 20 fosterlandet
449 419 23 19 sä
486 418 69 27 vigtig
568 419 61 25 fräga
643 425 47 14 som
704 420 71 19 denna
789 419 70 20 under

33 448 87 23 former,
137 448 58 20 vilka
211 448 80 20 afvikit
306 448 48 20 frän
369 448 146 26 grundlagens
526 448 52 20 bud.
600 449 42 26 Jag
652 450 47 19 tror
710 450 35 19 att
756 449 22 19 vi
789 449 70 25 aldrig

34 478 89 20 komma
135 478 32 20 till
180 478 66 26 nägot
257 478 97 20 hällbart
364 478 100 25 resultat,
476 484 36 15 om
523 478 23 20 vi
557 478 48 20 icke
616 479 95 20 äterföra
722 479 88 26 frägans
821 479 38 19 be-

34 508 105 26 handling
153 508 33 20 till
200 508 37 20 det
251 508 56 20 enda
321 508 109 20 korrekta.
458 508 43 26 Jag
514 508 69 20 skulle
598 508 77 24 derför,
691 509 67 20 sedan
772 509 27 20 de
812 508 47 26 vig-

34 538 80 26 tigaste
123 538 166 26 synpunkterna
298 538 74 20 blifvit
382 538 71 20 såsom
463 538 27 20 de
498 545 30 13 nu
536 538 167 26 ifrågavarande
712 538 145 24 behandlade,

34 568 34 19 för
79 568 45 19 min
137 568 33 19 del
182 568 114 19 vördsamt
306 568 112 26 tillstyrka
430 570 34 18 att
476 568 42 20 alla
530 569 26 19 de
568 568 68 26 öfriga
648 570 58 19 ännu
718 569 141 19 äterstäende

34 597 102 26 frägorna
153 597 48 20 utaf
217 597 240 27 värnepligtsförslaget
473 598 50 20 med
540 598 113 26 undantag
669 598 23 20 af
708 599 57 23 dem,
782 598 74 20 hvilka

34 628 54 19 höra
102 627 33 20 till
151 628 52 19 sista
217 627 101 26 kapitlet,
334 628 71 19 mätte
418 628 23 19 fä
456 628 120 20 behandlas
591 628 27 26 pä
634 629 37 19 det
686 628 88 26 vanliga
789 629 69 19 sättet

34 659 54 18 utan
108 657 87 26 privata
215 658 199 19 sammanträden.*

77 717 33 20 Hr
132 717 216 20 Svinhufvud:
379 717 117 26 Pyydän?)

77 777 58 20 Frih.
153 777 27 20 R.
199 778 25 19 A.
244 777 146 26 Wrede:2)
423 778 41 20 Om
475 778 42 20 den
528 779 85 19 senaste
624 778 62 20 delen
696 778 23 20 af
730 778 33 20 Hr
773 778 86 19 Antells

34 807 106 26 yttrande
151 807 44 20 kan
207 807 37 26 jag
255 813 54 14 vara
322 814 57 17 ense,
392 808 134 20 ätminstone
538 808 7 19 i
557 808 133 23 hufvudsak,
703 814 51 14 men
764 808 8 20 i
784 808 75 20 anled-

35 837 52 26 ning
98 837 23 20 af
131 837 60 20 hvad
202 837 33 20 Hr
246 837 73 20 Antell
331 838 151 20 dessförinnan
493 839 79 25 yttrat,
584 838 38 19 ber
632 838 36 26 jag
679 838 22 20 fä
712 839 53 25 göra
776 839 83 18 tvenne

35 867 78 26 frågor.
143 867 48 20 Den
203 873 40 14 ena
256 869 30 22 är,
300 867 56 20 huru
369 868 79 26 många
460 868 81 26 gånger
552 868 85 20 fordras
650 869 37 19 det
699 869 35 19 att
746 869 34 18 ett
792 867 65 20 stånd

35 897 55 20 skall
105 897 58 20 fatta
183 897 72 20 beslut
270 898 113 25 angäende
399 904 83 14 samma
497 898 74 26 fräga?
602 898 41 20 Om
659 899 33 18 ett
708 898 65 20 ständ
789 897 70 20 skulle

35 927 98 20 förkasta
147 933 27 14 en
189 927 213 27 sammanjemkning
415 928 7 19 i
436 934 27 13 en
477 928 185 26 grundlagsfräga,
678 928 55 20 skall
748 928 27 19 dä
788 929 71 24 ytter-

35 957 66 26 ligare
111 963 26 14 en
147 957 213 26 sammanjemkning
369 957 133 21 framställas
512 958 40 19 och
562 958 66 19 sedan
638 957 127 27 ytterligare
774 964 27 13 en
811 963 18 14 0.
841 963 16 14 s.

35 993 21 14 v.
70 987 23 20 sä
110 987 91 20 innebär
213 987 62 20 detta
288 989 35 19 att
335 989 34 19 tre
382 988 65 20 stånd
460 988 68 19 skulle
541 987 77 20 utöfva
631 994 27 13 en
670 987 97 26 pression
780 987 28 26 pä
821 987 36 20 det

35 1017 70 26 fjerde
118 1017 95 24 ständet,
223 1023 47 14 som
279 1019 24 18 är
312 1017 88 20 alldeles
409 1018 99 19 oerhörd.
524 1018 49 19 Den
583 1018 68 20 andra
660 1018 76 25 frägan
746 1019 24 18 är
779 1018 79 19 denna:

36 1047 41 20 Om
77 1043 14 32 i
105 1053 27 14 en
142 1047 68 20 sädan
221 1047 107 20 situation
339 1053 46 14 som
397 1048 77 23 denna,
486 1049 33 18 ett
530 1048 64 19 ständ
605 1047 33 20 för
648 1047 111 20 vinnande
770 1047 22 20 af
802 1053 57 14 sam-

35 1077 143 26 stämmighet
196 1077 54 20 skall
264 1077 76 26 frångå
355 1077 33 20 sin
395 1077 151 26 välgrundade
559 1077 145 26 öfvertygelse
717 1077 9 20 i
738 1083 26 14 en
774 1077 85 26 'grund-

35 1107 107 26 lagsfräga
153 1107 22 20 af
185 1107 67 20 sädan
260 1107 119 26 betydelse,
387 1107 60 20 hvad
455 1108 92 27 betyder
554 1108 37 19 det
601 1107 27 20 dä
638 1109 35 18 att
683 1107 105 20 särskilda
799 1107 60 20 stad-

35 1137 86 25 ganden
138 1138 37 19 äro
190 1137 100 26 hägnade
305 1137 50 20 med
369 1137 195 26 grundlagshelgd?
593 1137 66 20 Hvad
675 1137 93 26 betyder
788 1137 70 22 detta,

35 1173 36 13 om
85 1168 33 18 ett
133 1167 65 20 ständ
215 1167 48 20 icke
276 1167 34 20 fär
324 1167 96 20 vidhälla
435 1167 33 20 sin
482 1167 145 26 öfvertygelse
640 1167 7 20 i
661 1173 27 14 en
702 1167 68 20 sädan
784 1166 75 27 fräga?

35 1196 100 26 Afsigten
147 1197 50 20 med
213 1197 71 20 denna
295 1197 183 26 grundlagshelgd
490 1199 24 18 är
525 1197 46 26 just
583 1197 47 23 den,
643 1199 35 18 att
688 1199 34 18 tre
734 1197 66 20 ständ
811 1196 48 20 icke

35 1226 61 20 skola
109 1227 75 19 kunna
202 1227 68 20 ändra
283 1228 34 19 ett
330 1227 80 20 sädant
423 1227 122 26 stadgande
558 1229 54 18 utan
626 1227 37 20 det
675 1227 70 26 fjerde
758 1227 102 20 ständets

36 1256 120 26 samtycke.
194 1257 51 20 Man
264 1257 73 25 frägar
355 1257 83 23 vidare,
458 1257 56 20 huru
533 1257 251 25 Värnepligtsutskottet
804 1256 54 20 skall

35 1285 75 21 kunna
123 1286 50 26 foga
187 1286 30 26 sig
230 1286 7 20 i
250 1288 33 18 ett
297 1287 80 19 sädant
389 1286 143 24 förhällande,
547 1286 40 20 och
600 1286 56 20 huru
669 1286 191 26 samstämmighe-

35 1316 38 19 ten
85 1316 55 20 skall
152 1316 74 20 kunna
238 1316 79 20 vinnas
330 1317 28 25 pä
371 1318 32 18 ett
415 1316 81 20 sädant
508 1316 56 20 sätt?
587 1316 35 23 Jo,
636 1316 37 20 det
685 1318 24 18 är
720 1316 90 26 mycket
822 1322 37 13 en-

35 1345 52 20 kelt.
110 1345 51 20 Man
173 1346 55 20 låter
239 1346 77 26 frågan
327 1346 93 24 förfalla,
434 1347 20 19 d.
466 1352 22 14 v.
501 1346 35 20 s.i
548 1346 61 20 detta
620 1346 38 20 fall
669 1346 77 26 frågan
758 1352 36 14 om
807 1345 8 20 1
829 1346 31 24 $:s

70 1398 14 21 1)
97 1399 109 20 Stenogram
221 1399 74 16 saknas.
318 1400 65 20 Enligt
398 1400 209 20 memorialprotokollet
622 1400 127 16 understödde
764 1400 29 15 Hr
804 1399 54 17 Svin-

35 1422 72 16 hufvud
123 1423 28 16 Hr
167 1423 56 16 Reins
239 1423 69 21 förslag
323 1424 30 16 att
365 1424 7 20 $
385 1424 33 16 123
434 1428 57 12 mom.
504 1424 8 16 1
525 1424 58 16 skulle
595 1424 101 16 behandlas
708 1424 48 16 först
767 1424 48 15 efter
826 1423 33 16 det

35 1446 61 16 beslut
103 1446 68 16 fattats
179 1446 94 21 angäende
282 1448 7 19 $
297 1447 28 16 20.

71 1469 14 21 ?)
94 1470 49 16 Frih.
157 1470 74 16 Wredes
245 1471 120 20 andragande
378 1472 21 15 är
410 1472 40 15 icke
464 1472 115 16 antecknadt
591 1472 6 15 i
609 1469 222 24 memorialprotokollet.!
