1025 1631
154 80 33 16 142
439 82 22 16 R.
475 85 16 13 0.
507 82 20 16 A.
542 82 52 16 1899.
608 82 23 16 13
645 82 56 20 April.

154 142 34 18 att
203 140 38 20 det
256 141 53 20 skall
324 147 53 14 vara
391 142 91 20 infödde
496 142 71 20 finske
582 144 58 21 män,
656 148 50 14 men
721 142 22 19 vi
758 143 51 19 veta
825 142 64 19 ocksä
904 143 33 18 att
953 148 26 13 en

154 176 73 14 annan
236 171 74 25 praxis
319 171 58 26 gjort
386 172 31 26 sig
426 172 108 26 gällande,
545 178 46 14 som
600 172 110 26 nämligen
719 172 38 25 gär
766 172 66 25 derpä
843 173 24 18 ut
876 172 34 19 att
920 172 60 19 med-

154 200 126 26 borgarrätt
292 207 88 14 vunnen
392 207 79 21 genom
484 202 169 20 naturalisation
666 202 85 20 medför
764 208 84 14 samma
860 202 52 19 rätt.
933 201 45 20 Och

154 230 66 23 hvad,
235 236 47 14 som
296 233 23 17 är
333 232 37 19 det
383 233 57 18 mest
454 232 127 26 afgörande,
597 232 40 20 120
650 232 9 24 $
672 232 6 19 i
689 232 132 25 nugällande
834 231 145 26 värnepligts-

155 260 36 26 lag
205 266 63 14 anses
283 261 86 20 ansluta
384 262 32 25 sig
430 262 33 19 till
479 262 71 20 denna
565 262 151 26 uppfattning,
732 262 27 19 dä
775 262 42 19 den
832 262 77 19 endast
924 262 57 19 talar

154 296 36 13 om
209 290 71 20 finske
298 291 142 26 medborgare
459 293 54 18 utan
533 292 36 19 det
588 292 75 26 epitet,
688 298 45 13 som
753 292 145 19 förekommer
916 291 5 19 i
941 297 39 14 var

153 320 108 26 grundlag
276 321 108 25 nämligen
399 321 98 20 infödda.
523 321 44 20 Det
582 322 121 25 medgifves
718 323 34 18 att
768 322 62 19 detta
845 323 24 18 är
883 327 26 13 en
927 327 53 19 svag

154 350 79 25 punkt,
250 350 40 20 och
305 351 64 19 därät
384 352 43 19 kan
443 352 70 19 under
527 352 128 19 nuvarande
670 352 152 19 förhällanden
837 351 56 20 intet
908 352 70 24 göras.

154 380 50 19 Men
215 380 100 20 däremot
325 381 44 19 kan
379 381 37 26 jag
426 381 48 20 icke
485 382 97 19 erkänna
593 383 34 18 att
639 382 41 19 den
691 382 54 22 fara,
757 381 46 20 som
814 381 66 25 ligger
890 381 6 19 i
908 382 71 18 denna

154 410 132 20 monarkens
307 412 45 18 rätt
374 411 33 19 till
429 411 169 20 naturalisation
621 412 68 19 skulle
712 411 135 26 förebyggas,
871 417 34 13 om
928 417 50 13 man

154 441 79 24 antoge
246 442 33 18 ett
290 440 80 26 förslag
381 441 80 20 sådant
473 448 46 13 som
532 442 37 19 det
581 447 29 13 nu
621 441 154 26 föreliggande.
798 441 105 20 Tvärtom
915 447 64 19 synes

154 470 43 25 mig
212 471 34 18 att
261 470 60 20 detta
335 476 53 14 vore
401 472 35 19 att
451 471 51 20 bota
518 471 55 20 ondt
586 472 49 19 med
648 471 86 20 hälften
748 473 69 18 värre.
844 471 32 26 Ty
890 472 89 18 natura-

153 500 88 19 lisation
255 500 131 20 förutsätter
398 501 8 19 i
419 501 77 25 hvarje
510 501 102 20 händelse
626 508 26 13 en
667 501 91 20 särskild
772 501 39 19 akt
825 501 22 19 af
860 501 118 19 monarken

154 530 143 26 personligen.
328 530 48 20 Den
392 530 131 21 förutsätter
539 531 74 19 vidare
630 538 35 12 om
682 532 42 19 den
740 531 47 19 icke
803 531 54 19 skall
873 530 105 20 innebära

154 560 125 25 uppenbart
295 560 115 23 missbruk,
426 562 35 18 att
475 561 42 19 den
539 559 46 21 som
600 561 154 20 naturaliseras
769 561 108 25 verkligen
894 561 38 19 har
945 560 34 19 för

153 589 66 26 afsigt
231 591 36 18 att
280 589 27 20 bo
319 590 7 19 i
338 590 76 20 landet
427 591 71 19 såsom
511 597 26 13 en
551 591 22 19 af
585 591 48 19 dess
646 591 149 25 medborgare.
820 590 80 20 Häruti
913 590 67 25 ligger

153 619 82 20 således
251 619 55 20 dock
319 620 78 25 någon,
412 627 36 13 om
462 621 40 19 ock
515 621 47 19 icke
575 627 26 13 en
614 621 206 26 tillfyllestgörande
833 620 85 26 garanti
932 622 46 17 mot

152 649 160 20 russiffikation
329 649 22 20 af
367 650 154 20 officerskåren
538 650 37 20 vid
591 651 26 19 de
631 650 71 20 finska
715 651 126 25 trupperna,
855 650 77 20 medan
945 651 32 18 ett

152 678 87 26 förslag,
255 679 77 20 sådant
346 685 46 14 som
406 680 37 20 det
457 686 29 13 nu
499 680 146 26 föreliggande
663 687 53 13 vore
728 680 7 19 i
748 681 84 19 saknad
845 680 22 19 af
880 686 25 13 en
918 680 60 25 dylik

152 709 93 25 garanti.
263 709 43 20 Det
317 710 191 26 ändringsförslag,
521 716 46 13 som
579 710 32 19 Hr
622 711 55 19 Rein
689 710 75 26 gjorde
775 709 139 21 beträffande
925 710 52 19 sista

152 744 66 14 mom.
235 739 34 19 uti
285 739 137 26 paragrafen,
439 740 71 19 mäste
526 740 37 26 jag
579 740 64 20 ocksä
661 746 51 14 anse
729 746 53 14 vara
798 746 26 13 en
841 739 136 26 försämring.

152 768 44 20 Det
205 770 24 18 är
238 769 67 26 enligt
314 769 46 20 min
369 770 67 19 tanke
446 769 165 26 otvifvelaktigt
621 770 73 19 bättre
704 771 34 18 att
748 770 26 19 de
783 770 65 25 ryska
858 769 119 23 officerare,

152 804 46 13 som
208 799 103 25 möjligen
320 799 68 20 vinna
397 800 134 25 anställning
540 800 36 19 vid
585 800 72 20 finska
666 801 99 24 trupper,
775 812 27 1 —
811 806 34 13 om
857 806 49 13 man
917 801 60 18 näm-

151 828 56 25 ligen
227 828 70 20 skulle
314 829 118 26 godkänna
452 830 62 19 detta
532 829 181 26 förslag,
641 824 14 35 —
663 829 50 26 icke
732 830 68 19 skulle
819 829 67 20 blifva
905 829 71 20 finska

152 858 149 25 medborgare,
323 860 27 25 ty
372 859 125 26 derigenom
519 859 109 20 försväras
650 859 33 20 för
706 859 49 20 dem
778 859 141 26 möjligheten
942 861 33 18 att

151 887 67 20 vinna
230 888 82 25 platser
323 889 28 25 pä
364 889 42 20 den
418 889 64 20 civila
495 889 250 20 ämbetsmannabanan.
769 889 118 20 Dessutom
899 889 80 20 strider

151 917 38 20 det
203 917 46 20 helt
263 918 39 19 och
316 918 68 20 hället
398 920 47 19 mot
460 919 118 26 begreppet
592 919 197 26 medborgarerätt,
804 921 34 18 att
853 919 41 19 den
909 919 68 19 skulle

150 947 76 20 kunna
241 948 111 20 meddelas
367 949 79 20 endast
460 950 129 25 temporärt,
605 949 71 20 säsom
694 949 105 20 Senatens
814 949 79 25 förslag
907 949 70 19 förut-

150 978 76 19 sätter.
253 977 8 20 I
276 978 61 20 detta
352 978 102 20 afseende
465 981 23 18 är
498 979 72 19 derför
579 979 67 26 enligt
656 979 46 20 min
712 979 73 22 tanke,
797 979 127 19 Utskottets
935 978 42 19 för-

150 1007 52 26 slag,
223 1007 69 20 ehuru
311 1008 37 19 det
367 1008 120 26 ingalunda
507 1009 43 19 kan
569 1009 135 26 godkännas,
724 1009 73 19 bättre
817 1010 27 18 än
865 1009 110 19 Senatens.

150 1036 71 21 Ocksä
233 1037 7 19 i
253 1037 59 26 fräga
325 1043 36 14 om
373 1038 176 26 spräkkunskap,
562 1039 43 19 kan
617 1039 37 19 det
666 1039 36 19 väl
715 1038 140 26 ifrägasättas
867 1038 108 19 huruvida

149 1067 103 26 kunskap
266 1067 7 20 i
288 1067 85 20 landets
387 1068 115 20 inhemska
517 1069 64 25 spräk
596 1069 39 19 bör
649 1068 85 20 fordras
748 1068 51 19 eller
813 1068 53 19 icke.
895 1068 41 19 Det
953 1070 24 17 är

150 1096 111 26 nämligen
270 1097 60 20 fallet
340 1099 35 18 att
385 1098 120 23 officerare,
517 1104 46 14 som
572 1098 47 20 icke
629 1099 74 19 kunna
715 1098 25 19 de
750 1098 114 19 inhemska
874 1098 101 25 spräken,

150 1126 109 26 svärligen
272 1127 75 20 kunna
360 1127 8 20 i
382 1133 84 14 samma
479 1128 54 25 grad
546 1128 114 19 användas
673 1129 36 18 att
722 1127 96 20 bestrida
832 1127 92 26 tjenster
937 1127 38 20 vid

150 1156 26 19 de
195 1155 74 21 finska
287 1157 128 26 trupperna,
436 1163 46 14 som
503 1163 35 14 om
558 1158 26 19 de
603 1159 37 18 äro
659 1157 170 20 hemmastadda
848 1157 7 19 i
875 1157 99 26 spräken.

149 1185 81 20 Härtill
251 1186 99 20 kommer
369 1187 112 20 dessutom
501 1189 34 18 att
555 1187 67 20 sädan
641 1187 91 20 fordran
752 1187 27 26 pä
799 1187 176 26 spräkkunskap,

148 1215 104 26 vanligen
269 1216 78 20 blifver
364 1223 26 13 en
406 1217 90 20 fordran
513 1217 78 20 endast
608 1218 27 25 pä
653 1219 100 24 pappret.
789 1217 8 19 I
815 1217 71 19 denna
903 1217 72 25 punkt

148 1246 39 24 gör
197 1245 37 26 jag
247 1245 55 20 dock
313 1246 47 20 icke
372 1247 72 26 någon
456 1247 151 26 anmärkning.

191 1275 42 19 För
242 1275 46 19 min
297 1276 33 19 del
340 1282 64 13 anser
412 1277 37 25 jag
458 1277 72 19 derför
539 1278 34 18 att
581 1278 33 18 ett
623 1277 161 25 godkännande
794 1276 22 20 af
827 1276 148 26 Värnepligts-

148 1304 124 20 utskottets
281 1304 81 27 förslag
371 1306 7 19 i
388 1306 102 20 afseende
500 1306 12 20 ä
523 1306 71 20 denna
604 1306 102 26 paragraf
717 1306 68 20 under
794 1306 51 26 inga
852 1306 71 19 vilkor
930 1306 42 19 kan

147 1334 90 20 komma
235 1330 13 37 i
262 1334 66 26 fräga,
338 1335 38 20 det
384 1342 53 13 vore
445 1336 111 26 verkligen
565 1337 34 19 att
607 1337 73 25 öppna
690 1336 77 19 dörren
776 1336 33 19 för
817 1336 26 19 de
851 1337 56 18 mest
915 1335 58 19 vidt-

146 1364 85 25 gäende
243 1365 179 26 omstörtningar,
434 1367 35 18 att
479 1366 120 25 sjelfvilligt
609 1366 60 25 gifva
679 1365 58 20 ifrän
748 1366 31 25 sig
790 1372 26 13 en
827 1365 22 20 af
860 1366 26 19 de
896 1370 78 21 garan-

147 1393 48 23 tier,
210 1394 22 19 vi
248 1400 29 13 nu
292 1394 66 20 hafva
373 1394 34 20 för
416 1395 41 19 vär
466 1395 45 20 inre
521 1395 66 20 frihet
597 1396 40 19 och
647 1396 41 19 vär
698 1392 110 23 nationela
819 1395 94 20 tillvaro.
930 1395 44 25 Jag

146 1423 39 19 vill
196 1423 103 26 slutligen
309 1424 68 20 innan
388 1425 38 25 jag
437 1425 69 19 slutar
517 1425 62 19 detta
590 1425 106 25 yttrande
708 1426 87 22 nämna,
807 1426 35 18 att
851 1424 37 26 jag
895 1425 77 19 visser-

146 1452 57 26 ligen
217 1453 7 19 i
239 1453 159 26 Lagutskottet
413 1454 40 20 har
467 1456 70 18 röstat
551 1454 34 20 för
599 1455 37 19 det
650 1454 88 26 förslag,
749 1460 47 14 som
806 1454 49 20 utaf
862 1454 111 26 pluralite-
