1048 1636
158 95 22 16 14
433 96 21 16 R.
470 99 17 13 0.
504 96 22 16 A.
542 95 58 17 1899.
616 96 24 17 16
653 96 58 16 Mars.

157 155 8 20 i
179 155 45 23 allt,
240 161 47 14 som
301 155 39 20 hör
353 155 33 20 till
400 155 174 26 krigspolitiken,
589 156 65 19 ocksä
669 155 183 26 sammanhänger
865 155 50 20 med
929 153 53 26 Kej-

158 185 130 24 saredömet,
302 185 71 20 säsom
386 187 33 18 ett
431 185 101 26 politiskt
543 185 148 26 rättssubjekt
703 185 62 26 ingär
777 185 7 20 i
795 185 68 20 rikets
875 184 106 21 totalitet.

157 215 42 20 Att
212 215 129 26 paragrafen
355 215 126 26 därigenom
495 215 44 20 blef
552 217 79 24 tyngre
643 215 34 20 till
691 215 32 20 sin
737 215 56 20 form
807 216 28 19 än
849 215 41 20 den
903 214 80 21 hittills

157 245 65 23 varit,
235 245 79 26 ansägs
324 245 48 20 icke
383 245 75 20 kunna
470 247 78 24 utgöra
560 245 67 26 nägot
637 245 95 26 verkligt
744 245 77 20 hinder
832 246 59 19 emot
902 245 81 25 uppta-

157 274 82 26 gandet
250 275 60 20 såväl
319 274 23 21 af
350 271 197 24 vfäderneslandet»
557 281 46 14 som
613 275 66 20 också
688 275 22 20 af
720 274 82 24 »riket»,
813 274 39 20 och
863 274 27 26 pä
901 274 37 20 det
948 275 34 18 att

158 305 38 19 det
203 304 49 21 icke
261 311 25 13 ur
294 305 106 26 spräkligt
408 305 69 26 logisk
486 305 114 26 synpunkt
609 305 68 19 skulle
685 310 66 21 synas
759 304 91 26 oriktigt
859 305 34 19 att
901 306 81 18 nämna

157 334 184 24 fäderneslandet,
357 335 69 23 delen,
439 335 40 20 och
492 335 64 23 riket,
564 335 133 23 totaliteten,
711 335 22 19 sä
747 334 137 26 begagnades
898 335 85 24 uttryc-

157 364 39 20 ket
208 364 59 21 »hela
280 365 36 19 det
328 365 65 26 ryska
405 365 73 23 riket»,
491 365 150 20 innebärande
652 371 27 14 en
691 365 53 19 vink
757 370 36 14 om
805 365 34 19 att
851 364 131 20 författaren

157 394 93 30 förstätt
266 396 35 18 att
317 394 178 21 fäderneslandet
512 395 40 20 här
568 395 132 26 ingredierar
716 394 6 20 i
740 395 41 19 den
799 400 74 14 senare
889 395 93 19 termen.

201 424 73 20 Äfven
284 426 96 18 otronem
390 426 24 19 är
424 425 113 26 återgiven
547 425 57 20 olika
614 426 60 19 emot
683 425 8 19 i
700 424 128 20 nuvarande
837 423 145 27 värnepligts-

157 454 41 26 lag.
229 454 71 20 Ocksä
316 455 61 20 detta
392 461 40 14 var
446 455 91 20 föremäl
551 454 34 20 för
599 455 82 25 ganska
696 454 68 26 lifliga
778 454 202 26 meningsutbyten.

157 484 118 20 Yrkandet
286 486 34 18 att
332 491 52 14 man
396 484 68 21 borde
475 486 52 25 säga
539 485 51 20 »den
602 484 121 27 Kejserliga
735 486 88 18 tronen»
835 484 40 20 och
887 484 47 20 icke
946 490 37 13 en-

158 514 50 20 dast
221 516 104 22 »tronen»,
340 515 147 20 motiverades
501 515 89 20 dermed
603 516 35 18 att
652 515 26 19 de
691 514 37 20 vid
743 514 50 20 nåd.
808 520 73 20 prop:s
895 514 88 20 utarbe-

157 544 68 20 tande
234 544 116 21 tillkomna
361 545 159 26 handlingarna
530 544 60 27 gifva
600 544 37 20 vid
648 545 87 19 handen
745 546 35 18 att
790 550 51 14 man
851 544 60 19 velat
920 543 62 20 tolka

157 574 63 20 ordet
228 575 98 19 »tronen»
334 575 72 19 såsom
415 575 37 20 det
461 575 109 26 begagnas
578 574 7 20 i
595 574 96 20 1878.ärs
699 573 175 27 Värnepligtslag
883 579 99 14 samman

157 604 50 20 med
223 604 196 20 »fäderneslandet»
435 605 30 23 sä,
482 605 34 20 att
533 605 88 19 dermed
636 604 72 26 afsägs
722 604 78 20 endast
812 603 41 20 den
866 603 116 20 Storfurst-

156 634 43 26 liga
209 635 86 22 tronen,
305 634 47 21 icke
363 635 41 19 den
414 634 122 27 Kejserliga
546 635 105 26 tronen.1)
660 635 41 19 Att
711 636 52 24 säga
773 634 60 19 säväl
843 633 42 20 den
895 633 88 26 Kejser-

157 663 42 27 liga
214 670 49 14 som
278 664 150 26 Storfurstliga
443 665 78 20 tronen
537 664 68 21 skulle
619 665 36 19 väl
670 664 68 20 hafva
753 663 73 20 blifvit
844 663 34 20 för
902 663 80 26 vidlyf-

156 694 50 25 tigt.
228 694 34 20 En
273 694 67 20 rikets
350 696 50 18 tron
411 695 44 19 kan
466 701 51 13 man
528 690 51 24 anse
587 694 118 21 förefinnas
713 694 72 19 säsom
793 699 26 14 en
827 693 156 20 sammanfatt-

156 723 53 26 ning
224 724 62 20 säväl
301 724 22 20 af
338 724 179 26 Kejsaredömets
533 730 47 14 som
596 724 223 20 Storfurstendömets
833 724 82 22 troner,
931 729 51 14 men

156 759 27 14 en
204 754 147 26 oegentlighet
372 754 100 20 vidläder
486 755 56 19 dock
557 754 114 26 uttrycket
686 753 131 26 »Kejserliga
832 754 95 22 tronen»,
944 759 38 14 an-

156 783 72 20 vändt
238 784 8 19 i
258 784 119 26 singularis,
390 784 28 20 dä
430 784 69 26 fjerde
510 784 93 20 artikeln
615 784 7 20 i
633 784 26 20 de
670 784 66 26 ryska
748 783 161 26 grundlagarna
921 784 62 25 säger

156 815 36 18 att
202 814 52 19 med
264 814 65 26 ryska
340 814 180 26 Kejsaredömets
531 815 50 19 tron
592 816 37 18 äro
640 814 130 19 Tsardömet
781 813 78 19 Polens
870 813 41 19 och
923 813 59 19 Stor-

156 843 162 20 furstendömet
329 843 105 21 Finlands
444 845 74 19 troner
528 844 137 25 oskiljaktigt
675 843 110 20 förenade.
807 842 9 20 I
826 842 66 26 ryska
901 842 81 26 grund-

156 873 63 26 lagen
230 873 110 26 begagnas
350 874 97 26 pluralis,
460 874 67 19 ehuru
539 880 74 13 senare
624 874 52 25 rysk
687 874 103 19 statsrätt
801 872 59 20 velat
870 872 112 20 vindicera

156 902 103 26 giltighet
272 904 23 19 ät
309 904 41 19 den
364 903 150 27 uppfattning,
529 904 35 19 att
577 904 78 19 tronen
669 905 24 18 är
706 903 90 20 odelbar
809 902 40 20 och
863 902 72 20 derför
948 902 33 19 till

156 932 40 20 sitt
207 933 96 26 begrepp
314 934 154 19 sammansatt.
490 933 68 20 Dessa
569 933 118 20 teoretiska
699 932 120 20 diskursers
838 932 143 26 fullständiga

156 962 138 21 refererande
306 963 40 20 här
359 963 69 20 skulle
441 963 36 20 väl
490 964 98 25 upptaga
601 963 34 20 för
647 963 94 26 mycken
754 962 40 20 tid.
821 962 161 20 Hufvudresul-

156 993 58 19 tatet
225 992 24 21 af
260 993 26 19 de
296 993 57 20 olika
373 993 87 26 äsigter,
472 999 46 14 som
529 993 71 20 brutit
611 992 31 27 sig
652 994 60 18 emot
722 992 132 23 hvarandra,
866 992 40 19 och
917 992 65 19 hvar-

156 1022 70 20 under
238 1022 39 20 det
288 1022 129 27 föreslagits,
432 1023 44 19 dels
489 1024 34 19 att
536 1029 51 13 man
601 1023 68 19 skulle
682 1022 50 20 fullt
745 1022 106 26 adoptera
864 1022 117 25 ordalagen

155 1052 7 19 i
178 1052 170 26 propositionen,
366 1053 40 20 där
421 1053 38 19 det
474 1053 61 19 heter
550 1053 51 19 »den
617 1052 122 26 Kejserliga
754 1053 89 19 tronens
859 1051 40 20 och
915 1051 66 26 ryska

154 1082 69 19 rikets
236 1082 100 24 försvar»,
352 1083 45 19 dels
410 1082 67 26 enligt
490 1089 26 13 en
529 1088 73 14 annan
615 1082 57 26 äsigt
685 1083 34 18 att
732 1082 97 25 lydelsen
843 1081 72 20 blefve
927 1082 55 18 »tro-

156 1111 53 20 nens
221 1112 42 19 och
273 1112 83 23 rikets»,
369 1112 45 20 dels
426 1112 101 26 slutligen
538 1113 35 19 att
583 1118 51 14 man
646 1111 69 20 skulle
726 1113 51 24 säga
788 1112 99 19 »tronens
898 1110 40 20 och
949 1110 32 20 fä-

156 1141 164 20 derneslandets
338 1143 58 19 samt
413 1142 49 20 hela
474 1142 36 19 det
521 1142 66 25 ryska
598 1141 83 24 rikets»,
698 1141 45 20 blef
758 1141 33 20 uti
808 1141 126 20 Utskottets
950 1146 32 13 re-

156 1171 188 20 daktionskomit&
357 1172 43 23 det,
415 1178 47 13 som
474 1172 39 19 här
525 1171 118 26 föreligger.
668 1171 78 20 Denna
759 1170 141 26 formulering
912 1172 24 18 är
948 1171 33 19 sä-

155 1201 68 20 lunda
240 1208 28 13 en
284 1202 153 26 kompromiss,
451 1208 26 13 en
491 1201 199 26 sammansättning
707 1201 23 20 af
747 1201 26 19 de
789 1200 58 20 olika
864 1200 117 26 äsigterna,

155 1231 92 20 hvilken
258 1231 49 26 gick
317 1233 26 18 ut
354 1231 68 27 derpä
433 1233 35 18 att
478 1232 40 25 $:n,
531 1231 65 20 hvars
607 1231 95 20 innehåll
714 1231 41 19 och
766 1230 88 26 mening
864 1230 7 19 i
881 1230 100 26 grunden

156 1261 55 20 dock
225 1261 109 20 förblefvo
348 1261 113 20 desamma
470 1261 57 26 ...2)
541 1261 39 20 och
594 1262 46 19 tror
653 1261 37 26 jag
704 1260 73 20 derför
790 1261 35 19 att
834 1260 64 25 ingen
908 1260 23 19 af
941 1260 41 19 Ut-

155 1290 98 21 skottets
267 1291 147 24 medlemmar,
426 1297 35 14 om
470 1291 66 20 ocksä
545 1291 47 20 icke
601 1291 50 20 fullt
660 1290 152 20 tillfredsstäld
821 1290 50 19 med
880 1290 40 25 $:n,
930 1289 51 20 ville

154 1327 112 14 reservera
276 1321 31 26 sig
314 1323 60 18 emot
382 1321 133 20 densamma.
528 1321 44 20 Det
579 1321 40 20 bör
625 1322 59 19 ännu
692 1320 101 26 tilläggas
800 1321 35 18 att
841 1319 140 20 beträffande

191 1379 14 21 1)
220 1380 86 16 Rättelse
322 1380 20 16 af
358 1380 114 20 utgifvaren.
486 1390 24 2 —
525 1380 6 15 1
545 1380 146 20 stenogrammet
709 1378 82 17 stär:..
821 1379 30 16 att
869 1383 44 11 man
930 1378 52 16 velat

155 1403 52 16 tolka
220 1404 59 16 orden
294 1405 82 15 otronen»
388 1404 62 16 såsom
464 1404 32 16 det
508 1404 93 20 begagnas
613 1404 6 15 i
631 1404 45 16 1878
687 1403 30 17 års
729 1402 150 20 Värnepligtslag
891 1403 50 15 samt
952 1403 29 15 att

154 1428 44 15 med
212 1427 166 17 »ofäderneslandet»
392 1428 61 20 afsägs
467 1428 66 16 endast
546 1428 35 15 den
599 1427 130 20 Storfurstliga
742 1428 73 17 tronen,
829 1426 40 16 icke
883 1426 35 16 den
936 1426 46 20 Kej-

154 1451 66 20 serliga
233 1452 73 16 tronen.

191 1474 13 22 2)
221 1475 6 15 I
242 1476 145 20 stenogrammet
401 1476 34 16 har
448 1476 110 15 antecknats
572 1476 29 15 att
614 1474 57 21 några
684 1475 35 16 ord
732 1475 33 15 här
778 1474 73 16 saknas.
