1036 1634
150 94 23 16 56
431 94 22 16 R.
467 98 17 12 0.
500 94 21 16 A.
535 94 54 16 1899.
604 94 22 16 17
641 94 53 16 Mars.

151 153 79 23 kande,
248 153 68 20 skulle
331 154 104 20 innebära
452 156 35 18 att
503 154 103 20 förbudet
622 154 62 26 gälde
699 154 80 20 endast
796 154 41 20 den
852 154 40 23 tid,
909 154 65 19 hvar-

152 183 69 20 under
235 183 96 26 tjensten
344 184 48 20 icke
406 184 7 20 i
428 184 27 20 de
468 184 91 20 stäende
573 186 127 24 trupperna,
715 185 55 19 utan
785 184 71 20 säsom
871 184 33 20 Hr
918 183 55 21 Rein

152 213 115 26 uttryckte
280 213 37 26 sig,
330 214 6 19 i
349 214 91 20 aktiven
453 214 133 26 fullgjordes.
611 214 50 20 Men
674 220 35 14 om
723 214 22 20 vi
757 214 31 20 slä
802 220 44 20 upp
859 214 9 25 $
888 214 6 19 3
907 219 65 14 mom.

152 242 33 24 Å.,
200 243 24 20 sä
238 243 61 20 finna
312 243 22 20 vi
347 245 35 19 att
396 244 33 20 till
444 244 26 20 de
484 244 91 20 stående
588 245 120 25 trupperna
722 244 80 20 räknas
816 244 46 20 icke
876 244 56 19 blott
941 244 33 19 1:

152 272 91 21 aktiven
256 274 53 19 utan
321 273 64 21 äfven
399 274 34 20 2:o
445 280 107 18 reserven,
566 274 40 20 och
619 274 27 20 dä
659 274 12 20 9
683 275 9 24 $
704 274 121 20 innehåller
836 275 35 19 att
882 274 92 25 tjenste-

152 302 61 20 tiden
222 305 24 18 är
255 303 99 21 bestämd
363 304 32 20 till
406 304 12 20 3
428 304 24 20 är
460 304 6 20 i
476 304 89 20 aktiven
575 304 40 20 och
624 304 12 20 7
646 304 24 20 är
678 304 114 20 ireserven
800 304 40 20 och
848 304 60 20 dessa
916 304 57 19 bäda

151 332 146 21 tillsammans
311 333 58 21 bilda
386 334 26 20 de
427 334 72 20 finska
515 334 89 20 stäende
619 336 127 24 trupperna,
762 334 23 20 sä
801 336 24 18 är
840 334 37 20 det
892 340 83 19 uppen-

152 362 50 20 bart
218 364 35 19 att
264 363 166 27 ifrägavarande
442 370 73 17 mom.,
529 364 64 20 äfven
605 364 7 20 i
624 364 41 20 den
677 364 22 20 af
710 364 34 20 Hr
755 364 105 20 Mechelin
871 363 59 27 gifna
942 363 32 20 af-

153 392 125 27 fattningen
298 394 67 20 skulle
379 394 106 20 innebära
500 396 33 18 ett
547 394 66 20 härdt
628 394 59 20 band
702 394 28 26 pä
746 394 41 20 den
803 393 171 26 medborgerliga

153 422 94 21 friheten
258 424 69 20 under
337 430 26 14 en
374 424 106 26 tidrymd,
492 431 47 13 som
549 425 44 19 kan
604 425 133 26 uppskattas
747 424 33 20 till
793 424 25 20 16
829 424 13 20 ä
854 424 24 19 17
889 424 24 19 är
924 424 51 19 eller

153 452 56 20 ifrän
221 453 25 20 15
256 453 33 20 till
298 453 24 21 31
333 454 13 20 a
356 454 26 20 32
392 454 35 20 ärs
436 454 66 20 älder.
521 454 43 26 Jag
573 455 40 19 har
622 456 73 18 ansett
705 454 44 26 mig
758 454 86 26 skyldig
854 455 34 19 att
898 453 75 20 anföra

154 483 68 23 detta,
235 484 28 25 pä
275 484 36 20 det
322 485 34 19 att
366 484 48 20 icke
425 484 39 20 hos
475 485 71 25 nägon
557 485 70 19 mätte
639 485 135 25 gvarstanna
781 484 82 20 tanken
871 485 34 19 att
913 484 61 19 detta

154 513 59 20 band
232 514 68 19 skulle
317 514 56 26 gälla
392 514 78 20 endast
489 515 26 19 de
532 516 77 18 trenne
627 515 51 19 ären
696 514 37 20 vid
752 513 222 21 aktiven.
867 509 16 35 —
896 513 78 21 Vidare

154 549 63 14 anser
229 543 39 26 jag
280 543 43 27 mig
337 544 52 20 böra
404 546 80 18 nämna
499 545 40 19 och
553 545 92 25 upplysa
660 546 34 18 att
705 544 7 20 i
725 544 250 26 Lagutskottetsbetän-

154 573 78 23 kande,
246 580 47 13 som
303 574 23 26 ju
339 580 29 14 nu
379 574 48 20 icke
434 574 205 26 föreligger
555 569 10 35 i
575 574 57 26 nägon
647 575 33 19 del
689 574 97 20 hvarken
795 574 32 20 till
835 573 140 25 formulering

154 603 51 20 eller
218 604 137 26 motivering,
370 604 100 20 kommer
484 606 33 18 att
531 605 133 23 framhällas,
679 604 116 20 huruledes
808 603 167 27 ifrägavarande

155 633 122 26 stadgande
296 633 64 21 äfven
378 634 92 20 innebär
488 641 26 13 en
534 634 91 26 ändring
644 634 49 21 utaf
711 635 33 19 ett
763 634 50 20 med
830 634 144 26 grundlagens

155 663 65 26 hälgd
234 664 100 24 gällande
348 664 160 26 privilegiibud,
523 665 108 25 nämligen
646 666 9 23 $
669 664 27 20 32
709 664 7 20 i
730 664 72 26 adliga
817 663 157 27 privilegierna,

155 699 46 13 som
214 693 6 19 i
233 694 80 26 utdrag
324 694 126 20 innehäller:
464 694 46 20 »vill
523 695 71 25 nägon
607 695 79 19 svensk
698 694 113 20 adelsman
824 695 58 19 sätta
895 693 39 20 sitt
947 693 27 19 bo

155 722 83 21 utrikes
253 724 68 19 under
335 724 67 26 nägot
416 724 111 26 herrskap,
544 731 45 13 som
605 725 45 19 stär
664 724 49 20 med
728 724 62 20 detta
805 724 56 19 riket
875 722 37 21 vid
927 723 48 20 dess

155 753 135 26 afflyttande
306 754 7 19 i
329 754 42 20 frid
388 754 40 20 och
446 755 106 25 vänskap,
571 755 22 19 sä
610 755 50 19 vele
674 754 35 21 Wi
725 754 43 23 väl,
786 766 16 2 —
815 754 76 19 sävida
905 754 36 19 det
954 753 18 25 ej

155 783 75 19 länder
246 783 57 20 riket
319 784 32 20 till
368 784 120 26 otjenst
459 779 25 35 --
496 785 79 19 sådant
591 785 79 22 tillåta,
687 785 59 19 samt
761 784 69 20 befria
848 784 47 19 dess
911 783 64 20 efter-

155 813 134 20 kommande
300 813 48 21 frän
362 814 41 20 den
416 814 100 27 edspligt,
530 815 105 20 hvarmed
649 815 26 20 de
689 814 39 21 Oss
741 814 40 20 och
795 814 56 19 riket
863 813 57 20 varit
932 813 43 20 för-

155 843 106 20 bundne».
276 844 42 20 Det
330 845 24 19 är
366 845 125 26 uppenbart
504 846 33 19 att
551 845 36 20 det
597 851 29 14 nu
636 845 121 25 föreslagna
768 844 131 25 stadgandet
907 843 69 20 skulle

155 873 110 20 innefatta
280 875 32 18 ett
325 874 57 20 ändä
396 875 69 20 större
479 875 39 19 och
533 875 91 26 djupare
638 875 90 26 ingrepp
742 874 7 20 i
763 874 62 20 detta
839 873 136 26 privilegium

157 905 27 18 än
198 903 59 20 hvad
270 904 197 26 värnepligtslagen
480 905 66 20 redan
560 905 6 20 i
579 905 40 20 och
632 905 34 19 för
678 905 32 25 sig
722 904 92 20 innebär
826 904 6 19 i
846 904 127 19 detsamma.

157 933 43 20 Det
212 933 43 20 kan
267 933 24 26 ju
303 939 52 15 vara
368 934 22 20 af
401 934 61 26 ringa
474 935 67 20 värde
553 935 68 23 detta,
634 936 25 25 ty
671 941 36 13 om
720 934 37 20 det
768 934 23 20 af
802 933 117 20 historiska
929 933 45 20 skäl

156 965 24 17 är
192 964 32 19 ett
236 963 70 26 adligt
318 964 143 26 privilegium,
474 965 70 20 denna
557 966 46 19 rätt
615 966 34 19 att
660 964 49 20 fritt
721 964 67 26 flytta
801 964 40 19 och
852 963 54 23 fara,
919 963 22 20 sä
952 965 24 18 är

157 993 37 19 det
204 993 48 20 icke
264 993 36 20 det
311 1000 46 13 som
368 996 66 24 väger
445 995 6 19 i
462 995 126 25 vägskälen;
597 995 36 19 det
645 1001 45 13 som
702 996 66 23 väger
779 995 24 18 är
810 995 34 18 att
852 993 70 20 denna
930 994 46 19 rätt

157 1029 90 14 numera
258 1023 98 26 ätnjutes
366 1024 22 19 af
398 1025 102 25 samtliga
511 1025 141 25 medborgare
662 1025 6 19 i
679 1025 49 19 värt
738 1024 59 23 land,
813 1019 30 36 men
861 1019 33 36 jag
909 1023 37 20 ber
954 1023 20 19 fa

157 1052 71 20 erinra
238 1059 38 14 om
284 1051 63 23 detta
358 1054 144 24 förhållande,
512 1055 85 20 hvilket
607 1055 48 19 icke
663 1055 46 19 helt
718 1054 41 20 och
770 1053 67 20 hållet
847 1053 38 20 bör
893 1053 83 20 lemnas

157 1083 23 20 åt
192 1083 64 20 sidan
270 1083 37 20 vid
322 1083 88 27 frågans
426 1085 107 26 pröfning.
563 1085 42 25 Jag
617 1085 40 19 har
669 1084 84 20 således
766 1084 79 19 endast
855 1084 34 19 att
901 1083 75 20 förena

156 1112 45 26 mig
212 1119 36 14 om
265 1113 32 20 Hr
313 1113 139 27 Furuhjelms
465 1115 114 25 förslag.**

200 1173 32 20 Hr
247 1173 25 20 L.
294 1174 171 20 Mechelin:
503 1175 32 19 Hr
554 1175 127 25 Furuhjelm
699 1174 40 19 har
750 1173 121 21 framhällit
887 1174 41 22 att,
941 1179 33 14 om

157 1203 14 19 2
189 1209 67 14 mom.
273 1204 113 24 uteslutes,
407 1205 66 19 borde
488 1205 52 20 sista
556 1211 67 14 mom.
639 1205 7 19 i
665 1204 175 25 anmärkningen
853 1203 122 26 upphävas.

158 1233 68 20 Detta
243 1234 63 20 torde
321 1233 56 21 dock
394 1234 51 20 bero
458 1235 28 26 pä
500 1236 34 19 ett
545 1234 143 24 förbiseende,
700 1236 26 24 ty
740 1233 47 24 allt,
799 1239 46 14 som
857 1233 120 20 innehälles

157 1263 7 19 i
178 1263 174 26 anmärkningen
364 1264 7 19 i
383 1265 10 24 $
406 1264 18 23 7,
436 1265 107 20 existerar
558 1265 6 19 i
579 1265 127 19 nuvarande
723 1263 179 26 värnepligtslag.

199 1322 33 20 Hr
243 1323 98 20 Adolf
359 1324 151 20 Aminoff:
532 1325 75 19 Jämte
618 1324 37 20 det
665 1324 37 26 jag
713 1324 98 19 ansluter
822 1323 43 26 mig
875 1322 33 20 till
920 1323 56 22 dem,

157 1358 47 13 som
219 1353 58 20 talat
292 1353 33 20 för
339 1355 35 18 att
399 1354 3 19 2
416 1360 66 14 mom.
499 1354 7 20 i
521 1354 12 19 7
548 1355 9 24 $
573 1354 73 20 kunde
661 1353 59 26 utgä,
737 1353 73 20 säsom
824 1352 153 21 innefattande

156 1387 27 14 en
194 1382 104 27 obehörig
307 1383 159 26 inskränkning
475 1384 22 20 af
508 1385 40 19 den
556 1383 171 26 medborgerliga
736 1383 101 23 friheten,
848 1383 23 19 sä
881 1382 50 19 ville
940 1382 38 26 jag

157 1411 140 22 beträffande
311 1413 41 19 den
368 1419 75 14 senare
457 1414 114 26 meningen
586 1414 6 19 i
607 1413 173 26 anmärkningen
795 1413 85 26 päpeka
891 1413 32 19 att
936 1413 41 19 den

157 1441 148 27 formulering,
321 1443 62 20 detta
399 1444 121 25 stadgande
535 1444 39 19 här
588 1444 40 19 har
642 1443 50 23 fätt,
708 1443 48 20 icke
763 1443 63 20 torde
834 1443 73 20 kunna
915 1448 63 13 anses

155 1471 30 26 pä
201 1472 69 25 nägot
285 1474 44 18 sätt
348 1473 103 26 jemngod
474 1474 48 19 med
539 1474 41 19 den
596 1473 146 26 formulering,
760 1479 47 14 som
823 1472 154 20 motsvarande
