1028 1631
335 80 21 16 R.
370 84 17 12 0.
401 79 20 17 A.
436 79 79 17 1899..4
528 79 46 19 Maj.
831 78 31 16 201

86 139 33 20 Hr
142 139 160 20 Mechelin
325 139 98 26 följande
447 139 139 26 upplysning:
624 139 28 20 Af
677 140 26 19 de
728 138 138 20 äterstäende

43 169 273 27 grundlagsparagraferna
324 169 17 26 1)

87 229 31 20 På
132 229 71 26 grund
217 229 23 20 af
254 229 71 20 denna
340 229 132 26 upplysning
487 229 110 26 öfvergick
613 229 92 20 Ständet
720 229 33 20 till
768 227 100 28 pröfning

45 259 22 20 af
84 259 262 26 Värnepligtsutskottets
363 259 162 26 framställning
542 259 139 20 beträffande
698 259 11 25 $
727 258 19 24 7,
765 264 64 14 mom.
848 258 19 22 2,

46 289 93 20 hvarvid

88 348 33 20 Hr
139 348 160 21 Mechelin
325 349 95 26 yttrade:
463 349 42 26 Jag
523 349 40 20 har
581 349 92 26 tidigare
692 348 59 20 varit
765 348 7 20 i
787 347 83 20 tillfälle

47 379 34 20 att
96 378 88 21 anmäla
199 379 34 19 att
247 378 36 26 jag
298 378 33 20 för
345 379 46 20 min
406 379 33 20 del
454 379 47 20 icke
516 379 85 20 biträdt
615 378 133 27 stadgandet
760 378 7 19 i
780 378 13 20 2
804 383 64 14 mom.

47 408 22 20 af
83 409 10 25 $
108 407 19 22 7.
156 408 35 20 Dä
205 408 196 26 Borgareständets
415 409 93 26 tidigare
522 409 73 20 beslut
609 408 61 27 afsäg
684 409 35 19 att
735 408 38 20 det
783 413 39 14 var
832 407 38 19 vid

47 438 97 21 inträdet
159 438 7 20 i
181 438 177 26 uppbädsäldern
373 445 47 14 som
436 439 133 26 utflyttning
583 439 47 19 icke
645 438 70 20 skulle
729 438 22 20 få
767 443 39 20 ega
815 443 54 16 rum,

48 468 23 20 så
91 474 41 14 var
153 468 61 20 detta
235 468 72 20 beslut
328 469 79 19 nästan
427 469 108 20 identiskt
555 469 50 19 med
626 469 34 19 att
681 468 48 20 icke
750 467 70 20 införa
838 468 32 18 ett

47 498 82 20 sådant
141 499 105 19 moment.
271 497 43 21 Det
326 499 63 19 torde
401 498 72 20 finnas
485 499 69 20 andra
566 499 90 25 lagrum,
670 498 73 20 såsom
755 499 16 19 ft.
785 503 33 14 ex.
832 497 39 19 112

49 529 16 24 $,
76 534 47 14 som
133 528 58 26 sörja
201 527 34 20 för
245 529 33 18 att
289 534 50 14 man
349 528 47 20 icke
406 528 37 20 vid
454 529 41 19 den
506 529 74 19 åldern
591 530 53 18 utan
654 528 75 20 vidare
737 527 84 27 påföljd
828 527 42 20 kan

50 558 93 26 utflytta
156 564 25 13 ur
193 558 82 20 landet.
298 558 49 20 Med
359 558 102 21 afseende
473 558 70 27 härpä
556 559 67 25 ansäg
632 558 37 26 jag
682 557 46 26 mig
740 558 72 19 säsom
824 556 47 20 ord-

51 588 90 20 förande
150 587 54 20 böra
212 588 71 20 uttala
292 588 41 20 den
342 588 88 26 mening
439 589 34 19 att
482 588 77 26 frägan
567 594 36 14 om
612 590 32 18 ett
653 588 72 26 dylikt
733 587 76 26 tillägg
817 586 55 21 hade

50 617 98 24 förfallit,
167 617 27 21 dä
206 619 81 18 tvenne
299 618 65 23 ständ
377 619 90 19 stannat
480 619 48 19 mot
540 619 87 22 tvenne,
641 620 52 18 enär
705 617 133 20 innebörden
851 615 22 21 af

51 647 196 26 Borgareständets
259 647 71 20 beslut
341 654 40 13 var
392 648 96 20 identisk
500 648 50 20 med
562 648 26 20 R.
601 655 19 13 o.
633 648 44 23 A:s,
690 653 47 14 som
747 646 125 21 förkastade

51 679 128 18 momentet.
196 677 50 20 Men
256 677 7 20 i
274 677 116 20 Utskottet
401 678 89 26 segrade
501 678 55 20 dock
567 678 42 20 den
619 678 83 26 äsigten
714 678 35 19 att
765 682 108 15 samman-

51 707 158 26 jemkningsvis
224 708 33 19 ett
272 707 80 26 förslag
367 707 67 21 borde
449 707 139 24 framställas,
605 714 46 14 som
666 707 35 26 läg
716 707 92 20 emellan
821 706 53 20 Bor-

51 737 153 26 gareständets
221 737 40 20 och
279 737 127 20 Utskottets
423 737 92 27 tidigare
532 737 86 26 förslag,
637 738 37 19 der
693 737 25 20 15
735 737 25 20 är
776 742 40 15 var
833 735 40 20 den

51 769 72 24 gräns,
135 767 38 20 vid
185 767 88 20 hvilken
285 767 132 26 utflyttning
428 767 48 20 icke
488 768 69 19 skulle
567 767 22 20 fä
601 773 39 20 ega
651 773 55 14 rum.
729 767 95 20 Sälunda
836 765 38 20 har

53 797 328 26 sammanjemkningsförslaget
396 797 135 24 tillkommit,
549 803 47 14 som
611 797 114 20 förändrar
742 797 133 25 äldersgrän-

53 833 37 14 sen
100 827 50 20 frän
161 827 25 20 15
195 827 32 20 till
239 827 24 20 18
274 827 29 20 är.
323 827 42 26 Jag
374 829 24 18 är
407 827 33 20 för
449 827 46 20 min
505 827 33 20 del
548 827 47 20 icke
604 827 52 26 böjd
666 827 33 20 för
709 825 137 28 förslaget.**

96 886 33 20 Dä
141 887 65 25 ingen
218 893 73 14 annan
303 887 22 19 af
337 887 103 20 Ständets
452 887 143 20 medlemmar
606 887 95 20 önskade
713 887 7 19 i
732 887 77 25 frägan
815 887 61 24 yttra

55 917 37 25 sig,
107 916 129 20 framstälde
250 917 33 19 Hr
295 917 151 20 Ordföranden
457 917 34 20 till
503 917 48 20 dess
563 917 134 20 besvarande
709 923 26 13 en
747 917 24 19 sä
782 915 94 27 lydande

257 991 421 30 Omröstningsproposition:

97 1035 39 24 De,
155 1035 74 20 hvilka
246 1035 117 26 godkänna
381 1036 128 20 Utskottets
523 1035 305 26 sammanjemkningsförslag
841 1034 35 19 be-

54 1065 112 20 träffande
176 1065 12 20 7
198 1065 9 26 $
225 1065 4 20 2
239 1071 73 18 mom,
323 1067 59 18 rösta
391 1065 29 26 ja;

97 1095 77 20 vinner
189 1095 42 26 nej,
247 1095 118 20 vidblifver
379 1095 94 20 Ständet
487 1095 40 20 sitt
541 1095 92 26 tidigare
647 1095 87 20 fattade
749 1094 78 20 beslut.

98 1125 166 27 Propositionen
283 1125 131 20 besvarades
432 1125 33 20 till
485 1125 161 27 öfvervägande
666 1125 33 20 del
719 1125 50 19 med
783 1124 42 26 nej;
839 1123 38 20 och

56 1155 55 20 hade
124 1155 27 20 R.
164 1161 20 14 o.
196 1155 25 20 A.
235 1155 92 20 sälunda
339 1155 112 20 vidblifvit
463 1155 40 21 sitt
514 1155 58 20 förra
584 1155 72 20 beslut
668 1156 34 19 att
714 1161 66 13 mom.
791 1155 13 19 2
813 1153 66 21 borde

55 1192 25 13 ur
90 1186 9 24 $
109 1184 12 20 7
131 1185 8 20 i
148 1184 103 27 förslaget
261 1185 59 26 utgå.

99 1244 178 20 Sammanträdet
287 1244 120 21 afslutades
417 1245 28 20 kl.
461 1245 24 26 14
497 1245 24 19 10
532 1251 17 14 e.
561 1251 28 13 m.

652 1304 24 20 In
692 1304 75 20 fidem:

616 1340 48 21 Clas
677 1346 38 14 von
730 1340 81 20 Collan.

99 1392 14 22 1)
127 1394 109 19 Stenogram
247 1392 74 18 saknas;
336 1390 127 20 andragandet
471 1390 20 15 är
498 1389 40 16 icke
545 1388 99 21 återgifvet
652 1388 5 16 i
664 1382 216 30 memorialprotokollet.
