1028 1631
253 84 21 16 R.
288 88 16 12 o.
319 84 20 16 A.
354 84 52 16 1899.
433 84 72 20 Utdrag
519 88 22 13 ur
555 84 120 20 protokollet.
839 84 35 16 223

97 140 30 23 Åt
142 144 9 25 $
167 144 39 20 123
215 150 65 14 mom.
293 144 8 19 1
313 144 70 20 beslöt
392 144 93 20 Ständet
493 144 60 27 gifva
562 144 97 27 följande
667 144 88 27 lydelse:
790 144 84 20 Under

53 173 93 26 krigstid
163 174 113 20 användas
293 174 26 20 de
335 174 90 20 stäende
441 174 72 20 finska
529 176 120 25 trupperna
666 174 154 21 företrädesvis
836 173 36 20 vid

53 203 199 27 försvarsätgärder
261 204 7 19 i
278 204 99 23 Finland,
388 210 50 14 men
447 204 82 24 kunna,
541 205 26 19 dä
578 205 26 19 de
613 204 47 20 icke
670 206 36 19 äro
716 204 73 21 härtill
799 203 74 21 behöf-

53 233 50 26 liga,
118 233 69 20 kallas
201 235 34 18 att
248 234 82 25 jemväl
344 235 63 19 utom
421 234 75 20 landet
510 235 117 20 medverka
639 235 33 19 till
684 234 78 20 Rikets
773 234 101 20 försvar.»

699 289 23 19 In
740 287 73 21 fidem:

660 325 49 20 Clas
720 330 16 14 v.
750 324 80 20 Collan.

57 505 42 20 N:o
115 505 22 21 5.

223 534 85 25 Utdrag
324 540 26 13 ur
366 534 139 26 protokollet,
523 534 59 20 fördt
599 534 37 19 vid
653 534 95 19 enskildt
765 539 108 14 samman-

181 564 62 20 träde
256 564 22 20 af
290 564 142 20 medlemmar
445 564 6 19 i
465 564 26 20 R.
505 571 19 13 o.
538 564 25 20 A.
577 564 37 19 vid
627 564 80 20 urtima
721 563 132 26 landtdagen
866 563 7 19 i

181 593 141 27 Helsingfors,
336 594 41 19 den
390 594 25 20 13
426 594 61 25 April
500 594 60 20 1899.

88 654 128 26 -Föredrogs
230 653 262 27 Värnepligtsutskottets
505 654 80 25 förslag
600 654 30 19 till
644 654 92 25 ändring
750 653 22 20 af
785 653 20 25 $$
819 653 19 23 2,
853 653 19 22 8,

53 684 27 20 62
97 684 41 20 och
155 684 27 20 80
199 685 57 19 samt
274 684 105 20 särskilda
396 684 137 25 stadganden
550 684 7 19 i
574 684 72 26 Kapp.
665 684 61 23 XIV,
745 683 48 23 XV,
811 682 61 23 XVI,

55 714 78 20 XVIII
147 714 39 20 och
199 714 58 19 XIX
269 714 7 19 i
288 714 100 25 gällande
400 714 170 26 värnepligtslag
583 714 39 19 och
635 713 97 20 fattades
744 713 77 20 härvid
834 712 38 20 föl-

53 744 67 25 jande
141 744 78 20 beslut:

96 774 112 26 Förslaget
219 774 33 19 till
263 774 81 25 lydelse
355 773 34 20 för
400 775 9 24 $
420 774 13 19 2
444 773 137 21 förkastades
593 774 39 19 och
644 773 81 20 beslöts
736 775 35 18 att
782 773 6 20 i
800 773 72 20 stället

54 803 109 21 bibehålla
174 804 41 19 den
226 804 82 26 lydelse
318 804 67 25 sagda
396 804 9 25 $
416 804 39 19 har
466 804 6 19 i
483 804 100 26 gällande
593 803 176 26 värnepligtslag.

96 834 21 25 $$
130 833 19 24 8,
164 834 32 23 62,
211 834 33 23 80,
259 833 33 24 90,
306 833 34 24 92,
354 834 34 23 93,
402 834 33 23 94,
449 833 34 24 96,
497 833 34 24 97,
545 834 33 23 98,
592 833 33 24 99,
641 834 45 23 100,
703 833 45 24 104,
764 833 45 23 105,
826 833 45 22 112,

56 864 45 23 113,
116 864 46 23 114,
175 863 40 20 och
228 864 40 19 119
279 864 132 25 godkändes.

96 894 43 19 För
151 894 9 25 $
175 893 38 20 120
226 895 78 24 antogs
317 894 41 19 den
371 894 81 25 lydelse
465 894 71 20 denna
549 894 10 25 $
571 894 40 20 har
622 894 7 19 i
642 900 29 13 nu
684 893 100 26 gällande
796 894 76 19 värne-

55 923 108 26 pligtslag.

97 954 20 25 $$
132 954 36 19 121
183 954 40 19 och
238 954 38 19 122
289 955 57 18 samt
358 954 14 19 2
384 960 65 13 mom.
458 950 26 34 af
497 955 10 24 $
521 954 39 20 123
573 954 131 26 godkändes.

687 1008 24 19 In
727 1007 74 20 fidem:

653 1044 48 20 Clas
716 1050 17 13 v.
749 1043 79 20 Collan.

57 1223 41 21 N:o
115 1224 21 21 6.

225 1253 83 26 Utdrag
325 1260 26 13 ur
368 1254 139 26 protokollet,
527 1254 59 20 fördt
603 1254 37 20 vid
658 1254 94 20 enskildt
765 1259 108 13 samman-

180 1284 62 18 träde
255 1283 22 20 af
289 1284 142 20 medlemmar
443 1284 7 19 i
464 1284 26 20 R.
505 1290 18 14 o.
537 1284 26 20 A.
577 1284 36 20 vid
626 1284 80 20 urtima
720 1283 133 25 landtdagen
867 1282 6 20 i

181 1312 142 27 Helsingfors,
338 1314 41 19 den
392 1314 26 19 26
431 1314 61 25 April
508 1314 58 20 1899.

96 1372 120 26 Föredrogs
232 1373 262 26 Värnepligtsutskottets
510 1374 105 25 förnyade
631 1373 160 25 framställning
808 1372 65 26 angä-

53 1402 55 20 ende
119 1402 20 26 $$
151 1402 18 23 1,
180 1402 19 23 2,
211 1402 19 24 7,
243 1402 32 23 10,
286 1403 34 23 20,
331 1403 33 23 26,
376 1403 34 23 32,
421 1403 32 23 75,
465 1403 34 24 86,
511 1404 33 22 91,
556 1404 32 22 99,
602 1403 44 23 119,
660 1403 44 23 120,
718 1403 46 22 121,
777 1402 40 20 122
833 1402 39 20 och

56 1432 39 20 123
108 1431 8 20 i
129 1432 99 26 gällande
242 1432 177 26 värnepligtslag.
447 1433 85 20 Härvid
546 1433 96 20 fattades
656 1433 96 25 följande
766 1432 78 20 beslut:

97 1462 20 24 $$
131 1462 8 19 1
154 1462 39 19 och
205 1462 13 19 2
229 1464 109 24 upptogos
350 1463 18 25 ej
381 1463 75 19 vidare
467 1463 33 19 till
513 1463 106 26 pröfning.
