1025 1631
162 87 33 16 178
442 88 21 16 R.
479 88 16 16 d.
512 88 19 16 A.
546 88 51 16 1899.
611 88 25 16 26
651 88 57 19 April.

205 146 32 20 Hr
249 146 67 20 Elis
335 147 196 26 Furuhjelm:
554 144 71 23 Äfven
636 148 37 26 jag
684 148 37 19 ber
732 149 33 18 att
777 149 23 24 1).

204 206 59 20 Frih.
298 213 35 13 von
353 207 134 20 Kothen:
510 208 41 24 Jag
563 208 67 19 skulle
642 208 114 19 vördsamt
766 208 23 25 1).

205 265 32 20 lr
276 267 50 19 Emil
346 266 30 20 af
395 267 172 20 Forselles:
589 268 41 25 Jag
641 274 51 13 vore
704 268 32 19 för
744 268 24 24 2).

204 332 33 20 Hr
251 332 22 20 L.
296 332 167 21 Mechelin:
492 334 6 18 I
513 333 117 26 anledning
643 334 22 19 af
673 334 62 26 Frih.
750 340 43 13 von
807 333 102 19 Alfthans
923 335 64 24 anty-

162 362 43 20 dan
218 362 81 24 derom,
313 364 34 18 att
359 363 103 26 förslaget
475 370 50 13 vore
539 363 132 25 bristfälligt,
684 364 28 19 dä
725 364 31 19 uti
776 364 6 19 2
794 369 64 13 mom.
872 363 46 19 icke
930 363 56 19 talas

162 398 35 13 om
209 392 126 20 ändamålet
348 393 48 19 med
409 393 247 25 tillkommenderingen,
669 393 40 20 och
721 394 34 19 att
767 394 37 18 det
815 393 56 19 förra
883 392 103 26 förslaget

162 422 33 19 till
214 423 5 19 2
229 428 66 14 mom.
308 423 5 19 i
325 423 37 19 det
373 423 134 20 hänseendet
519 424 55 19 hade
585 423 127 23 företrädet,
724 423 70 19 måste
804 423 37 25 jag
853 422 32 20 för
896 423 44 19 min
953 423 32 19 del

162 458 51 13 anse
228 452 37 20 det
280 458 52 14 vara
348 454 32 18 ett
394 453 152 26 tvifvelaktigt
561 453 114 20 företräde.
706 453 74 26 Enligt
796 453 60 19 detta
871 452 57 20 förra
944 453 42 19 för-

162 482 45 25 slag
221 482 69 20 skulle
303 482 65 26 ryska
382 482 112 21 officerare
507 483 54 20 efter
574 483 242 25 tillkommenderingen
829 483 73 19 kunna
917 482 69 20 öfver-

162 512 64 19 föras.
247 512 42 26 Jag
299 514 45 18 tror
354 513 37 19 det
400 519 52 13 vore
462 514 81 24 ganska
555 513 88 25 onödigt
655 514 33 19 att
699 513 32 19 uti
742 514 32 18 ett
784 513 23 19 så
818 513 91 19 allmänt
919 512 65 20 hållet

162 541 91 26 lagrum,
271 548 45 14 som
333 542 61 20 detta
410 543 155 26 reglementera
582 549 35 13 om
634 543 25 19 de
676 542 122 20 olikartade
814 542 107 23 ändamål,
939 548 46 14 som

162 571 39 20 här
212 571 64 21 afses.
301 572 41 20 Det
354 572 43 20 kan
410 572 72 20 finnas
494 573 56 19 olika
563 573 109 23 ändamål,
686 573 33 19 för
731 573 73 19 hvilka
818 579 25 13 en
855 572 75 20 officer
942 572 43 20 kan

162 601 79 26 begära
255 602 214 26 tillkommendering
480 604 16 18 t.
510 609 32 13 ex.
555 603 33 19 för
600 604 34 18 att
646 602 112 20 förvärfva
770 602 66 26 insigt
851 602 2 20 i
865 602 120 26 gymnasti-

161 631 50 23 ken,
224 632 51 19 eller
287 632 96 26 deltager
394 632 6 20 i
412 632 99 26 speciella
523 632 169 26 skjutöfningar.

203 661 51 19 Men
268 662 118 26 vanligtvis
400 662 133 20 bestämmer
546 662 127 26 chefskapet
687 662 126 20 ändamälet
828 662 48 20 med
890 662 95 19 tillkom-

161 691 154 26 menderingen
331 692 40 19 och
387 694 34 18 att
436 692 71 20 denna
522 692 214 26 tillkommendering
750 692 47 20 icke
813 692 41 20 kan
871 698 52 14 vara
939 698 46 20 per-

161 722 98 22 manent,
269 721 95 26 framgär
373 722 22 20 af
405 723 112 25 uttrycket
526 722 97 20 »utöfver
631 724 61 18 stat».
709 722 50 20 Med
768 722 62 20 detta
839 722 38 19 ord
887 722 38 19 har
934 728 50 13 man

162 751 49 19 sökt
225 750 105 26 begränsa
345 752 61 20 dessa
420 752 123 20 officerares
557 752 135 26 kompetens.
718 752 67 20 Hvad
799 752 136 19 vidkommer
949 752 36 19 det

160 780 123 26 föreslagna
302 782 113 25 uttrycket
433 782 193 20 »öfverofficerare»
644 782 36 20 vill
698 782 37 25 jag
753 787 65 20 gerna
836 781 87 20 ansluta
941 782 44 24 mig

161 810 78 23 dertill,
256 811 39 19 och
309 812 63 19 torde
387 812 71 20 denna
473 814 55 18 term
542 818 53 14 vara
609 812 96 26 lämplig,
720 812 26 19 dä
762 812 6 19 i
782 812 68 19 första
864 813 121 18 momentet

160 842 33 18 ett
212 840 80 20 sådant
309 841 152 20 betecknande
478 842 22 19 af
516 842 104 26 graderna
639 842 151 21 förekommer,
810 843 33 18 alt
861 842 40 19 den
915 842 69 24 lägsta

160 875 100 21 gruppen
276 870 118 21 benämnes
411 872 200 19 »öfverofficerare».
641 872 71 19 Skulle
725 878 50 13 man
789 871 5 20 i
806 872 37 18 det
859 871 67 19 andra
940 877 44 13 mo-

160 901 85 18 mentet
259 901 69 19 såsom
342 901 145 26 begränsning
494 902 101 19 använda
604 902 61 19 ordet
673 901 251 23 »subalternofficerare»,
933 907 51 13 vore

160 930 62 19 detta
230 931 36 19 att
279 930 66 26 draga
358 932 92 25 gränsen
464 932 65 25 något
542 932 34 18 för
589 932 69 25 trång,
667 937 36 13 om
712 931 108 25 nämligen
829 931 87 19 dermed
930 931 54 19 skall

160 959 81 19 förstås
260 960 77 20 endast
355 960 121 26 löjtnanter
488 961 39 19 och
540 961 203 26 underlöjtnanter.'
760 961 42 25 Jag
814 960 38 20 ber
863 962 34 18 att
908 960 22 20 få
942 960 42 20 för-

160 989 52 19 orda
224 991 122 19 momentet
354 991 48 19 med
412 991 40 19 den
461 991 22 19 af
491 991 32 19 Hr
531 988 116 28 Stjernvall
655 991 121 25 föreslagna
784 990 199 26 modifieringen.**

202 1055 33 19 Hr
252 1056 79 19 Emil
356 1056 30 20 af
409 1057 172 19 Forselles:
612 1057 42 25 Jag
669 1056 50 20 ville
735 1056 78 20 endast
829 1056 104 20 anmärka
950 1058 34 18 att

160 1085 115 25 uttrycket
285 1086 23 24 1).

202 1150 32 20 lir
277 1152 73 19 Oskar
370 1152 232 26 Wasastjerna:
629 1152 42 26 Jag
684 1152 50 20 ville
748 1152 98 19 meddela
860 1153 34 18 att
908 1152 23 24 1).

343 1229 458 26 Omröstningsproposilion:

202 1270 32 19 De
246 1270 73 20 hvilka
331 1270 6 20 i
349 1271 125 20 hufvudsak
485 1272 115 24 godkänna
611 1272 10 24 $
633 1272 45 22 120,
691 1273 58 18 rösta
760 1272 29 24 ja;

200 1299 79 20 vinner
291 1300 41 25 nej,
346 1300 118 20 vidblifver
476 1301 26 19 R.
515 1308 18 12 0.
547 1301 24 19 A.
585 1301 38 19 silt
635 1302 60 18 förut
707 1301 85 19 fattade
805 1301 71 19 beslut
889 1307 35 13 om
937 1303 46 17 ute-

158 1329 99 26 slutning
269 1330 22 19 af
307 1330 6 19 2
326 1336 65 14 mom.

194 1392 14 23 1)
222 1394 135 21 Andragandet
376 1396 60 16 finnes
457 1396 37 15 icke
515 1396 4 15 i
539 1397 111 19 stenogram,
670 1396 16 19 ej
707 1396 56 16 heller
782 1396 20 15 är
820 1396 31 15 det
865 1392 118 24 atergifvet'i

158 1414 218 28 memorialprotokollet.
871 1427 4 3 <

192 1442 15 19 ?)
215 1442 110 20 Stenogram
346 1444 73 15 saknas.
455 1444 3 15 I
478 1448 52 11 mem.
546 1445 47 18 prot.
607 1444 20 14 är
640 1444 30 14 vid
687 1444 26 14 Hr
726 1444 19 15 af
760 1444 86 15 Forselles
860 1443 118 20 andragande

156 1466 123 16 antecknadt:
293 1468 136 14 »subalternera.
