1042 1631
152 101 23 16 68
523 102 80 20 Bilagor.

152 162 112 19 förseelser
284 162 47 20 från
352 163 142 26 manskapets
514 162 47 20 sida
582 163 58 19 samt
660 162 115 20 framkalla
805 161 165 26 förvecktingar,

152 191 75 20 hvilka
240 192 36 20 väl
289 192 71 20 blefve
373 193 23 19 så
410 193 88 26 mycket
511 192 137 26 ödesdigrare
661 192 33 20 för
707 193 26 19 de
746 192 164 26 värnepligtiga,
925 197 45 14 som

152 221 151 21 förseelsernas
314 223 87 19 orsaker
411 222 48 20 från
470 223 63 26 ryskt
543 223 43 19 håll
597 222 47 20 icke
655 223 68 19 skulle
734 223 74 19 kunna
819 222 151 26 erforderligen

152 251 105 20 bedömas
274 253 56 19 samt
348 252 11 20 å
378 252 68 20 andra
464 252 62 20 sidan
544 253 39 19 hos
600 252 124 20 soldaterna
743 252 40 20 den
802 252 105 20 bitterhet
924 252 47 20 icke

152 281 73 20 kunde
240 282 112 23 uteblifva,
368 288 47 14 som
429 282 91 20 känslan
535 282 22 20 af
571 282 123 26 oförskyldt
708 282 87 20 lidande
809 283 49 19 med
873 283 98 19 nödvän-

152 311 75 26 dighet
239 312 70 19 måste
321 312 105 20 medföra.
451 312 46 20 Och
509 312 7 20 i
528 312 73 20 stället
614 312 34 20 för
659 313 35 19 att
706 312 66 20 verka
785 312 34 20 för
830 313 37 20 det
879 312 91 20 afsedda

152 341 73 20 bättre
242 342 171 20 samförståndet
431 342 78 20 mellan
527 343 26 19 de
570 341 72 21 finska
659 342 41 20 och
717 342 27 19 de
760 343 65 25 ryska
843 344 126 24 trupperna,

152 371 68 20 skulle
239 371 42 20 den
299 372 121 26 föreslagna
438 372 149 26 anordningen
607 372 91 20 sålunda
717 372 50 19 med
786 373 27 19 all
832 372 138 21 sannolikhet

151 401 68 20 blifva
233 401 43 20 den
289 402 81 20 kanske
384 403 56 19 mest
453 402 98 26 skadliga
564 402 7 19 i
584 402 80 20 sådant
677 402 129 20 hänseende.

193 431 34 20 Då
239 431 27 20 de
276 432 71 20 finska
358 432 142 20 officerarena
512 433 53 19 utan
577 432 114 26 undantag
702 432 75 20 kunna
789 433 98 20 meddela
899 433 32 26 sig
943 433 26 26 på

150 461 66 27 ryska
232 462 88 26 språket
336 463 58 19 samt
409 462 47 20 icke
471 462 58 20 blott
545 462 80 20 erhålla
641 468 84 14 samma
741 462 125 26 utbildning
881 469 46 13 som
944 463 25 19 de

150 492 66 26 ryska
232 493 55 19 utan
303 492 109 26 därjämte
427 498 78 20 genom
521 492 213 26 tillkommendering
750 492 33 20 till
793 493 70 26 ryska
879 494 92 25 trupper

150 523 63 24 göras
231 522 51 20 fullt
300 522 111 26 förtrogna
430 522 49 20 med
498 522 174 26 tjänstgöringen
691 522 40 20 och
749 522 164 20 förhållandena
932 522 37 20 vid

152 552 68 22 dessa,
234 552 43 20 kan
291 552 37 20 det
340 552 48 20 icke
400 552 68 20 häller
480 552 34 20 för
527 552 133 20 samarbetet
673 552 79 20 mellan
766 553 26 19 de
805 552 71 21 finska
889 553 40 19 och
943 553 26 19 de

150 582 65 25 ryska
230 583 119 25 trupperna
365 582 38 20 vid
418 584 115 18 manövrer
548 582 39 20 och
603 582 7 20 i
625 582 54 20 strid
694 588 53 14 vara
763 583 105 25 behöfligt
883 584 34 18 att
933 583 37 20 vid

150 612 27 19 de
192 611 72 21 finska
278 613 119 25 trupperna
412 612 93 20 anställa
520 612 65 26 ryska
600 612 119 20 officerare.
749 609 71 24 Äfven
835 612 37 20 vid
887 613 82 20 sådana

150 641 101 20 tillfällen
266 642 68 20 skulle
348 648 26 14 en
390 642 40 20 slik
445 642 78 26 åtgärd
538 642 149 26 ovillkorligen
702 642 68 20 blifva
785 643 78 19 endast
878 643 90 26 skadlig,

150 671 27 20 då
189 671 23 26 ju
225 678 27 13 en
264 672 142 26 ofullständig
417 672 124 20 kännedom
553 672 22 20 af
587 672 142 26 manskapets
741 673 64 25 språk
817 673 73 19 kunde
902 672 67 20 hafva

150 702 33 18 till
198 701 63 26 följd,
278 703 34 18 att
327 702 144 26 befallningar
486 702 41 20 och
543 702 140 26 anvisningar
698 702 47 20 icke
761 702 62 20 alltid
839 702 49 20 med
905 702 65 26 nödig

150 731 159 26 skyndsamhet
325 732 40 20 och
382 732 109 26 tydlighet
508 732 67 20 skulle
592 732 48 20 från
657 732 92 20 befälets
765 732 47 20 sida
828 732 85 20 lämnas
929 733 41 19 sol-

150 761 99 20 daterna.

191 791 44 21 Det
255 797 63 21 synes
336 792 64 20 alltså
420 798 52 14 vara
491 792 144 25 obestridligt,
655 793 34 19 att
708 792 137 20 anställande
863 792 23 20 af
904 792 65 26 ryska

150 822 113 22 officerare
278 822 37 20 vid
331 822 26 20 de
373 819 72 23 finska
460 823 119 25 trupperna
596 828 26 13 ur
637 822 81 20 militär
734 822 113 26 synpunkt
863 822 46 20 icke
925 822 44 20 kan

149 853 138 26 rättvisligen
303 852 105 20 förordas.

192 883 40 20 Till
252 883 49 20 stöd
320 882 34 21 för
372 882 116 27 yrkandet,
503 877 39 36 att
552 881 224 26 officerspersonalen
795 882 38 20 vid
852 881 27 20 de
897 881 72 21 finska

150 915 120 24 trupperna
282 913 54 20 skall
348 913 75 19 kunna
434 912 158 26 kompletteras
603 911 83 26 jämväl
698 912 49 19 med
760 912 112 19 officerare
884 911 22 20 af
917 912 52 25 rysk

150 943 147 23 nationalitet,
316 943 86 19 anföres
419 942 65 20 äfven
502 941 192 26 nödvändigheten
711 941 23 20 af
751 948 16 13 s.
785 941 21 20 k.
824 941 144 26 reciprocitet,

150 975 52 18 enär
213 973 119 20 fränvaran
345 972 62 20 däraf
419 978 52 13 vore
483 971 34 20 för
529 971 109 26 Ryssland
650 971 135 20 kränkande.
809 971 29 20 Af
850 971 41 20 den
903 971 66 26 ryska

150 1003 86 20 arméns
248 1003 99 25 omkring
358 1001 78 24 40,000
447 1001 112 20 officerare
570 1001 63 20 torde
644 1001 113 20 finnarnas
768 1001 60 20 antal
841 1001 46 20 icke
899 1001 71 20 öfver-

150 1033 56 26 stiga
220 1039 27 13 en
262 1033 96 25 procent.
386 1031 96 20 Korrekt
496 1031 115 26 tillämpad
625 1031 69 20 skulle
707 1031 165 26 reciprociteten
886 1031 83 20 säledes

150 1062 59 27 gifva
221 1062 35 20 till
268 1062 98 22 resultat,
380 1063 35 18 att
427 1061 85 20 antalet
523 1061 65 26 ryska
601 1061 113 20 officerare
726 1061 37 20 vid
777 1061 41 20 den
830 1061 71 20 finska
915 1061 54 20 mili-

151 1094 61 18 tären
222 1092 71 19 mäste
302 1092 118 25 begränsas
428 1091 34 20 till
471 1092 33 19 ett
514 1091 60 19 antal
584 1090 22 21 af
615 1092 40 22 tre,
667 1091 20 20 d.
698 1097 21 14 v.
729 1097 16 14 s.
756 1097 27 13 en
793 1090 32 20 för
835 1091 55 19 hvar
899 1091 70 25 tredje

150 1122 108 25 bataljon,
287 1122 45 19 Och
347 1127 26 14 en
388 1121 69 20 sädan
471 1120 84 26 lösning
569 1120 22 20 af
605 1120 77 26 frägan
697 1121 68 19 skulle
780 1121 35 19 väl
830 1120 91 20 framstä
936 1120 34 20 för

150 1152 42 19 den
206 1151 67 26 ryska
288 1151 191 20 nationalkänslan
494 1156 59 14 mera
567 1151 104 19 stötande
685 1152 28 18 än
728 1151 33 19 ett
776 1150 27 26 pä
819 1149 94 21 militära
929 1150 40 19 och

150 1181 135 26 principiella
298 1181 46 20 skäl
358 1181 111 26 grundadt
482 1180 152 20 bibehällande
648 1180 22 19 af
683 1186 30 13 nu
726 1180 100 25 gällande
839 1180 131 25 lagbestäm-

150 1211 51 26 ning
210 1211 139 20 oförändrad.
367 1211 118 19 Dessutom
494 1210 42 19 kan
545 1209 23 26 ju
577 1211 74 18 rätten
659 1209 34 20 för
701 1210 73 19 finnar
782 1211 34 18 att
825 1209 62 26 tjäna
897 1209 36 20 vid
943 1209 26 20 de

148 1241 66 26 ryska
229 1242 127 24 trupperna,
372 1246 35 14 om
422 1240 62 19 detta
498 1239 18 26 ej
532 1239 98 20 befinnes
644 1240 50 19 med
709 1239 121 26 Rysslands
843 1239 69 20 fördel
926 1239 43 20 för-

148 1271 75 26 enligt,
239 1272 40 18 när
293 1277 46 13 som
354 1270 58 20 hälst
425 1269 108 26 indragas,
548 1270 54 19 utan
617 1271 34 18 att
665 1269 49 20 frän
728 1269 69 20 finskt
811 1269 44 19 häll
869 1269 100 20 däremot

149 1300 122 26 nägonting
284 1300 74 20 kunde
371 1300 114 20 invändas.
515 1300 42 19 Det
571 1301 23 18 är
608 1300 56 19 dock
678 1299 119 26 själffallet,
813 1300 40 21 att,
869 1305 35 14 om
919 1299 49 20 med

148 1331 87 25 hänsyn
251 1330 33 20 till
298 1330 144 20 förenämnda
457 1329 94 26 anspråk
566 1329 97 20 tillträde
678 1329 33 20 till
726 1329 243 26 officersbeställningar

148 1360 38 20 vid
198 1360 26 20 de
234 1360 72 20 finska
317 1361 120 25 trupperna
448 1359 111 20 lämnades
570 1359 23 19 ät
604 1358 113 21 officerare
727 1359 22 19 af
759 1359 51 25 rysk
821 1358 147 23 nationalitet,

149 1390 71 26 nägon
234 1391 112 24 strängare
359 1389 145 25 begränsning
516 1388 46 20 icke
575 1389 6 19 i
593 1389 93 25 längden
700 1388 69 20 skulle
781 1389 74 19 kunna
868 1389 101 25 upprätt-

148 1420 76 22 hällas,
238 1420 55 19 utan
304 1419 72 20 blefve
388 1419 82 25 följden
482 1419 45 19 helt
539 1419 73 19 säkert
624 1419 48 22 den,
685 1420 35 18 att
732 1424 26 14 en
770 1420 46 18 stor
827 1418 34 20 del
873 1418 22 20 af
907 1418 62 20 dessa

148 1450 82 25 platser
243 1449 88 20 komme
344 1450 35 19 att
392 1448 129 20 innehafvas
535 1448 22 20 af
569 1448 66 26 ryska
648 1448 130 26 infödingar.
806 1448 45 19 Och
865 1448 28 19 dä
906 1448 63 20 dessa

148 1485 27 13 en
184 1479 58 25 gång
252 1478 73 20 blifvit
334 1479 7 19 i
351 1478 86 20 landets
446 1478 70 26 tjänst
525 1478 116 23 anställda,
652 1478 68 20 skulle
731 1484 50 13 man
791 1478 42 22 väl,
845 1478 5 19 i
861 1478 107 20 anseende
