1031 1631
155 86 31 14 110
432 86 22 16 R.
467 90 17 12 o.
500 86 20 16 A.
535 86 52 16 1899.
601 86 22 16 23
637 86 54 16 Mars.

152 151 47 13 som
208 145 111 21 behöfves.
337 146 66 20 Hvad
412 146 139 20 vidkommer
559 146 41 20 den
609 146 22 20 af
640 146 32 19 Hr
680 152 44 14 von
733 146 84 25 Wright
827 145 150 20 framkastade

152 175 83 26 frägan,
254 176 22 19 sä
293 176 38 19 har
347 182 51 14 man
415 176 34 19 för
464 176 69 20 andra
549 177 132 19 momentets
698 176 137 20 bedömande
851 176 87 25 ledning
954 175 24 20 af

153 205 37 19 det
204 205 76 20 första.
310 206 43 19 Der
367 206 127 26 uppräknas
509 206 26 20 de
549 206 92 20 främsta
669 205 133 26 hufvudslag
816 205 22 20 af
853 206 75 26 yrken,
943 205 35 20 för

153 234 73 21 hvilka
239 235 72 20 skolor
321 236 74 19 kunna
406 235 79 23 finnas,
497 236 127 23 landtbruk,
636 236 100 22 industri,
748 235 78 26 sjöfart
838 236 39 19 och
889 235 87 20 handel.

154 264 42 20 Det
207 264 71 20 finnes
289 266 170 23 handelsskolor,
471 272 46 13 som
528 266 98 26 tydligen
637 266 52 19 höra
700 265 32 20 till
740 266 41 19 den
790 266 57 25 lägre
855 265 121 26 kategorin,

153 295 37 19 det
203 294 71 20 finnes
286 295 74 23 andra,
373 302 47 13 som
431 296 54 20 höra
497 296 32 19 till
541 302 26 13 en
579 296 65 25 högre
656 295 105 26 kategori,
774 296 39 18 och
826 295 27 20 dä
866 297 23 18 är
901 296 36 18 det
950 301 26 13 en

152 324 74 26 gifven
240 325 40 19 och
294 325 94 26 naturlig
401 325 55 26 följd
469 325 23 20 af
505 326 26 19 de
544 326 40 19 här
596 325 59 26 gifna
668 325 158 26 stadgandena,
840 326 35 19 att
888 325 26 19 de
928 325 48 19 sist-

153 354 80 20 nämda
248 354 57 20 föras
317 355 33 19 till
364 356 41 19 den
419 356 68 19 andra
500 356 120 25 kategorin.
645 355 55 20 Värt
714 355 262 25 undervisningsväsende

152 384 34 20 för
198 384 95 20 industri
305 385 43 19 kan
361 387 59 18 ännu
434 386 27 25 pä
475 386 60 25 långt
549 387 39 18 när
600 385 47 20 icke
660 391 62 14 anses
735 385 66 20 hafva
815 385 50 19 nått
878 384 31 20 sin
922 384 53 20 fulla

153 414 132 26 utveckling.
299 411 71 23 Äfven
383 416 38 19 der
432 416 92 25 uppstär
535 422 25 13 en
573 415 70 26 tydlig
653 415 131 26 gruppering
796 415 6 19 i
812 415 64 25 lägre,
887 415 89 19 mellan-

153 444 40 20 och
205 444 66 26 högre
282 445 77 20 skolor.
378 445 60 20 Utan
449 447 34 18 att
496 445 93 20 behöfva
601 446 66 19 ändra
679 446 39 24 $:n,
731 445 43 19 kan
783 451 52 13 man
843 445 58 25 gifva
910 445 65 19 hvart

152 474 41 19 och
206 475 32 19 ett
251 474 22 20 af
285 474 73 26 dylika
371 476 101 19 läroverk
486 475 31 20 sin
531 477 58 18 rätta
602 475 57 26 plats
671 475 59 19 inom
743 475 61 19 dessa
818 475 56 19 olika
887 475 89 25 katego-

152 510 48 13 rier.

195 570 59 19 Frih.
295 571 142 25 Carpelan:
469 571 41 26 Jag
525 571 38 20 ber
577 571 22 19 få
615 571 122 22 hemställa,
754 570 108 20 huruvida
877 570 47 20 icke
938 570 38 19 det

152 599 6 20 i
173 599 12 20 3
200 605 67 14 mom.
283 601 101 20 använda
399 601 114 26 uttrycket
527 601 141 20 »studerande
682 601 37 19 vid
734 600 162 20 universitetet»
908 600 68 19 borde

153 629 92 26 utbytäs
264 631 46 19 mot
328 631 51 19 »den
397 637 47 13 som
463 631 68 26 aflagt
549 631 182 20 studentexamen
750 630 37 20 vid
805 630 169 20 universitetet».

154 659 124 26 Uttrycken
293 661 36 18 äro
344 660 48 20 icke
407 667 122 20 synonyma
545 661 40 19 och
600 661 37 19 det
651 661 114 22 förefaller,
781 666 47 14 som
842 666 36 13 om
893 660 37 19 det
944 666 31 13 se-

153 695 51 14 nare
221 695 53 14 vore
291 690 118 24 koncisare,
429 691 27 19 dä
469 691 36 19 det
516 691 23 25 ju
551 693 24 17 är
586 690 198 26 bildningsgraden,
796 696 46 14 som
855 690 121 25 berättigar

153 719 32 20 till
198 719 98 26 eftergift
308 720 40 19 och
361 720 47 20 icke
421 721 41 19 den
475 721 197 25 omständigheten,
686 721 35 19 att
734 726 105 20 personen
852 720 6 19 i
871 719 59 26 fråga
942 720 35 19 för

152 749 97 20 tillfället
267 751 24 18 är
308 749 119 21 inskrifven
446 751 36 19 vid
502 751 135 19 universitet.
671 750 43 26 Jag
732 750 39 19 har
789 750 44 25 mig
850 749 125 26 visserligen

153 779 82 20 bekant
247 781 34 18 att
292 779 6 20 i
309 786 28 13 nu
348 780 101 25 gällande
460 780 170 26 värnepligtslag
640 780 60 26 ingår
711 780 155 19 motsvarande
877 780 98 25 uttryck,

153 815 49 13 men
216 809 26 20 dä
257 815 50 14 man
320 816 28 13 nu
361 816 26 13 en
400 810 57 26 gång
469 812 24 18 är
504 810 6 19 i
523 810 71 20 farten
607 811 48 18 med
668 809 67 26 enligt
747 809 45 20 min
804 809 67 20 tanke
884 811 15 18 t.
912 815 19 14 o.
945 815 28 14 m.

152 839 131 25 opäkallade
301 839 152 27 förändringar
467 840 6 19 i
486 841 71 25 lagen,
573 840 23 19 sä
614 840 39 19 har
665 840 36 25 jag
715 841 73 18 ansett
801 839 44 26 mig
859 839 65 20 hafva
938 845 38 14 an-

153 868 87 26 ledning
256 869 32 19 till
303 869 165 20 framställande
483 870 22 19 af
520 870 61 19 detta
595 870 115 25 förslag.**

195 934 32 19 Hr
247 935 23 19 L.
297 935 168 20 Mechelin:
497 936 126 19 Oberoende
641 935 66 23 deraf,
727 935 108 19 huruvida
853 935 39 19 här
910 935 66 24 fram-

152 964 71 20 stälda
242 965 218 26 ändringsyrkanden
478 966 74 19 kunna
569 965 48 20 leda
634 965 32 20 till
684 965 115 20 enahanda
816 964 106 20 särskilda
940 965 35 19 be-

152 994 50 23 slut,
217 995 22 19 sä
254 995 89 20 föreslär
355 995 37 26 jag
405 995 37 20 det
456 996 25 19 R.
496 1002 19 13 o.
529 995 25 20 A.
568 995 50 20 ville
631 995 84 20 besluta
728 994 59 26 gifva
801 994 174 26 Värnepliglsut-

153 1024 84 19 skottet
253 1025 34 19 del
303 1025 21 19 af
339 1025 27 20 de
380 1025 39 20 här
434 1025 129 20 framstälda
579 1025 175 26 anmärkningar,
770 1024 33 19 för
818 1024 41 19 den
871 1024 104 20 händelse

152 1053 26 20 de
190 1053 7 20 i
209 1055 33 18 ett
255 1055 50 19 eller
316 1056 69 19 annat
397 1055 102 20 afseende
510 1055 75 20 kunna
596 1055 49 20 leda
657 1055 30 19 till
701 1054 98 25 ändring,
813 1055 38 18 när
863 1060 50 13 man
927 1056 48 17 när-

152 1089 60 14 mare
226 1084 90 26 pröfvar
330 1085 39 19 och
384 1085 117 26 genomgär
515 1085 56 20 dem.

195 1149 72 20 Sedan
283 1149 149 21 diskussionen
448 1151 89 19 härmed
552 1150 119 23 afstannat,
687 1149 70 20 beslöt
772 1149 26 20 R.
814 1155 18 14 0.
848 1149 25 20 A.
889 1149 6 19 i
910 1149 66 25 enlig-

153 1179 37 19 het
201 1180 50 19 med
265 1179 32 20 Hr
308 1179 117 21 Mechelins
437 1180 80 26 förslag
528 1181 34 19 att
573 1180 45 19 läta
629 1185 78 20 genom
720 1179 200 26 protokollsutdrag
932 1179 44 20 del-

152 1208 59 25 gifva
223 1209 254 26 Värnepligtsutskottet
489 1210 26 19 de
527 1210 38 19 här
577 1209 137 20 beträffande
727 1209 9 24 $
748 1209 26 20 32
786 1209 76 25 gjorda
874 1205 102 24 anmärk-

153 1244 114 20 ningarna.

194 1304 9 24 S
217 1304 26 19 35
259 1304 126 26 godkändes
400 1306 53 19 utan
469 1305 149 25 anmärkning.

194 1369 145 21 Beträffande
350 1370 9 25 $
372 1370 27 20 36
411 1370 89 26 yttrade

195 1429 32 19 Hr
238 1429 102 26 Georg
357 1436 60 13 von
435 1429 235 20 Christierson:
702 1430 34 18 att
746 1428 43 20 han
798 1428 110 26 nödgades
915 1428 60 20 hem-

152 1458 70 23 slälla,
241 1459 109 19 huruvida
368 1460 6 18 i
392 1460 129 25 lagrummet
539 1459 74 25 gäfves
630 1458 126 25 tillräckligt
773 1458 70 26 tydlig
860 1457 115 26 anvisning
