1028 1631
173 94 31 15 134
451 94 20 17 R.
487 98 16 12 o.
519 94 20 16 A.
554 94 52 16 1899.
621 94 21 16 13
657 94 56 20 April.

169 154 150 20 minoritetens
336 154 7 20 i
359 154 258 26 Värnepligtsutskottet.
653 153 141 21 Minoriteten
809 153 7 19 i
835 153 156 26 Lagutskottet

168 184 68 26 ansäg
248 184 107 26 nämligen
367 185 34 19 att
412 190 27 14 en
450 190 73 14 annan
535 190 77 20 person
624 186 28 18 än
663 184 222 26 generalguvernören
897 183 47 19 icke
952 183 39 19 bör

170 215 38 18 när
221 220 47 13 som
282 214 54 19 helst
349 214 40 20 och
402 215 55 19 utan
470 216 101 18 närmare
580 214 139 25 bestämning
727 214 75 19 kunna
811 214 59 19 utses
880 213 32 19 till
921 212 69 20 öfver-

169 243 149 20 befälhafvare
327 244 61 20 öfver
397 244 26 20 de
432 244 73 20 finska
514 245 119 25 trupperna
643 245 54 19 utan
707 245 34 18 att
751 243 61 20 detta
822 243 38 20 bör
869 244 75 18 kunna
954 243 37 19 ske

170 274 78 19 endast
266 274 6 19 i
290 274 56 19 vissa
365 274 170 26 undantagsfall.
572 274 85 19 Härvid
674 274 87 26 gjordes
780 273 57 20 olika
854 272 137 20 formulerin-

168 308 45 20 gar,
225 309 50 14 men
288 304 40 19 den
339 304 94 26 mening,
445 304 33 19 till
489 304 90 19 hvilken
589 304 37 25 jag
637 304 72 19 anslöt
721 303 50 26 mig,
783 303 48 26 gick
842 303 66 26 derpä
916 304 31 22 ut,
956 304 35 18 att

169 339 27 13 en
212 339 74 14 annan
303 340 76 19 person
396 336 28 17 än
440 334 224 26 generalguvernören
681 334 40 19 bör
737 334 74 18 kunna
827 333 114 19 förordnas
957 332 33 20 till

169 362 212 21 Ofverbefälhafvare
398 363 61 20 öfver
476 364 27 19 de
519 364 72 19 finska
608 364 119 25 trupperna
753 363 78 19 endast
848 363 27 19 dä
892 362 48 26 krig
956 364 35 18 ut-

170 392 70 20 brutit
251 393 50 19 eller
310 393 63 20 hotar
383 395 34 18 att
428 394 92 25 utbryta
530 394 51 19 eller
591 393 26 20 dä
628 394 69 19 andra
708 393 81 26 vigtiga
804 392 187 26 omständigheter

170 422 37 20 det
218 423 94 25 päkalla.
334 423 39 23 De,
385 429 47 14 som
443 424 107 19 omfattat
561 424 71 19 denna
644 423 94 26 mening,
751 423 79 25 ansägo
842 424 34 18 att
887 422 33 20 för
931 422 60 20 bibe-

169 452 113 20 hällandet
299 453 70 19 säsom
385 454 56 25 regel
459 454 34 19 att
506 453 223 26 generalguvernören
745 453 39 19 bör
796 459 52 13 vara
862 452 129 20 öfverbefäl-

169 481 91 21 hafvare
273 483 72 20 talade
358 483 60 20 såväl
431 490 26 13 en
471 484 67 19 sedan
551 484 24 19 är
589 483 53 19 1809
655 483 112 20 oafbrutet
780 482 136 20 existerande
929 482 60 23 häfd,

169 518 46 13 som
229 512 65 20 ocksä
308 513 40 19 den
362 513 199 26 omständigheten,
575 514 34 18 att
621 513 230 26 generalguvernören,
865 513 68 19 ehuru
946 512 43 20 han

168 543 24 18 är
202 548 25 13 en
238 542 52 26 rysk
301 549 56 17 man,
370 543 55 19 dock
435 548 79 21 genom
525 543 37 19 det
573 543 62 20 civila
647 543 86 19 embete
743 543 43 19 han
797 542 6 20 i
814 542 92 20 Finland
916 542 73 20 beklä-

168 572 37 19 der
215 572 72 19 mäste
297 579 60 13 anses
368 579 52 13 vara
431 573 143 19 innehafvare
585 573 22 19 af
616 573 69 19 finskt
696 572 149 23 statsembete,
857 573 40 19 och
908 572 82 19 säledes

168 601 131 26 underlyder
310 602 57 20 finsk
378 603 41 25 lag.
442 602 40 20 Till
494 603 86 19 förmån
592 603 33 19 för
636 603 72 19 denna
720 602 149 26 uppfattning,
882 603 34 19 att
927 607 63 21 gene-

167 631 168 26 ralguvernören
351 632 39 20 bör
405 639 54 13 vara
474 633 219 22 öfverbefälhafvare,
710 633 40 19 och
766 633 34 19 att
815 633 33 18 ett
864 633 68 19 annat
947 632 43 19 för-

167 661 102 20 hållande
278 661 46 20 icke
333 662 39 19 bör
380 662 161 26 ifrägakomma
550 664 68 18 annat
627 664 27 18 än
664 663 6 19 i
678 662 171 26 undantagsfall,
861 663 55 18 talar
924 662 65 19 äfven

167 691 37 19 det
215 691 22 19 af
248 691 79 26 Kejsar
337 692 124 20 Alexander
474 693 20 18 II
505 693 123 25 uppgjorda
639 692 104 26 förslaget
754 692 31 19 till
795 692 81 25 lydelse
886 692 22 19 af
918 692 70 19 denna

167 721 102 26 paragraf
282 721 36 20 vid
334 722 52 19 1877
400 722 35 20 ärs
448 722 113 26 landtdag.
582 722 44 19 Der
639 728 39 14 var
691 722 131 25 visserligen,
838 722 71 19 säsom
922 722 67 19 redan

166 750 139 25 framhällits,
325 751 145 21 öfverbefälet
489 752 62 19 öfver
570 752 27 19 de
615 752 72 20 finska
707 753 119 24 trupperna
846 751 144 26 förknippadt

166 781 49 19 med
226 781 146 20 kommandot
382 782 6 19 i
400 782 37 19 det
448 782 125 19 finländska
584 781 202 24 militärdistriktet,
799 788 49 13 men
858 782 58 19 bäda
928 782 61 19 dessa

166 810 128 21 funktioner
305 817 52 14 voro
370 812 64 25 lagda
446 812 7 19 i
465 812 235 26 generalguvernörens
707 811 60 20 hand
775 812 40 19 och
822 812 91 19 sälunda
922 811 67 26 enligt

164 840 63 20 detta
244 841 80 26 förslag
339 842 224 25 generalguvernören
580 842 61 19 alltid
658 841 212 20 öfverbefälhafvare
886 841 62 20 öfver
964 842 26 19 de

164 870 73 20 finska
251 872 126 25 trupperna.
403 871 44 20 Det
460 873 23 18 är
497 872 62 19 dessa
572 871 53 23 skäl,
639 877 47 14 som
698 871 37 26 jag
749 877 28 14 nu
791 871 76 20 tillätit
880 871 44 26 mig
936 871 54 20 refe-

165 906 45 14 rera
226 901 32 19 till
271 901 84 20 förmän
369 901 34 20 för
415 901 42 20 den
470 901 57 26 äsigt
539 901 37 26 jag
589 901 105 20 omfattat
707 901 7 20 i
728 901 156 26 Lagutskottet
897 901 40 20 och
951 901 39 20 här

165 936 110 20 upprepar
284 930 6 19 i
300 931 61 20 detta
371 931 86 26 förslag.
476 931 43 20 För
529 931 40 20 den
579 931 103 20 händelse
692 931 99 20 deremot
800 932 34 18 att
843 932 70 18 mötet
921 931 68 20 skulle

165 959 95 20 omfatta
273 960 262 26 Värnepligtsutskottets
544 961 79 26 förslag
631 961 6 19 i
645 961 133 22 hufvudsak,
788 962 58 18 emot
854 961 84 19 hvilket
947 961 42 19 för-

164 989 45 26 slag
219 989 53 26 jag
265 985 9 36 i
283 990 71 26 öfrigt,
366 992 62 18 utom
438 991 7 19 i
455 991 102 19 afseende
567 991 12 19 ä
590 991 70 20 denna
671 991 79 26 punkt,
761 990 47 20 icke
818 991 48 19 haft
877 991 67 25 något
954 992 35 18 att

164 1020 113 23 anmärka,
299 1020 68 19 skulle
385 1020 36 26 jag
436 1021 123 22 hemställa,
575 1027 35 13 om
624 1021 48 19 icke
686 1021 46 19 skäl
747 1026 52 13 vore
813 1021 34 19 att
861 1021 33 24 $:n
908 1021 81 19 äterre-

166 1049 128 20 mitterades
318 1050 33 19 till
375 1050 253 26 Värnepligtsutskottet
653 1051 33 19 för
711 1051 34 19 att
770 1051 33 18 ett
826 1050 163 26 förtydligande

164 1079 71 19 mätte
246 1079 81 20 införas
338 1079 105 26 antingen
454 1080 7 19 i
473 1081 70 19 denna
555 1081 50 18 eller
618 1080 38 20 120
667 1081 9 24 $
688 1080 6 19 i
706 1080 37 19 det
754 1080 57 25 syfte
821 1080 37 25 jag
869 1080 56 20 hade
936 1082 53 18 äran

164 1110 89 22 nämna,
265 1110 34 19 att
311 1109 108 26 nämligen
432 1110 122 19 oberoende
566 1110 21 19 af
600 1110 64 19 hvem
676 1116 46 13 som
735 1111 23 18 är
769 1109 218 23 öfverbefälhafvare,

164 1138 42 19 den
223 1139 142 20 ekonomiska
382 1139 164 26 förvaltningen
563 1139 22 20 af
602 1140 26 19 de
644 1140 73 19 finska
734 1141 119 24 trupperna
870 1140 62 19 alltid
950 1140 39 19 bör

164 1167 139 21 handhafvas
317 1169 22 19 af
353 1169 71 20 finska
440 1169 188 26 myndigheter.**

205 1227 33 20 Hr
250 1227 24 20 L.
294 1228 169 20 Mechelin:
485 1229 252 26 Värnepligtsutskottet
749 1229 56 20 hade
816 1229 119 26 ingalunda
947 1229 42 19 för-

163 1257 67 19 bisett
247 1259 34 18 att
297 1258 94 20 Senaten
407 1259 34 19 uti
457 1259 38 19 sitt
511 1259 80 25 förslag
606 1259 32 19 till
655 1259 135 25 proposition
806 1259 98 20 förordat
920 1259 68 20 sädan

162 1286 129 26 förändring
307 1288 48 19 utaf
369 1294 28 13 nu
411 1288 100 26 gällande
525 1289 10 24 $
550 1288 45 23 120,
610 1294 46 14 som
670 1289 42 19 den
727 1290 85 18 senaste
825 1289 65 19 ärade
904 1289 84 19 talaren

162 1322 51 19 nyss
228 1317 109 25 uppläste,
352 1318 41 19 och
407 1318 68 26 enligt
489 1318 90 20 hvilken
593 1318 37 20 det
644 1324 52 14 vore
712 1318 140 26 oförtydbart
866 1320 34 18 att
916 1318 25 20 de
956 1318 32 20 till

162 1345 72 21 finska
255 1348 119 24 trupperna
396 1348 97 19 hörande
513 1348 176 26 inrättningarna
711 1348 40 19 och
772 1348 135 20 anstalterna
928 1348 60 20 skola

162 1375 106 20 bedömas
281 1376 54 20 efter
349 1383 84 14 samma
447 1378 77 25 grund,
539 1384 46 13 som
599 1378 26 19 de
638 1378 37 20 vid
689 1379 121 24 trupperna
823 1378 105 25 tjenande
942 1384 46 20 per-

162 1410 101 15 sonerna.
275 1406 49 20 Men
336 1412 51 14 man
399 1407 72 20 mäste
481 1408 68 19 tveka
561 1409 34 18 att
607 1408 58 25 gifva
677 1408 9 25 $
701 1408 38 20 120
751 1414 26 13 en
789 1408 68 19 sädan
869 1408 119 20 förändrad

160 1434 90 26 lydelse,
267 1436 91 20 emedan
374 1437 36 19 det
426 1443 52 13 vore
493 1437 78 20 liksom
586 1439 32 18 ett
634 1438 141 19 erkännande
790 1437 22 20 af
826 1439 34 18 att
875 1438 41 19 den
932 1438 56 19 tolk-

162 1464 51 26 ning
222 1465 42 19 och
274 1465 144 27 tillämpning,
430 1467 96 23 hvilken,
537 1468 71 18 säsom
616 1467 37 26 jag
662 1468 7 18 i
678 1467 52 19 mitt
740 1467 67 19 första
818 1468 104 25 yttrande
932 1468 55 19 hade
