1031 1634
174 90 22 16 92
455 93 21 16 R.
490 97 16 12 o.
524 93 20 16 A.
559 94 51 16 1899.
625 94 22 16 23
662 94 53 16 Mars.

174 150 196 27 missuppfattning
389 152 140 20 beträffande
549 153 37 20 det
605 159 47 14 som
672 153 133 26 landtdagen
825 154 36 19 vill
881 154 67 20 hafva
962 155 34 18 ut-

173 180 75 26 tryckt
264 186 77 21 genom
356 184 84 18 termen
456 183 47 19 »det
518 183 65 26 ryska
598 183 73 20 riket».
701 184 43 19 För
759 184 65 25 öfrigt
839 184 43 20 kan
897 184 37 26 jag
949 183 46 20 icke

174 210 33 20 för
224 211 46 19 min
288 212 33 19 del
339 218 51 14 anse
407 214 35 18 att
476 213 113 26 uttrycket
607 213 200 24 »fäderneslandet»,
827 213 165 21 sammanstäldt

174 246 45 14 som
230 241 38 19 det
278 243 23 18 är
310 242 49 20 med
370 242 57 20 »hela
438 243 37 19 det
484 243 66 25 ryska
560 243 72 23 riket»,
643 250 52 13 vore
705 244 81 25 egnadt
795 245 34 18 att
840 244 74 20 ställas
924 244 70 19 såsom

174 276 26 14 en
210 272 93 19 motsats
313 272 33 19 till
356 272 68 20 detta.
445 273 46 19 Här
501 273 67 20 borde
578 274 54 19 utan
642 273 78 20 tvifvel
731 274 33 19 stä
775 274 219 20 »Storfurstendömet

174 300 108 24 Finland»,
294 308 35 13 om
341 308 49 14 man
402 302 38 20 vill
451 304 77 25 utsäga
540 303 37 20 det
588 309 46 14 som
645 304 40 19 här
695 304 114 25 uppfattas
821 304 70 20 säsom
902 310 26 14 en
939 305 56 18 mot-

173 332 45 18 sats
231 331 33 19 till
279 332 48 19 hela
338 332 63 20 riket.
421 332 48 20 Den
481 333 122 26 föreslagna
615 333 147 27 affattningen
775 340 64 20 synes
851 334 43 25 mig
905 334 89 19 komma

173 362 34 18 att
220 361 119 27 misstydas
349 362 82 20 derhän
441 364 34 18 att
485 369 51 14 man
545 364 60 19 velat
622 363 122 27 insmuggla
754 364 113 26 uttrycket
877 364 118 20 »fädernes-

173 391 67 23 land»,
250 392 39 19 där
301 398 51 14 man
364 392 48 21 icke
424 393 68 26 vågat
505 394 86 19 utsätta
601 393 221 21 »Storfurstendömet
830 394 108 20 Finland».
953 394 42 20 För

172 421 45 20 min
237 422 34 19 del
289 428 63 14 anser
369 423 37 26 jag
425 425 34 18 att
478 424 42 19 den
539 425 80 18 största
638 424 47 25 vigt
703 424 66 26 ligger
788 425 67 25 därpä
873 425 33 19 att
923 425 71 19 denna

173 452 107 25 paragraf,
296 458 46 14 som
361 454 65 25 utgör
445 453 138 26 inledningen
603 454 40 19 och
663 454 119 20 innehäller
801 455 42 19 den
861 455 133 25 principiella

172 482 100 25 grunden
290 482 31 20 till
338 483 49 20 hela
401 484 206 26 värnepligtslagen,
623 484 41 20 blir
675 484 22 20 sä
709 484 132 20 formulerad
853 486 34 18 att
899 491 35 13 om
946 485 48 19 dess

172 511 106 21 innebörd
295 512 48 20 icke
360 513 67 26 nägot
444 513 78 20 tvifvel
540 514 43 19 kan
598 514 116 26 uppstä.**

214 572 32 19 Hr
263 572 21 20 L.
335 573 136 20 Mechelin:
506 574 43 25 Jag
563 574 38 20 ber
615 575 78 19 endast
707 576 59 18 emot
781 575 41 19 den
833 576 85 18 senaste
929 575 65 19 ärade

171 602 96 20 talarens
278 603 105 25 yttrande
394 603 22 20 fä
424 603 115 21 framhälla
551 605 34 19 att
596 605 113 25 uttrycket
717 605 219 20 »Storfurstendömet
944 605 51 19 Fin-

171 632 61 19 land»
242 632 72 20 finnes
329 633 27 26 pä
372 634 69 20 andra
459 634 77 20 ställen
547 634 6 19 i
564 634 159 26 författningen
735 635 98 20 användt
845 635 78 20 liksom
922 628 13 37 i
952 635 42 19 för-

170 661 137 27 fattningens
319 663 82 24 rubrik,
415 664 39 19 och
468 666 39 18 när
520 670 51 14 man
583 664 7 20 i
601 664 104 27 förslaget
717 665 57 19 talar
786 671 35 13 om
833 665 159 22 fädernesland,

171 692 54 19 skall
240 692 64 27 ingen
320 693 75 20 kunna
410 694 122 20 missförstå
549 695 58 19 hvad
623 695 88 19 dermed
727 701 80 16 menas;
824 695 126 26 isynnerhet
966 695 27 19 då

172 722 61 20 detta
252 723 39 20 ord
309 723 88 26 åtföljes
417 723 22 20 af
453 724 48 20 hela
516 725 37 19 det
566 725 66 25 ryska
645 724 64 23 riket,
725 725 22 19 så
761 725 44 20 kan
819 725 48 19 från
880 725 52 26 rysk
946 725 46 19 sida

170 752 47 20 icke
231 753 75 25 påstås
319 755 35 18 att
368 754 62 20 detta
444 754 73 20 kunde
530 760 53 14 vara
596 754 107 20 identiskt
717 755 49 20 med
779 755 93 26 epitetet
885 755 57 20 »hela
957 755 36 19 det

171 782 64 25 ryska
245 783 72 20 riket».
336 783 68 20 Detta
414 784 40 20 har
463 785 110 19 användts
582 784 34 20 för
625 786 34 18 att
669 785 37 19 det
715 785 46 19 icke
771 785 54 19 skall
835 785 74 20 kunna
918 785 76 25 påstås

170 813 34 19 att
220 818 52 14 man
287 813 38 20 vid
340 813 131 21 anförandet
487 814 22 20 af
524 814 172 20 »fädernesland»
707 815 102 19 förbisett
820 816 34 18 att
866 815 92 20 Finland
970 817 24 17 är

170 848 26 14 en
205 842 140 21 beståndsdel
354 844 22 19 af
385 844 37 20 det
431 844 102 26 politiska
542 844 118 27 begreppet
668 845 66 26 ryska
742 845 63 19 riket.
821 845 41 19 Att
871 845 122 20 Ständerna

170 872 37 20 vid
225 872 54 28 1877
296 873 34 20 års
346 874 107 26 landtdag
470 874 134 26 begränsade
621 875 26 19 de
663 875 72 19 finska
751 876 131 25 truppernas
898 875 94 26 uppgift,

170 904 24 18 är
202 902 23 26 ju
236 903 74 26 något,
322 910 46 13 som
378 904 65 26 ingen
452 904 38 20 vill
499 904 104 20 bestrida.
623 905 42 25 Jag
674 905 40 19 har
723 905 33 19 för
765 905 45 19 min
819 905 61 25 ringa
891 905 32 19 del
934 906 60 18 med-

170 933 79 19 verkat
262 933 32 19 till
307 934 71 20 denna
391 934 152 26 begränsning.
560 935 43 25 Jag
614 935 40 19 har
665 935 79 19 liksom
757 935 25 19 de
794 934 65 20 flesta
871 935 37 20 vid
921 935 72 19 denna

169 962 107 26 landtdag
286 963 58 26 ånyo
355 964 124 26 begrundat
490 965 62 19 dessa
563 964 72 26 frågor
645 965 41 19 och
697 966 90 18 stannat
798 965 37 19 vid
847 966 34 18 att
891 971 51 13 man
954 965 39 19 bör

169 992 63 20 ställa
250 992 173 28 begränsningen
439 994 82 20 vidare.
553 994 41 20 Vid
612 995 41 19 den
669 994 69 20 första
755 994 160 26 behandlingen
931 995 40 19 har
986 995 7 19 i

169 1022 42 20 alla
233 1023 65 19 stånd
321 1023 42 20 den
386 1024 170 26 uppfattningen
579 1025 92 20 rörande
698 1024 39 20 123
756 1025 16 25 $.
793 1024 73 20 blifvit
885 1025 106 25 gällande,

168 1057 79 20 genom
268 1053 88 20 hvilken
377 1054 41 20 den
438 1054 58 20 förra
516 1054 173 26 begränsningen
709 1054 142 23 modifierats,
872 1061 35 13 om
927 1055 65 19 också

168 1082 47 20 icke
226 1082 47 20 helt
284 1083 39 19 och
335 1084 68 20 hållet
413 1084 125 26 borttagits.
561 1084 43 20 Det
615 1084 66 26 ligger
692 1084 65 20 också
768 1084 6 20 i
785 1084 78 20 sakens
874 1086 66 18 natur
951 1086 40 21 att,

169 1112 27 20 då
217 1114 206 24 representanterna
442 1114 69 20 första
529 1114 85 26 gången
633 1114 64 20 stodo
715 1114 58 20 inför
786 1114 83 26 frågan,
884 1114 109 20 huruvida

168 1142 152 26 värnepligten
330 1143 7 19 i
346 1143 76 20 landet
436 1144 69 20 skulle
518 1144 88 23 införas,
617 1150 51 14 man
683 1144 28 20 då
725 1144 62 20 sökte
796 1144 99 26 iakttaga
906 1145 28 19 all
944 1150 49 14 var-

168 1172 94 23 samhet,
275 1178 46 14 som
333 1173 165 21 förhällandena
511 1174 27 20 dä
550 1174 121 26 päkallade,
680 1174 78 20 liksom
771 1174 36 20 det
819 1174 66 26 ligger
896 1174 6 20 i
914 1174 78 20 sakens

168 1203 66 18 natur
245 1204 35 18 att
292 1208 51 14 man
355 1203 26 19 20
393 1204 24 19 är
429 1210 74 14 senare
514 1204 81 20 räknar
606 1204 49 20 med
667 1204 26 20 de
706 1204 102 26 politiska
819 1204 172 22 förhällandena,

168 1237 46 15 som
226 1232 38 20 det
275 1233 44 20 kan
330 1239 54 14 vara
395 1233 23 20 af
425 1233 47 27 vigt
479 1235 34 19 att
520 1235 52 25 taga
579 1234 7 20 i
593 1234 147 20 betraktande
747 1235 69 19 under
823 1235 33 19 ett
863 1234 129 20 förändradt

168 1262 94 26 sakläge.
285 1263 215 20 Rättsförhällandet
512 1264 91 20 emellan
616 1264 211 20 Storfurstendömet
839 1264 40 19 och
892 1265 101 24 Kejsare-

168 1292 74 19 dömet
259 1292 39 20 har
313 1293 47 20 icke
375 1293 132 24 förändrats,
520 1300 50 13 men
582 1294 26 19 de
622 1294 103 25 politiska
738 1294 165 19 förhällandena
917 1294 75 19 kunna

167 1321 78 20 kräfva
266 1323 34 19 att
319 1329 52 14 man
391 1329 29 14 nu
441 1329 58 14 mera
520 1323 147 27 uttryckligen
687 1324 107 19 erkänner
813 1324 82 19 sädana
915 1324 77 19 konse-

167 1357 99 20 gvenser,
274 1352 88 20 hvilken
372 1359 51 14 man
433 1353 24 20 är
468 1353 52 20 1877
530 1354 67 25 ansåg
607 1353 31 26 sig
647 1354 75 19 kunna
730 1353 6 20 i
744 1354 70 25 någon
823 1353 50 20 män
882 1354 57 19 hålla
949 1353 45 20 till-

167 1382 64 19 baka.
258 1383 42 25 Jag
312 1383 40 19 har
364 1383 6 19 i
383 1383 70 20 likhet
465 1383 49 20 med
527 1383 58 20 Frih.
598 1389 44 14 von
655 1384 59 19 Born
727 1383 40 20 och
780 1383 119 26 säkerligen
912 1384 79 24 många

166 1412 69 19 andra
263 1412 74 20 funnit
351 1413 44 26 mig
409 1413 61 26 långt
484 1413 57 20 ifrån
555 1413 94 20 tilltalad
663 1413 23 20 af
701 1413 37 20 det
752 1413 126 22 arbetssätt,
893 1419 47 14 som
955 1413 37 19 vid

167 1441 71 20 denna
252 1442 108 26 landtdag
373 1442 122 27 iakttagits,
511 1443 27 20 dä
552 1449 51 14 man
616 1443 38 20 vid
667 1444 74 18 möten
755 1443 22 20 af
791 1443 83 20 enskild
887 1443 105 20 karaktär

166 1471 121 20 behandlat
302 1472 149 26 föreliggande
466 1473 82 25 vigtiga
565 1473 110 25 spörsmäl,
693 1473 46 19 icke
756 1473 57 19 blott
828 1473 33 19 till
877 1473 117 25 ömsesidig
