1034 1631
345 81 22 17 R.
381 85 18 13 0.
415 81 20 17 A.
449 81 54 17 1899.
517 82 23 16 17
553 81 54 18 Mars.
863 81 24 17 69

104 141 270 26 HrStjernvall
355 137 23 34 .

104 201 33 20 Hr
159 201 98 19 Adolf
281 201 151 20 Aminoff:
475 201 41 20 Om
539 201 37 26 jag
598 201 92 20 förstätt
713 201 33 20 Hr
768 200 118 21 Mechelins

62 232 76 25 tillägg
152 232 53 22 rätt,
222 231 23 20 sä
261 237 52 14 vore
329 231 41 20 den
386 231 92 27 ändring
495 231 34 20 Hr
545 231 107 20 Mechelin
668 231 90 20 föreslär
775 231 7 19 i
799 230 87 21 förhan-

62 261 140 20 denvarande
215 261 103 26 paragraf
329 261 76 23 sådan,
419 262 34 19 att
465 261 37 20 det
514 261 7 19 i
534 261 48 20 dess
600 261 6 20 3
619 267 66 14 mom.
698 261 70 20 skulle
779 261 52 19 heta
843 260 42 20 till

62 291 68 20 kader
145 291 34 20 för
195 291 26 19 de
237 291 72 20 finska
326 291 229 26 landtvärnstrupper,
572 291 75 20 hvilka
664 291 115 20 användas
794 290 34 20 för
843 290 43 20 för-

62 321 164 26 svarsätgärder
239 321 7 19 i
260 321 109 20 Finland».
389 321 50 20 Men
453 321 22 20 af
488 321 66 26 derpä
568 321 97 26 följande
678 322 99 18 moment
788 320 7 20 i
803 320 82 20 samma

63 352 9 24 $
86 357 33 14 ser
131 357 51 14 man
195 352 35 19 att
243 357 27 14 en
283 351 34 20 del
329 352 120 19 värnemän
463 351 56 20 dock
531 351 75 20 kunna
619 351 93 20 inkallas
724 350 34 20 för
771 350 26 20 de
809 349 76 21 aktiva

62 382 132 25 truppernas
211 381 178 26 komplettering;
407 381 40 20 oth
464 381 140 20 beträffande
622 381 61 19 dessa
700 382 131 29 värnemäns
849 386 37 14 an-

63 411 113 26 vändning
189 411 57 26 gälla
260 416 84 15 samma
359 411 136 26 stadganden
509 417 47 14 som
569 411 33 19 för
616 411 26 19 de
656 410 76 21 aktiva
746 404 120 32 trupperna
879 410 7 19 i

62 441 72 26 öfrigt.
153 441 42 26 Jag
208 447 64 14 anser
285 441 72 20 derför
371 441 37 20 det
421 447 53 14 vara
487 441 96 26 önskligt
596 441 48 20 att
641 436 10 35 i
656 441 41 20 den
706 440 23 20 af
738 440 33 20 Hr
780 440 105 20 Mechelin

63 471 122 26 föreslagna
198 471 170 26 formuleringen
383 471 68 20 skulle
465 471 50 26 ingä
530 477 26 14 en
568 470 153 21 bestämmelse
733 472 34 18 att
779 470 40 20 här
830 469 56 21 afses

64 501 26 20 de
99 501 72 20 finska
180 501 259 26 landtvärnstrupperna,
449 501 109 20 försävidt
568 501 26 20 de
603 501 48 19 icke
660 502 63 24 tagas
732 500 7 20 i
748 500 95 26 anspråk
853 499 39 20 för:

64 531 26 20 de
100 531 76 20 aktiva
187 532 132 25 truppernas
329 531 177 26 komplettering.

106 591 33 19 Hr
156 591 24 20 L.
203 591 168 20 Mechelin:
407 591 50 20 Med
479 591 118 26 anledning
618 591 22 20 af
662 591 33 19 Hr
717 590 110 20 Aminoffs
841 591 46 25 ytt-

62 621 69 20 rande
146 621 110 26 begagnar
270 620 37 27 jag
321 621 44 26 mig
380 621 23 19 af
417 621 95 20 tillfället
528 622 34 19 att
577 621 85 26 päpeka
678 621 114 19 skilnaden
807 620 79 20 mellan

63 651 133 26 anställning
209 650 38 20 vid
260 651 223 26 landtvärnstrupper
495 651 41 20 och
550 651 146 20 användande
708 651 34 19 till
755 650 131 26 komplette-

63 681 47 26 ring
122 681 23 20 af
156 681 26 20 de
194 680 77 20 aktiva
283 681 127 26 trupperna.
433 681 43 26 Jag
488 682 46 19 tror
545 681 44 26 mig
600 680 67 21 hafva
692 680 117 26 utförligen
821 679 65 20 fram-

64 711 69 23 hällit,
147 710 117 21 huruledes
277 710 26 20 de
316 710 60 20 äldre
388 713 164 18 värnemännen
565 711 79 20 endast
656 711 88 19 komma
758 711 34 19 att
805 711 62 24 tagas
880 709 5 20 i

63 741 95 26 anspräk
169 740 33 20 till
214 740 68 20 kader
293 740 33 20 för
337 741 166 25 uppställandet
513 741 23 20 af
543 741 228 25 landtvärnstrupper.
784 740 33 19 De
827 739 59 20 bilda

65 771 33 19 ett
112 770 104 20 särskildt
230 771 89 25 system.
348 770 105 21 Deremot
467 771 75 20 kunna
556 776 68 21 yngre
638 772 120 18 värnemän
773 769 115 20 användas

64 800 34 20 för
107 800 172 26 komplettering
290 800 22 20 af
322 806 107 14 reserven.

106 861 33 19 Hr
158 860 101 26 Georg
285 860 186 20 Schauman:
505 861 33 20 Dä
552 861 36 20 det
600 867 64 20 synes
676 861 43 26 mig
731 862 35 19 att
776 861 51 26 inga
839 860 50 21 sak-

63 890 43 26 liga
118 891 46 19 skäl
175 890 74 20 fordra
260 896 27 14 en
298 890 138 27 förlängning
447 891 22 20 af
481 891 42 20 den
534 891 39 23 tid,
586 891 69 20 under
665 891 89 20 hvilken
765 890 123 27 värneplig-

64 920 32 26 tig
109 920 68 26 enligt
190 920 101 26 gällande
305 920 34 26 lag
354 921 101 25 gvarstär
468 921 7 19 i
489 921 149 23 landtvärnet,
653 921 38 20 ber
703 921 38 26 jag
754 921 22 20 fä
790 921 55 26 yrka
859 920 28 26 pä

64 950 164 20 bibehällandet
241 949 23 21 af
277 950 71 20 denna
361 950 33 20 tid
407 950 67 27 enligt
487 957 29 14 nu
530 951 100 26 gällande
642 951 177 26 värnepligtslag.
845 950 42 26 Jag

63 981 39 25 gör
111 980 62 20 detta
181 980 50 20 med
240 980 23 20 sä
273 980 89 26 mycket
371 981 68 19 större
447 981 47 20 skäl
503 987 47 13 som
558 981 163 26 propositionen
730 981 38 19 vid
778 979 110 21 1877—78

64 1010 34 19 ärs
114 1010 113 26 landtdag,
245 1010 89 20 hvilken
351 1010 56 20 dock
422 1010 96 20 innehöll
534 1011 139 25 bestämning
689 1017 35 13 om
741 1012 35 18 att
796 1010 91 26 tjenste-

64 1039 60 20 tiden
135 1040 68 19 skulle
213 1046 54 13 vara
277 1040 12 20 3
299 1040 24 20 är
332 1040 37 20 vid
379 1040 90 20 aktiven
480 1041 40 19 och
530 1041 12 19 8
552 1041 24 19 är
585 1041 37 20 vid
632 1047 107 16 reserven,
750 1041 85 25 upptog
845 1039 41 20 den

63 1069 40 24 tid,
117 1070 69 19 under
198 1069 89 20 hvilken
300 1070 145 26 värnepligtig
457 1071 70 20 skulle
539 1071 90 25 gvarstä
641 1070 38 20 vid
691 1071 149 21 landtvärnet,
854 1069 32 20 till

64 1099 34 24 40,
116 1099 47 20 icke
179 1099 27 20 43
222 1099 30 20 är.

106 1159 33 20 Hr
161 1159 57 20 Elis
239 1159 162 26 Furuhjelm
427 1160 148 20 understödde
592 1160 33 19 Hr
644 1160 134 20 Schaumans
800 1159 87 26 förslag.

106 1219 32 20 Hr
165 1219 23 20 L.
214 1219 169 20 Mechelin:
428 1220 33 19 Dä
491 1220 33 19 Hr
550 1220 134 19 Schaumans
705 1219 81 26 förslag
807 1219 80 20 vunnit

65 1249 127 23 understöd,
206 1249 38 20 ber
256 1249 37 26 jag
305 1249 21 20 fä
340 1250 115 20 hemställa
468 1251 35 18 att
516 1250 26 19 R.
557 1256 19 13 o.
589 1250 25 19 A.
629 1249 65 20 hellre
707 1249 50 20 ville
769 1249 118 26 godkänna

64 1279 127 19 Utskottets
201 1279 81 26 förslag
293 1279 6 19 i
311 1279 71 20 denna
393 1279 40 23 del,
442 1280 93 19 emedan
546 1280 37 19 det
593 1279 47 19 icke
650 1279 43 19 kan
701 1279 57 20 visas
766 1279 67 25 nägra
841 1278 46 20 skäl

64 1308 33 20 för
106 1309 34 19 att
149 1308 146 26 värnepligtig
304 1308 7 20 i
321 1308 212 21 Storfurstendömet
542 1309 68 19 skulle
619 1308 21 20 fä
650 1309 12 19 3
672 1309 24 19 är
704 1308 93 26 tidigare
806 1308 83 20 afföras

64 1338 48 20 frän
123 1338 144 20 landtvärnet
278 1340 28 18 än
317 1338 33 20 uti
362 1338 174 26 Kejsaredömet.
549 1338 43 20 Det
604 1339 39 19 har
652 1338 124 26 visserligen
788 1338 38 19 vid
837 1337 52 20 tidi-

63 1373 51 21 gare
130 1368 100 20 tillfällen
247 1368 68 20 talats
332 1374 36 14 om
385 1370 34 18 att
431 1368 128 20 Utskottets
575 1368 81 26 förslag
672 1368 91 20 innebär
780 1374 26 13 en
823 1367 65 20 efter-

63 1397 138 27 giftspolitik,
216 1404 51 14 men
281 1398 37 20 det
332 1398 39 20 har
385 1398 36 20 vid
436 1404 84 14 samma
534 1398 84 20 tillfälle
632 1398 65 20 äfven
711 1398 128 26 ädagalagts
853 1398 35 18 att

100 1463 14 20 1)
123 1462 55 17 Säväl
188 1464 107 19 stenogram
306 1467 39 11 som
356 1463 113 20 anteckning
479 1463 5 16 i
495 1462 209 21 memorialprotokollet
714 1462 74 16 saknas.
