1034 1631
430 67 79 38 Bilagor.
860 78 22 16 39

60 139 63 20 Bilaga
139 138 49 17 11a.

449 395 10 25 8
470 395 24 25 1.

104 437 162 26 Ridderskapet
285 437 39 20 och
343 437 64 20 adeln
425 438 58 19 samt
501 437 182 26 borgareständet
700 436 68 20 hafva
787 436 98 26 godkänt

60 467 339 26 sammanjämkningsförslaget.

103 497 87 20 Präste-
208 497 41 19 och
269 497 166 20 bondeständen
454 497 68 20 hafva
541 496 97 24 beslutit,
659 497 35 19 att
712 495 93 21 framför
824 495 61 20 ordet

62 529 97 18 ytronen»
168 527 67 19 borde
244 526 81 20 införas
335 527 66 19 orden
410 527 52 19 »den
471 527 131 26 kejserliga».

449 581 9 24 $
474 581 19 19 2.

104 616 162 25 Ridderskapet
288 616 40 19 och
351 616 63 19 adeln
431 616 41 19 har
489 616 110 20 förkastat
616 616 122 19 utskottets
756 615 81 26 förslag
853 614 34 20 till

62 647 82 25 lydelse
158 645 34 20 för
207 645 72 20 denna
294 645 101 26 paragraf
409 646 40 19 och
462 645 92 20 beslutit
567 647 34 18 att
614 645 7 20 i
635 645 73 20 stället
721 645 111 20 bibehälla
845 645 42 19 den

62 676 82 26 lydelse
154 675 67 26 sagda
232 675 103 26 paragraf
344 676 39 19 har
393 675 6 20 i
409 676 101 25 gällande
519 675 178 26 värnepligtslag.

104 706 87 19 Präste-
205 705 40 20 och
260 705 166 20 bondeständen
440 705 68 20 hafva
522 705 99 26 godkänt
635 705 123 20 utskottets
771 705 87 25 förslag.

105 735 186 26 Borgareständet
304 735 40 20 har
356 735 97 24 beslutit,
468 736 35 19 att
516 735 50 20 med
580 735 129 26 afgörandet
722 735 23 20 af
758 734 128 27 paragrafen

63 766 6 19 i
82 765 61 26 fråga
156 765 69 20 skulle
237 765 64 20 anstå
313 765 33 20 till
359 765 48 20 dess
419 765 149 26 lagutskottet
579 765 118 20 inkommit
708 765 52 20 med
772 764 115 21 utlåtande

62 795 93 20 rörande
172 795 82 20 nämda
271 795 91 26 lagrum.

451 849 46 25 87.

106 885 163 26 Ridderskapet
287 885 40 20 och
345 885 64 20 adeln
428 886 58 19 samt
504 885 182 26 borgareständet
703 885 68 20 hafva
790 883 97 24 beslutit,

64 917 36 18 att
114 921 66 14 mom.
195 915 13 19 2
222 915 68 20 borde
303 915 60 26 utgä.

106 945 86 20 Präste-
210 945 40 19 och
268 945 156 20 bondetänden
442 945 66 20 hafva
527 945 99 26 godkänt
652 943 237 27 sammanjämknings-

66 975 110 26 förslaget.

447 1029 10 25 $
473 1029 33 20 20.

108 1065 162 26 Ridderskapet
291 1065 40 20 och
353 1065 63 20 adeln
437 1065 40 20 har
497 1065 91 20 beslutit
608 1065 108 20 vidblifva
738 1065 39 20 sitt
798 1064 92 26 tidigare

65 1095 72 19 beslut
148 1095 83 22 därom,
243 1096 35 18 att
289 1101 74 14 senare
375 1095 116 26 meningen
501 1095 7 19 i
520 1101 65 14 mom.
597 1095 13 20 3
621 1095 69 20 skulle
700 1095 83 20 erhälla
793 1094 97 25 följande

65 1125 88 25 lydelse:
187 1124 38 19 Af
242 1125 27 19 de
285 1126 126 22 värnemän,
430 1131 47 13 som
495 1126 73 19 senast
584 1124 74 20 blifvit
674 1124 48 20 från
739 1129 101 15 reserven
857 1123 33 20 till

66 1154 143 20 landtvärnet
232 1154 131 24 öfverförda,
387 1154 94 20 inkallas
505 1155 108 25 därjämte
636 1154 76 26 nödigt
732 1154 61 20 antal
812 1154 33 19 för
857 1154 34 19 att

65 1184 63 26 tjäna
142 1184 34 20 till
189 1184 68 20 kader
271 1184 34 20 för
319 1185 26 19 de
359 1184 72 20 finska
445 1184 258 26 landtvärnstrupperna,
719 1184 75 20 -hvilka
809 1185 82 18 använ-

66 1214 40 20 das
117 1214 33 20 till
162 1214 201 26 försvarsätgärder
374 1214 7 20 i
393 1214 110 20 Finland».

109 1244 168 20 Prästeständet
297 1244 40 20 har
356 1244 113 20 vidblifvit
490 1244 39 20 sitt
548 1244 92 26 tidigare
660 1244 72 20 beslut
752 1244 84 22 därom,
857 1244 34 19 att

66 1273 83 26 jämväl
168 1274 41 19 den
227 1274 80 19 öfvade
323 1274 64 27 delen
405 1274 22 20 af
444 1274 143 20 landtvärnet
604 1274 51 20 eller
672 1274 135 20 åtminstone
825 1273 66 25 några

66 1303 154 20 äldersklasser
234 1303 62 20 däraf
308 1297 68 26 borde
387 1304 75 19 kunna
476 1304 114 20 användas
602 1304 32 19 till
647 1302 172 27 komplettering
831 1302 22 20 af
866 1302 25 20 de

68 1332 77 21 aktiva
158 1334 129 24 trupperna.

108 1362 187 26 Borgareständet
308 1363 40 19 har
360 1363 99 26 godkänt
472 1364 10 24 $
496 1363 27 20 20
536 1363 69 20 under
617 1363 114 23 förbehäll,
746 1364 35 18 att
794 1362 98 20 ständer-

66 1392 72 20 beslut
150 1398 85 14 vunnes
246 1392 35 20 för
292 1393 41 19 den
345 1393 81 25 lydelse
438 1393 112 19 utskottet
561 1392 33 20 uti
606 1393 39 19 sitt
657 1392 236 26 sammanjämknings-

67 1422 80 26 förslag
157 1422 99 20 förordat
266 1422 34 20 för
316 1423 3 18 1
333 1428 65 14 mom.
404 1418 24 35 af
441 1423 7 24 $
463 1423 46 19 123.

110 1452 169 19 Bondeständet
297 1452 40 20 har
353 1452 99 26 godkänt
471 1452 337 26 sammanjämkningsförslaget.
