1045 1631
156 93 24 15 $0
528 95 79 20 Bilagor.

156 152 48 20 icke
223 153 68 20 skulle
311 154 114 21 underlåta
444 156 35 19 att
498 155 55 20 efter
572 156 166 25 samvetsgrann
758 154 101 26 pröfning
877 154 22 20 af
918 154 59 20 hvad

156 182 111 26 verkligen
288 183 43 20 kan
348 189 63 15 anses
428 185 49 19 med
494 185 94 20 rättvisa
605 185 40 20 och
663 185 97 25 billighet
778 185 57 19 samt
852 185 37 19 det
906 184 71 19 finska

156 211 81 21 folkets
254 213 102 26 ställning
374 213 233 21 öfverenskommande
625 215 80 26 pätaga
722 214 32 26 sig
771 214 70 19 ökade
858 213 119 21 materiella

157 241 151 28 uppoffringar
319 255 28 2 —
359 243 37 20 det
414 243 72 21 finska
504 244 70 20 folket
586 244 65 26 begär
663 244 64 23 blott,
740 245 34 19 att
787 244 41 19 den
841 244 34 26 lag
887 243 40 20 och
940 243 37 20 det

156 271 128 26 lagbundna
293 273 165 20 samhällsskick
467 274 36 20 mä
513 274 68 20 varda
592 274 166 26 upprätthälina
767 273 41 20 och
817 273 159 26 respekterade,

156 301 38 20 vid
207 301 75 21 hvilka
295 303 61 20 detta
368 303 46 20 folk
426 304 63 19 vuxit
502 303 44 21 fast
558 304 40 19 och
611 310 47 13 som
669 303 83 27 jämväl
765 303 23 20 af
800 303 120 26 Rysslands
932 309 45 14 mo-

157 331 79 20 narker
249 333 95 28 erkänts.
374 333 72 20 Skulle
461 335 28 18 än
503 334 130 19 ständernas
647 333 162 26 handlingssätt
823 333 68 20 varda
905 335 72 18 utsatt

156 361 34 20 för
207 361 177 28 misstydningar,
402 363 83 20 sädana
502 369 47 15 som
567 364 32 23 de,
618 364 27 25 pä
663 363 75 20 hvilka
755 363 42 20 den
814 365 84 18 senaste
916 363 61 20 tiden

156 391 139 24 Ofverflödat,
306 393 68 26 vågar
384 393 110 20 utskottet
505 393 56 20 dock
571 393 90 26 hoppas,
673 395 34 18 att
717 393 86 20 landets
813 393 91 20 monark
914 393 62 24 skall,

155 421 118 26 lyssnande
285 422 32 20 till
329 423 38 19 det
378 423 71 20 finska
461 423 81 20 folkets
553 425 52 22 röst,
617 423 69 20 förstå
699 423 61 20 detta
772 423 57 20 folks
840 423 135 26 belägenhet.

156 450 72 27 Djupt
241 451 111 27 allvarliga
366 454 37 19 äro
417 453 26 20 de
456 453 54 23 skäl,
524 459 47 14 som
584 459 65 14 mana
663 453 37 20 det
712 453 72 20 finska
797 453 68 20 folket
878 453 40 19 och
931 453 46 20 lan-

155 480 50 21 dets
219 482 89 20 ständer
322 484 34 18 att
370 482 6 20 i
391 484 137 19 närvarande
542 484 66 19 stund
622 483 33 20 till
669 483 33 20 sin
716 483 98 23 monark,
830 489 46 13 som
890 482 22 20 af
926 483 51 20 För-

155 517 70 20 synen
240 511 45 21 fått
302 512 41 20 den
359 512 56 27 höga
432 513 114 26 uppgiften
563 513 31 26 sig
609 513 97 26 förelagd
723 514 34 18 att
772 519 53 13 vara
842 513 41 19 den
899 512 77 26 högsta

155 541 109 20 väktaren
279 542 65 20 äfven
359 542 34 20 för
408 543 104 20 Finlands
527 543 156 26 rättsordning,
700 542 110 20 frambära
826 542 46 20 sina
887 542 90 26 bekym-

155 576 46 14 mer
214 577 36 13 om
263 571 118 21 framtiden
394 572 41 20 och
447 572 60 26 gifva
521 573 90 26 uttryck
624 573 23 19 åt
661 573 32 19 sin
706 572 57 20 fasta
777 572 150 26 öfvertygelse,
941 574 35 18 att

155 600 28 20 de
200 606 79 20 genom
296 603 34 19 att
347 602 67 20 häfda
432 603 46 19 sina
496 603 141 25 grundlagars
655 602 64 26 helgd
736 602 53 26 fylla
807 602 32 20 sin
857 602 54 26 pligt
928 604 47 18 mot

154 631 94 19 monark
262 631 40 20 och
316 632 158 20 fädernesland.

198 660 30 20 På
244 662 70 25 grund
330 662 22 20 af
368 662 38 20 det
422 662 91 20 anförda
529 662 33 20 får
578 662 110 20 utskottet
704 662 39 20 hos
758 662 86 20 landets
859 662 116 26 höglofliga

155 690 90 20 ständer
257 691 113 20 vördsamt
382 692 122 24 hemställa,
518 694 34 18 att
565 692 117 20 ständerna
694 692 7 20 i
714 692 39 20 sitt
765 692 148 26 underdåniga
926 698 50 14 svar

154 720 13 19 å
181 720 26 20 de
220 720 78 26 nådiga
312 722 188 25 propositionerna
513 722 57 23 ville,
584 722 49 20 med
645 722 159 20 framhållande
817 722 22 19 af
852 722 60 20 dessa
926 724 56 24 syn-

154 750 103 25 punkter,
273 751 77 20 uttala:

323 812 34 22 att,
378 812 50 19 enär
448 811 7 20 i
474 811 24 20 de
516 811 78 26 nådiga
613 811 183 27 propositionerna
815 811 116 25 förulsättes
950 817 25 13 en

281 840 88 26 ordning
383 841 33 25 för
429 841 157 26 lagstiftningen
601 841 7 20 i
622 841 62 20 dessa
698 841 75 26 frågor,
789 847 44 13 som
847 841 73 20 strider
934 842 42 18 mot

281 870 105 21 Finlands
399 871 133 26 grundlagar,
546 870 113 21 ständerna
673 876 50 15 anse
736 871 32 26 sig
782 870 44 21 icke
839 870 73 21 kunna
926 871 49 26 ingå

282 900 7 19 i
304 900 68 26 saklig
387 901 101 26 pröfning
504 901 22 26 af
541 901 24 20 de
580 901 79 26 nådiga
674 901 189 26 propositionerna.
