1048 1636
160 102 22 15 10
396 92 60 28 OR.
472 107 16 12 o.
505 103 21 17 A.
542 103 59 17 1899.
617 103 23 17 18
653 104 58 16 Mars.

157 162 25 20 af
191 161 168 27 ifrågavarande
371 163 21 25 $$
405 163 69 20 skulle
486 163 47 20 afse
544 163 48 20 icke
604 163 23 20 sä
639 163 90 26 mycket
741 163 85 20 formen
838 169 46 14 som
896 163 91 20 fastmer

158 192 40 19 det
215 192 83 26 sakliga
315 192 127 24 innehället,
460 193 166 20 förbehällande
644 193 32 27 sig
689 193 117 20 Utskottet
820 194 34 19 att
871 193 116 20 framdeles

159 221 7 20 i
179 221 41 20 den
232 221 121 27 föreslagna
365 223 84 23 texten,
462 223 7 20 i
479 223 38 20 fall
530 223 22 20 af
563 223 73 24 behof,
648 225 52 24 göra
711 222 160 27 förbättringar
881 223 7 20 i
898 223 89 20 formelt

159 251 270 22 hänseende.
309 247 16 37 —
336 251 93 22 Talaren
445 253 44 20 bad
506 254 35 19 att
557 253 22 20 fä
595 253 104 20 särskildt
715 253 116 20 framhälla
848 259 26 14 en
890 254 97 18 omstän-

158 281 84 26 dighet,
259 282 108 26 nämligen
383 282 42 20 den
440 284 35 18 att
482 282 118 20 Utskottet
615 282 38 20 vid
667 282 191 26 handläggningen
874 282 22 20 af
910 282 76 26 frägan

157 317 39 14 om
210 311 192 27 Krigsniinisterns
416 312 129 20 funktioner
558 314 73 18 ansett
645 314 35 19 att
694 312 210 26 begränsningen
879 307 27 36 af
917 312 50 20 dem
980 312 7 19 i

157 341 104 26 gällande
268 342 171 26 värnepligtslag
450 342 71 20 mätte
533 343 121 19 bibehällas
667 343 40 19 och
718 342 57 20 hade
784 342 117 20 Utskottet
911 342 76 20 erfarit

157 372 37 18 att
207 371 114 21 enahanda
333 372 58 26 äsigt
402 372 60 26 gjort
474 372 31 26 sig
516 373 101 25 gällande
628 372 82 26 jemväl
723 372 6 20 i
741 372 164 26 Lagutskottet.
929 372 58 20 Slut-

159 400 58 26 ligen
230 402 97 20 anmälte
340 402 85 20 talaren
439 404 35 18 att
486 402 82 26 förslag
581 402 73 20 blifvit
668 403 68 19 väckt
749 403 35 19 att
797 408 28 14 nu
840 402 146 26 föreliggande

158 430 62 27 fräga
240 431 79 21 främst
334 432 70 20 skulle
420 432 123 20 diskuteras
558 432 7 20 i
580 432 242 27 landtdagsklubbarne
837 432 40 20 och
893 431 94 21 derefter

159 460 38 20 vid
215 461 104 20 ständens
335 462 99 20 enskilda
452 462 64 26 plena
533 462 40 20 och
590 462 101 20 uttalade
707 462 85 20 talaren
808 462 178 20 önskvärdheten

158 490 63 20 deraf
231 492 36 19 att
278 491 81 21 sädana
371 492 65 26 plena
447 492 23 20 sä
481 492 50 20 vidt
541 492 86 26 möjligt
638 492 68 20 hölles
717 492 114 26 samtidigt
842 492 7 19 i
859 492 42 20 alla
912 491 73 20 ständ.

202 550 59 21 Frih.
276 551 25 20 V.
340 557 36 14 von
391 551 61 20 Born
489 551 44 21 bad
548 553 35 19 att
596 551 22 21 få
633 551 71 21 erinra
718 551 112 24 hurusom,
845 551 67 26 enligt
926 551 59 20 hvad

159 580 86 20 talaren
266 581 84 23 trodde,
371 581 117 20 resultatet
508 581 23 21 af
551 582 42 19 den
613 582 83 19 skedda
717 581 241 26 sammanjemkningen
978 581 7 19 i

157 610 73 20 denna
245 610 60 27 fräga
319 611 22 20 af
355 611 27 20 de
395 611 66 20 flesta
474 611 81 20 fattats
568 611 92 20 sälunda
674 612 34 19 att
722 611 48 20 VU.
784 611 70 20 skulle
866 610 119 21 inskränka

157 639 34 27 sig
202 639 33 20 till
247 642 34 18 att
292 640 7 20 i
309 641 101 26 gällande
421 641 39 20 VL
470 641 71 20 införa
552 641 67 26 nägra
630 641 22 20 fä
664 647 44 20 nya
719 641 144 26 stadganden,
875 646 110 21 represen-

158 670 93 19 terande
264 670 26 20 de
301 670 118 27 vigtigaste
432 671 22 20 af
467 671 82 20 sädana
561 671 7 20 i
580 671 164 26 propositionen
757 671 100 20 uttalade
870 670 113 26 principer,

157 705 49 14 som
219 700 92 26 ansägos
323 701 75 20 kunna
410 701 136 26 godkännas.
570 701 92 20 Talaren
674 701 58 20 hade
744 700 73 20 derför
828 699 74 21 blifvit
914 699 71 21 öfver-

157 729 81 20 raskad
250 729 23 20 af
283 731 33 19 att
327 737 29 13 nu
368 730 62 21 finna
440 732 35 19 att
485 731 48 20 VU.
545 731 83 20 lemnat
639 732 33 19 ett
682 730 87 26 förslag,
781 736 47 14 som
838 730 67 20 bland
916 731 69 18 annat

159 760 86 25 upptog
260 759 13 20 4
287 760 20 25 $$
331 760 44 20 lika
390 760 97 26 lydande
502 761 49 20 med
568 767 29 14 nu
611 761 101 26 gällande
728 760 137 26 stadganden
880 759 6 20 i
902 761 81 18 ämnet.

158 789 34 20 De
214 789 98 20 enskilda
335 791 206 22 sammankomster,
565 790 75 20 hvilka
662 790 75 20 hållits
759 790 70 19 under
850 789 134 26 landtdagen

157 818 47 20 dels
219 818 111 21 ståndsvis
345 820 46 19 dels
406 819 22 21 af
443 820 57 20 olika
515 825 94 21 grupper
624 820 6 19 i
645 819 209 27 representationen,
865 819 56 20 hade
935 818 49 21 haft

158 848 34 20 till
213 848 88 26 uppgift
321 850 34 19 att
376 849 59 20 hålla
456 849 66 27 nödig
541 851 92 25 rapport
653 850 80 20 mellan
753 849 231 26 landtdagskretsarne

156 878 43 19 och
210 878 122 24 utskotten,
344 880 55 19 utan
410 880 34 19 att
455 885 51 14 man
517 880 57 19 dock
583 879 49 20 haft
643 880 38 19 det
691 879 59 20 klart
760 878 34 20 för
804 878 32 26 sig
845 878 56 20 huru
912 878 72 20 denna

156 909 94 24 rapport
263 908 67 20 skulle
343 909 44 20 ske.
412 909 128 20 Emellertid
553 909 107 20 framstod
674 909 44 23 det,
732 908 67 26 enligt
811 908 95 20 talarens
919 908 64 26 åsigt,

156 937 74 20 såsom
247 944 27 14 en
289 938 95 20 anomali
401 940 41 22 att,
460 939 79 20 medan
555 945 51 14 man
622 938 68 27 ansåg
705 938 102 26 lämpligt
823 939 35 19 att
873 938 45 20 låta
934 938 48 20 VU.

157 967 51 19 med
230 967 34 20 sin
286 968 122 20 auktoritet
430 968 91 20 inverka
544 969 27 25 på
593 968 209 27 representationen,
826 968 157 26 Lagutskottet

157 996 48 20 icke
220 997 111 20 lemnades
346 998 85 20 tillfälle
446 1000 34 18 att
494 1000 52 24 göra
562 999 129 23 detsamma,
707 998 41 20 och
763 998 62 20 detta
840 998 68 19 ehuru
922 997 24 26 ju
961 997 23 20 af

157 1032 30 14 nu
209 1026 145 22 förevarande
377 1028 21 25 $$
421 1028 53 20 flere
497 1028 41 20 och
561 1028 103 20 särskildt
687 1028 21 25 $$
733 1028 18 22 1,
770 1028 12 19 2
806 1028 40 19 och
863 1027 13 20 3
892 1027 91 20 berörde

155 1056 111 26 grundlag
283 1057 40 20 och
334 1058 77 20 .delvis
429 1058 40 20 vår
486 1058 200 26 statsförfattnings
704 1058 136 19 hörnstenar.
876 1057 107 20 Häremot

157 1086 94 19 nedlade
268 1087 83 20 talaren
369 1087 32 20 sin
419 1088 221 19 reservation.
582 1082 16 34 —
612 1082 30 34 En
657 1093 74 14 annan
748 1086 170 26 omständighet,
936 1092 47 14 som

157 1115 85 20 talaren
256 1116 67 26 ansåg
336 1123 53 14 vara
402 1117 121 23 inkorrekt,
538 1123 40 14 var
588 1117 40 20 den
639 1118 34 19 att
683 1117 7 19 i
700 1117 38 20 det
747 1116 124 20 aflemnade
880 1116 103 26 förslaget

156 1145 19 26 ej.
196 1145 66 20 fanns
281 1146 70 26 någon
371 1147 107 26 antydan,
498 1153 36 14 om
553 1147 99 20 besluten
670 1146 140 21 beträffande
829 1146 27 19 de
874 1145 69 20 skilda
962 1146 21 25 $$

157 1175 57 20 hade
229 1175 60 20 varit
303 1176 109 26 enhälliga
428 1177 50 19 eller
493 1177 54 20 icke.

199 1227 33 20 Hr
258 1227 23 20 L.
307 1228 161 21 Mechelin
494 1229 113 26 påpekade
632 1231 35 18 att
686 1235 27 14 en
732 1231 100 18 närmare
850 1229 133 26 granskning

154 1256 39 26 gaf
214 1257 39 20 vid
276 1257 86 20 handen
385 1259 35 19 att
442 1259 212 26 ändringsförslagen
677 1259 139 20 beträffande
838 1259 106 26 vigtigare
961 1259 21 25 $$

155 1286 8 20 i
177 1286 44 20 VL.
237 1287 110 20 föranledt
361 1288 94 26 ändring
468 1289 82 25 jemväl
564 1289 23 20 af
600 1289 84 20 mindre
699 1288 90 27 vigtiga.
810 1289 48 20 VU.
870 1289 56 19 hade
935 1288 47 20 icke

155 1316 61 20 velat
229 1317 134 20 undanhålla
377 1318 202 25 representationen
592 1319 169 26 Lagutskottets
774 1318 57 27 åsigt
844 1318 138 20 beträffande

155 1346 27 19 de
193 1346 144 26 stadganden,
349 1347 75 20 hvilka
434 1348 91 20 berörde
533 1348 113 26 grundlag,
657 1349 41 19 och
708 1348 68 26 ansåg
785 1348 84 20 talaren
879 1347 103 21 särskildt

154 1375 61 20 hvad
231 1376 93 26 anginge
339 1377 21 25 $$
378 1377 18 23 1,
414 1377 12 19 2
442 1377 41 20 och
499 1378 13 19 3
523 1378 38 19 det
573 1384 52 14 vara
637 1378 89 20 alldeles
738 1377 138 26 nödvändigt
887 1378 35 19 att
933 1377 49 20 sist-

155 1405 98 20 nämnda
265 1406 98 20 utskotts
374 1406 144 27 uppfattning
529 1413 36 14 om
576 1408 49 19 dem
635 1407 73 20 blefve
718 1408 67 19 känd.
806 1407 176 20 Vidkommande

154 1434 69 20 sedan
233 1434 78 27 frågan
320 1436 110 20 huruvida
440 1436 101 21 besluten
550 1436 59 21 varit
619 1437 107 26 enhälliga
737 1437 51 20 eller
796 1436 54 24 icke,
862 1436 22 20 så
894 1436 88 21 komme

154 1464 73 20 denna
250 1465 164 27 omständighet
434 1468 35 18 att
490 1467 69 20 under
579 1466 163 20 diskussionens
762 1466 51 26 lopp
834 1466 90 26 framgå.
