1045 1636
160 111 22 16 18
443 111 21 17 R.
478 115 16 13 o.
510 111 20 17 A.
545 111 52 17 1899.
611 111 23 17 16
648 111 54 17 Mars.

159 176 34 14 oss
203 172 60 18 stora
273 170 59 20 offer.
351 171 27 19 Vi
388 173 37 18 äro
435 172 30 25 ju,
477 178 34 13 om
522 172 36 25 jag
568 171 33 20 får
611 172 102 19 använda
724 177 26 13 en
760 171 95 23 liknelse,
877 171 6 19 i
899 170 27 20 all
943 170 39 20 vär

159 200 177 26 anspråkslöshet
346 201 72 20 såsom
428 201 103 20 bildande
542 202 56 19 dock
608 208 26 13 en
645 201 33 20 del
689 201 22 20 af
722 201 87 26 Europa
820 201 37 19 der
867 200 115 26 europäisk

158 230 76 20 kultur
244 230 40 20 har
293 231 70 25 gamla
374 232 76 22 rötter,
462 231 21 19 vi
494 233 37 18 äro
543 232 55 19 dock
608 231 108 26 jemförda
727 231 49 19 med
787 231 41 19 den
840 232 58 18 stora
909 231 72 19 östern

158 260 92 25 ungefär
263 266 45 14 som
321 267 26 13 en
360 261 83 26 droppe
456 262 59 19 ädelt
528 261 44 23 vin,
586 267 47 13 som
646 267 51 13 man
711 261 68 20 skulle
791 261 53 25 vilja
857 261 67 25 späda
938 261 25 18 ut
975 260 7 19 i

158 290 83 19 hafvet.
267 290 76 20 Denna
356 291 83 26 droppe
451 291 58 20 ädelt
523 291 37 19 vin
572 291 39 26 gär
622 291 103 23 förlorad;
738 291 77 20 hafvet
827 290 75 20 vinner
915 289 66 26 derpä

158 319 120 27 ingenting.

201 350 43 19 Det
258 352 23 18 är
293 357 25 13 ur
330 351 62 19 dessa
405 357 30 14 nu
447 351 7 19 i
467 351 88 20 korthet
568 351 100 26 antydda
681 351 138 26 synpunkter
829 350 37 26 jag
879 350 103 20 bedömer

157 379 66 20 också
236 379 221 28 eftergiftspolitiken.
484 381 68 20 Ordet
564 381 97 25 eftergift
673 381 34 19 får
720 381 47 19 icke
779 386 53 14 vara
844 380 137 20 främmande

157 409 34 20 för
208 416 26 13 en
252 410 84 20 enskild
347 417 58 17 man,
417 411 44 20 han
473 411 35 19 må
519 417 54 14 vara
584 411 55 19 huru
651 411 96 26 obändig
758 417 46 13 som
816 411 56 19 helst
882 410 7 20 i
900 410 32 20 sin
943 410 38 20 ka-

157 439 82 24 raktär,
255 440 81 20 således
348 441 48 19 icke
410 441 66 20 heller
488 441 138 20 främmande
639 441 34 19 för
685 447 27 14 en.
726 440 178 26 representation.
930 440 50 20 Men

157 469 150 26 eftergifterna
330 470 67 20 hafva
421 471 47 20 sina
490 471 59 20 vissa
572 471 191 25 förutsättningar,
788 470 130 26 betingelser
940 471 40 19 och

156 501 95 24 gränser.
273 500 75 20 Första
359 501 95 20 vilkoret
464 501 33 20 för
507 507 27 14 en
544 501 97 25 eftergift
651 507 65 20 synes
726 501 43 25 mig
779 506 53 14 vara
843 501 71 25 någon
924 501 56 25 slags

156 529 160 27 motsvarighet
328 531 92 19 emellan
434 531 131 25 eftergiften,
574 530 71 24 offret,
666 531 6 19 å
686 537 40 13 ena
740 531 61 19 sidan
815 531 39 19 och
862 530 118 26 vinningen

156 559 12 20 å
178 559 40 20 den
228 560 76 20 andra.
320 560 52 20 Man
381 560 40 20 har
429 560 111 26 knappast
548 561 86 19 kunnat
643 560 50 20 eller
701 560 68 26 vågat
777 562 52 24 göra
837 560 100 26 gällande
946 562 34 18 att

157 589 26 20 de
195 589 62 24 offer,
270 596 51 14 man
332 590 86 20 fordrar
429 590 22 20 af
463 596 41 18 oss,
517 590 69 20 skulle
597 596 52 14 vara
662 591 23 19 så
697 590 61 26 ringa
770 596 46 14 som
829 590 41 20 den
882 590 96 26 vinning,

156 619 26 20 de
196 620 71 20 skulle
279 620 80 20 tillföra
373 620 37 20 det
424 622 58 18 stora
495 620 63 23 riket,
573 620 82 20 hafvet.
682 620 113 23 Tvärtom,
809 620 63 26 ingen
886 620 38 20 hos
938 626 54 18 oss,
986 615 9 35 .

155 649 22 20 fä
188 649 37 20 der
235 649 64 21 borta
309 652 37 18 äro
356 650 75 20 blinda
441 650 34 20 för
484 651 42 19 den
536 650 192 26 omständigheten
738 651 35 19 att
783 650 26 20 de
819 650 54 20 offer
883 656 50 14 man
944 650 36 20 be-

155 681 38 23 gär
210 679 22 20 af
248 686 41 17 oss,
305 682 37 18 äro
357 680 113 20 oerhörda.
492 680 44 20 Det
547 680 43 20 kan
601 680 47 20 icke
659 686 53 14 vara
724 680 98 26 tillätligt
833 680 56 20 inför
900 686 26 14 en
937 680 43 20 för-

155 709 72 26 nuftig
238 710 166 26 verldsordning
416 712 34 18 att
462 716 26 14 en
500 710 69 24 makt,
582 716 35 14 om
629 710 65 20 ocksä
705 710 57 20 huru
774 711 52 22 stor,
839 710 54 20 skall
904 710 75 20 kunna

155 739 73 20 fordra
241 739 23 20 af
275 746 26 13 en
312 740 91 23 individ,
416 746 36 14 om
464 740 65 20 ocksä
540 740 56 20 huru
608 740 60 23 liten,
681 740 56 20 offer
748 740 22 20 af
781 740 39 20 allt
833 740 42 23 det,
889 746 45 13 som
946 740 34 20 för

155 769 80 19 honom
245 771 39 24 gör
292 770 62 20 lifvet
362 770 57 23 kärt,
430 770 34 20 för
472 772 34 18 att
515 770 81 20 tillföra
605 770 32 26 sig
645 776 27 14 en
681 770 68 26 ringa,
760 770 112 26 obetydlig
880 770 98 26 vinning,

154 799 51 19 eller
217 799 158 20 tillfredsställa
388 806 26 13 en
428 800 57 25 nyck
498 800 51 19 eller
560 800 89 25 fäfänga
662 800 34 19 för
709 800 145 25 ögonblicket.
879 800 44 19 Det
936 800 42 19 äri

155 829 71 19 denna
241 829 163 26 omständighet
419 830 103 19 särskildt
534 830 37 25 jag
584 829 71 20 finner
668 836 26 13 en
709 829 128 26 omöjlighet
849 829 34 24 för
896 835 34 14 oss
944 831 35 18 att

154 864 64 14 svara
235 860 48 19 mot
298 859 26 20 de
340 859 50 20 kraf
406 865 51 14 man
474 866 28 13 nu
519 860 106 25 uppstält.

195 889 51 19 Men
258 889 47 19 icke
317 895 41 20 nog
371 889 95 20 dermed.
490 889 132 26 Eftergiften
635 890 70 19 måste
718 895 52 14 vara
782 889 94 26 frivillig.
899 889 43 20 Det
955 891 24 18 är

153 918 38 20 det
201 918 70 20 första
282 919 99 23 vilkoret,
394 919 37 20 det
441 919 114 20 innebäres
566 919 79 26 logiskt
655 920 7 19 i
673 919 118 26 begreppet
802 919 103 26 eftergift.
926 919 52 20 Man

153 948 54 19 skall
218 948 68 20 hafva
296 949 147 20 medvetande
453 949 67 23 deraf,
531 951 34 18 att
576 949 37 20 det
623 949 56 20 offer
689 955 51 14 man
751 949 22 20 af
782 949 27 20 fri
819 949 52 26 vilja
883 949 93 26 bringar,

152 978 93 19 innebär
255 980 32 18 ett
297 979 71 26 skydd
378 978 34 21 för
422 979 37 20 det
468 985 52 14 man
529 979 48 20 icke
586 979 50 23 kan,
647 979 47 20 icke
705 979 37 20 vill
753 979 62 20 offra.
834 979 27 20 Vi
871 980 51 19 veta
932 985 46 14 mer

153 1009 27 18 än
193 1008 43 19 väl
242 1019 29 3 —
283 1009 35 19 det
331 1009 39 19 har
383 1010 60 25 sagts
455 1009 79 26 många
546 1009 86 26 gånger,
646 1015 50 14 men
709 1009 44 20 kan
765 1009 95 26 förtjena
873 1010 34 18 att
920 1009 58 26 ånyo

153 1037 81 20 erinras
257 1050 1 1 —
292 1040 33 18 att
340 1039 22 19 vi
378 1039 67 20 hafva
460 1039 64 26 ingen
540 1045 46 14 som
601 1039 57 20 helst
673 1039 87 26 garanti
775 1039 34 19 för
824 1040 33 18 att
873 1039 26 19 de
915 1039 61 22 offer,

153 1067 25 20 de
189 1069 61 18 stora
261 1068 54 19 offer
326 1069 93 25 mängen
431 1069 22 19 af
464 1075 34 13 oss
509 1075 28 13 nu
549 1071 23 18 är
583 1069 98 25 benägen
692 1070 35 18 att
738 1069 83 25 bringa,
833 1069 61 19 skola
905 1069 6 19 i
922 1069 56 19 min-

152 1098 34 18 sta
196 1097 53 20 män
259 1098 135 25 respekteras
406 1098 81 20 derhän
498 1100 34 18 att
543 1104 50 14 man
603 1098 47 20 icke
660 1098 50 20 med
721 1098 51 20 väld
782 1100 62 24 tager
854 1100 58 18 ännu
924 1104 52 14 mer.

152 1127 53 19 Förr
215 1127 7 19 i
233 1127 52 20 värt
296 1128 195 25 parlamentariska
502 1128 25 19 lif
538 1128 39 19 har
588 1128 37 19 det
636 1128 58 19 varit
705 1128 86 25 möjligt
803 1129 34 18 att
848 1133 78 20 genom
937 1128 41 19 vär

151 1156 115 21 inhemska
281 1157 97 26 styrelse,
394 1163 78 20 genom
486 1157 314 24 Ministerstatssekreteraren,
815 1163 78 20 genom
908 1158 68 19 andra

151 1186 53 26 högt
220 1187 92 19 stäende
328 1193 109 20 personer,
453 1187 22 20 fä
491 1188 71 26 nägon
578 1184 148 23 förnimmelse
742 1187 21 20 af
780 1187 58 20 hvad
855 1187 27 26 pä
899 1187 77 20 under-

151 1216 146 26 handlingens
306 1219 43 24 väg
360 1223 51 14 vore
422 1219 34 18 att
467 1217 64 20 stöda
542 1217 40 20 och
593 1217 71 26 bygga
676 1217 35 26 pä.
733 1217 34 19 Nu
779 1219 24 18 är
814 1217 36 20 det
861 1217 57 20 ända
930 1217 46 20 der-

151 1246 43 19 hän
208 1246 100 26 omöjligt
321 1247 7 19 i
341 1247 57 23 värt,
414 1247 101 26 samtliga
528 1247 86 20 landets
627 1247 143 26 medborgare
784 1247 138 20 omfattande
935 1247 41 19 iso-

150 1275 72 20 lerade
236 1276 54 25 läge,
304 1277 34 19 att
352 1277 37 25 jag
402 1278 82 19 trotsar
498 1277 70 26 nägon
582 1283 72 14 annan
668 1277 7 19 i
689 1277 70 19 denna
774 1277 132 25 församling,
921 1277 55 19 hvil-

149 1305 43 20 ken
207 1311 75 14 annan
297 1312 46 14 som
358 1307 63 23 helst,
438 1308 34 19 att
486 1313 46 13 mer
546 1309 28 18 än
588 1307 37 26 jag
639 1307 75 19 kunna
730 1308 50 24 säga
796 1306 74 20 hvilka
886 1307 90 19 chanser

150 1335 21 20 vi
182 1335 70 20 hafva
262 1335 7 20 i
280 1336 60 20 detta
352 1336 108 20 afseende.
480 1337 43 25 Jag
532 1337 39 25 gär
581 1337 22 19 sä
613 1337 62 25 längt
685 1338 36 18 att
730 1337 32 19 till
774 1337 40 19 och
824 1336 56 23 med,
893 1342 35 13 om
939 1337 37 19 det

149 1370 52 14 vore
212 1365 88 26 möjligt
310 1367 35 18 att
356 1366 50 19 med
418 1366 106 26 spörsmål
536 1366 134 26 personligen
682 1366 28 20 nä
722 1366 157 20 innehafvaren
891 1366 22 19 af
924 1366 52 25 hög-

149 1395 34 19 sta
196 1395 156 23 statsmakten,
366 1396 37 19 det
414 1396 47 19 icke
472 1396 69 20 skulle
552 1402 52 14 vara
616 1396 87 26 möjligt
714 1397 34 18 att
759 1402 38 13 ens
809 1396 37 19 der
856 1395 21 20 fä
889 1397 33 18 ett
933 1396 43 19 för-

149 1424 113 20 bindande
273 1425 44 22 ord;
329 1426 25 24 ty
366 1425 37 20 det
414 1432 64 19 synes
488 1432 53 13 vara
552 1426 29 22 sä,
593 1432 46 13 som
650 1432 35 13 om
697 1426 36 19 det
745 1426 60 19 öfver
816 1426 70 19 denna
897 1425 78 25 högsta

149 1454 123 20 statsmakt
291 1455 69 19 skulle
378 1455 73 20 finnas
470 1461 26 14 en
515 1457 58 18 ännu
593 1456 72 25 högre,
685 1457 59 18 ännu
764 1456 91 25 djupare
874 1455 102 25 verldslig

148 1484 70 19 makt.
244 1484 42 26 Jag
298 1484 43 20 kan
354 1484 37 20 vid
404 1485 79 19 sådant
495 1485 135 20 förhållande
643 1486 47 19 icke
703 1485 57 20 kalla
773 1485 37 19 det
822 1486 68 18 annat
902 1486 28 18 än
942 1486 33 18 ett
