1042 1631
347 99 21 16 R.
382 103 17 13 o.
414 99 20 17 A.
449 99 52 17 1899.
516 100 22 16 16
551 99 55 18 Mars.
864 100 22 16 37

60 159 74 20 finska
147 159 70 20 folket
231 159 47 20 icke
292 161 79 24 vägrar
384 159 101 26 uppfylla
499 159 46 20 sina
560 159 149 26 skyldigheter
723 161 112 24 gentemot
850 160 37 19 det

61 189 66 26 ryska
144 189 63 23 riket;
225 188 159 27 förändringar,
401 189 82 24 hvilka,
501 189 149 26 genomförda,
667 190 74 19 kunde
758 190 128 26 möjliggöra

61 225 27 14 en
99 219 203 20 tillfredsställande
312 219 131 20 samverkan
450 219 81 20 mellan
538 219 180 26 Kejsaredömets
725 220 114 20 härsmakt
847 220 40 19 och

62 249 230 20 Storfurstendömets.
310 253 2 2 '
326 249 65 20 Såväl
408 249 50 20 med
475 249 86 26 hänsyn
578 249 33 20 till
629 249 153 20 landtvärnets
799 249 88 26 uppgift

62 285 47 14 som
122 279 104 24 särskildt
239 279 49 20 med
302 279 102 20 afseende
416 279 13 20 ä
442 279 70 20 finske
526 279 153 26 medborgares
692 279 194 26 värnepligtsskyl-

62 309 76 26 dighet
152 309 40 19 och
206 308 27 20 de
246 309 72 20 finska
332 310 132 25 truppernas
478 309 131 26 deltagande
622 309 7 20 i
641 309 67 26 ryska
721 309 68 20 rikets
802 309 86 20 försvar

62 344 65 21 synes
139 338 263 26 Värnepligtsutskottets
415 339 80 26 förslag
507 339 6 20 i
527 339 48 20 dess
588 339 127 20 nuvarande
728 339 56 20 form
797 341 90 24 oantag-

62 369 46 26 ligt,
118 369 92 20 emedan
219 369 37 19 det
264 368 68 21 fäster
340 369 74 20 alltför
421 369 61 26 ringa
490 369 48 27 vigt
545 369 38 20 vid
592 369 104 20 Finlands
704 370 46 19 rätt
758 369 41 20 och
807 369 38 20 vid
853 370 35 19 att

62 399 94 20 Finland
174 398 72 20 säsom
262 400 46 19 stat
323 399 84 26 jämväl
423 399 40 20 har
479 399 147 26 förpliktelser
641 400 114 25 gentemot
772 399 31 26 sig
820 399 67 26 sjelft.

105 428 41 20 Till
159 428 180 21 förekommande
352 429 23 20 af
388 429 153 20 missförständ
566 429 40 20 och
619 429 49 20 med
682 429 87 26 hänsyn
782 429 33 20 till
827 429 60 20 hvad

63 459 34 19 Hr
106 459 74 19 Antell
190 459 97 26 yttrade,
298 459 38 19 vill
346 459 38 26 jag
393 461 80 18 nämna
485 460 34 19 att
530 459 37 21 det
577 465 30 14 nu
617 459 23 21 af
649 459 44 26 mig
703 459 77 27 gjorda
790 459 97 20 uttalan-

64 489 37 19 det
114 488 72 27 syftar
198 488 103 20 särskildt
314 489 28 26 pä
354 490 128 25 yttranden,
496 496 47 13 som
555 489 60 20 fällts
627 489 38 20 vid
677 490 122 25 gärdagens
811 489 75 23 klubb,

63 518 48 20 icke
122 519 28 26 pä
164 518 26 20 de
202 519 38 19 vid
252 519 71 20 denna
336 520 175 19 sammankomst
522 519 127 20 företrädda
661 520 117 25 äsigterna.
801 519 44 21 För
856 519 32 19 öf-

63 548 43 26 rigt
116 549 145 20 understöder
269 549 37 26 jag
316 549 27 20 de
352 549 23 20 af
385 550 33 19 Hr
428 550 123 22 Estlander,
563 549 22 20 C.
597 549 32 24 G.,
640 549 130 20 framstälda
779 549 108 26 förslagen

62 578 34 20 till
106 579 81 25 lydelse
196 579 61 20 säväl
267 578 22 21 af
298 580 10 24 $
325 579 3 20 1
340 585 47 15 som
396 580 41 19 ock
446 580 10 25 $
467 579 39 21 123
515 579 7 20 i
533 580 48 20 dess
598 580 2 19 1
612 586 66 14 mom.

106 609 66 19 Hvad
191 608 107 21 beträffar
316 609 101 26 slutligen
435 616 27 13 en
481 610 72 26 punkt
565 609 8 20 i
586 609 41 20 den
641 609 132 26 motivering
786 609 33 19 Hr
832 608 55 21 Rein

63 638 65 26 gifvit
141 639 33 20 till
187 638 85 21 försvar
285 638 33 20 för
326 639 128 20 Utskottets
466 639 147 24 betänkande,
627 639 39 20 ber
677 639 37 26 jag
727 639 22 20 få
763 639 76 20 anföra
848 638 40 20 föl-

62 669 74 25 jande.
154 669 34 19 Hr
201 668 56 21 Rein
271 669 123 26 åberopade
407 669 148 21 förhållandet
564 670 38 19 vid
611 670 72 26 Borgå
692 669 107 26 landtdag
813 668 74 29 äfven-

64 705 47 13 som
125 705 27 13 en
166 699 34 19 del
214 699 92 26 uttryck
319 699 7 20 i
340 705 76 14 senare
428 699 194 27 statshandlingar,
637 705 47 14 som
698 705 65 20 synas
778 699 60 26 gifva
850 698 37 20 vid

64 729 88 20 handen
166 730 36 19 att
216 729 105 20 Finlands
335 729 46 20 inre
396 729 177 27 sjelfständighet
587 729 47 20 icke
647 729 98 20 sträcker
755 729 32 26 sig
798 728 88 24 derhän,

64 760 35 19 att
110 759 49 20 dess
170 759 179 20 militärväsende
360 759 74 20 kunde
445 766 53 13 vara
510 760 95 20 ordnadt
613 759 27 26 på
648 760 33 19 ett
688 759 49 20 från
743 758 69 21 rikets
819 758 69 26 öfriga

64 789 137 20 härväsende
211 788 119 21 afvikande
340 790 52 19 sätt.
413 789 43 20 För
465 789 46 20 min
522 789 34 20 del
567 790 40 20 och
617 789 69 20 ehuru
695 789 37 26 jag
739 789 108 20 erkänner
853 789 35 19 att

65 819 72 20 denna
150 818 58 21 åsikt
220 819 45 20 kan
277 825 53 14 vara
343 819 74 26 riktig,
426 826 36 13 om
475 826 52 14 man
536 820 78 20 endast
621 820 36 19 tar
665 819 86 26 hänsyn
760 818 34 20 till
801 818 88 20 landets

64 849 48 26 läge
130 848 38 20 vid
187 849 49 19 dess
254 849 98 26 förening
370 850 50 19 med
440 849 118 27 Ryssland,
573 849 70 20 måste
657 849 37 26 jag
708 849 56 19 dock
779 854 58 18 anse,
854 849 34 19 att

65 879 67 20 sedan
144 879 40 20 vår
194 885 29 14 nu
236 879 100 26 gällande
345 879 171 27 värnepligtslag
528 879 73 20 blifvit
613 879 22 20 af
647 880 86 25 Regent
744 879 40 20 och
795 878 94 21 Ständer

65 909 163 26 samstämmigt
244 911 102 24 antagen,
360 910 98 26 sakläget
474 910 125 25 derigenom
611 909 125 20 förändrats
749 909 89 22 derhän,
855 909 34 19 att

66 939 41 20 den
123 939 183 26 sjelfständighet,
320 945 47 14 som
380 940 134 20 tillkommer
527 940 75 19 landet
613 939 7 20 i
629 939 101 20 afseende
743 939 13 20 å
765 938 124 21 ordnandet

66 969 22 20 af
100 969 48 20 dess
161 969 143 24 härväsende,
319 970 127 25 otvetydigt
458 969 92 21 innebär
560 971 46 18 rätt
617 969 34 20 till
661 975 27 14 en
700 969 56 20 skild
767 968 120 23 härsmakt,

66 999 89 26 lämpad
168 999 56 20 efter
237 999 86 20 landets
337 999 262 21 samhällsförhållanden.
622 999 31 20 På
665 999 70 26 grund
745 998 64 21 häraf
819 997 70 20 finner

65 1029 37 26 jag
118 1029 48 20 icke
182 1029 42 20 den
241 1029 23 20 af
279 1029 33 20 Hr
328 1030 56 19 Rein
401 1030 124 26 åberopade
544 1029 191 26 omständigheten
750 1027 139 21 beträffande

66 1059 87 20 landets
168 1059 104 26 ställning
286 1059 38 20 vid
339 1060 62 19 tiden
416 1060 33 19 för
464 1059 126 26 föreningen
604 1059 50 20 med
667 1059 66 26 ryska
746 1059 57 19 riket
816 1063 53 14 vara
883 1057 7 20 i

67 1089 62 20 detta
141 1089 102 20 afseende
254 1089 122 27 tillämplig,
389 1091 55 19 utan
455 1090 41 19 bör
502 1089 105 20 Finlands
614 1089 125 26 skyldighet
746 1088 50 20 med
803 1088 86 25 hänsyn

67 1119 33 20 till
113 1119 37 20 det
162 1119 66 26 ryska
240 1119 58 20 riket
309 1119 7 20 i
328 1119 62 26 fråga
402 1126 36 14 om
451 1119 176 27 organisationen
640 1119 23 20 af
673 1119 47 20 dess
729 1117 116 21 härsmakt
853 1117 38 20 be-

67 1149 77 20 dömas
159 1149 28 26 pä
203 1150 71 25 grund
290 1149 22 20 af
328 1156 29 13 nu
372 1150 101 25 gällande
486 1149 192 26 värnepligtslag.*

109 1197 33 20 Hr
162 1197 168 20 Mechelin:
360 1198 44 26 Jag
424 1198 38 20 ber
482 1198 58 19 blott
555 1198 6 19 i
575 1197 90 20 korthet
685 1197 22 20 få
721 1196 117 20 framhålla
854 1195 37 20 det

67 1227 147 21 förhållandet
225 1229 35 18 att
270 1228 40 19 vår
319 1228 72 19 finska
402 1228 171 26 värnepligtslag
583 1227 65 20 äfven
659 1233 36 14 om
706 1227 41 20 den
758 1225 133 26 underginge

68 1257 117 26 ändringar
192 1257 7 20 i
206 1257 156 27 hufvudsaklig
374 1258 227 19 öfverensstämmelse
612 1257 50 20 med
673 1257 59 20 hvad
741 1254 150 27 Värnepligts-

68 1288 112 20 utskottet
192 1294 29 14 nu
233 1287 118 27 föreslagit,
359 1288 88 20 komme
458 1289 35 19 att
500 1287 69 21 blifva
577 1293 26 15 en
611 1287 98 23 särskild,
717 1288 90 24 säregen
814 1287 77 18 värne-

68 1318 102 26 pligtslag
183 1318 33 20 för
229 1318 100 24 Finland,
343 1318 49 20 från
406 1318 77 26 början
496 1318 34 20 till
543 1318 44 19 slut
600 1318 43 19 olik
656 1316 179 26 Kejsaredömets
849 1315 41 26 lag.

111 1366 57 20 Frih.
209 1372 35 14 von
267 1366 139 20 Alfthan
434 1366 149 20 understödde
597 1366 49 19 herr
661 1364 129 26 Stjernvalls
804 1363 86 25 förslag.

113 1414 33 20 Hr
160 1414 28 20 af
204 1414 203 26 Hällström:

106 1461 14 21 1)
134 1462 109 20 Stenogram
256 1466 24 12 av
294 1462 127 20 andragandet
436 1462 74 19 saknas,
524 1461 15 20 ej
555 1461 56 16 heller
623 1462 20 14 är
657 1461 31 15 det
698 1458 101 18 refereradf
809 1458 5 16 i
824 1462 69 12 memo--

69 1486 153 20 rialprotokollet.
