1031 1631
165 83 33 16 108
445 85 22 16 R.
482 89 17 12 o.
514 85 21 16 A.
549 85 52 17 1899.
615 85 22 16 23
651 85 55 17 Mars.

204 143 33 20 Hr
253 143 192 26 Stjernvall:
477 145 48 19 Den
541 146 85 19 senaste
641 145 65 20 ärade
720 145 121 26 talarens1)

204 203 33 20 Hr
254 203 23 20 L.
302 203 167 21 Mechelin:
501 205 43 20 Det
561 211 64 20 synes
641 204 43 27 mig
701 211 47 13 som
765 211 36 13 om
818 205 32 19 Hr
868 205 115 26 Stjernvall

162 233 102 20 förbisett
279 233 25 20 R.
321 240 18 14 o.
355 234 37 20 A:s
407 234 72 20 beslut
494 235 139 20 beträffande
648 235 9 25 $
672 235 32 20 20.
734 235 44 19 Der
794 236 60 25 säges
869 235 66 20 redan
951 236 33 18 att

161 263 142 20 landtvärnet
321 263 92 21 inkallas
432 265 69 19 under
520 265 184 26 utomordentliga
722 264 152 21 förhällanden
893 265 6 19 i
918 264 66 26 krigs-

163 292 31 20 tid
204 293 41 20 och
255 293 67 26 enligt
332 294 26 20 R.
369 300 18 14 o.
399 294 38 20 A:s
447 301 51 19 nyss
508 294 87 21 fattade
604 295 71 19 beslut
686 295 68 19 skulle
777 296 107 24 sägasatt
900 295 37 19 det
947 301 37 14 an-

161 323 83 20 vändes
259 323 36 20 vid
315 323 199 27 försvarsätgärder
528 325 7 19 i
549 324 99 20 Finland.
682 325 34 19 Dä
731 325 71 19 mäste
816 325 9 24 $
840 325 40 19 123
894 331 52 13 vara
961 325 23 19 sä

161 352 97 21 affattad
271 354 34 19 att
317 354 42 20 den
371 354 66 26 gäller
450 355 78 19 endast
541 355 26 19 de
580 355 90 19 stäende
682 355 127 25 trupperna.

203 413 58 20 Frih.
273 413 24 20 0.
316 414 25 19 A.
392 414 54 20 Wrede
484 414 93 27 föreslog
587 415 34 19 att
631 415 9 24 $
651 415 39 20 123
700 415 69 19 skulle
779 415 109 25 redigeras
897 414 7 20 i
914 415 70 19 öfver-

160 443 164 20 ensstämmelse
338 444 49 20 med
402 444 104 20 Ständets
520 445 72 19 beslut
605 444 139 20 beträffande
758 445 8 25 $
780 445 28 19 20
821 445 40 19 och
875 445 109 19 redaktio-

161 478 42 14 nen
221 473 124 27 uppdragas
363 474 23 20 ät
404 474 124 20 Utskottet.
537 475 17 25 2)

202 532 33 20 Hr
250 533 27 20 K.
301 534 118 20 Antell:
450 534 42 26 Jag
507 535 68 19 skulle
589 534 26 20 be
629 536 34 18 att
677 534 21 20 fä
713 534 75 20 förena
803 534 43 26 mig
860 541 35 13 om
910 535 37 19 det
962 534 22 20 af

161 562 32 20 Hr
208 563 106 20 Mechelin
329 564 76 26 gjorda
421 564 103 26 förslaget
540 566 34 19 att
590 565 92 19 Ständet
698 564 136 20 omedelbart
849 564 50 20 ville
913 564 69 20 införa

160 592 41 20 den
214 593 64 20 enkla
290 594 98 26 ändring,
401 600 47 14 som
461 594 107 20 erfordras
579 594 34 20 till
624 595 9 25 $
647 595 39 19 123
698 594 6 20 i
716 594 118 26 anledning
846 594 22 20 af
880 594 104 20 Ständets

159 622 72 20 beslut
244 624 112 25 angående
369 625 9 25 $
392 624 33 20 20.
452 624 42 26 Jag
507 625 70 19 måste
591 624 149 26 ovillkorligen
753 624 60 26 gifva
826 624 120 20 företrädet
960 625 23 19 ät

159 652 33 20 Hr
203 652 117 21 Mechelins
332 654 80 26 förslag
423 654 92 20 framför
526 655 37 19 det
575 654 22 20 af
608 654 33 20 Hr
653 654 117 26 Stjernvall
782 654 136 20 framstälda.
941 654 42 26 Jag

159 682 86 20 befarar
259 683 32 19 Hr
304 683 117 26 Stjernvall
434 684 102 20 förbisett
549 690 26 14 en
588 684 169 26 omständighet.
783 684 41 20 Om
837 690 51 14 man
901 684 83 20 lemnar

158 712 51 20 bort
222 713 63 19 ordet
298 714 109 20 »stäende»
420 714 7 19 i
440 714 58 20 förra
512 714 61 20 delen
587 714 22 20 af
622 715 9 25 $
646 714 46 24 123,
706 714 23 20 sä
742 714 114 26 försvagas
869 714 65 20 äfven
947 714 36 20 be-

159 742 82 26 tydligt
251 743 61 20 detta
322 744 128 26 stadgande,
461 744 92 20 emedan
563 744 37 20 det
609 744 27 20 dä
647 744 67 20 skulle
724 744 48 20 leda
782 744 32 20 till
824 746 35 18 att
868 750 51 14 man
929 750 53 20 upp-

158 772 87 20 fattade
268 773 131 26 stadgandet
419 774 30 23 sä,
470 775 35 19 att
524 774 250 26 landtvärnstrupperna
795 774 78 20 endast
892 774 90 20 företrä-

158 802 71 20 desvis
247 802 68 20 skulle
331 804 114 20 användas
462 804 33 20 till
511 804 199 26 försvarsätgärder
725 804 7 19 i
749 804 100 23 Finland,
867 810 48 13 men
930 804 52 19 säle-

158 832 37 19 des
209 832 159 27 undantagsvis
382 834 75 20 kunna
471 834 114 20 användas
598 834 33 20 till
645 834 199 25 försvarsätgärder
857 835 62 19 utom
933 834 49 19 Fin-

158 862 58 20 land.
238 862 111 24 Deremot,
362 870 35 13 om
409 870 51 13 man
471 865 77 24 genast
559 864 56 20 inför
625 864 7 19 i
643 864 77 26 början
732 864 22 20 af
774 864 34 25 $:n
819 864 63 19 ordet
892 864 36 19 »de
939 864 43 19 stä-

157 892 55 19 ende
227 893 137 25 trupperna»,
381 894 23 19 sä
421 893 42 20 blir
478 894 37 19 det
531 894 124 26 uppenbart
671 895 35 19 att
722 894 71 19 denna
810 894 101 25 paragraf
926 893 56 20 afser

156 921 79 21 endast
249 923 26 19 de
289 923 90 20 stående
392 925 120 24 trupperna
526 924 40 19 och
579 923 33 20 för
625 924 142 19 landtvärnet
792 923 118 20 bibehälles
924 923 5 20 i
943 923 38 20 full

156 951 60 20 kraft
229 952 38 19 det
279 952 72 21 beslut
364 959 46 14 som
423 953 98 20 fattades
533 954 7 19 i
553 954 8 25 $
575 953 32 20 20.
633 954 93 23 Säledes,
740 953 37 26 jag
790 953 70 20 mäste
873 953 108 20 ovilkorli-

156 986 41 21 gen
208 981 60 26 gifva
279 982 120 21 företrädet
410 983 24 20 ät
445 983 37 20 det
493 983 22 20 af
527 984 32 19 Hr
569 983 106 20 Mechelin
686 983 77 26 gjorda
774 983 104 26 förslaget
888 985 34 18 att
934 983 47 20 hela

156 1011 72 20 denna
240 1012 103 25 paragraf
354 1013 70 20 mätte
437 1013 103 20 stiliseras
552 1013 30 24 sä,
595 1015 34 18 att
642 1013 37 20 det
691 1013 67 26 gäller
780 1013 27 20 de
819 1013 90 20 stäende
921 1015 60 24 trup-

156 1047 74 19 perna.

198 1101 33 19 Hr
247 1101 195 26 Stjernvall
475 1103 8 19 I
499 1103 117 26 anledning
631 1103 22 20 af
667 1103 33 19 Hr
714 1103 85 19 Antells
814 1103 167 25 anmärkning!)

198 1160 30 20 På
240 1161 34 19 Hr
285 1161 162 21 Ordförandens
459 1163 160 26 framställning
629 1163 71 19 beslöt
710 1162 94 20 Ständet
815 1162 52 20 härä
878 1164 41 21 att,
932 1163 48 19 med

154 1190 163 25 godkännande
329 1191 22 20 af
364 1192 33 19 Hr
409 1192 23 20 L.
446 1192 117 20 Mechelins
576 1193 86 25 förslag,
675 1192 33 20 för
720 1193 10 24 $
744 1192 39 20 123
796 1198 66 14 mom.
878 1193 6 18 1
900 1194 80 24 antaga

155 1219 100 26 följande
267 1221 88 26 lydelse:

198 1249 85 21 »Under
296 1251 91 26 krigstid
401 1252 114 20 användas
529 1252 26 19 de
569 1252 89 19 stäende
671 1252 72 19 finska
757 1253 120 24 trupperna
891 1252 90 19 företrä-

155 1279 72 20 desvis
240 1280 39 20 vid
292 1280 199 28 försvarsätgärder
504 1282 7 20 i
525 1282 99 23 Finland,
639 1288 50 14 men
703 1282 81 24 kunna,
800 1282 28 20 dä
842 1281 26 20 de
882 1281 46 20 icke
944 1283 36 18 äro

154 1309 74 20 härtill
242 1310 116 27 behöfliga,
373 1312 68 19 kallas
460 1313 33 19 att
511 1312 81 26 jemväl
606 1313 61 19 utom
680 1312 76 19 landet
769 1312 118 19 medverka
901 1312 36 19 vid
952 1312 27 19 ri-

155 1339 49 20 kets
221 1339 104 21 försvar.»

191 1403 14 21 1)
214 1405 108 19 Stenogram
333 1406 68 15 saknas
411 1406 33 16 och
455 1406 127 20 andragandet
592 1407 19 15 är
620 1406 39 16 icke
669 1406 99 20 ätergifvet
778 1407 4 15 i
793 1407 120 15 memorialet.

190 1426 14 16 3
220 1428 63 20 Enligt
297 1430 215 19 memorialpiotokollet;
526 1432 105 18 stenogram
645 1430 73 16 saknas.
