1031 1631
171 97 21 17 78
451 99 22 17 R.
487 103 16 13 o.
519 99 20 17 A.
554 99 53 17 1899.
621 100 22 16 23
657 100 55 17 Mars.

214 159 30 20 Pä
264 159 33 20 Hr
315 159 163 20 Ordförandens
497 160 50 19 med
566 159 117 27 anledning
702 159 63 21 häraf
783 157 76 29 gjorda
878 159 116 21 framställ-

171 189 52 26 ning
235 189 71 20 beslöt
320 189 93 20 Ständet
425 189 75 20 bifalla
514 189 33 20 till
561 191 35 19 att
616 190 3 25 $
633 189 39 21 123
686 195 66 15 mom.
769 190 8 19 1
793 190 68 19 skulle
874 189 120 21 behandlas

172 219 5 20 i
191 219 158 26 sammanhang
362 219 49 20 med
414 215 12 34 $
448 219 18 20 1.

213 279 33 20 Hr
266 279 23 20 L.
318 279 161 20 Mechelin
507 280 74 19 anhöll
607 280 53 20 härä
687 286 36 13 om
749 280 63 19 ordet
838 280 40 20 och
897 279 97 26 yttrade:

172 309 70 20 Sedan
256 309 26 20 R.
293 315 18 14 o.
321 309 26 20 A.
361 309 91 20 beslutit
465 311 35 18 att
513 309 2 20 i
524 310 160 26 sammanhang
697 310 49 19 med
750 305 12 36 $
780 310 8 19 1
799 310 70 26 taga
861 305 9 36 $
880 310 38 20 123
928 315 65 14 mom.

173 339 8 20 1
200 339 71 20 under
287 339 144 26 ompröfning,
450 339 37 20 ber
503 340 37 26 jag
555 339 21 20 fä
588 340 71 19 erinra
670 346 35 13 om
717 341 34 18 att
762 341 120 18 momentet
893 340 7 19 i
912 340 37 19 det
960 345 35 14 ur-

171 369 124 26 sprungliga
315 369 104 26 förslaget
440 369 56 20 hade
516 369 97 27 följande
634 370 88 26 lydelse:

214 399 43 20 »De
273 399 71 20 finska
360 401 121 24 trupperna
496 399 68 20 hafva
580 399 33 20 till
630 399 88 27 uppgift
731 401 34 18 att
779 399 90 26 bidraga
882 400 32 19 till
929 400 65 25 ryska

170 429 68 20 rikets
251 429 92 23 försvar,
359 429 39 20 och
412 430 115 19 användas
539 430 7 19 i
560 429 79 20 sädant
654 429 101 20 afseende
768 429 154 21 företrädesvis
935 430 59 19 inom

172 459 111 20 Finland.»

214 489 33 21 De
260 490 78 23 beslut,
352 496 47 13 som
411 490 97 20 fattades
521 490 59 20 inom
593 490 94 20 ständen
699 490 140 20 beträffande
852 491 8 25 $
875 490 38 20 123
926 496 66 14 mom.

172 520 18 22 1,
212 525 54 14 voro
288 520 103 26 följande:

213 550 26 19 R.
257 556 19 14 o.
293 549 25 20 A.
335 550 189 20 äterremitterade
540 550 144 20 förevarande
700 551 98 19 moment
812 550 6 20 i
832 550 57 26 syfte
901 551 34 19 att
948 550 46 20 det-

172 585 83 14 samma
269 580 70 19 mätte
352 580 81 20 erhälla
447 580 97 26 följande
557 580 88 26 lydelse:

212 609 43 20 »De
269 609 72 21 finska
355 611 120 25 trupperna
490 610 67 20 hafva
571 610 34 20 till
619 610 102 20 ändamäl
734 611 34 19 att
779 612 69 18 värna
862 611 77 19 tronen
954 610 40 20 och

170 639 177 20 fäderneslandet
359 642 58 18 samt
429 640 92 20 sälunda
534 640 65 20 äfven
612 640 91 26 bidraga
716 640 33 20 till
761 640 179 26 Kejsaredömets
952 640 42 20 för-

171 675 56 17 svar,
241 676 51 13 men
305 670 75 20 kunna
395 670 26 20 de
435 670 90 20 stäende
538 671 121 25 trupperna
672 670 70 20 under
754 670 99 26 krigstid,
872 670 2 20 i
888 670 41 20 den
943 670 51 20 män

171 700 112 20 desamma
296 699 47 20 icke
357 702 37 18 äro
409 700 138 26 erforderliga
561 700 34 20 för
608 700 113 20 värnande
735 700 22 20 af
770 701 49 25 eget
832 700 58 23 land,
904 700 90 26 jemväl,

171 729 27 20 dä
215 729 108 26 Kejsaren
339 730 40 19 och
396 730 135 20 Storfursten
547 730 72 20 finner
635 730 79 20 sädant
730 730 83 26 nödigt,
831 730 113 20 användas
960 731 34 18 att

171 759 71 20 direkt
260 759 118 21 medverka
395 760 33 20 till
448 760 178 26 Kejsaredömets
643 760 103 20 försvar.»

212 789 167 20 Presteständet
395 790 78 19 liksom
491 790 167 20 Bondeständet
674 790 67 20 hafva
755 790 97 25 godkänt
867 790 127 20 Utskottets

170 819 88 26 förslag.

212 849 187 26 Borgareständet
413 850 189 20 äterremitterade
617 850 168 26 ifrägavarande
800 850 98 20 moment
912 849 34 20 för
960 851 35 18 att

171 879 125 20 omarbetas
315 879 7 20 i
342 879 79 20 sädant
442 880 57 26 syfte
519 881 42 22 att,
582 881 55 19 utan
657 880 167 20 bestämmande
842 879 22 20 af
882 880 26 19 de
921 879 72 20 finska

170 910 133 25 truppernas
319 910 94 25 uppgift,
431 916 26 13 en
474 910 90 26 lämplig
579 910 147 26 begränsning
742 909 22 20 af
778 910 62 19 deras
852 909 142 26 användning

170 939 69 20 under
255 939 93 26 krigstid
365 940 69 19 skulle
454 940 2 19 i
473 941 122 19 momentet
611 940 89 20 införas.

212 969 51 20 Med
275 969 84 20 fästadt
371 969 101 20 afseende
483 970 28 25 pä
524 970 62 19 dessa
597 970 73 19 beslut
681 970 40 19 har
732 969 60 20 inom
800 969 116 20 Utskottet
923 970 69 25 gjorts

170 999 107 25 gällande,
293 1000 34 19 att
342 1001 123 18 momentet
479 1000 68 19 borde
561 1000 81 19 erhälla
658 1006 26 13 en
699 999 82 26 lydelse
796 999 33 20 till
844 999 39 20 sitt
898 999 95 20 innehäll

170 1028 241 21 öfverensstämmande
425 1029 49 20 med
489 1029 38 20 det
540 1029 171 26 hufvudsakliga
725 1029 119 20 innehållet
858 1029 7 20 i
879 1029 26 20 R.
922 1035 18 14 0.
956 1029 37 20 A:s

170 1058 79 24 beslut;
264 1059 40 19 och
317 1059 68 20 skulle
399 1061 122 18 momentet
535 1059 27 20 dä
575 1060 51 25 lyda
640 1059 49 20 med
703 1059 66 26 nödig
781 1059 144 26 förkortning:

211 1089 86 20 »Under
308 1089 92 26 krigstid
413 1089 114 20 användas
540 1090 26 19 de
579 1089 72 20 finska
658 1091 120 24 trupperna
790 1089 154 20 företrädesvis
957 1089 37 19 vid

169 1118 200 26 försvarsätgärder
381 1119 7 19 i
402 1119 100 23 Finland,
517 1125 50 14 men
580 1119 82 23 kunna,
677 1119 28 20 dä
720 1119 26 20 de
759 1119 47 20 icke
820 1121 36 18 äro
870 1119 73 20 härtill
958 1119 36 19 be-

169 1148 89 26 höfliga,
267 1149 68 19 kallas
345 1150 34 18 att
389 1149 81 26 jemväl
481 1151 61 18 utom
554 1149 75 20 landet
639 1149 119 20 medverka
769 1149 37 19 vid
816 1149 67 20 rikets
890 1149 104 19 försvar.»

212 1208 59 19 Frih.
288 1208 26 20 R.
339 1209 26 19 A.
390 1209 116 20 Wrede:
538 1209 76 20 Såsom
630 1209 84 20 bekant
729 1209 119 19 innehåller
864 1209 23 20 L.
906 1209 24 20 O.
947 1208 48 20 icke

170 1237 66 26 nägra
248 1238 135 26 detaljerade
394 1239 137 25 stadganden
541 1245 36 13 om
589 1239 26 20 de
625 1239 101 26 grunder,
738 1238 55 20 efter
803 1238 74 20 hvilka
884 1243 110 15 samman-

168 1267 142 26 jemkningen
336 1268 23 20 af
379 1269 104 19 ständens
503 1269 126 26 skiljaktiga
649 1269 73 19 beslut
742 1268 54 20 skall
816 1269 44 19 ske.
885 1269 51 19 Men
957 1268 37 19 det

169 1298 124 25 stadgande
312 1298 112 26 angående
444 1299 219 25 sammanjemkning,
684 1304 47 14 som
750 1298 145 20 förekommer
913 1298 7 20 i
939 1298 26 20 67
984 1298 10 25 $

168 1327 8 19 i
190 1327 24 20 L.
230 1327 33 24 O.,
279 1330 24 18 är
317 1328 119 20 emellertid
452 1328 23 20 sä
489 1328 108 20 affattadt
611 1330 35 19 att
661 1329 64 19 derur
739 1328 50 20 med
804 1328 106 23 säkerhet,
927 1328 67 26 enligt

168 1357 46 20 min
223 1358 75 23 tanke,
309 1358 44 20 kan
364 1358 77 26 dragas
452 1358 40 20 den
503 1358 91 20 slutsats
603 1360 35 18 att
647 1358 38 20 vid
695 1358 214 26 sammanjemkning
918 1358 76 20 veder-

168 1387 99 20 börande
281 1388 95 23 utskott,
393 1388 23 20 sä
431 1388 49 20 vidt
495 1388 80 20 sådant
590 1390 24 18 är
629 1388 93 26 möjligt,
739 1388 39 20 bör
793 1389 51 25 taga
859 1388 86 26 hänsyn
961 1387 32 20 till

168 1416 42 20 alla
225 1417 27 19 de
267 1418 107 20 särskilda
389 1418 104 20 ständens
508 1418 78 20 beslut.
622 1418 64 20 Huru
701 1424 29 14 nu
746 1418 61 20 detta
822 1418 8 19 i
844 1417 97 21 enskilda
956 1417 37 20 fall

168 1446 55 20 skall
234 1447 45 23 ske,
291 1447 44 20 kan
345 1448 24 25 ju
381 1448 105 20 sturidom
496 1454 53 14 vara
560 1448 111 26 vanskligt
682 1449 36 19 att
728 1448 82 25 afgöra,
821 1454 50 13 men
882 1448 112 25 angäende

168 1476 79 26 sjelfva
259 1477 74 25 regeln
345 1477 52 20 eller
409 1478 112 26 principen
534 1477 40 21 bör
586 1478 67 26 nägot
665 1477 79 20 tvifvel
757 1477 48 20 icke
816 1478 60 19 räda.
902 1478 42 26 Jag
956 1477 38 19 vill
