1025 1631
163 83 34 17 146
442 85 22 16 R.
478 89 17 12 o.
510 85 20 16 A.
545 85 52 16 1899.
611 85 24 16 13
649 85 57 20 April.

161 143 142 20 förhällande.
340 144 66 26 Ingen
424 145 55 20 skall
497 145 74 20 kunna
590 145 62 26 pästä
670 146 35 19 att
723 145 38 20 der
778 145 71 20 finnes
866 145 120 26 nägonting

161 173 98 20 fördoldt
271 173 22 21 af
303 174 38 19 det
352 175 45 25 slag
408 181 52 13 man
472 175 60 19 velat
543 176 51 25 göra
606 175 82 26 troligt.
711 175 43 20 Det
766 177 24 18 är
801 181 48 14 som
859 175 71 20 kändt
941 175 49 20 icke

162 203 99 26 ovanligt
279 205 34 18 att
331 204 113 20 officerare
463 204 48 20 frän
530 204 137 21 främmande
686 206 69 19 stater
773 206 124 25 emottagas
916 205 72 20 säsom

162 233 218 20 tillkommenderade
390 234 7 19 i
408 234 101 26 speciella
520 234 43 20 fall.
586 235 76 25 Ryska
674 234 113 21 officerare
799 235 66 20 hafva
877 235 58 20 varit
945 235 43 20 till-

162 263 184 20 kommenderade
360 264 33 19 till
409 264 124 26 preussiska
548 266 97 24 trupper,
662 265 94 20 svenska
771 265 33 19 till
820 265 126 20 Frankrike.
980 265 7 20 I

163 293 61 20 detta
244 293 38 20 fall
305 293 69 20 skulle
393 294 242 26 tillkommenderingen
655 294 69 20 blifva
745 295 66 26 något
831 295 156 26 längvarigare.

163 323 91 20 Kanske
272 323 72 20 blefve
362 323 65 20 äfven
446 324 27 20 de
491 324 230 20 tillkommenderades
740 324 142 27 användning
899 325 89 20 likstäld

162 353 50 20 med
229 353 27 20 de
272 353 107 20 ordinarie
395 353 159 21 officerarenes.
572 354 43 19 Det
631 354 41 20 blir
689 354 56 20 dock
761 355 58 19 blott
835 361 26 13 en
877 355 112 26 temporär

163 383 85 26 ätgärd.
267 383 32 20 De
309 383 67 20 skulle
385 384 48 19 icke
442 384 69 19 blifva
520 384 139 20 införlifvade
669 384 50 20 med
728 385 121 25 trupperna
859 385 66 25 enligt
935 385 52 22 stat,

162 413 48 19 icke
221 413 69 20 blifva
302 413 71 20 finska
385 413 140 26 tjenstemän.
549 414 30 19 Pä
592 414 61 20 dessa
665 414 54 23 skäl,
732 415 41 19 och
785 415 27 19 dä
824 414 37 26 jag
873 415 69 19 mäste
953 415 36 19 tro

162 442 78 20 liksom
257 443 32 20 Hr
302 443 74 20 Antell
390 444 105 25 antydde,
511 445 34 18 att
560 450 51 13 man
627 444 125 26 derigenom
766 450 74 14 vunne
855 445 68 19 större
937 445 52 25 tyd-

162 472 68 26 lighet
243 473 24 20 ät
280 473 172 27 andemeningen
466 474 49 20 med
529 474 113 26 uttrycket
655 473 72 21 finska
740 474 143 26 medborgare
896 474 7 20 i
917 474 39 21 120
969 475 17 25 8,

161 502 41 20 har
215 503 38 26 jag
268 503 64 20 ocksä
347 503 34 20 för
395 504 45 19 min
456 504 34 20 del
505 504 129 20 medverkat
649 504 32 20 till
698 504 37 20 det
750 504 174 26 tilläggsförslag,
941 510 46 14 som

161 532 70 26 gjorts
237 533 7 19 i
253 533 72 20 stället
331 533 34 20 för
372 534 37 19 det
415 534 23 20 af
444 534 140 26 pluraliteten
592 534 7 20 i
607 534 117 20 Utskottet
729 534 122 26 föreslagna
857 535 126 19 momentet.

203 580 34 20 Hr
251 581 24 20 L.
297 581 26 20 E.
370 588 35 13 von
427 582 186 26 Haartman:
642 582 75 20 Under
730 582 88 26 vanliga
836 582 150 21 förhällanden

161 610 131 21 förutsätter
309 618 25 13 en
352 612 215 26 tillkommendering
584 612 22 20 af
623 618 26 14 en
667 612 76 20 officer
760 612 48 20 frän
826 618 26 14 en
870 613 66 25 trupp
954 612 33 20 till

162 646 73 14 annan
247 641 62 20 alltid
321 641 67 26 nägot
400 643 34 18 att
445 642 69 19 inlära
525 641 34 20 för
570 642 87 20 honom.
675 642 27 20 Sä
715 642 49 20 sker
773 643 10 19 t.
798 648 33 14 ex.
841 642 145 20 tillkommen-

162 670 75 26 dering
249 671 23 19 af
282 671 53 20 vära
346 671 72 20 finska
430 671 113 20 officerare
553 672 33 19 till
598 672 65 26 ryska
675 673 91 25 trupper
778 672 191 26 hufvudsakligast
980 672 6 20 i

161 700 41 20 och
217 700 35 20 för
266 700 124 21 inlärandet
406 701 22 20 af
442 702 67 25 ryska
525 702 94 25 spräket.
651 702 119 19 Dessutom
785 702 202 20 tillkommenderas

161 730 114 20 officerare
286 730 49 20 från
347 732 33 19 ett
391 737 73 20 vapen
477 731 31 20 till
519 732 33 19 ett
564 733 68 18 annat
643 731 34 20 för
688 733 35 18 att
735 732 81 20 erhålla
828 732 81 19 inblick
921 732 66 20 äfven

161 760 33 20 uti
210 760 38 20 det
264 760 67 20 andra
347 762 94 25 vapnets
457 761 148 26 begagnande,
622 761 33 20 för
671 761 42 20 den
729 762 104 19 händelse
848 761 55 20 brist
919 762 68 19 skulle

160 790 89 20 inträda
262 790 7 20 i
282 790 26 20 de
321 791 89 25 specielt
423 791 130 26 beväpnade
565 792 127 25 trupperna.
719 791 45 20 Allt
778 791 62 20 detta
853 793 24 18 är
890 792 27 25 på
930 791 56 20 intet

160 820 33 19 vis
203 820 115 27 härvidlag
328 820 106 26 behöfligt
445 821 72 19 såsom
529 821 38 20 120
578 822 9 24 $
598 821 100 26 antyder.
723 820 33 21 De
766 821 101 26 grunder,
879 827 46 14 som
935 822 51 25 göra

160 850 72 20 denna
245 850 137 26 lagparagraf
400 851 72 19 såsom
485 851 40 19 den
538 857 29 13 nu
579 850 114 26 föreligger
704 850 34 20 för
750 857 34 14 oss
796 850 121 27 förkastlig,
931 853 36 18 äro
979 851 7 19 i

160 879 127 21 hufvudsak
302 880 36 20 väl
354 880 137 21 motiverade
506 880 22 21 af
544 881 26 20 de
585 880 131 27 föregående
732 881 66 20 ärade
813 881 98 20 talarene
926 881 59 20 Frih.

159 909 80 20 Wrede
253 910 40 19 och
308 910 33 20 Hr
354 910 113 21 Mechelin.
495 911 42 26 Jag
550 911 105 20 behöfver
669 911 83 20 således
765 911 7 20 i
787 911 62 20 detta
863 911 123 20 hänseende

160 939 47 20 icke
219 939 89 27 tillägga
321 940 74 26 något.
419 940 44 20 Det
475 941 55 19 enda
542 941 37 26 jag
590 941 44 20 fäst
646 941 44 26 mig
702 941 44 23 vid,
759 943 26 18 är
796 942 34 19 att
843 941 70 20 denna
925 941 60 26 fråga

159 971 86 18 ansetts
259 969 22 20 af
293 976 26 13 en
333 970 131 26 föregående
477 971 68 19 talare
558 977 53 13 vara
625 977 26 13 en
665 971 100 23 svårlöst,
780 971 134 19 åtminstone
927 971 60 19 svår-

160 999 43 20 löst
217 999 50 20 från
281 999 39 20 vår
335 1000 46 20 sida
396 1000 85 20 hvilket
495 1000 37 26 jag
545 1000 48 20 icke
607 1001 43 19 kan
665 1000 118 26 medgifva.
813 1001 57 19 Från
885 1001 40 19 vår
939 1001 45 19 sida

159 1030 24 18 är
201 1029 72 20 denna
290 1029 61 26 fråga
368 1030 42 19 lätt
428 1030 43 19 löst
488 1030 40 19 och
546 1030 37 20 det
600 1030 45 20 helt
663 1030 73 20 enkelt
748 1030 99 23 sålunda,
860 1031 34 19 att
905 1030 22 20 vi
938 1030 47 20 icke

159 1060 82 24 antaga
259 1059 40 20 den
316 1065 29 14 nu
362 1059 147 26 föreliggande
525 1060 169 26 formuleringen
710 1060 49 19 utaf
776 1060 135 26 paragrafen,
930 1061 55 19 utan

159 1090 80 19 stanna
254 1089 37 20 vid
305 1089 42 20 den
361 1095 29 14 nu
404 1090 100 25 gällande
518 1090 62 25 lagen
598 1090 40 19 och
652 1090 38 19 det
700 1089 146 26 orubbligt.**

201 1130 34 19 Hr
246 1130 85 20 Rein:
352 1131 42 26 Jag
404 1131 39 20 ber
453 1133 34 18 att
498 1131 21 20 få
529 1133 61 24 yttra
601 1131 44 26 mig
655 1131 103 20 särskildt
769 1131 7 20 i
787 1131 117 26 anledning
913 1131 23 20 af
946 1131 38 20 det

159 1159 58 20 Frih.
231 1160 78 20 Wrede
322 1161 40 19 här
375 1167 51 20 nyss
438 1161 97 20 anförde.
560 1161 58 20 Frih.
632 1161 79 20 Wrede
724 1161 51 20 sade
788 1162 35 19 att
835 1161 109 26 yrkandet
956 1161 28 26 pä

158 1189 146 26 reciprocitet,
318 1196 47 14 som
376 1190 49 20 frän
437 1191 52 26 rysk
501 1191 46 20 sida
559 1191 118 23 framförts,
692 1191 74 26 utgätt
779 1191 48 19 frän
839 1191 100 20 sträfvan
951 1191 32 20 till

159 1219 134 20 unifikation
305 1219 33 20 för
350 1221 34 19 att
396 1220 48 20 icke
456 1222 51 24 säga
519 1221 156 20 russifikation.
700 1221 42 25 Jag
754 1221 38 19 ber
804 1221 34 19 att
850 1220 22 20 fä
884 1221 100 25 genmäla

159 1250 40 21 att,
217 1249 76 20 sävidt
309 1256 47 13 som
373 1250 168 26 ifrägavarande
557 1251 98 25 yrkande
672 1250 123 20 framstälts
812 1250 33 20 uti
862 1251 26 19 de
905 1256 29 14 nu
951 1250 32 20 till

159 1278 124 21 Ständerna
291 1279 163 21 öfverlemnade
462 1280 113 26 förslagen,
583 1281 36 19 det
625 1280 119 26 ingalunda
750 1282 24 18 är
783 1280 105 20 uteslutet
896 1281 34 19 att
937 1280 47 20 icke

158 1308 69 26 syftet
244 1315 52 14 vore
312 1310 91 25 ungefär
419 1310 80 20 sädant
515 1316 46 14 som
578 1310 114 20 Friherren
708 1310 88 26 antydt.
828 1310 51 20 Men
894 1310 37 26 jag
947 1310 37 20 vill

157 1338 71 20 erinra
247 1338 58 20 Frih.
323 1339 79 20 Wrede
421 1340 80 23 derom,
521 1340 34 20 att
573 1346 83 14 samma
674 1340 99 26 yrkande
792 1340 27 26 pä
837 1340 146 26 reciprocitet,

157 1368 66 20 ocksä
237 1368 7 20 i
259 1369 41 19 den
313 1369 89 26 mening
415 1371 35 18 att
463 1370 65 26 ryska
543 1370 112 20 officerare
669 1370 69 19 skulle
751 1370 23 20 fä
788 1370 105 19 anställas
906 1370 37 20 vid
957 1370 28 19 de

156 1397 72 20 finska
247 1400 127 24 trupperna,
392 1400 39 19 har
447 1399 122 20 framstälts
585 1400 67 19 redan
669 1400 70 19 under
755 1406 27 13 en
799 1400 40 22 tid,
857 1400 27 19 dä
896 1400 89 19 alldeles

157 1427 69 20 andra
240 1428 118 20 tendenser
371 1435 53 13 voro
438 1429 97 20 rädande
549 1431 27 18 än
591 1430 26 19 de
631 1430 144 19 närvarande.
803 1429 78 20 Denna
895 1429 89 21 fordran

154 1456 141 21 framstäldes
309 1458 68 20 bland
392 1460 68 18 annat
474 1459 65 19 äfven
553 1459 22 19 af
589 1459 71 25 kejsar
674 1459 125 20 Alexander
815 1459 27 23 II,
858 1459 88 20 hvilken
961 1459 22 19 vi
