1031 1628
346 79 21 16 R.
381 82 17 13 o.
414 78 19 17 A.
448 78 53 17 1899.
515 79 10 15 4
539 78 45 20 Maj.
839 79 32 15 183

50 138 70 26 gande
133 138 92 26 frägan».
251 138 75 20 Såsom
340 138 62 20 häraf
415 144 64 20 synes
492 138 67 19 fäster
574 139 113 19 Utskottet
701 139 57 19 intet
771 138 100 20 afseende

50 168 38 19 vid
97 168 27 19 de
132 168 57 19 olika
198 168 123 19 innehållen
330 168 22 19 af
361 168 26 19 de
395 168 120 26 yrkanden,
526 174 46 14 som
581 168 109 20 måhända
699 168 76 20 kunna
784 169 88 20 komma

50 199 35 18 att
98 197 111 20 föranleda
222 197 82 20 sådana
317 198 78 22 beslut,
409 204 47 14 som
470 198 115 19 Utskottet
598 204 63 13 anser
683 198 105 20 innebära
801 198 71 26 splitt-

50 228 48 25 ring
109 227 59 21 inom
181 227 150 26 Landtdagen,
345 234 50 14 men
407 234 46 14 som
465 228 72 23 också,
550 227 133 20 åtminstone
695 228 59 19 hvad
767 227 106 20 beträffar

51 258 20 24 $$
85 257 26 21 20
124 257 40 20 och
179 257 46 23 123,
239 257 73 20 kunde
325 257 68 20 kallas
407 257 60 20 bevis
481 257 33 20 för
527 259 34 18 att
573 257 175 26 grundlagsenlig
761 257 111 26 majoritet

51 287 47 20 icke
112 287 70 20 finnes
195 287 34 20 för
242 287 82 20 sådana
338 287 158 26 förändringar,
511 293 46 14 som
572 287 116 20 Utskottet
701 287 118 26 föreslagit.
840 287 33 19 De

52 317 138 19 beträffande
204 317 39 19 120
256 317 31 25 $:n
301 317 103 19 befarade
416 317 127 25 yrkandena
556 317 59 20 inom
629 317 170 23 Presteståndet,
813 317 60 19 inne-

52 346 96 20 bärande
159 346 153 26 medgifvande
323 346 22 20 af
356 348 45 18 rätt
411 346 34 20 för
455 346 65 26 ryska
531 346 112 20 officerare
654 348 34 18 att
699 347 67 19 vinna
777 346 96 20 tillträde

51 377 33 19 till
99 377 72 19 finska
186 378 96 24 trupper,
298 377 85 26 tyckas,
399 378 35 19 att
449 377 65 20 döma
529 377 22 19 af
566 377 66 20 ofvan
647 377 92 20 anförda
754 377 79 25 utdrag
848 382 25 14 ur

53 407 127 19 Utskottets
196 407 118 23 skrifvelse,
331 407 22 19 af
369 407 116 19 Utskottet
501 413 62 13 anses
579 407 90 25 ungefär
685 407 27 26 på
729 413 83 14 samma
829 407 44 18 sätt

52 437 50 19 eller
114 437 132 20 åtminstone
258 437 47 19 icke
317 437 135 25 väsentligen
464 437 137 20 annorlunda
612 437 7 19 i
630 437 101 19 afseende
743 437 12 19 å
767 437 46 19 sina
825 435 48 26 följ-

52 467 38 19 der
101 468 28 18 än
141 467 25 19 R.
180 473 18 13 o.
211 467 37 19 A:s
259 467 122 19 eventuella
393 467 72 19 beslut
476 468 34 18 att
521 466 47 20 icke
579 467 114 25 samtycka
705 467 39 22 till,
757 468 34 18 att
802 465 71 20 landt-

52 497 78 19 värnet
142 497 35 20 mä
190 497 73 19 kunna
277 496 57 20 föras
346 498 62 19 utom
420 497 82 19 landet.
526 496 43 20 Det
592 496 112 26 offentliga
717 496 109 26 yrkandet
838 501 35 14 om

53 527 34 18 att
101 526 120 25 eftergifter
234 526 46 20 icke
294 526 36 21 mä
344 528 63 24 göras
421 532 64 20 synes
499 526 88 23 säledes,
603 527 34 18 att
651 526 63 20 döma
729 526 23 19 af
765 526 59 19 hvad
837 525 37 26 jag

52 556 89 26 uppläst
154 562 26 14 ur
194 556 127 19 Utskottets
333 556 119 23 skrifvelse,
465 556 34 19 för
511 556 122 21 detsamma
643 556 44 20 lika
699 556 23 19 sä
735 556 36 19 väl
782 555 91 20 betänk-

53 586 39 25 ligt
102 586 40 19 och
151 586 7 19 i
168 586 125 20 hufvudsak
304 586 141 20 medförande
455 586 115 19 enahanda
580 586 75 23 vädor,
667 592 45 14 som
723 586 42 19 den
774 585 100 20 uttalade

53 616 75 25 viljan,
143 617 34 18 att
191 616 7 19 i
213 616 25 19 de
253 615 147 26 ödesdigraste
415 615 37 20 fall
467 617 51 24 göra
533 615 175 26 medgifvanden.

97 645 115 20 Utskottet
234 645 103 26 fullföljer
360 647 120 24 yttermera
504 646 70 19 denna
597 645 131 26 tankegång:
752 641 9 35 =
774 645 99 22 »Skulle»,

53 677 61 23 säges
128 675 37 20 det
178 675 7 19 i
199 675 127 20 skrifvelsen
340 675 49 21 med
416 675 117 25 anledning
547 675 22 20 af
583 675 26 20 R.
624 682 18 12 o.
657 675 38 19 A:s
708 675 72 19 beslut
794 676 6 18 i
814 674 60 26 fråga

53 711 36 15 om
104 711 65 15 mom.
186 705 8 19 1
211 705 22 19 af
247 705 9 25 $
273 705 44 23 123,
333 705 85 25 »hvarje
433 705 65 19 stånd
512 705 37 19 vid
565 705 40 19 den
620 704 112 26 offentliga
748 704 127 20 behandlin-

53 740 41 20 gen
106 734 106 20 vidblifva
234 735 32 19 sin
278 735 92 19 sålunda
381 734 87 20 fattade
480 735 93 25 mening,
586 734 71 20 blefve
667 735 24 25 ju
703 735 40 19 enl.
757 735 23 19 L.
794 735 24 19 O.
831 734 44 26 gäl-

54 764 64 20 lande
128 764 46 26 lags
185 764 164 26 bestämningar
359 764 7 20 i
378 765 26 19 de
415 764 90 26 tvistiga
517 765 123 25 punkterna
653 764 184 20 ständerbeslutet
849 776 27 1 —

53 806 98 2 —-——
166 794 48 20 Men
227 794 88 20 hvilken
329 794 111 26 betydelse
449 794 87 20 komme
548 794 61 20 detta
619 794 133 20 Ständernas
762 794 113 20 uttalande

54 826 34 18 att
101 825 113 23 tillmätas,
228 825 26 19 då
269 831 51 14 man
333 825 47 19 icke
393 825 69 19 skulle
475 825 114 19 underlåta
603 826 34 18 att
650 825 98 19 deremot
760 823 115 21 framhålla

54 855 104 19 hurusom
180 855 22 19 af
220 855 155 25 Landtdagens
393 855 164 25 förhandlingar
578 854 104 26 framgick
701 856 34 18 att
753 855 122 19 detsamma

55 884 138 20 beträffande
207 885 9 24 $
230 885 27 20 20
271 885 176 25 representerade
462 885 78 19 endast
554 886 33 18 ett
601 885 75 19 stånds
687 885 39 19 och
737 883 138 21 beträffande

54 915 10 24 $
81 914 39 20 120
137 915 38 19 två
192 915 76 19 stånds
284 914 110 26 mening?»
412 914 114 20 Utskottet
539 920 62 14 anser
612 914 62 23 altså,
687 915 34 18 att
733 920 35 13 om
782 915 33 18 ett
826 913 51 20 eller

54 944 39 19 två
106 944 64 19 stånd
182 944 47 19 icke
240 946 36 18 äro
289 944 50 19 med
351 950 34 13 om
398 944 121 25 eftergifter
529 944 54 19 skall
595 944 155 25 Landtdagens
762 943 115 20 utlåtande

55 974 66 19 hafva
133 973 33 20 för
177 974 75 19 landet
264 974 68 20 andra
345 974 39 19 och
397 974 51 19 vida
460 974 117 25 menligare
588 974 69 25 följer,
670 975 27 18 än
709 979 36 14 om
757 973 42 19 alla
811 972 65 20 stånd

55 1003 58 20 varit
130 1004 50 19 med
198 1010 34 13 om
252 1004 61 19 dessa
331 1003 126 26 eftergifter.
486 1004 36 19 Sin
540 1003 143 26 uppfattning
700 1003 119 20 motiverar
837 1002 40 20 Ut-

55 1033 84 20 skottet
152 1033 26 26 på
191 1033 96 26 följande
299 1034 52 19 sätt:
364 1034 81 19 »måste
457 1039 50 14 man
520 1033 47 19 icke
578 1033 34 20 för
623 1034 34 18 att
669 1033 103 20 särskildt
784 1032 44 20 tala
841 1038 35 14 om

54 1063 10 25 $
80 1063 44 23 120,
138 1063 51 19 med
202 1063 39 19 full
254 1063 83 20 visshet
351 1064 89 19 emotse,
454 1063 48 19 icke
515 1063 91 19 allenast
619 1064 35 18 att
667 1063 53 19 våra
734 1062 143 20 vedersakare

55 1104 27 2 —
91 1104 28 2 —
127 1104 28 2 -—
164 1093 47 19 icke
222 1093 68 19 skulle
300 1093 58 19 fästa
369 1093 36 19 det
415 1093 95 25 ringaste
520 1093 101 19 afseende
631 1092 75 20 dervid
716 1094 35 18 att
761 1092 41 20 alla
813 1091 64 20 stånd

55 1122 7 20 i
82 1122 78 26 sjelfva
178 1123 76 19 verket
272 1123 59 19 velat
347 1123 71 19 såsom
433 1128 25 14 en
474 1122 39 20 vår
527 1122 128 26 dyrbaraste
669 1124 46 18 rätt
729 1122 67 20 häfda
810 1121 67 26 regeln

55 1154 35 18 att
101 1152 52 20 våra
165 1152 137 20 ämbetsmän
314 1164 27 2 —
351 1164 27 2 —
389 1164 27 2 —
427 1152 60 20 skola
498 1158 52 14 vara
561 1152 69 20 finske
638 1154 57 21 män;
704 1154 54 18 utan
767 1152 34 20 att
808 1152 70 18 tvärt-

54 1188 37 13 om
104 1182 42 20 den
158 1182 163 26 omständighet
335 1184 34 18 att
382 1182 25 20 de
420 1182 120 26 yttranden
553 1182 6 20 i
572 1182 70 20 denna
655 1182 96 25 riktning
764 1187 47 14 som
823 1181 55 19 före-

56 1212 92 19 kommit
162 1212 68 20 under
242 1212 41 20 den
296 1212 114 26 offentliga
423 1212 159 26 behandlingen
595 1218 48 13 men
656 1212 18 25 ej
683 1212 90 19 komma
780 1212 35 19 att
822 1211 56 19 äter-

55 1242 73 19 finnas
143 1242 6 19 i
170 1242 132 20 Ständernas
322 1248 56 17 svar,
399 1242 69 19 skulle
483 1242 132 19 framställas
631 1242 44 19 helt
690 1241 73 20 enkelt
779 1240 98 23 sälunda,

55 1273 35 18 att
105 1272 84 19 hälften
204 1271 22 20 af
240 1272 202 25 representationen
457 1272 47 19 icke
519 1272 57 19 varit
591 1271 49 20 med
655 1277 36 14 om
706 1271 26 20 de
747 1270 131 20 uttalanden

57 1307 46 13 som
122 1301 132 19 Ständernas
272 1307 51 13 svar
340 1301 109 20 innehålla
468 1302 40 19 och
527 1301 101 20 särskildt
647 1301 167 19 Bondeständet
832 1300 47 19 icke

56 1331 76 25 tyktes
152 1330 66 20 hafva
238 1331 67 25 nägot
325 1332 59 18 emot
400 1332 34 18 att
450 1332 65 25 ryska
531 1330 111 20 officerare
658 1336 73 14 vunne
747 1329 132 26 anställning

57 1360 37 20 vid
120 1360 26 20 de
171 1360 72 20 finska
268 1362 139 24 trupperna.»

99 1390 42 26 Jag
154 1390 128 20 instämmer
294 1390 7 20 i
315 1390 42 20 allo
371 1391 50 19 med
436 1390 116 20 Utskottet
567 1390 44 20 deri
625 1391 40 22 att,
680 1396 35 13 om
729 1390 6 19 i
747 1390 84 18 Preste-
839 1388 39 20 och

57 1420 171 19 Bondeständen
251 1420 50 19 eller
324 1420 148 19 öfverhufvud
494 1420 59 19 inom
572 1420 83 19 hvilket
674 1420 65 19 ständ
758 1424 46 14 som
823 1418 57 20 helst

55 1449 115 25 yrkanden
180 1450 68 19 skulle
258 1451 63 24 göras
331 1456 35 13 om
376 1451 45 18 rätt
431 1450 34 19 för
474 1450 65 25 ryska
549 1449 111 19 officerare
670 1450 34 18 att
714 1449 67 19 vinna
791 1448 90 20 anställ-
