1028 1631
158 87 35 15 148
442 87 21 17 R.
478 90 17 14 o.
511 87 20 16 A.
546 87 52 17 1899.
613 87 22 16 13
650 87 55 19 April.

161 146 39 20 120
213 147 16 24 $,
244 147 41 19 och
298 147 27 19 dä
338 147 36 26 jag
387 147 34 19 för
433 147 46 19 min
493 147 33 19 del
539 147 7 19 i
560 147 116 20 Utskottet
690 146 123 20 omfattade
826 147 41 19 den
880 146 58 20 åsikt
949 147 35 19 att

161 176 39 20 120
212 177 9 24 $
233 176 69 20 skulle
314 176 68 20 blifva
393 176 132 21 oförändrad
538 177 41 20 och
591 178 33 18 att
636 177 83 19 säledes
731 177 67 25 nägot
810 178 68 18 annat
884 177 99 19 moment

160 205 47 20 icke
220 206 70 20 mätte
303 206 6 20 i
322 207 128 25 paragrafen
463 206 88 24 införas,
564 207 51 19 ville
626 207 37 25 jag
675 208 113 24 gentemot
801 207 25 19 de
839 206 22 20 af
874 206 26 20 R.
914 212 18 14 o.
947 206 37 19 A:s

161 236 148 23 medlemmar,
325 242 46 14 som
385 236 7 20 i
407 237 116 19 Utskottet
538 237 111 25 föreslagit
664 238 34 18 att
713 236 111 20 officerare
839 236 22 20 af
872 236 52 26 rysk
936 236 49 20 här-

161 266 73 19 komst
255 266 57 26 finge
332 266 87 20 utöfver
439 268 46 18 stat
505 267 32 19 till
559 267 26 19 de
605 266 72 20 finska
697 268 120 24 trupperna
838 266 146 20 tillkommen-

162 295 68 23 deras,
245 296 115 20 framhålla
378 298 39 22 att,
437 296 102 21 särskildt
557 296 49 20 med
624 296 101 20 afseende
739 296 58 24 därä,
813 298 33 18 att
864 296 61 26 dylik
942 296 42 20 till-

161 325 186 27 kommendering,
366 326 67 26 enligt
451 326 60 20 hvad
528 326 7 20 i
553 326 117 20 Utskottet
688 326 127 24 meddelats,
832 326 65 20 äfven
911 326 73 20 kunde

161 360 39 20 ega
217 361 49 14 rum
283 356 47 20 icke
349 356 57 20 blott
423 356 34 20 för
475 356 226 20 subalternofficerare
719 358 53 18 utan
791 356 65 20 äfven
873 356 34 20 för
924 356 60 20 äldre

162 384 120 25 officerare,
298 386 74 20 hvilka
393 386 176 20 tillförordnades
591 388 33 18 att
645 386 127 20 handhafva
794 386 191 20 kommendörsbe-

163 414 122 27 fattningar
301 416 36 19 vid
354 416 159 26 bataljonerna,
532 417 61 19 detta
610 416 68 20 skulle
694 416 105 20 innebära
815 422 26 14 en
858 416 22 20 sä
897 417 88 19 väsent-

162 444 28 26 lig
203 444 105 21 afvikelse
320 446 48 19 frän
382 446 130 26 nugällande
525 446 164 20 bestämmelser
702 446 59 20 säväl
774 446 7 20 i
796 446 38 20 120
847 447 9 24 $
869 446 22 20 af
903 446 82 20 Värne-

163 474 135 27 pligtslagen,
316 481 46 14 som
378 476 65 20 ocksä
460 476 155 20 motsvarande
632 476 136 26 stadganden
785 476 22 20 af
823 476 161 26 Regeringsfor-

162 510 56 18 men,
236 506 58 18 samt
310 506 118 26 Förenings
444 506 40 20 och
501 506 191 23 Säkerhetsakten,
710 506 111 26 angående
837 506 148 26 «valifikatio-

163 540 38 14 ner
212 534 34 20 för
259 535 141 20 innehafvare
413 536 22 20 af
448 536 68 20 finskt
529 536 93 23 ämbete,
636 538 35 18 att
683 536 37 26 jag
733 536 32 20 för
777 536 45 20 min
836 536 32 20 del
882 536 46 19 icke
941 536 43 19 kan

161 564 118 25 godkänna
294 566 33 18 ett
342 565 71 26 dylikt
429 566 76 25 tillägg
519 572 36 13 om
571 566 214 25 tillkommendering
799 566 22 19 af
836 566 112 19 officerare
963 565 22 20 af

162 594 51 25 rysk
226 594 114 20 härkomst
351 595 32 20 till
396 595 72 20 finska
479 597 98 25 trupper.
600 596 33 26 Ty
645 596 62 20 dessa
720 595 111 20 officerare
843 595 103 20 särskildt
959 595 25 20 de

162 623 59 20 äldre
237 624 87 20 komme
339 625 100 24 faktiskt,
457 631 35 14 om
508 626 26 19 de
549 625 65 20 äfven
629 626 47 19 icke
692 626 86 25 ätnjöte
793 626 36 19 lön
844 625 67 26 enligt
927 625 58 20 finsk

162 654 52 23 stat,
230 655 35 18 att
279 654 117 21 innehafva
411 655 69 20 finskt
495 655 94 20 ämbete.
618 656 34 19 En
666 655 281 26 kommendörsbefattning
962 657 24 18 är

162 683 113 20 dessutom
288 684 22 20 af
322 684 42 20 den
377 685 118 26 betydelse,
509 687 34 18 att
557 686 41 19 den
611 686 69 19 under
692 686 50 25 inga
755 685 150 20 förhällanden
918 685 67 20 borde

162 712 21 20 fä
196 713 130 21 innehafvas
338 714 22 20 af
373 721 84 20 person,
470 721 46 14 som
528 715 47 20 icke
587 717 24 18 är
623 716 148 19 underkastad
783 715 58 20 finsk
854 716 34 25 lag
899 715 51 20 eller
961 716 24 18 är

163 742 57 20 finsk
231 744 149 26 medborgare.
400 745 43 26 Jag
453 745 66 26 yrkar
529 745 84 20 derföre
623 746 28 25 pä
662 747 34 18 att
706 746 10 24 $
728 745 39 20 120
777 745 22 20 af
809 745 131 26 nugällande
950 745 35 25 lag

164 773 68 19 mätte
243 773 120 21 bibehällas
374 775 153 20 oförändrad.*

205 834 58 20 Frih.
289 835 264 25 Yrjö-Koskinen:
580 830 12 35 =
602 835 53 20 Olen
680 837 111 24 pyytänyt
817 835 168 26 puheenvuoroa

162 863 130 21 ainoastaan
310 865 185 20 kannattaakseni
513 865 46 20 Hra
577 865 78 20 Reinin
674 865 124 20 ehdotusta.
833 865 57 20 Teen
908 866 77 18 tämän

162 893 154 20 nimenomaan
332 895 49 19 siitä
396 897 82 24 syystä,
494 897 46 18 että
556 895 106 26 nykyisen
677 895 228 20 Asevelvollisuuslain
922 895 39 20 120
976 895 8 24 $
1002 894 3 3 '

161 923 19 19 ei
197 923 121 20 mielestäni
334 925 72 25 tarjoa
422 925 42 19 sitä
480 925 73 23 tukea,
570 925 47 26 jota
633 931 34 14 me
684 925 165 20 tarvitsisimme
864 925 22 25 ja
902 924 83 26 kaipai-

162 953 83 20 simme.
270 953 73 21 Täällä
360 961 28 12 on
405 956 138 25 myönnetty,
558 956 47 19 että
618 955 118 20 mainittua
753 955 94 26 pykälää
864 954 122 20 verrattain

163 983 94 26 helposti
274 983 94 20 voidaan
385 984 90 23 kiertää;
493 985 58 19 minä
569 985 122 26 puolestani
707 985 106 19 tahtoisin
826 984 95 26 väittää,
938 985 47 18 että

163 1013 174 26 menettelytapa
352 1014 95 25 pykälän
462 1014 159 20 kiertämisessä
635 1015 96 19 voidaan
745 1015 65 19 tehdä
826 1014 72 26 paljoa
912 1014 74 26 yksin-

163 1042 228 21 kertaisemmaksikin
411 1044 54 19 kuin
484 1044 54 20 mitä
554 1050 21 14 se
591 1045 113 25 nykyjään
719 1051 34 13 on.
771 1044 56 19 Näin
843 1044 55 19 ollen
913 1043 72 21 Valio-

162 1072 90 19 kunnan
265 1073 93 20 ehdotus
368 1073 115 20 kuitenkin
495 1074 89 20 sisältää
595 1074 167 26 jonkunmoisen
774 1074 134 25 rajoituksen
920 1075 65 18 venä-

162 1101 78 20 läisten
257 1103 111 25 upsecrien
384 1104 98 19 tulvaan.
512 1104 58 19 Minä
586 1104 106 19 tahtoisin
707 1104 49 20 siitä
772 1105 75 24 syystä
863 1104 122 19 kannattaa

161 1131 155 21 Valiokunnan
334 1133 118 20 ehdotusta
469 1133 46 20 sillä
533 1134 193 22 muodostuksella,
744 1134 66 25 jonka
829 1133 44 20 Hra
888 1133 55 20 Rein
957 1139 28 14 on

162 1161 44 19 sille
226 1163 102 19 antanut.

334 1239 498 28 Omröstningspropositioner:

205 1280 32 19 1:0
258 1280 39 23 De,
308 1280 75 21 hvilka
394 1282 72 19 såsom
475 1282 217 26 kontraproposition
703 1283 116 25 godkänna
831 1283 108 25 yrkandet
950 1288 35 14 om

161 1310 34 18 att
209 1310 9 24 $
235 1310 39 19 120
288 1310 119 20 bibehälles
421 1312 132 20 oförändrad
567 1312 67 26 enligt
648 1318 29 14 nu
691 1312 100 26 gällande
806 1312 178 26 värnepligtslag,

161 1340 58 18 rösta
235 1339 31 25 ja;

203 1368 78 20 vinner
296 1370 42 25 nej,
354 1372 91 24 antages
460 1371 32 20 till
507 1372 216 26 kontraproposition
738 1372 108 26 yrkandet
862 1372 74 20 derom
951 1373 35 19 att

161 1398 71 20 denna
247 1400 102 25 paragraf
362 1402 91 24 antages
466 1401 66 26 enligt
547 1408 28 13 nu
589 1402 99 26 gällande
702 1402 169 26 värnepligtslag
884 1402 49 20 med
948 1402 37 20 det

156 1427 27 19 af
196 1427 32 20 Hr
241 1428 73 20 Antell
328 1430 71 19 dertill
412 1430 121 26 föreslagna
546 1432 105 25 tillägget;

204 1458 87 20 hvilken
306 1460 135 25 proposition
455 1460 130 20 besvarades
599 1462 48 19 med
662 1462 162 25 öfvervägande
836 1462 28 25 ja.
