1034 1634
159 100 23 16 66
440 102 22 16 R.
477 106 17 13 0.
510 102 20 17 A.
544 102 54 17 1899.
612 103 22 17 17
648 103 56 17 Mars.

160 160 141 25 bestämmas,
315 162 64 20 ocksä
393 162 75 20 kunna
487 162 143 21 tillerkännas
648 163 116 20 enahanda
782 163 85 20 förmän
887 164 41 19 och
947 164 34 19 att

160 190 82 20 således
258 190 40 21 här
313 191 68 21 skulle
397 192 89 20 komma
501 192 7 20 i
524 192 62 26 fråga
602 193 60 26 dylik
678 193 103 20 anmälan
797 193 48 20 icke
860 193 58 20 blott
933 193 48 20 från

160 221 84 19 statens
256 221 41 19 och
310 222 140 20 kommunala
463 222 165 26 myndigheters
640 224 55 19 utan
708 223 65 20 äfven
785 223 48 20 från
842 223 87 26 privata
937 225 44 24 sty-

160 250 70 20 relser.
254 250 50 21 Men
315 251 7 20 i
334 252 103 20 händelse
449 252 123 20 Ständerna
585 253 80 20 sådant
676 253 93 23 besluta,
781 253 45 20 kan
839 253 36 20 det
887 254 36 19 väl
935 253 46 20 icke

160 286 62 14 anses
248 281 119 26 oegentligt
393 283 34 19 att
448 282 74 26 privat
542 282 194 27 jernvägsstyrelse
756 283 72 20 blefve
853 283 64 26 ålagd
940 284 40 22 att,

159 310 7 20 i
184 310 70 20 likhet
272 311 50 20 med
341 313 84 19 statens
442 312 195 27 jernvägsstyrelse
656 313 87 20 anmäla
761 313 40 20 hos
819 313 163 20 vederbörande

160 340 185 26 uppbådsnämnd
354 348 35 13 om
397 344 133 22 reservmän,
540 349 46 13 som
595 343 23 20 af
626 343 42 20 den
682 343 74 20 blifvit
768 343 32 20 till
809 339 83 24 sådana
900 343 81 20 befatt-

160 370 77 26 ningar
254 372 97 25 antagna
369 372 51 20 eller
438 372 96 20 derifrån
552 373 144 26 entledigade.
734 373 8 19 I
761 373 79 20 sådant
857 373 38 20 fall
914 373 67 20 skulle

160 400 12 20 2
184 406 66 15 mom.
263 401 7 20 i
283 401 25 20 17
320 402 9 25 $
341 408 53 14 vara
407 402 90 27 onödigt
509 403 40 20 och
562 403 75 20 kunna
649 404 94 19 ersättas
754 408 78 21 genom
845 404 32 19 ett
888 403 75 26 tillägg
975 403 6 20 i

160 430 167 27 ofvanangifvet
342 432 57 26 syfte
413 433 34 20 till
467 433 4 25 $
488 433 31 20 14.
549 433 68 20 Detta
632 433 68 20 skulle
715 433 98 20 medföra
829 433 41 20 den
884 433 97 20 fördelen

160 461 34 19 att
206 461 75 26 dylika
293 462 151 27 anmälningar
455 463 47 20 icke
514 463 94 20 behöfde
620 463 38 20 ske
670 463 22 20 af
703 463 98 20 enskilda
813 469 108 20 personer,
935 469 46 14 som

160 491 83 20 kanske
252 491 93 26 mången
354 493 57 26 gång
421 493 68 20 skulle
498 493 120 20 försumma
628 493 119 24 desamma,
757 493 85 20 hvilket
851 493 48 20 åter
908 494 73 19 kunde

160 521 112 20 föranleda
287 522 70 19 dertill
372 523 34 19 att
421 523 32 23 de,
469 529 46 14 som
529 523 116 26 rätteligen
659 523 67 20 borde
740 529 53 14 vara
818 523 97 20 befriade
932 523 49 20 från

160 551 62 20 aktiv
233 551 152 27 tjenstgöring,
397 553 68 20 likväl
476 553 73 20 blefve
560 553 71 20 dertill
642 553 110 20 inkallade
763 553 33 20 till
807 559 50 14 men
868 553 33 20 för
912 555 16 18 t.
947 559 32 14 ex.

160 587 26 14 en
202 581 74 26 privat
291 582 241 27 jernvägsanläggning,
564 583 40 20 Ett
620 583 79 20 sådant
714 583 125 20 inkallande
855 583 33 20 till
903 583 78 26 tjenst-

160 611 75 26 göring
248 611 74 20 kunde
337 613 112 19 dessutom
463 613 69 20 blifva
546 613 33 20 till
594 613 108 26 synnerlig
716 613 68 20 skada
799 613 34 20 för
847 613 26 20 de
887 613 94 20 militära

159 641 128 24 intressena,
300 642 27 19 då
338 642 71 21 såsom
420 643 71 20 kändt
501 643 144 26 jernvägarne
656 643 36 20 vid
704 643 113 26 pågående
827 643 48 26 krig
885 643 58 26 spela
955 650 25 13 en

159 671 83 26 ganska
257 673 46 18 stor
315 673 46 22 roll,
377 673 40 19 och
431 673 115 26 angeläget
560 679 64 20 synes
637 679 53 14 vara
704 674 36 19 att
753 673 127 26 personalen
894 673 37 20 vid
946 674 35 19 de-

160 707 83 14 samma
253 703 24 18 är
285 701 101 27 fulltalig.
401 703 63 20 Vissa
473 701 22 22 af
504 703 168 26 ifrågavarande
681 703 151 26 befattningar
841 703 71 20 såsom
921 703 59 20 loko-

159 731 144 20 motivförare
318 732 40 20 och
373 733 69 20 andra
457 734 37 19 äro
509 733 24 26 ju
549 733 23 20 af
586 733 41 20 den
643 734 41 23 art,
700 734 35 19 att
750 733 26 20 de
791 733 48 20 icke
853 733 62 20 alltid
931 733 49 20 med

159 761 102 20 säkerhet
275 762 74 20 kunna
364 762 136 21 omedelbart
513 763 99 20 besättas
625 763 50 20 med
688 763 51 20 fullt
752 763 143 26 kompetenta
909 769 72 20 perso-

159 797 44 14 ner.
224 791 31 20 På
265 792 70 26 grund
345 792 22 20 af
377 793 38 19 det
425 792 92 21 anförda
529 793 80 20 tillåter
618 793 36 27 jag
664 793 45 27 mig
719 793 84 20 derföre
812 793 123 23 hemställa,
946 795 35 18 att

160 821 26 20 R.
195 827 19 14 o.
223 817 19 36 A.
256 822 49 20 ville
318 822 134 21 öfverlemna
464 823 32 19 till
516 823 116 20 Utskottet
644 824 35 19 att
690 823 128 26 ytterligare
829 824 52 25 taga
892 823 7 20 i
911 823 69 20 öfver-

159 852 107 25 vägande,
275 852 109 20 huruvida
392 852 47 20 icke
448 854 33 18 ett
489 853 76 26 tillägg
572 853 33 20 till
618 854 4 24 $
633 853 25 20 14
666 853 74 20 kunde
748 854 69 25 göras,
826 853 154 20 innehållande

159 881 140 27 bestämning
318 882 74 20 derom
411 884 35 18 att
465 883 163 20 vederbörande
647 883 153 26 myndigheter
819 883 40 20 och
879 883 101 26 styrelser

159 911 69 20 skulle
241 918 54 14 vara
309 912 100 26 skyldiga
422 914 35 18 att
470 913 39 19 hos
523 913 213 26 uppbådsnämnden
750 913 93 23 anmäla,
859 913 27 20 då
899 919 81 14 reserv-

159 947 51 14 man
225 942 104 20 anställes
343 942 37 20 vid
395 942 151 26 befattningar
566 942 22 20 af
607 943 168 26 ifrågavarande
790 944 41 22 art,
847 944 56 18 samt
918 944 33 19 att
967 943 12 19 2

159 976 65 15 mom.
239 971 23 20 af
276 971 24 20 17
313 972 10 24 $
336 972 83 20 således
431 972 44 20 tills
487 972 76 20 vidare
576 973 68 19 skulle
656 973 84 20 lemnas
753 972 129 20 beroende.”

200 1049 34 19 Hr
253 1049 24 20 L.
304 1050 167 20 Mechelin:
522 1050 34 20 Då
585 1051 26 20 de
636 1051 138 26 synpunkter
804 1051 33 19 Hr
863 1050 116 26 Stjernvall

158 1078 102 20 framfört
275 1079 48 20 icke
338 1080 74 20 blifvit
428 1080 39 20 hos
479 1080 116 21 Utskottet
610 1080 131 20 framhållna
758 1081 40 20 och
815 1080 37 20 det
867 1081 44 19 kan
927 1086 52 14 vara

158 1108 118 27 anledning
287 1110 34 19 att
332 1110 26 19 de
367 1111 64 25 tagas
441 1110 69 20 under
520 1110 126 26 ytterligare
656 1110 108 27 pröfning,
776 1110 38 20 ber
823 1110 38 26 jag
870 1110 22 20 få
903 1111 77 19 under-

158 1138 64 20 stöda
234 1138 89 21 honom.
639 1142 2 2 |

201 1168 9 19 1
223 1174 67 14 mom.
302 1169 45 19 blef
357 1170 121 25 godkändt.

200 1198 145 20 Beträffande
352 1200 13 18 2
372 1205 67 15 mom,
447 1200 88 23 beslöts,
544 1200 28 26 på
579 1200 161 26 framställning
748 1200 23 20 af
778 1200 33 20 Hr
819 1200 158 23 Ordföranden,

158 1228 34 19 att
204 1228 24 19 åt
240 1228 117 21 Utskottet
369 1229 134 21 öfverlemna
515 1231 35 19 att
561 1231 51 25 taga
624 1230 7 20 i
638 1230 163 26 öfvervägande
813 1230 108 20 huruvida
933 1230 46 20 icke

158 1257 62 21 detta
230 1259 99 19 moment
339 1259 74 20 kunde
423 1261 93 18 ersättas
526 1260 50 19 med
585 1261 33 19 ett
627 1260 76 26 tillägg
713 1260 33 20 till
756 1261 9 24 $
776 1260 25 19 14
811 1260 22 20 af
842 1260 95 20 innehåll
945 1261 34 18 att

158 1289 39 18 när
205 1293 127 15 reservman
340 1289 42 20 blir
391 1289 87 20 anstäld
487 1289 6 20 i
503 1289 68 20 sådan
580 1290 74 26 tjenst,
665 1295 48 15 som
721 1290 7 19 i
737 1290 137 20 sistnämnda
883 1291 9 24 $
900 1289 79 20 omför-

157 1317 74 24 mäles,
248 1318 165 21 vederbörande
428 1319 130 26 myndighet
572 1325 49 20 eger
636 1320 76 20 derom
728 1320 39 19 hos
782 1319 197 26 uppbådsnämden

156 1347 96 20 anmäla.

198 1377 10 24 $
222 1377 26 20 18
260 1379 84 25 antogs.

198 1407 21 25 $$
232 1407 26 20 19
271 1408 40 19 och
323 1408 33 20 20.

198 1478 137 21 Diskussion:
