1031 1631
162 90 23 16 80
444 91 21 17 R.
479 95 17 13 0.
511 91 21 17 A.
546 91 52 17 1899.
612 92 24 16 23
649 92 54 17 Mars.

162 149 86 26 dugligt
264 150 66 24 skick,
347 157 51 14 man
412 151 7 20 i
436 151 82 20 sådana
533 151 45 24 fall,
595 158 36 13 om
646 152 124 26 anspråken
786 153 37 18 äro
838 152 94 20 rättvisa
948 151 38 20 och

161 179 77 21 kunna
254 182 54 18 utan
323 181 74 20 alltför
411 181 113 26 betydliga
540 181 140 26 olägenheter
693 182 34 19 för
742 182 75 20 landet
833 182 92 23 bifallas,
941 181 47 20 icke

162 209 41 20 bör
211 211 108 20 motsätta
327 211 32 26 sig
367 211 83 20 sådana
459 211 159 26 förändringar.
635 212 50 19 Men
696 212 9 19 1
716 212 9 25 $
735 213 24 18 är
767 212 47 20 icke
823 211 23 21 af
855 212 61 26 dylik
924 212 64 26 prak-

162 239 45 20 tisk
220 240 112 27 betydelse
345 241 34 20 för
391 241 68 20 rikets
472 241 92 24 försvar;
578 242 7 19 i
599 242 9 19 1
624 243 9 24 $
647 243 24 19 är
684 242 79 20 endast
775 241 62 26 fråga
851 248 36 14 om
899 248 27 14 en
939 243 49 18 rent

161 270 108 20 teoretisk
282 271 89 26 princip,
386 277 47 15 som
447 272 59 19 hvad
519 271 107 21 beträffar
639 272 121 20 militärens
773 272 169 20 användbarhet
955 271 34 20 för

161 299 111 21 försvaret
284 301 47 20 icke
343 301 40 20 har
395 301 72 26 någon
480 302 119 26 betydelse,
613 308 50 14 men
676 308 47 14 som
737 302 98 20 deremot
847 302 33 20 för
893 308 34 14 oss
939 302 49 19 från

161 330 60 19 finsk
239 331 113 26 synpunkt
370 332 40 19 har
427 332 43 19 den
487 332 113 26 betydelse
614 333 34 19 att
662 338 51 14 man
728 332 125 26 derigenom
867 332 121 26 proklame-

161 366 36 14 rar
208 360 42 20 den
261 361 95 20 enskilde
366 361 159 27 värnepligtige
535 361 71 21 finske
616 362 157 26 medborgaren
785 362 71 20 såsom
866 361 122 27 utgörande

162 396 27 13 en
200 391 93 20 medlem
303 391 7 20 i
319 397 26 14 en
355 392 53 25 rysk
418 393 66 22 armé,
495 392 47 19 icke
552 392 7 19 i
569 399 26 13 en
606 392 92 20 särskild
709 392 58 25 finsk
777 392 66 23 armé,
855 392 71 20 såsom
936 398 52 14 man

162 420 79 20 hittills
253 421 40 20 har
303 423 73 18 ansett
387 422 56 20 hans
454 422 104 25 ställning
568 428 61 14 vara.
652 423 26 19 R.
691 429 19 13 o.
723 422 25 20 A.
762 423 39 19 har
811 422 38 20 vid
861 423 32 19 ett
904 422 84 26 föregå-

161 450 56 21 ende
228 451 86 20 tillfälle
325 452 50 20 med
387 452 89 26 mycket
488 452 99 27 betydlig
598 452 157 26 röstöfvervigt
767 452 107 20 förklarat
885 452 32 26 sig
929 453 59 19 emot

161 486 27 14 en
203 481 61 26 dylik
277 482 111 26 principiel
402 482 92 26 ändring
507 483 40 19 och
560 482 68 26 enligt
641 483 45 19 min
699 483 67 19 tanke
779 484 39 24 gör
831 483 26 19 R.
871 489 19 14 o.
904 483 26 19 A.
943 484 45 19 rät-

160 512 47 19 tast
219 516 79 21 genom
311 513 34 19 att
357 512 109 20 vidblifva
478 513 32 19 sin
523 512 63 27 äsigt.
612 513 47 19 Här
670 513 89 20 komma
773 518 42 20 nog
827 513 68 20 andra
908 512 78 26 frägor,

161 541 39 20 der
215 542 93 20 Ständet
323 544 23 18 är
360 542 7 20 i
381 542 85 21 tillfälle
480 544 36 19 att
530 543 47 20 visa
592 543 32 19 sin
639 543 166 26 beredvillighet
820 543 33 19 till
867 543 119 26 jemkning,

161 577 50 14 men
225 572 72 20 denna
309 572 60 26 fräga
382 574 24 18 är
418 573 48 20 icke
478 572 22 21 af
513 573 68 20 sädan
594 573 153 20 beskaffenhet
761 573 39 19 och
814 573 37 20 det
864 575 24 18 är
899 573 34 19 för
945 572 43 21 frä-

160 606 55 20 gans
229 601 137 21 bedömande
380 604 34 18 att
429 603 115 20 observera
558 604 34 20 att
607 604 39 19 här
659 603 24 26 ju
697 603 48 20 icke
758 605 24 18 är
795 603 61 25 fräga
871 609 35 14 om
920 603 68 26 nägot

160 631 142 27 fullständigt
313 634 52 24 nytt
377 633 122 26 lagförslag.
524 633 102 26 Föreläge
638 634 34 19 ett
684 633 86 23 sädant,
784 633 27 20 dä
824 634 73 19 kunde
908 633 79 26 ifräga-

161 663 78 22 sättas,
254 662 108 21 huruvida
374 663 48 20 icke
436 663 92 20 Ständet
540 663 34 20 för
586 664 34 19 att
633 664 52 19 ernä
698 663 66 20 enhet
777 664 40 19 och
829 663 48 20 icke
889 663 99 27 omöjlig-

161 693 52 24 göra
223 692 75 26 lagens
308 692 120 26 bringande
438 693 34 20 till
482 694 72 22 ständ,
566 694 73 19 kunde
650 693 114 20 modifiera
775 693 33 20 sin
819 693 62 26 äsigt.
901 694 43 26 Jag
954 696 34 18 sä-

160 727 38 21 ger
209 722 48 20 icke
270 724 34 18 att
316 722 93 21 Ständet
421 729 38 14 ens
472 724 27 19 dä
512 724 149 25 ovillkorligen
673 724 68 19 borde
753 724 52 25 göra
817 724 44 22 det,
874 725 25 25 ty
910 724 8 19 i
929 724 57 20 vissa

160 752 38 20 fall
209 752 46 20 kan
266 758 50 14 man
327 752 48 21 icke
385 754 53 24 göra
449 754 68 19 detta.
539 753 50 20 Men
600 754 40 20 här
651 755 24 19 är
687 754 37 19 det
735 759 46 14 som
793 754 64 25 sagdt
868 753 47 20 icke
926 754 61 26 fräga

161 788 36 13 om
210 782 69 26 något
291 782 85 24 sådant,
390 784 26 25 tv
435 789 36 14 om
484 783 203 26 ständerpluralitet
699 783 48 20 icke
759 783 78 19 vinnes
849 783 34 19 för
895 784 93 26 ändring

160 812 23 20 af
193 812 9 20 1
214 812 16 25 $,
241 812 72 20 blefve
323 813 71 20 denna
404 814 9 24 $
424 813 131 20 oförändrad
566 814 40 19 och
615 813 72 20 blefve
696 813 48 20 icke
753 813 40 20 alls
802 814 71 25 synlig
882 814 6 19 i
898 814 37 19 det
944 814 44 19 för-

161 842 46 26 slag
223 842 35 20 till
275 842 126 27 förordning
418 850 36 13 om
472 843 117 26 ändringar
605 843 7 20 i
629 843 206 26 värnepligtslagen,
854 844 49 19 med
921 844 66 20 hvars

160 872 148 21 utarbetande
321 873 252 26 Värnepligtsutskottet
586 875 24 18 är
623 874 114 25 sysselsatt
751 873 40 20 och
804 879 47 14 som
865 874 54 19 skall
932 874 55 20 före-

159 902 75 26 läggas
248 903 121 20 Ständerna
381 903 33 20 till
426 904 131 25 antagande.
580 903 43 20 Det
635 905 24 18 är
671 903 83 20 säledes
765 903 48 20 icke
824 903 102 20 förenadt
937 904 50 20 med

160 932 72 26 någon
253 933 116 26 olägenhet
381 933 7 20 i
402 933 80 20 sådant
500 933 108 24 afseende,
628 940 36 13 om
678 933 94 20 Ständet
779 933 118 20 vidblifver
904 933 38 20 sitt
950 934 38 19 be-

159 962 52 20 slut.
231 962 71 21 Också
312 963 7 19 i
329 963 71 20 denna
402 958 10 35 $
430 963 37 20 vill
476 964 38 25 jag
524 964 56 19 dock
588 965 52 24 göra
650 970 27 13 en
687 963 165 26 inskränkning.
878 964 56 19 R.o.
960 964 26 19 A.

160 991 71 21 beslöt
241 992 33 27 sig
283 993 33 20 för
325 994 34 19 att
378 994 1 19 1
392 999 66 14 mom.
477 994 30 19 i4
516 995 10 24 $
536 994 67 19 borde
612 993 79 26 flyttas
701 993 34 20 till
750 993 4 20 1
767 994 16 25 $.
803 993 57 20 Att
851 987 12 36 i
871 993 70 20 denna
952 994 34 19 del

159 1021 100 22 vidhålla
267 1023 102 24 beslutet,
379 1023 71 20 finner
459 1023 36 26 jag
504 1024 47 19 icke
560 1023 22 20 af
591 1023 121 26 tvingande
721 1023 47 20 skäl
777 1023 121 26 päkalladt.
908 1023 79 20 Denna

158 1051 63 26 fräga
234 1052 41 20 har
287 1053 47 20 icke
348 1053 113 26 principiel
474 1053 118 26 betydelse.
618 1053 53 20 Mitt
683 1053 82 26 förslag
777 1053 58 20 afser
847 1053 91 20 sälunda
952 1055 35 18 att

160 1081 95 21 Ständet
268 1083 138 20 beträffande
420 1084 9 19 1
444 1084 10 25 $
466 1084 68 19 skulle
547 1083 108 20 vidblifva
667 1083 40 20 sitt
720 1083 72 20 beslut
803 1083 8 19 i
823 1083 64 26 öfrigt
901 1084 40 19 och
953 1083 34 20 för

161 1112 9 19 1
183 1112 10 25 $
204 1112 118 26 godkänna
335 1113 41 20 den
387 1113 83 26 lydelse
482 1114 127 20 densamma
620 1113 41 20 har
671 1113 7 20 i
689 1119 30 14 nu
731 1113 100 26 gällande
842 1113 145 26 värnepligts-

159 1141 35 26 lag
207 1143 59 19 samt
278 1142 59 27 förty
349 1143 100 20 förkasta
462 1143 335 26 sammanjemkningsförslaget.
812 1143 68 20 Detta
892 1143 40 20 har
945 1143 41 20 den

160 1172 115 25 praktiska
288 1172 96 21 fördelen
398 1174 34 19 alt
446 1173 27 20 dä
486 1173 7 20 i
507 1173 8 20 1
531 1174 9 25 $
552 1173 48 20 icke
612 1173 79 20 införts.
706 1173 65 26 några
785 1179 43 20 nya
841 1173 144 26 stadganden,

158 1202 34 25 &:n
204 1202 73 19 såsom
287 1203 38 26 jag
336 1203 67 22 redan
415 1203 102 24 nämnde,
529 1203 48 20 icke
588 1203 105 20 behöfver
705 1203 50 26 ingå
766 1203 7 19 i
784 1203 103 25 förslaget
901 1203 31 20 till
943 1203 43 20 för-

158 1231 130 27 ordning.**

201 1291 34 21 Hr
251 1292 23 20 L.
300 1292 168 21 Mechelin:
506 1293 42 27 Jag
562 1293 38 20 ber
615 1293 155 20 attifrämsta
781 1293 96 20 rummet
887 1293 51 20 med
949 1299 37 13 an-

158 1322 91 26 ledning
266 1322 60 20 deraf
343 1324 34 19 att
395 1324 59 19 Frih.
471 1324 79 19 Wrede
566 1323 104 20 betviflat
687 1323 134 26 riktigheten
838 1322 23 20 af
877 1329 109 14 samman-

157 1352 265 26 jemkningsförfarandet
440 1353 22 20 fä
480 1353 115 20 framhälla
614 1354 35 19 att
666 1353 8 20 i
692 1353 103 20 händelse
811 1352 175 26 Värnepligtsut-

157 1381 88 20 skottet
258 1382 56 20 hade
325 1383 50 20 haft
386 1384 35 19 att
431 1383 82 26 afgifva
524 1384 33 19 ett
566 1383 23 20 sä
599 1384 34 19 att
643 1385 52 24 säga
706 1382 99 20 officiellt
817 1383 169 25 sammanjemk-

158 1411 213 26 ningsbetänkande,
389 1413 23 20 sä
429 1414 69 19 skulle
513 1413 85 20 formen
613 1413 34 20 för
663 1413 129 20 Utskottets
808 1412 125 20 förfarande
949 1419 37 14 na-

157 1441 115 26 turligtvis
285 1442 67 20 hafva
366 1443 59 20 varit
440 1444 48 22 den,
503 1444 35 19 att
552 1443 117 20 Utskottet
683 1443 56 19 hade
753 1442 33 20 till
801 1442 26 20 R.
843 1449 19 13 o.
876 1442 26 20 A.
917 1443 69 20 riktat

157 1477 27 13 en
199 1472 105 20 vördsam
319 1472 133 27 inbjudning
467 1474 34 19 att
516 1473 75 19 förena
606 1473 32 25 sig
653 1479 36 13 om
705 1473 37 19 det
757 1472 79 24 beslut,
853 1472 91 20 hvarom
960 1473 27 20 de
