1036 1634
61 92 34 17 N:o
109 92 10 16 5
337 92 21 16 R.
372 96 17 12 0.
405 92 21 16 A.
441 91 54 17 1899.
509 92 22 16 17
545 92 55 16 Mars.
711 91 2 2 N
857 92 20 15 51

161 363 34 27 År
212 366 66 25 1899
296 366 49 24 den
360 366 32 25 17
408 366 78 30 Mars,
506 365 99 31 fredag,
625 366 35 25 kl.
679 368 15 24 7
713 374 22 18 e.
748 372 35 20 m.

185 432 179 20 sammanträdde
379 432 143 21 medlemmar
536 433 23 20 af
575 432 162 27 Ridderskapet
753 433 40 20 och
809 433 71 20 Adeln

184 461 37 20 vid
237 461 82 21 urtima
335 462 134 26 landtdagen
484 462 7 20 i
508 462 136 27 Helsingfors
659 463 33 20 till
708 463 96 20 enskildt
821 464 59 19 möte

184 492 12 19 å
210 491 155 24 Riddarhuset,
379 492 70 20 under
461 492 187 27 ordförandeskap
661 493 22 20 af
695 493 102 26 Verkliga
810 493 71 20 Stats-

181 522 64 20 rådet
258 521 24 21 L.
297 521 107 21 Lindelöf.

100 582 135 20 Protokollet
248 581 73 21 fördes
335 581 22 21 af
370 582 166 20 undertecknad
550 582 163 21 bankdirektör.
725 583 17 26 1)

100 612 123 20 Fortsattes
239 612 42 19 den
296 612 7 19 i
318 612 38 26 går
371 611 105 21 afbrutna
491 612 161 27 behandlingen
668 613 22 20 af
703 613 177 26 Värnepligtsut-

51 642 102 24 .skottets
165 641 80 27 förslag
256 641 34 20 till
301 641 127 27 förordning
440 643 113 25 angående
564 642 93 27 ändring
669 643 22 20 af
702 643 106 20 särskilda
821 643 60 19 stad-

57 672 87 25 ganden
155 671 7 20 i
173 671 203 27 Värnepligtslagen
388 671 34 20 för
435 671 211 21 Storfurstendömet
659 673 93 20 Finland
764 673 23 20 af
799 673 42 20 den
853 672 27 20 27

58 701 120 20 December
189 701 60 21 1878.
643 705 2 2 |

101 732 9 25 $
123 732 19 20 4.
156 737 66 15 mom.
236 732 13 19 2
261 731 133 26 godkändes.

103 761 8 20 I
121 761 101 20 afseende
231 761 13 20 å
253 762 10 25 $
273 761 12 20 5
294 762 89 26 yttrade

101 821 32 21 Hr
152 822 24 20 L.
201 822 168 20 Mechelin:
408 822 8 19 I
439 822 78 26 början
541 822 22 20 af
580 822 120 26 gårdagens
716 822 164 20 sammanträde

57 851 99 21 riktades
168 852 33 20 till
216 852 127 20 Utskottets
356 852 143 20 medlemmar
507 858 26 14 en
544 852 136 27 uppmaning
693 854 35 18 att
740 852 72 21 lemna
826 858 55 20 upp-

57 881 113 27 lysningar
183 882 112 26 angående
309 882 98 20 motiven
421 882 33 20 till
469 882 26 20 de
508 882 86 26 förslag,
610 888 47 14 som
670 882 109 20 innehålla
793 882 88 20 ändrin-

57 917 39 20 gar
106 911 7 20 i
124 912 100 26 gällande
235 911 177 27 värnepligtslag.
433 912 78 20 Denna
522 912 10 26 $
542 912 120 20 innehåller
672 918 26 14 en
708 912 69 20 sådan
788 912 93 26 ändring

57 941 110 27 nämligen
180 942 41 23 att,
236 942 80 20 medan
329 942 33 19 uti
375 948 30 14 nu
418 942 101 26 gällande
531 942 36 26 lag
580 942 7 20 i
600 942 33 26 $:n
640 942 94 26 -stadgas
748 943 35 19 att
796 942 85 20 antalet

57 971 24 20 af
95 972 38 19 det
148 971 33 21 för
196 972 77 20 aktiva
287 972 132 26 truppernas
433 972 171 26 komplettering
620 972 137 26 erforderliga
772 972 109 26 manskap

57 1001 133 20 bestämmes
210 1001 82 27 årligen
312 1001 23 20 af
354 1002 255 26 Kejsaren-Storfursten
629 1002 28 26 på
677 1001 162 27 framställning
859 1001 23 21 af

59 1031 95 20 Senaten
172 1031 33 20 för
223 1031 101 24 Finland,
343 1033 108 25 upptager
468 1032 262 26 Värnepligtsutskottets
748 1032 81 26 förslag
846 1032 35 20 att

58 1061 167 26 bestämningen
239 1062 49 19 sker
301 1061 28 27 på
343 1061 154 27 föredragning
510 1062 22 20 af
545 1062 187 26 Krigsministern,
747 1062 68 20 sedan
828 1061 53 26 Kej-

58 1090 48 21 serl.
121 1091 94 20 Senaten
229 1091 74 20 derom
317 1091 87 26 afgifvit
417 1091 87 27 förslag.
530 1092 42 26 Jag
584 1092 39 20 ber
635 1092 7 19 i
655 1092 117 26 anledning
785 1091 61 21 deraf
858 1091 23 20 få

57 1120 72 21 erinra
146 1127 36 14 om
200 1121 41 20 den
258 1121 93 26 tidigare
368 1121 23 20 af
408 1121 44 27 mig
469 1122 67 20 redan
553 1122 78 26 gjorda
648 1122 102 20 anmälan
767 1122 35 20 att
820 1121 61 20 såväl

57 1150 260 27 Värnepligtsutskottet,
343 1157 47 15 som
416 1151 65 20 också
506 1151 158 27 Lagutskottet
688 1151 92 21 beslutit
802 1150 79 21 föreslå

57 1181 36 19 att
111 1180 192 27 Krigsministerns
320 1181 128 20 funktioner
466 1182 41 19 och
524 1181 132 26 befogenhet
674 1181 50 20 med
741 1181 89 26 hänsigt
847 1180 34 20 till

57 1210 73 21 finska
146 1210 109 21 militären
271 1210 48 21 icke
335 1211 69 20 skulle
419 1211 125 20 utsträckas
560 1211 33 20 till
609 1211 165 27 lagstiftningen
790 1210 42 21 och
839 1210 42 21 den

58 1241 142 20 ekonomiska
216 1241 170 26 förvaltningen,
403 1242 55 19 utan
475 1241 168 26 bestämningen
658 1241 27 26 i$
697 1241 39 20 119
752 1240 128 21 bibehållas.

58 1270 79 20 Likväl
147 1270 120 21 innehåller
277 1271 9 25 $
298 1271 39 20 119
347 1271 7 20 i
364 1271 75 24 slutet,
451 1272 35 19 att
497 1271 37 20 det
543 1271 133 20 tillkommer
686 1270 195 27 Krigsministern
872 1266 14 35 i

59 1300 169 26 Kejsaredömet
241 1301 35 20 att
288 1301 40 20 hos
341 1300 93 27 Kejserl.
450 1301 95 20 Senaten
557 1301 114 26 föredraga
684 1301 83 20 sådana
775 1301 26 19 de
808 1300 73 20 finska

57 1331 121 25 trupperna
199 1330 93 20 rörande
312 1331 188 26 angelägenheter,
516 1337 46 14 som
576 1331 48 20 icke
637 1330 92 21 hänföra
744 1330 31 26 sig
789 1330 34 19 till
836 1330 46 25 lag-

58 1359 129 27 stiftningen
205 1360 50 19 eller
272 1360 42 20 den
331 1360 141 20 ekonomiska
489 1360 169 27 förvaltningen,
675 1360 51 21 eller
742 1366 35 14 om
794 1359 87 20 hvilkas

58 1389 133 26 behandling
217 1390 86 19 landets
329 1389 158 27 författningar
511 1390 48 20 icke
585 1390 136 20 annorlunda
743 1389 138 20 föreskrifva.

58 1419 52 20 Man
121 1419 40 20 har
172 1421 73 18 ansett
256 1419 31 26 sig
297 1419 53 20 böra
361 1420 98 20 utesluta
470 1420 42 20 den
523 1420 53 20 sista
587 1420 22 20 af
620 1420 61 20 dessa
691 1419 123 26 kategorier
821 1419 60 20 »eller

94 1472 15 21 1)
118 1472 115 16 Protokollet
241 1473 60 15 finnes
311 1473 91 16 bevaradt
411 1473 55 16 äfven
475 1473 6 16 i
486 1471 104 18 memorial.
