1031 1631
338 84 21 16 R.
375 88 17 12 o.
407 84 20 17 A.
442 84 52 17 1899.
508 84 22 17 23
545 85 55 16 Mars.
850 84 29 16 101

54 144 7 19 i
74 144 49 20 dess
136 144 68 19 första
217 144 80 26 förslag
310 144 83 20 infördt
406 144 71 20 säsom
490 150 26 14 en
530 145 68 25 nyhet
611 144 33 20 för
657 144 58 20 finsk
728 145 41 25 lag.
795 144 34 20 Nu
843 144 38 20 har

55 174 38 20 vid
106 173 107 20 beslutets
226 173 102 21 fattande
342 174 26 20 R.
379 180 19 14 o.
410 174 24 20 A.
450 174 49 20 med
513 174 153 20 förkrossande
679 174 114 26 majoritet
804 174 77 20 under-

55 204 55 20 känt
124 204 71 19 denna
208 204 75 25 nyhet,
298 204 40 19 och
351 204 187 26 Borgareständet
551 204 39 20 har
602 204 68 20 infört
684 204 133 24 densamma,
832 210 48 13 men

56 234 33 20 uti
103 240 27 13 en
145 233 57 20 form
217 234 58 19 ända
291 234 82 20 derhän
388 234 137 23 modifierad,
542 235 34 19 att
591 240 51 14 man
657 234 43 20 kan
717 236 59 18 sätta
792 234 6 20 i
813 234 67 26 fräga,

56 263 109 21 huruvida
181 263 196 26 Borgareständets
393 264 72 20 beslut
479 264 57 20 hade
551 264 72 26 nägon
638 270 73 14 annan
726 264 113 26 betydelse
854 265 27 18 än

56 294 42 20 den
113 294 49 19 rent
176 293 106 20 formella.
311 294 33 25 Ty
360 300 36 13 om
411 300 51 14 man
478 294 41 20 ock
533 294 7 19 i
554 294 187 26 Borgareständet
756 295 74 19 ansett
845 294 36 19 det

55 323 108 27 lämpligt,
173 323 38 26 jag
221 323 56 20 hade
288 323 43 20 lust
341 324 34 19 att
385 325 51 24 säga
447 324 108 26 skickligt,
566 325 34 19 att
610 324 70 20 införa
691 324 6 19 i
707 324 63 26 lagen
780 325 33 19 ett
823 323 58 20 stad-

55 354 78 26 gande,
148 359 47 14 som
208 353 67 19 redan
287 353 60 20 förut
360 353 114 20 innebäres
488 354 6 19 i
508 354 41 19 den
562 360 29 14 nu
604 353 101 27 gällande
718 354 69 26 lagen,
802 353 33 26 ity
848 354 32 18 att

56 384 63 26 ingen
130 383 55 20 efter
195 383 105 25 uppnådd
310 383 162 26 uppbädsälder
481 383 7 20 i
498 384 77 25 sjelfva
584 384 77 19 verket
671 390 36 14 ens
717 390 29 14 nu
756 384 44 20 kan
810 384 72 19 lemna

56 414 74 19 landet
155 413 98 19 hvarken
277 412 88 27 lofligen
385 414 50 19 med
456 420 50 19 pass
526 414 50 19 eller
596 415 59 18 ännu
677 414 84 20 mindre
781 413 100 26 olofligen

56 444 54 19 utan
136 449 56 20 pass;
214 443 23 19 sä
258 444 23 19 är
302 443 37 20 det
360 443 56 20 dock
436 444 125 25 uppenbart
582 445 34 18 att
637 444 185 25 Borgareständet
843 443 40 20 alls

56 473 47 20 icke
114 473 58 20 varit
183 473 7 19 i
201 473 39 19 sak
251 479 50 14 ense
312 479 36 13 om
360 473 38 19 det
408 473 86 26 förslag,
507 480 46 13 som
564 474 253 25 Värnepligtsutskottet
828 473 56 20 först

56 503 93 26 förelagt
159 503 40 19 och
209 503 84 19 hvilket
303 504 23 19 är
335 504 62 24 taget
407 509 25 14 ur
442 503 41 20 den
494 503 78 26 nädiga
582 503 171 26 propositionen.
772 504 47 19 Här
828 503 54 19 före-

57 533 66 26 ligger
140 533 93 19 sälunda
245 533 41 19 den
299 533 107 19 situation
418 534 34 19 att
464 534 83 19 tvänne
560 534 64 19 ständ
636 533 48 20 icke
696 534 59 19 velat
767 539 53 14 vara
833 533 48 19 med

56 569 36 14 om
102 564 33 19 ett
145 563 122 25 stadgande
277 562 22 20 af
308 563 69 19 sådan
387 563 113 23 innebörd,
512 569 46 14 som
568 564 37 19 det
615 565 35 18 att
659 569 27 14 en
697 570 77 19 person
785 564 97 19 närmast.

56 593 80 19 mellan
149 592 24 20 15
186 593 40 19 och
238 593 24 19 21
276 593 34 19 års
322 592 59 20 ålder
393 592 47 20 icke
452 593 68 19 skulle
531 593 74 20 kunna
618 593 72 20 lemna
701 593 40 20 sitt
752 593 53 20 land
817 592 64 20 äfven

56 629 36 13 om
112 623 26 19 de
156 624 57 18 mest
232 622 121 26 tvingande
368 623 188 25 omständigheter
570 623 69 20 skulle
654 623 69 20 förmä
739 623 81 19 honom
836 623 46 19 der-

58 653 38 19 till.
114 652 43 20 Vid
168 653 79 19 sådant
257 652 143 24 förhållande,
411 653 41 19 och
462 659 36 13 om
508 658 51 14 man
568 654 62 24 tager
640 653 86 25 hänsyn
736 653 33 19 till
779 654 34 18 att
823 652 60 20 stad-

56 683 82 25 gandet
151 682 85 20 afviker
248 682 48 20 frän
309 682 26 20 de
347 682 109 26 principer
468 682 6 20 i
486 682 61 26 fräga
560 689 35 13 om
608 683 42 19 den
663 682 171 26 medborgerliga
847 682 35 20 fri-

57 713 71 23 heten,
149 718 47 14 som
214 712 7 20 i
239 712 44 20 viss
301 712 51 20 män
371 712 75 20 kunna
465 718 63 14 anses
546 712 67 20 hafva
632 712 189 26 grundlagshelgd,
842 712 39 20 och

56 742 67 20 bland
138 743 69 19 annat
221 742 65 20 äfven
300 742 85 20 afviker
399 742 49 20 frän
462 744 33 18 ett
509 742 22 20 af
545 742 43 26 mig
602 742 93 26 tidigare
709 742 122 26 äberopadt
845 742 37 20 ad-

56 772 39 26 ligt
112 772 144 26 privilegium,
274 772 56 20 hade
347 772 37 20 det
398 772 69 26 aldrig
480 772 50 20 bort
543 772 159 26 ifrägakomma
716 774 35 18 att
766 772 114 20 Utskottet

56 802 69 20 skulle
138 802 78 20 föreslå
230 802 214 26 sammanjemkning
456 802 28 26 pä
497 808 26 14 en
536 808 73 14 annan
622 802 65 23 basis,
701 804 27 18 än
742 802 41 20 den
796 803 35 19 att
843 803 39 18 två

56 832 65 20 stånd
137 832 48 19 icke
198 832 59 20 velat
269 832 70 20 införa
352 832 42 19 den
407 832 79 26 nådiga
498 832 175 26 propositionens
685 832 93 25 förslag
769 827 9 36 i
787 832 40 19 den
841 831 41 20 till-

56 858 199 30 läggsförfattning,
267 862 93 19 hvarom
371 868 30 13 nu
412 864 24 18 är
446 862 68 26 fräga.
533 874 13 2 —
557 862 42 26 Jag
610 862 39 20 ber
659 863 34 19 att
704 862 51 19 med
766 862 67 25 nägra
844 862 38 18 ord

56 894 59 17 ännu
126 892 22 19 fä
161 892 76 19 beröra
249 892 77 19 sakens
337 891 65 20 reella
414 892 112 20 innebörd.
539 892 42 26 Jag
592 892 99 25 antydde
701 892 68 19 redan
777 892 34 19 att
819 892 62 19 detta

56 923 99 18 moment
167 923 24 18 är
202 921 22 20 af
232 921 96 20 eminent
336 921 100 26 praktisk
444 922 120 26 betydelse.
578 922 44 19 Det
630 921 39 20 har
676 922 84 19 kanske
767 921 47 20 icke
823 921 60 19 förut

56 951 139 23 framhällits,
208 952 50 19 eller
269 957 36 14 om
317 952 23 19 sä
352 951 60 20 skett
423 952 39 19 bör
474 952 38 19 det
523 958 115 19 upprepas,
652 952 34 19 att
698 952 37 19 det
747 951 92 19 innebär
850 952 33 18 ett

56 981 184 26 utomordentligt
253 981 87 26 inträng
353 981 33 19 uti
399 981 146 20 föräldrarnes
558 982 68 22 makt,
641 981 27 20 dä
681 981 37 20 det
731 981 68 19 skulle
813 981 70 25 omöj-

56 1011 81 26 liggöra
152 1011 34 19 för
201 1011 49 19 dem
265 1012 34 19 att
314 1011 7 19 i
335 1011 60 26 fräga
412 1017 35 13 om
462 1011 94 20 barnens
570 1011 91 20 framtid
676 1011 81 19 handla
773 1010 56 20 efter
844 1012 39 18 sitt

56 1042 106 19 samvete.
188 1041 33 20 Dä
235 1047 26 13 en
275 1046 44 20 ung
331 1047 52 13 man
397 1041 97 25 uppnätt
507 1041 24 19 21
546 1041 34 19 ärs
594 1041 66 23 älder,
675 1042 23 18 är
711 1041 43 19 han
768 1040 68 26 enligt
849 1046 34 14 ur-

56 1071 95 25 gammal
167 1071 35 25 lag
217 1071 7 19 i
240 1071 83 19 norden
339 1071 125 25 berättigad
481 1071 49 25 sjelf
545 1071 123 19 bestämma
684 1077 35 13 om
736 1070 33 20 sin
785 1070 96 23 framtid,

56 1101 40 19 och
108 1101 65 25 ingen
185 1102 167 24 samvetsgrann
364 1100 34 20 far
410 1101 54 19 skall
476 1101 53 25 vilja
541 1100 90 20 inverka
643 1101 27 25 på
683 1101 81 19 honom
766 1096 13 34 i
795 1106 25 14 en
833 1100 50 20 eller

56 1137 73 13 annan
141 1130 104 26 riktning.
267 1130 50 20 Men
328 1136 51 14 man
391 1131 43 19 kan
446 1130 48 20 icke
504 1130 101 26 förtycka
618 1132 34 18 att
663 1136 26 14 en
700 1130 34 20 far
744 1130 7 20 i
763 1130 41 20 den
816 1130 67 19 situa-

57 1160 53 24 tion,
128 1160 7 20 i
153 1160 90 20 hvilken
260 1160 23 20 vi
300 1160 90 20 befinna
408 1166 40 18 oss,
468 1160 50 20 med
536 1160 131 26 grundlagar
685 1160 40 20 och
743 1159 138 26 författning,

56 1196 48 14 som
114 1192 37 18 äro
162 1190 143 23 sönderrifna,
316 1190 125 26 skyddlösa,
453 1196 36 14 om
500 1196 25 14 en
536 1190 33 20 far
578 1190 69 20 skulle
657 1190 67 26 enligt
735 1190 40 19 sitt
785 1191 98 18 samvete

56 1220 53 26 vilja
123 1220 131 20 konservera
269 1220 32 19 sin
315 1226 50 14 sons
378 1222 46 18 rätt
438 1221 34 19 att
486 1220 37 20 vid
537 1220 24 19 21
576 1220 35 19 års
624 1220 60 19 ålder
698 1220 49 25 sjelf
760 1219 123 20 bestämma

57 1250 39 20 sitt
110 1250 48 20 öde.
188 1250 77 20 Denna
280 1251 45 19 rätt
340 1250 44 19 kan
399 1250 120 20 emellertid
534 1250 142 19 konserveras
691 1250 78 19 endast
784 1249 99 23 sålunda,

56 1281 36 19 att
102 1286 67 13 sonen
181 1280 46 19 före
237 1280 24 19 21
275 1280 34 19 års
321 1280 59 19 ålder
391 1280 35 19 må
438 1280 76 26 kunna
524 1280 67 25 flytta
602 1285 26 14 ur
638 1280 75 19 landet
724 1279 41 19 och
776 1280 63 24 göras
850 1278 33 20 till

57 1310 142 25 medborgare
212 1309 7 19 i
231 1311 33 18 ett
277 1311 69 18 annat
358 1309 58 20 land.
443 1309 51 20 Man
507 1310 39 19 har
559 1310 27 25 pä
600 1315 75 14 senare
687 1308 58 20 tider
757 1308 7 20 i
777 1308 106 26 tidnings-

58 1345 87 20 pressen
163 1339 88 19 skrifvit
267 1339 83 26 ganska
368 1340 89 25 mycket
474 1345 36 14 om
527 1338 164 26 emigrationen,
708 1338 34 20 för
759 1338 40 20 och
817 1339 65 19 emot.

56 1369 43 26 Jag
108 1369 38 19 ber
155 1370 34 18 att
198 1368 22 20 få
229 1369 96 19 erkänna
335 1370 35 18 att
378 1369 37 25 jag
424 1369 6 19 i
440 1369 61 25 fråga
511 1375 35 13 om
555 1368 164 26 emigrationen,
729 1368 41 20 och
780 1368 104 20 särskildt

57 1399 48 19 dess
118 1399 154 19 behandlande
284 1398 33 20 för
325 1399 138 19 närvarande
476 1398 115 26 ögonblick
603 1398 7 20 i
623 1404 94 20 pressen,
725 1397 103 20 förhäller
841 1397 43 25 mig

57 1428 89 26 mycket
158 1428 143 20 reserveradt.
326 1428 43 26 Jag
381 1428 44 20 kan
438 1428 47 20 icke
498 1428 86 20 ansluta
597 1428 44 26 mig
653 1428 33 19 till
699 1434 26 13 en
738 1427 85 23 artikel,
837 1433 47 13 som

57 1458 34 20 för
101 1464 26 14 en
139 1458 69 20 vecka
219 1458 66 20 sedan
297 1458 37 26 säg
345 1458 71 26 dagen
426 1458 7 19 i
444 1459 32 19 ett
488 1458 22 20 af
521 1458 26 20 de
557 1459 55 18 mest
623 1458 56 19 lästa
691 1457 86 20 bladen.
798 1456 84 26 Frägan
