<?xml version="1.0" encoding="UTF-8"?>
<alto xmlns="http://www.loc.gov/standards/alto/ns-v3#" xmlns:xlink="http://www.w3.org/1999/xlink" xmlns:xsi="http://www.w3.org/2001/XMLSchema-instance" xsi:schemaLocation="http://www.loc.gov/standards/alto/ns-v3# http://www.loc.gov/alto/v3/alto-3-0.xsd">
	<Description>
		<MeasurementUnit>pixel</MeasurementUnit>
		<sourceImageInformation>
			<fileName>/tmp/tess_a6x3qkek_input.PNG</fileName>
		</sourceImageInformation>
		<OCRProcessing ID="OCR_0">
			<ocrProcessingStep>
				<processingSoftware>
					<softwareName>tesseract 5.3.4</softwareName>
				</processingSoftware>
			</ocrProcessingStep>
		</OCRProcessing>
	</Description>
	<Layout>
		<Page WIDTH="1028" HEIGHT="1631" PHYSICAL_IMG_NR="0" ID="page_0">
			<PrintSpace HPOS="0" VPOS="0" WIDTH="1028" HEIGHT="1631">
				<ComposedBlock ID="cblock_0" HPOS="407" VPOS="80" WIDTH="450" HEIGHT="29">
					<TextBlock ID="block_0" HPOS="407" VPOS="80" WIDTH="450" HEIGHT="29">
						<TextLine ID="line_0" HPOS="407" VPOS="80" WIDTH="450" HEIGHT="29">
							<String ID="string_0" HPOS="407" VPOS="80" WIDTH="79" HEIGHT="29" WC="0.96" CONTENT="Bilagor."/><SP WIDTH="348" VPOS="80" HPOS="486"/>
							<String ID="string_1" HPOS="834" VPOS="83" WIDTH="23" HEIGHT="15" WC="0.95" CONTENT="15"/>
						</TextLine>
					</TextBlock>
				</ComposedBlock>
				<GraphicalElement ID="cblock_1" HPOS="35" VPOS="100" WIDTH="819" HEIGHT="15"></GraphicalElement >
				<ComposedBlock ID="cblock_2" HPOS="35" VPOS="142" WIDTH="824" HEIGHT="536">
					<TextBlock ID="block_1" HPOS="35" VPOS="142" WIDTH="820" HEIGHT="87">
						<TextLine ID="line_1" HPOS="35" VPOS="142" WIDTH="819" HEIGHT="27">
							<String ID="string_2" HPOS="35" VPOS="143" WIDTH="32" HEIGHT="20" WC="0.92" CONTENT="sin"/><SP WIDTH="18" VPOS="143" HPOS="67"/>
							<String ID="string_3" HPOS="85" VPOS="143" WIDTH="123" HEIGHT="26" WC="0.92" CONTENT="värnepligt"/><SP WIDTH="18" VPOS="143" HPOS="208"/>
							<String ID="string_4" HPOS="226" VPOS="143" WIDTH="37" HEIGHT="19" WC="0.96" CONTENT="vid"/><SP WIDTH="19" VPOS="143" HPOS="263"/>
							<String ID="string_5" HPOS="282" VPOS="143" WIDTH="27" HEIGHT="19" WC="0.93" CONTENT="de"/><SP WIDTH="18" VPOS="143" HPOS="309"/>
							<String ID="string_6" HPOS="327" VPOS="143" WIDTH="90" HEIGHT="19" WC="0.92" CONTENT="stäende"/><SP WIDTH="17" VPOS="143" HPOS="417"/>
							<String ID="string_7" HPOS="434" VPOS="144" WIDTH="121" HEIGHT="25" WC="0.93" CONTENT="trupperna"/><SP WIDTH="18" VPOS="144" HPOS="555"/>
							<String ID="string_8" HPOS="573" VPOS="142" WIDTH="50" HEIGHT="20" WC="0.93" CONTENT="eller"/><SP WIDTH="17" VPOS="142" HPOS="623"/>
							<String ID="string_9" HPOS="640" VPOS="142" WIDTH="83" HEIGHT="27" WC="0.92" CONTENT="uttagit"/><SP WIDTH="17" VPOS="142" HPOS="723"/>
							<String ID="string_10" HPOS="740" VPOS="142" WIDTH="49" HEIGHT="23" WC="0.93" CONTENT="lott,"/><SP WIDTH="20" VPOS="142" HPOS="789"/>
							<String ID="string_11" HPOS="809" VPOS="148" WIDTH="45" HEIGHT="14" WC="0.97" CONTENT="som"/>
						</TextLine>
						<TextLine ID="line_2" HPOS="35" VPOS="172" WIDTH="820" HEIGHT="27">
							<String ID="string_12" HPOS="35" VPOS="173" WIDTH="80" HEIGHT="20" WC="0.96" CONTENT="befriar"/><SP WIDTH="16" VPOS="173" HPOS="115"/>
							<String ID="string_13" HPOS="131" VPOS="173" WIDTH="81" HEIGHT="20" WC="0.93" CONTENT="honom"/><SP WIDTH="15" VPOS="173" HPOS="212"/>
							<String ID="string_14" HPOS="227" VPOS="173" WIDTH="50" HEIGHT="20" WC="0.96" CONTENT="från"/><SP WIDTH="16" VPOS="173" HPOS="277"/>
							<String ID="string_15" HPOS="293" VPOS="173" WIDTH="68" HEIGHT="20" WC="0.96" CONTENT="sådan"/><SP WIDTH="16" VPOS="173" HPOS="361"/>
							<String ID="string_16" HPOS="377" VPOS="173" WIDTH="78" HEIGHT="26" WC="0.96" CONTENT="tjänst,"/><SP WIDTH="17" VPOS="173" HPOS="455"/>
							<String ID="string_17" HPOS="472" VPOS="173" WIDTH="51" HEIGHT="20" WC="0.93" CONTENT="eller"/><SP WIDTH="15" VPOS="173" HPOS="523"/>
							<String ID="string_18" HPOS="538" VPOS="173" WIDTH="41" HEIGHT="20" WC="0.96" CONTENT="ock"/><SP WIDTH="15" VPOS="173" HPOS="579"/>
							<String ID="string_19" HPOS="594" VPOS="173" WIDTH="118" HEIGHT="20" WC="0.96" CONTENT="förklarats"/><SP WIDTH="14" VPOS="173" HPOS="712"/>
							<String ID="string_20" HPOS="726" VPOS="172" WIDTH="87" HEIGHT="27" WC="0.96" CONTENT="oduglig"/><SP WIDTH="9" VPOS="172" HPOS="813"/>
							<String ID="string_21" HPOS="822" VPOS="172" WIDTH="33" HEIGHT="20" WC="0.96" CONTENT="till"/>
						</TextLine>
						<TextLine ID="line_3" HPOS="35" VPOS="203" WIDTH="146" HEIGHT="26">
							<String ID="string_22" HPOS="35" VPOS="203" WIDTH="146" HEIGHT="26" WC="0.96" CONTENT="krigstjänst»."/>
						</TextLine>
					</TextBlock>
					<TextBlock ID="block_2" HPOS="36" VPOS="232" WIDTH="823" HEIGHT="327">
						<TextLine ID="line_4" HPOS="78" VPOS="232" WIDTH="780" HEIGHT="27">
							<String ID="string_23" HPOS="78" VPOS="233" WIDTH="186" HEIGHT="26" WC="0.93" CONTENT="Borgareståndet"/><SP WIDTH="16" VPOS="233" HPOS="264"/>
							<String ID="string_24" HPOS="280" VPOS="233" WIDTH="40" HEIGHT="20" WC="0.96" CONTENT="har"/><SP WIDTH="17" VPOS="233" HPOS="320"/>
							<String ID="string_25" HPOS="337" VPOS="233" WIDTH="33" HEIGHT="20" WC="0.96" CONTENT="för"/><SP WIDTH="16" VPOS="233" HPOS="370"/>
							<String ID="string_26" HPOS="386" VPOS="239" WIDTH="66" HEIGHT="14" WC="0.95" CONTENT="mom."/><SP WIDTH="18" VPOS="239" HPOS="452"/>
							<String ID="string_27" HPOS="470" VPOS="233" WIDTH="12" HEIGHT="20" WC="0.96" CONTENT="2"/><SP WIDTH="17" VPOS="233" HPOS="482"/>
							<String ID="string_28" HPOS="499" VPOS="233" WIDTH="86" HEIGHT="26" WC="0.96" CONTENT="antagit"/><SP WIDTH="16" VPOS="233" HPOS="585"/>
							<String ID="string_29" HPOS="601" VPOS="233" WIDTH="97" HEIGHT="26" WC="0.96" CONTENT="följande"/><SP WIDTH="16" VPOS="233" HPOS="698"/>
							<String ID="string_30" HPOS="714" VPOS="233" WIDTH="97" HEIGHT="20" WC="0.93" CONTENT="ändrade"/><SP WIDTH="13" VPOS="233" HPOS="811"/>
							<String ID="string_31" HPOS="824" VPOS="232" WIDTH="34" HEIGHT="26" WC="0.91" CONTENT="ly-"/>
						</TextLine>
						<TextLine ID="line_5" HPOS="36" VPOS="262" WIDTH="819" HEIGHT="27">
							<String ID="string_32" HPOS="36" VPOS="263" WIDTH="64" HEIGHT="20" WC="0.93" CONTENT="delse:"/><SP WIDTH="9" VPOS="263" HPOS="100"/>
							<String ID="string_33" HPOS="109" VPOS="263" WIDTH="84" HEIGHT="20" WC="0.58" CONTENT="»Finsk"/><SP WIDTH="11" VPOS="263" HPOS="193"/>
							<String ID="string_34" HPOS="204" VPOS="263" WIDTH="143" HEIGHT="26" WC="0.96" CONTENT="medborgare"/><SP WIDTH="12" VPOS="263" HPOS="347"/>
							<String ID="string_35" HPOS="359" VPOS="263" WIDTH="22" HEIGHT="20" WC="0.93" CONTENT="af"/><SP WIDTH="11" VPOS="263" HPOS="381"/>
							<String ID="string_36" HPOS="392" VPOS="263" WIDTH="103" HEIGHT="23" WC="0.92" CONTENT="mankön,"/><SP WIDTH="17" VPOS="263" HPOS="495"/>
							<String ID="string_37" HPOS="512" VPOS="269" WIDTH="47" HEIGHT="14" WC="0.96" CONTENT="som"/><SP WIDTH="16" VPOS="269" HPOS="559"/>
							<String ID="string_38" HPOS="575" VPOS="263" WIDTH="96" HEIGHT="26" WC="0.93" CONTENT="uppnått"/><SP WIDTH="15" VPOS="263" HPOS="671"/>
							<String ID="string_39" HPOS="686" VPOS="262" WIDTH="169" HEIGHT="27" WC="0.92" CONTENT="uppbådsålder,"/>
						</TextLine>
						<TextLine ID="line_6" HPOS="36" VPOS="292" WIDTH="820" HEIGHT="27">
							<String ID="string_40" HPOS="36" VPOS="293" WIDTH="43" HEIGHT="20" WC="0.93" CONTENT="kan"/><SP WIDTH="20" VPOS="293" HPOS="79"/>
							<String ID="string_41" HPOS="99" VPOS="293" WIDTH="97" HEIGHT="20" WC="0.90" CONTENT="frikallas"/><SP WIDTH="19" VPOS="293" HPOS="196"/>
							<String ID="string_42" HPOS="215" VPOS="293" WIDTH="49" HEIGHT="20" WC="0.96" CONTENT="från"/><SP WIDTH="20" VPOS="293" HPOS="264"/>
							<String ID="string_43" HPOS="284" VPOS="293" WIDTH="47" HEIGHT="20" WC="0.93" CONTENT="sina"/><SP WIDTH="20" VPOS="293" HPOS="331"/>
							<String ID="string_44" HPOS="351" VPOS="293" WIDTH="148" HEIGHT="26" WC="0.92" CONTENT="undersåtliga"/><SP WIDTH="20" VPOS="293" HPOS="499"/>
							<String ID="string_45" HPOS="519" VPOS="293" WIDTH="78" HEIGHT="26" WC="0.92" CONTENT="pligter"/><SP WIDTH="18" VPOS="293" HPOS="597"/>
							<String ID="string_46" HPOS="615" VPOS="293" WIDTH="55" HEIGHT="20" WC="0.96" CONTENT="först"/><SP WIDTH="20" VPOS="293" HPOS="670"/>
							<String ID="string_47" HPOS="690" VPOS="293" WIDTH="55" HEIGHT="20" WC="0.96" CONTENT="efter"/><SP WIDTH="15" VPOS="293" HPOS="745"/>
							<String ID="string_48" HPOS="760" VPOS="293" WIDTH="38" HEIGHT="19" WC="0.96" CONTENT="det"/><SP WIDTH="15" VPOS="293" HPOS="798"/>
							<String ID="string_49" HPOS="813" VPOS="292" WIDTH="43" HEIGHT="20" WC="0.96" CONTENT="han"/>
						</TextLine>
						<TextLine ID="line_7" HPOS="37" VPOS="322" WIDTH="821" HEIGHT="24">
							<String ID="string_50" HPOS="37" VPOS="329" WIDTH="18" HEIGHT="14" WC="0.93" CONTENT="0."/><SP WIDTH="12" VPOS="329" HPOS="55"/>
							<String ID="string_51" HPOS="67" VPOS="329" WIDTH="16" HEIGHT="14" WC="0.92" CONTENT="s."/><SP WIDTH="11" VPOS="329" HPOS="83"/>
							<String ID="string_52" HPOS="94" VPOS="329" WIDTH="38" HEIGHT="17" WC="0.85" CONTENT="V.»,"/><SP WIDTH="12" VPOS="329" HPOS="132"/>
							<String ID="string_53" HPOS="144" VPOS="323" WIDTH="95" HEIGHT="20" WC="0.92" CONTENT="hvarhos"/><SP WIDTH="10" VPOS="323" HPOS="239"/>
							<String ID="string_54" HPOS="249" VPOS="329" WIDTH="66" HEIGHT="14" WC="0.96" CONTENT="mom."/><SP WIDTH="11" VPOS="329" HPOS="315"/>
							<String ID="string_55" HPOS="326" VPOS="323" WIDTH="13" HEIGHT="20" WC="0.93" CONTENT="3"/><SP WIDTH="10" VPOS="323" HPOS="339"/>
							<String ID="string_56" HPOS="349" VPOS="323" WIDTH="182" HEIGHT="20" WC="0.92" CONTENT="äterremitterats"/><SP WIDTH="10" VPOS="323" HPOS="531"/>
							<String ID="string_57" HPOS="541" VPOS="323" WIDTH="49" HEIGHT="20" WC="0.96" CONTENT="med"/><SP WIDTH="11" VPOS="323" HPOS="590"/>
							<String ID="string_58" HPOS="601" VPOS="323" WIDTH="117" HEIGHT="23" WC="0.96" CONTENT="anmodan,"/><SP WIDTH="11" VPOS="323" HPOS="718"/>
							<String ID="string_59" HPOS="729" VPOS="323" WIDTH="35" HEIGHT="19" WC="0.93" CONTENT="att"/><SP WIDTH="7" VPOS="323" HPOS="764"/>
							<String ID="string_60" HPOS="771" VPOS="322" WIDTH="87" HEIGHT="20" WC="0.91" CONTENT="utskot-"/>
						</TextLine>
						<TextLine ID="line_8" HPOS="36" VPOS="352" WIDTH="820" HEIGHT="27">
							<String ID="string_61" HPOS="36" VPOS="352" WIDTH="34" HEIGHT="21" WC="0.96" CONTENT="tet"/><SP WIDTH="16" VPOS="352" HPOS="70"/>
							<String ID="string_62" HPOS="86" VPOS="353" WIDTH="51" HEIGHT="20" WC="0.93" CONTENT="ville"/><SP WIDTH="16" VPOS="353" HPOS="137"/>
							<String ID="string_63" HPOS="153" VPOS="353" WIDTH="80" HEIGHT="26" WC="0.96" CONTENT="utbyta"/><SP WIDTH="18" VPOS="353" HPOS="233"/>
							<String ID="string_64" HPOS="251" VPOS="353" WIDTH="66" HEIGHT="20" WC="0.92" CONTENT="orden"/><SP WIDTH="18" VPOS="353" HPOS="317"/>
							<String ID="string_65" HPOS="335" VPOS="353" WIDTH="76" HEIGHT="26" WC="0.34" CONTENT="enligt"/><SP WIDTH="17" VPOS="353" HPOS="411"/>
							<String ID="string_66" HPOS="428" VPOS="353" WIDTH="106" HEIGHT="20" WC="0.91" CONTENT="särskilda"/><SP WIDTH="17" VPOS="353" HPOS="534"/>
							<String ID="string_67" HPOS="551" VPOS="353" WIDTH="145" HEIGHT="26" WC="0.96" CONTENT="stadganden»"/><SP WIDTH="16" VPOS="353" HPOS="696"/>
							<String ID="string_68" HPOS="712" VPOS="353" WIDTH="60" HEIGHT="20" WC="0.96" CONTENT="emot"/><SP WIDTH="16" VPOS="353" HPOS="772"/>
							<String ID="string_69" HPOS="788" VPOS="353" WIDTH="68" HEIGHT="19" WC="0.96" CONTENT="annat"/>
						</TextLine>
						<TextLine ID="line_9" HPOS="37" VPOS="382" WIDTH="821" HEIGHT="27">
							<String ID="string_70" HPOS="37" VPOS="383" WIDTH="127" HEIGHT="26" WC="0.91" CONTENT="lämpligare"/><SP WIDTH="17" VPOS="383" HPOS="164"/>
							<String ID="string_71" HPOS="181" VPOS="383" WIDTH="40" HEIGHT="20" WC="0.96" CONTENT="och"/><SP WIDTH="16" VPOS="383" HPOS="221"/>
							<String ID="string_72" HPOS="237" VPOS="383" WIDTH="109" HEIGHT="26" WC="0.93" CONTENT="tydligare"/><SP WIDTH="17" VPOS="383" HPOS="346"/>
							<String ID="string_73" HPOS="363" VPOS="383" WIDTH="97" HEIGHT="26" WC="0.92" CONTENT="uttryck."/><SP WIDTH="33" VPOS="383" HPOS="460"/>
							<String ID="string_74" HPOS="493" VPOS="383" WIDTH="43" HEIGHT="20" WC="0.93" CONTENT="För"/><SP WIDTH="16" VPOS="383" HPOS="536"/>
							<String ID="string_75" HPOS="552" VPOS="383" WIDTH="65" HEIGHT="26" WC="0.90" CONTENT="öfrigt"/><SP WIDTH="16" VPOS="383" HPOS="617"/>
							<String ID="string_76" HPOS="633" VPOS="383" WIDTH="57" HEIGHT="20" WC="0.96" CONTENT="hade"/><SP WIDTH="16" VPOS="383" HPOS="690"/>
							<String ID="string_77" HPOS="706" VPOS="383" WIDTH="70" HEIGHT="19" WC="0.96" CONTENT="under"/><SP WIDTH="16" VPOS="383" HPOS="776"/>
							<String ID="string_78" HPOS="792" VPOS="382" WIDTH="41" HEIGHT="20" WC="0.95" CONTENT="den"/><SP WIDTH="17" VPOS="382" HPOS="833"/>
							<String ID="string_79" HPOS="850" VPOS="382" WIDTH="8" HEIGHT="19" WC="0.95" CONTENT="i"/>
						</TextLine>
						<TextLine ID="line_10" HPOS="37" VPOS="412" WIDTH="819" HEIGHT="27">
							<String ID="string_80" HPOS="37" VPOS="413" WIDTH="180" HEIGHT="26" WC="0.92" CONTENT="borgareständet"/><SP WIDTH="18" VPOS="413" HPOS="217"/>
							<String ID="string_81" HPOS="235" VPOS="413" WIDTH="93" HEIGHT="20" WC="0.92" CONTENT="rörande"/><SP WIDTH="17" VPOS="413" HPOS="328"/>
							<String ID="string_82" HPOS="345" VPOS="413" WIDTH="145" HEIGHT="20" WC="0.91" CONTENT="förevarande"/><SP WIDTH="17" VPOS="413" HPOS="490"/>
							<String ID="string_83" HPOS="507" VPOS="413" WIDTH="102" HEIGHT="26" WC="0.92" CONTENT="paragraf"/><SP WIDTH="16" VPOS="413" HPOS="609"/>
							<String ID="string_84" HPOS="625" VPOS="413" WIDTH="63" HEIGHT="20" WC="0.92" CONTENT="förda"/><SP WIDTH="18" VPOS="413" HPOS="688"/>
							<String ID="string_85" HPOS="706" VPOS="412" WIDTH="150" HEIGHT="20" WC="0.92" CONTENT="diskussionen"/>
						</TextLine>
						<TextLine ID="line_11" HPOS="37" VPOS="441" WIDTH="820" HEIGHT="28">
							<String ID="string_86" HPOS="37" VPOS="443" WIDTH="138" HEIGHT="23" WC="0.90" CONTENT="framhällits,"/><SP WIDTH="13" VPOS="443" HPOS="175"/>
							<String ID="string_87" HPOS="188" VPOS="444" WIDTH="34" HEIGHT="19" WC="0.93" CONTENT="att"/><SP WIDTH="12" VPOS="444" HPOS="222"/>
							<String ID="string_88" HPOS="234" VPOS="443" WIDTH="151" HEIGHT="26" WC="0.92" CONTENT="stadgandena"/><SP WIDTH="12" VPOS="443" HPOS="385"/>
							<String ID="string_89" HPOS="397" VPOS="443" WIDTH="33" HEIGHT="20" WC="0.92" CONTENT="uti"/><SP WIDTH="12" VPOS="443" HPOS="430"/>
							<String ID="string_90" HPOS="442" VPOS="443" WIDTH="154" HEIGHT="26" WC="0.96" CONTENT="förordningen"/><SP WIDTH="11" VPOS="443" HPOS="596"/>
							<String ID="string_91" HPOS="607" VPOS="443" WIDTH="22" HEIGHT="20" WC="0.96" CONTENT="af"/><SP WIDTH="13" VPOS="443" HPOS="629"/>
							<String ID="string_92" HPOS="642" VPOS="443" WIDTH="41" HEIGHT="20" WC="0.96" CONTENT="den"/><SP WIDTH="13" VPOS="443" HPOS="683"/>
							<String ID="string_93" HPOS="696" VPOS="443" WIDTH="25" HEIGHT="19" WC="0.96" CONTENT="18"/><SP WIDTH="12" VPOS="443" HPOS="721"/>
							<String ID="string_94" HPOS="733" VPOS="448" WIDTH="58" HEIGHT="14" WC="0.96" CONTENT="mars"/><SP WIDTH="13" VPOS="448" HPOS="791"/>
							<String ID="string_95" HPOS="804" VPOS="441" WIDTH="53" HEIGHT="21" WC="0.96" CONTENT="1886"/>
						</TextLine>
						<TextLine ID="line_12" HPOS="38" VPOS="472" WIDTH="821" HEIGHT="27">
							<String ID="string_96" HPOS="38" VPOS="473" WIDTH="112" HEIGHT="25" WC="0.92" CONTENT="angäende"/><SP WIDTH="11" VPOS="473" HPOS="150"/>
							<String ID="string_97" HPOS="161" VPOS="473" WIDTH="120" HEIGHT="26" WC="0.92" CONTENT="eftergifter"/><SP WIDTH="11" VPOS="473" HPOS="281"/>
							<String ID="string_98" HPOS="292" VPOS="473" WIDTH="48" HEIGHT="19" WC="0.92" CONTENT="frän"/><SP WIDTH="12" VPOS="473" HPOS="340"/>
							<String ID="string_99" HPOS="352" VPOS="473" WIDTH="162" HEIGHT="26" WC="0.93" CONTENT="värnepligtens"/><SP WIDTH="11" VPOS="473" HPOS="514"/>
							<String ID="string_100" HPOS="525" VPOS="473" WIDTH="135" HEIGHT="26" WC="0.92" CONTENT="fullgörande"/><SP WIDTH="11" VPOS="473" HPOS="660"/>
							<String ID="string_101" HPOS="671" VPOS="473" WIDTH="33" HEIGHT="19" WC="0.96" CONTENT="för"/><SP WIDTH="11" VPOS="473" HPOS="704"/>
							<String ID="string_102" HPOS="715" VPOS="472" WIDTH="72" HEIGHT="20" WC="0.93" CONTENT="finska"/><SP WIDTH="11" VPOS="472" HPOS="787"/>
							<String ID="string_103" HPOS="798" VPOS="472" WIDTH="61" HEIGHT="20" WC="0.90" CONTENT="med-"/>
						</TextLine>
						<TextLine ID="line_13" HPOS="38" VPOS="502" WIDTH="820" HEIGHT="27">
							<String ID="string_104" HPOS="38" VPOS="503" WIDTH="97" HEIGHT="25" WC="0.92" CONTENT="borgare,"/><SP WIDTH="17" VPOS="503" HPOS="135"/>
							<String ID="string_105" HPOS="152" VPOS="502" WIDTH="74" HEIGHT="21" WC="0.89" CONTENT="hvilka"/><SP WIDTH="16" VPOS="502" HPOS="226"/>
							<String ID="string_106" HPOS="242" VPOS="503" WIDTH="85" HEIGHT="20" WC="0.92" CONTENT="inträdt"/><SP WIDTH="16" VPOS="503" HPOS="327"/>
							<String ID="string_107" HPOS="343" VPOS="503" WIDTH="7" HEIGHT="19" WC="0.93" CONTENT="i"/><SP WIDTH="16" VPOS="503" HPOS="350"/>
							<String ID="string_108" HPOS="366" VPOS="503" WIDTH="52" HEIGHT="26" WC="0.92" CONTENT="rysk"/><SP WIDTH="16" VPOS="503" HPOS="418"/>
							<String ID="string_109" HPOS="434" VPOS="503" WIDTH="77" HEIGHT="26" WC="0.96" CONTENT="tjänst,"/><SP WIDTH="17" VPOS="503" HPOS="511"/>
							<String ID="string_110" HPOS="528" VPOS="503" WIDTH="67" HEIGHT="20" WC="0.96" CONTENT="borde"/><SP WIDTH="17" VPOS="503" HPOS="595"/>
							<String ID="string_111" HPOS="612" VPOS="503" WIDTH="27" HEIGHT="26" WC="0.96" CONTENT="pä"/><SP WIDTH="17" VPOS="503" HPOS="639"/>
							<String ID="string_112" HPOS="656" VPOS="502" WIDTH="100" HEIGHT="27" WC="0.93" CONTENT="lämpligt"/><SP WIDTH="17" VPOS="502" HPOS="756"/>
							<String ID="string_113" HPOS="773" VPOS="502" WIDTH="62" HEIGHT="20" WC="0.93" CONTENT="ställe"/><SP WIDTH="15" VPOS="502" HPOS="835"/>
							<String ID="string_114" HPOS="850" VPOS="502" WIDTH="8" HEIGHT="19" WC="0.96" CONTENT="i"/>
						</TextLine>
						<TextLine ID="line_14" HPOS="38" VPOS="532" WIDTH="269" HEIGHT="27">
							<String ID="string_115" HPOS="38" VPOS="532" WIDTH="153" HEIGHT="27" WC="0.96" CONTENT="förordningen"/><SP WIDTH="17" VPOS="532" HPOS="191"/>
							<String ID="string_116" HPOS="208" VPOS="533" WIDTH="99" HEIGHT="20" WC="0.93" CONTENT="beaktas."/>
						</TextLine>
					</TextBlock>
					<TextBlock ID="block_3" HPOS="39" VPOS="562" WIDTH="820" HEIGHT="56">
						<TextLine ID="line_15" HPOS="80" VPOS="562" WIDTH="779" HEIGHT="27">
							<String ID="string_117" HPOS="80" VPOS="562" WIDTH="167" HEIGHT="21" WC="0.91" CONTENT="Bondeständet"/><SP WIDTH="11" VPOS="562" HPOS="247"/>
							<String ID="string_118" HPOS="258" VPOS="563" WIDTH="40" HEIGHT="20" WC="0.96" CONTENT="har"/><SP WIDTH="11" VPOS="563" HPOS="298"/>
							<String ID="string_119" HPOS="309" VPOS="562" WIDTH="139" HEIGHT="21" WC="0.93" CONTENT="beträffande"/><SP WIDTH="12" VPOS="562" HPOS="448"/>
							<String ID="string_120" HPOS="460" VPOS="563" WIDTH="143" HEIGHT="20" WC="0.92" CONTENT="förevarande"/><SP WIDTH="12" VPOS="563" HPOS="603"/>
							<String ID="string_121" HPOS="615" VPOS="562" WIDTH="101" HEIGHT="27" WC="0.92" CONTENT="paragraf"/><SP WIDTH="11" VPOS="562" HPOS="716"/>
							<String ID="string_122" HPOS="727" VPOS="562" WIDTH="69" HEIGHT="20" WC="0.93" CONTENT="fattat"/><SP WIDTH="12" VPOS="562" HPOS="796"/>
							<String ID="string_123" HPOS="808" VPOS="567" WIDTH="51" HEIGHT="14" WC="0.92" CONTENT="ena-"/>
						</TextLine>
						<TextLine ID="line_16" HPOS="39" VPOS="592" WIDTH="396" HEIGHT="26">
							<String ID="string_124" HPOS="39" VPOS="592" WIDTH="72" HEIGHT="20" WC="0.92" CONTENT="handa"/><SP WIDTH="12" VPOS="592" HPOS="111"/>
							<String ID="string_125" HPOS="123" VPOS="593" WIDTH="72" HEIGHT="19" WC="0.96" CONTENT="beslut"/><SP WIDTH="12" VPOS="593" HPOS="195"/>
							<String ID="string_126" HPOS="207" VPOS="599" WIDTH="46" HEIGHT="13" WC="0.93" CONTENT="som"/><SP WIDTH="12" VPOS="599" HPOS="253"/>
							<String ID="string_127" HPOS="265" VPOS="593" WIDTH="170" HEIGHT="25" WC="0.88" CONTENT="prästeständet."/>
						</TextLine>
					</TextBlock>
					<TextBlock ID="block_4" HPOS="39" VPOS="622" WIDTH="819" HEIGHT="56">
						<TextLine ID="line_17" HPOS="81" VPOS="622" WIDTH="777" HEIGHT="27">
							<String ID="string_128" HPOS="81" VPOS="622" WIDTH="116" HEIGHT="20" WC="0.92" CONTENT="Utskottet"/><SP WIDTH="19" VPOS="622" HPOS="197"/>
							<String ID="string_129" HPOS="216" VPOS="623" WIDTH="96" HEIGHT="23" WC="0.92" CONTENT="föreslär,"/><SP WIDTH="22" VPOS="623" HPOS="312"/>
							<String ID="string_130" HPOS="334" VPOS="624" WIDTH="34" HEIGHT="19" WC="0.93" CONTENT="att"/><SP WIDTH="20" VPOS="624" HPOS="368"/>
							<String ID="string_131" HPOS="388" VPOS="623" WIDTH="167" HEIGHT="26" WC="0.92" CONTENT="ifrägavarande"/><SP WIDTH="20" VPOS="623" HPOS="555"/>
							<String ID="string_132" HPOS="575" VPOS="622" WIDTH="101" HEIGHT="27" WC="0.93" CONTENT="paragraf"/><SP WIDTH="18" VPOS="622" HPOS="676"/>
							<String ID="string_133" HPOS="694" VPOS="623" WIDTH="71" HEIGHT="19" WC="0.92" CONTENT="mätte"/><SP WIDTH="13" VPOS="623" HPOS="765"/>
							<String ID="string_134" HPOS="778" VPOS="622" WIDTH="80" HEIGHT="20" WC="0.93" CONTENT="erhälla"/>
						</TextLine>
						<TextLine ID="line_18" HPOS="39" VPOS="652" WIDTH="196" HEIGHT="26">
							<String ID="string_135" HPOS="39" VPOS="652" WIDTH="97" HEIGHT="26" WC="0.93" CONTENT="följande"/><SP WIDTH="12" VPOS="652" HPOS="136"/>
							<String ID="string_136" HPOS="148" VPOS="653" WIDTH="87" HEIGHT="25" WC="0.92" CONTENT="lydelse:"/>
						</TextLine>
					</TextBlock>
				</ComposedBlock>
				<ComposedBlock ID="cblock_3" HPOS="207" VPOS="718" WIDTH="249" HEIGHT="21">
					<TextBlock ID="block_5" HPOS="207" VPOS="718" WIDTH="249" HEIGHT="21">
						<TextLine ID="line_19" HPOS="207" VPOS="718" WIDTH="249" HEIGHT="21">
							<String ID="string_137" HPOS="207" VPOS="718" WIDTH="65" HEIGHT="20" WC="0.94" CONTENT="Mom."/><SP WIDTH="13" VPOS="718" HPOS="272"/>
							<String ID="string_138" HPOS="285" VPOS="719" WIDTH="9" HEIGHT="19" WC="0.92" CONTENT="1"/><SP WIDTH="12" VPOS="719" HPOS="294"/>
							<String ID="string_139" HPOS="306" VPOS="719" WIDTH="150" HEIGHT="20" WC="0.90" CONTENT="oförändradt."/>
						</TextLine>
					</TextBlock>
				</ComposedBlock>
				<ComposedBlock ID="cblock_4" HPOS="166" VPOS="777" WIDTH="697" HEIGHT="359">
					<TextBlock ID="block_6" HPOS="166" VPOS="777" WIDTH="697" HEIGHT="148">
						<TextLine ID="line_20" HPOS="207" VPOS="777" WIDTH="654" HEIGHT="28">
							<String ID="string_140" HPOS="207" VPOS="778" WIDTH="67" HEIGHT="20" WC="0.90" CONTENT="Finsk"/><SP WIDTH="24" VPOS="778" HPOS="274"/>
							<String ID="string_141" HPOS="298" VPOS="779" WIDTH="148" HEIGHT="25" WC="0.95" CONTENT="medborgare,"/><SP WIDTH="22" VPOS="779" HPOS="446"/>
							<String ID="string_142" HPOS="468" VPOS="785" WIDTH="46" HEIGHT="14" WC="0.93" CONTENT="som"/><SP WIDTH="20" VPOS="785" HPOS="514"/>
							<String ID="string_143" HPOS="534" VPOS="779" WIDTH="50" HEIGHT="26" WC="0.92" CONTENT="fyllt"/><SP WIDTH="19" VPOS="779" HPOS="584"/>
							<String ID="string_144" HPOS="603" VPOS="779" WIDTH="84" HEIGHT="20" WC="0.92" CONTENT="femton"/><SP WIDTH="21" VPOS="779" HPOS="687"/>
							<String ID="string_145" HPOS="708" VPOS="778" WIDTH="30" HEIGHT="23" WC="0.96" CONTENT="är,"/><SP WIDTH="21" VPOS="778" HPOS="738"/>
							<String ID="string_146" HPOS="759" VPOS="778" WIDTH="44" HEIGHT="19" WC="0.93" CONTENT="kan"/><SP WIDTH="20" VPOS="778" HPOS="803"/>
							<String ID="string_147" HPOS="823" VPOS="777" WIDTH="38" HEIGHT="20" WC="0.93" CONTENT="fri-"/>
						</TextLine>
						<TextLine ID="line_21" HPOS="166" VPOS="807" WIDTH="692" HEIGHT="28">
							<String ID="string_148" HPOS="166" VPOS="808" WIDTH="69" HEIGHT="20" WC="0.91" CONTENT="kallas"/><SP WIDTH="13" VPOS="808" HPOS="235"/>
							<String ID="string_149" HPOS="248" VPOS="808" WIDTH="49" HEIGHT="20" WC="0.93" CONTENT="frän"/><SP WIDTH="15" VPOS="808" HPOS="297"/>
							<String ID="string_150" HPOS="312" VPOS="808" WIDTH="47" HEIGHT="20" WC="0.93" CONTENT="sina"/><SP WIDTH="14" VPOS="808" HPOS="359"/>
							<String ID="string_151" HPOS="373" VPOS="809" WIDTH="148" HEIGHT="26" WC="0.91" CONTENT="undersätliga"/><SP WIDTH="15" VPOS="809" HPOS="521"/>
							<String ID="string_152" HPOS="536" VPOS="809" WIDTH="78" HEIGHT="26" WC="0.93" CONTENT="pligter"/><SP WIDTH="13" VPOS="809" HPOS="614"/>
							<String ID="string_153" HPOS="627" VPOS="809" WIDTH="56" HEIGHT="19" WC="0.96" CONTENT="först"/><SP WIDTH="13" VPOS="809" HPOS="683"/>
							<String ID="string_154" HPOS="696" VPOS="808" WIDTH="56" HEIGHT="20" WC="0.96" CONTENT="efter"/><SP WIDTH="15" VPOS="808" HPOS="752"/>
							<String ID="string_155" HPOS="767" VPOS="808" WIDTH="37" HEIGHT="19" WC="0.96" CONTENT="det"/><SP WIDTH="11" VPOS="808" HPOS="804"/>
							<String ID="string_156" HPOS="815" VPOS="807" WIDTH="43" HEIGHT="20" WC="0.96" CONTENT="han"/>
						</TextLine>
						<TextLine ID="line_22" HPOS="166" VPOS="837" WIDTH="694" HEIGHT="28">
							<String ID="string_157" HPOS="166" VPOS="838" WIDTH="99" HEIGHT="26" WC="0.91" CONTENT="fullgjort"/><SP WIDTH="16" VPOS="838" HPOS="265"/>
							<String ID="string_158" HPOS="281" VPOS="838" WIDTH="32" HEIGHT="20" WC="0.93" CONTENT="sin"/><SP WIDTH="17" VPOS="838" HPOS="313"/>
							<String ID="string_159" HPOS="330" VPOS="838" WIDTH="124" HEIGHT="27" WC="0.92" CONTENT="värnepligt"/><SP WIDTH="17" VPOS="838" HPOS="454"/>
							<String ID="string_160" HPOS="471" VPOS="839" WIDTH="37" HEIGHT="19" WC="0.96" CONTENT="vid"/><SP WIDTH="18" VPOS="839" HPOS="508"/>
							<String ID="string_161" HPOS="526" VPOS="839" WIDTH="26" HEIGHT="19" WC="0.93" CONTENT="de"/><SP WIDTH="16" VPOS="839" HPOS="552"/>
							<String ID="string_162" HPOS="568" VPOS="839" WIDTH="90" HEIGHT="19" WC="0.91" CONTENT="stäende"/><SP WIDTH="16" VPOS="839" HPOS="658"/>
							<String ID="string_163" HPOS="674" VPOS="839" WIDTH="121" HEIGHT="25" WC="0.92" CONTENT="trupperna"/><SP WIDTH="14" VPOS="839" HPOS="795"/>
							<String ID="string_164" HPOS="809" VPOS="837" WIDTH="51" HEIGHT="20" WC="0.97" CONTENT="eller"/>
						</TextLine>
						<TextLine ID="line_23" HPOS="166" VPOS="867" WIDTH="697" HEIGHT="27">
							<String ID="string_165" HPOS="166" VPOS="868" WIDTH="83" HEIGHT="26" WC="0.91" CONTENT="uttagit"/><SP WIDTH="13" VPOS="868" HPOS="249"/>
							<String ID="string_166" HPOS="262" VPOS="868" WIDTH="49" HEIGHT="23" WC="0.91" CONTENT="lott,"/><SP WIDTH="16" VPOS="868" HPOS="311"/>
							<String ID="string_167" HPOS="327" VPOS="874" WIDTH="46" HEIGHT="14" WC="0.93" CONTENT="som"/><SP WIDTH="14" VPOS="874" HPOS="373"/>
							<String ID="string_168" HPOS="387" VPOS="868" WIDTH="80" HEIGHT="21" WC="0.92" CONTENT="befriar"/><SP WIDTH="13" VPOS="868" HPOS="467"/>
							<String ID="string_169" HPOS="480" VPOS="869" WIDTH="82" HEIGHT="19" WC="0.93" CONTENT="honom"/><SP WIDTH="13" VPOS="869" HPOS="562"/>
							<String ID="string_170" HPOS="575" VPOS="869" WIDTH="48" HEIGHT="19" WC="0.92" CONTENT="frän"/><SP WIDTH="14" VPOS="869" HPOS="623"/>
							<String ID="string_171" HPOS="637" VPOS="869" WIDTH="68" HEIGHT="19" WC="0.91" CONTENT="sädan"/><SP WIDTH="14" VPOS="869" HPOS="705"/>
							<String ID="string_172" HPOS="719" VPOS="868" WIDTH="77" HEIGHT="26" WC="0.95" CONTENT="tjänst,"/><SP WIDTH="14" VPOS="868" HPOS="796"/>
							<String ID="string_173" HPOS="810" VPOS="867" WIDTH="53" HEIGHT="20" WC="0.96" CONTENT="eller"/>
						</TextLine>
						<TextLine ID="line_24" HPOS="167" VPOS="898" WIDTH="461" HEIGHT="27">
							<String ID="string_174" HPOS="167" VPOS="898" WIDTH="40" HEIGHT="19" WC="0.92" CONTENT="ock"/><SP WIDTH="12" VPOS="898" HPOS="207"/>
							<String ID="string_175" HPOS="219" VPOS="898" WIDTH="117" HEIGHT="20" WC="0.92" CONTENT="förklarats"/><SP WIDTH="13" VPOS="898" HPOS="336"/>
							<String ID="string_176" HPOS="349" VPOS="898" WIDTH="87" HEIGHT="26" WC="0.92" CONTENT="oduglig"/><SP WIDTH="12" VPOS="898" HPOS="436"/>
							<String ID="string_177" HPOS="448" VPOS="899" WIDTH="34" HEIGHT="19" WC="0.93" CONTENT="till"/><SP WIDTH="12" VPOS="899" HPOS="482"/>
							<String ID="string_178" HPOS="494" VPOS="899" WIDTH="134" HEIGHT="26" WC="0.92" CONTENT="krigstjänst."/>
						</TextLine>
					</TextBlock>
					<TextBlock ID="block_7" HPOS="167" VPOS="927" WIDTH="694" HEIGHT="147">
						<TextLine ID="line_25" HPOS="208" VPOS="927" WIDTH="653" HEIGHT="27">
							<String ID="string_179" HPOS="208" VPOS="928" WIDTH="67" HEIGHT="20" WC="0.96" CONTENT="Finsk"/><SP WIDTH="16" VPOS="928" HPOS="275"/>
							<String ID="string_180" HPOS="291" VPOS="928" WIDTH="148" HEIGHT="26" WC="0.95" CONTENT="medborgare,"/><SP WIDTH="18" VPOS="928" HPOS="439"/>
							<String ID="string_181" HPOS="457" VPOS="935" WIDTH="47" HEIGHT="13" WC="0.93" CONTENT="som"/><SP WIDTH="15" VPOS="935" HPOS="504"/>
							<String ID="string_182" HPOS="519" VPOS="929" WIDTH="68" HEIGHT="20" WC="0.92" CONTENT="vistas"/><SP WIDTH="16" VPOS="929" HPOS="587"/>
							<String ID="string_183" HPOS="603" VPOS="929" WIDTH="7" HEIGHT="19" WC="0.93" CONTENT="i"/><SP WIDTH="15" VPOS="929" HPOS="610"/>
							<String ID="string_184" HPOS="625" VPOS="928" WIDTH="167" HEIGHT="26" WC="0.92" CONTENT="kejsaredömet,"/><SP WIDTH="19" VPOS="928" HPOS="792"/>
							<String ID="string_185" HPOS="811" VPOS="927" WIDTH="50" HEIGHT="20" WC="0.93" CONTENT="full-"/>
						</TextLine>
						<TextLine ID="line_26" HPOS="167" VPOS="957" WIDTH="693" HEIGHT="28">
							<String ID="string_186" HPOS="167" VPOS="959" WIDTH="37" HEIGHT="24" WC="0.96" CONTENT="gör"/><SP WIDTH="15" VPOS="959" HPOS="204"/>
							<String ID="string_187" HPOS="219" VPOS="958" WIDTH="32" HEIGHT="20" WC="0.93" CONTENT="sin"/><SP WIDTH="15" VPOS="958" HPOS="251"/>
							<String ID="string_188" HPOS="266" VPOS="958" WIDTH="125" HEIGHT="27" WC="0.91" CONTENT="värnepligt"/><SP WIDTH="15" VPOS="958" HPOS="391"/>
							<String ID="string_189" HPOS="406" VPOS="958" WIDTH="67" HEIGHT="27" WC="0.96" CONTENT="enligt"/><SP WIDTH="15" VPOS="958" HPOS="473"/>
							<String ID="string_190" HPOS="488" VPOS="959" WIDTH="58" HEIGHT="19" WC="0.96" CONTENT="finsk"/><SP WIDTH="14" VPOS="959" HPOS="546"/>
							<String ID="string_191" HPOS="560" VPOS="959" WIDTH="41" HEIGHT="26" WC="0.93" CONTENT="lag."/><SP WIDTH="28" VPOS="959" HPOS="601"/>
							<String ID="string_192" HPOS="629" VPOS="958" WIDTH="119" HEIGHT="26" WC="0.91" CONTENT="Angäende"/><SP WIDTH="15" VPOS="958" HPOS="748"/>
							<String ID="string_193" HPOS="763" VPOS="957" WIDTH="97" HEIGHT="26" WC="0.91" CONTENT="eftergift"/>
						</TextLine>
						<TextLine ID="line_27" HPOS="167" VPOS="987" WIDTH="694" HEIGHT="29">
							<String ID="string_194" HPOS="167" VPOS="988" WIDTH="40" HEIGHT="19" WC="0.93" CONTENT="och"/><SP WIDTH="13" VPOS="988" HPOS="207"/>
							<String ID="string_195" HPOS="220" VPOS="988" WIDTH="112" HEIGHT="20" WC="0.92" CONTENT="lättnader"/><SP WIDTH="12" VPOS="988" HPOS="332"/>
							<String ID="string_196" HPOS="344" VPOS="988" WIDTH="7" HEIGHT="20" WC="0.93" CONTENT="i"/><SP WIDTH="12" VPOS="988" HPOS="351"/>
							<String ID="string_197" HPOS="363" VPOS="989" WIDTH="163" HEIGHT="27" WC="0.93" CONTENT="värnepligtens"/><SP WIDTH="13" VPOS="989" HPOS="526"/>
							<String ID="string_198" HPOS="539" VPOS="988" WIDTH="135" HEIGHT="27" WC="0.93" CONTENT="fullgörande"/><SP WIDTH="12" VPOS="988" HPOS="674"/>
							<String ID="string_199" HPOS="686" VPOS="988" WIDTH="34" HEIGHT="20" WC="0.96" CONTENT="för"/><SP WIDTH="13" VPOS="988" HPOS="720"/>
							<String ID="string_200" HPOS="733" VPOS="987" WIDTH="58" HEIGHT="20" WC="0.93" CONTENT="finsk"/><SP WIDTH="10" VPOS="987" HPOS="791"/>
							<String ID="string_201" HPOS="801" VPOS="987" WIDTH="60" HEIGHT="20" WC="0.92" CONTENT="med-"/>
						</TextLine>
						<TextLine ID="line_28" HPOS="167" VPOS="1018" WIDTH="694" HEIGHT="27">
							<String ID="string_202" HPOS="167" VPOS="1018" WIDTH="96" HEIGHT="26" WC="0.90" CONTENT="borgare,"/><SP WIDTH="16" VPOS="1018" HPOS="263"/>
							<String ID="string_203" HPOS="279" VPOS="1024" WIDTH="46" HEIGHT="14" WC="0.91" CONTENT="som"/><SP WIDTH="14" VPOS="1024" HPOS="325"/>
							<String ID="string_204" HPOS="339" VPOS="1018" WIDTH="85" HEIGHT="20" WC="0.91" CONTENT="inträdt"/><SP WIDTH="12" VPOS="1018" HPOS="424"/>
							<String ID="string_205" HPOS="436" VPOS="1019" WIDTH="8" HEIGHT="19" WC="0.93" CONTENT="i"/><SP WIDTH="13" VPOS="1019" HPOS="444"/>
							<String ID="string_206" HPOS="457" VPOS="1019" WIDTH="53" HEIGHT="26" WC="0.92" CONTENT="rysk"/><SP WIDTH="12" VPOS="1019" HPOS="510"/>
							<String ID="string_207" HPOS="522" VPOS="1019" WIDTH="129" HEIGHT="26" WC="0.91" CONTENT="krigstjänst"/><SP WIDTH="13" VPOS="1019" HPOS="651"/>
							<String ID="string_208" HPOS="664" VPOS="1018" WIDTH="51" HEIGHT="20" WC="0.93" CONTENT="eller"/><SP WIDTH="13" VPOS="1018" HPOS="715"/>
							<String ID="string_209" HPOS="728" VPOS="1018" WIDTH="52" HEIGHT="25" WC="0.92" CONTENT="eljes"/><SP WIDTH="13" VPOS="1018" HPOS="780"/>
							<String ID="string_210" HPOS="793" VPOS="1023" WIDTH="68" HEIGHT="20" WC="0.93" CONTENT="uppe-"/>
						</TextLine>
						<TextLine ID="line_29" HPOS="168" VPOS="1047" WIDTH="636" HEIGHT="27">
							<String ID="string_211" HPOS="168" VPOS="1048" WIDTH="66" HEIGHT="19" WC="0.93" CONTENT="häller"/><SP WIDTH="13" VPOS="1048" HPOS="234"/>
							<String ID="string_212" HPOS="247" VPOS="1048" WIDTH="31" HEIGHT="26" WC="0.96" CONTENT="sig"/><SP WIDTH="12" VPOS="1048" HPOS="278"/>
							<String ID="string_213" HPOS="290" VPOS="1048" WIDTH="59" HEIGHT="20" WC="0.93" CONTENT="inom"/><SP WIDTH="12" VPOS="1048" HPOS="349"/>
							<String ID="string_214" HPOS="361" VPOS="1049" WIDTH="167" HEIGHT="25" WC="0.92" CONTENT="kejsaredömet,"/><SP WIDTH="14" VPOS="1049" HPOS="528"/>
							<String ID="string_215" HPOS="542" VPOS="1050" WIDTH="24" HEIGHT="19" WC="0.93" CONTENT="är"/><SP WIDTH="12" VPOS="1050" HPOS="566"/>
							<String ID="string_216" HPOS="578" VPOS="1048" WIDTH="102" HEIGHT="21" WC="0.92" CONTENT="särskildt"/><SP WIDTH="12" VPOS="1048" HPOS="680"/>
							<String ID="string_217" HPOS="692" VPOS="1047" WIDTH="112" HEIGHT="26" WC="0.92" CONTENT="stadgadt."/>
						</TextLine>
					</TextBlock>
					<TextBlock ID="block_8" HPOS="168" VPOS="1077" WIDTH="693" HEIGHT="59">
						<TextLine ID="line_30" HPOS="209" VPOS="1077" WIDTH="652" HEIGHT="27">
							<String ID="string_218" HPOS="209" VPOS="1078" WIDTH="65" HEIGHT="20" WC="0.96" CONTENT="Mom."/><SP WIDTH="15" VPOS="1078" HPOS="274"/>
							<String ID="string_219" HPOS="289" VPOS="1079" WIDTH="13" HEIGHT="18" WC="0.96" CONTENT="4"/><SP WIDTH="12" VPOS="1079" HPOS="302"/>
							<String ID="string_220" HPOS="314" VPOS="1079" WIDTH="124" HEIGHT="19" WC="0.93" CONTENT="motsvarar"/><SP WIDTH="10" VPOS="1079" HPOS="438"/>
							<String ID="string_221" HPOS="448" VPOS="1079" WIDTH="10" HEIGHT="25" WC="0.92" CONTENT="$"/><SP WIDTH="12" VPOS="1079" HPOS="458"/>
							<String ID="string_222" HPOS="470" VPOS="1079" WIDTH="12" HEIGHT="19" WC="0.96" CONTENT="7"/><SP WIDTH="12" VPOS="1079" HPOS="482"/>
							<String ID="string_223" HPOS="494" VPOS="1079" WIDTH="7" HEIGHT="19" WC="0.96" CONTENT="i"/><SP WIDTH="12" VPOS="1079" HPOS="501"/>
							<String ID="string_224" HPOS="513" VPOS="1079" WIDTH="99" HEIGHT="25" WC="0.93" CONTENT="gällande"/><SP WIDTH="10" VPOS="1079" HPOS="612"/>
							<String ID="string_225" HPOS="622" VPOS="1078" WIDTH="26" HEIGHT="20" WC="0.92" CONTENT="V."/><SP WIDTH="13" VPOS="1078" HPOS="648"/>
							<String ID="string_226" HPOS="661" VPOS="1078" WIDTH="31" HEIGHT="23" WC="0.91" CONTENT="L.,"/><SP WIDTH="14" VPOS="1078" HPOS="692"/>
							<String ID="string_227" HPOS="706" VPOS="1078" WIDTH="71" HEIGHT="20" WC="0.91" CONTENT="säsom"/><SP WIDTH="13" VPOS="1078" HPOS="777"/>
							<String ID="string_228" HPOS="790" VPOS="1077" WIDTH="71" HEIGHT="20" WC="0.96" CONTENT="denna"/>
						</TextLine>
						<TextLine ID="line_31" HPOS="168" VPOS="1108" WIDTH="429" HEIGHT="28">
							<String ID="string_229" HPOS="168" VPOS="1108" WIDTH="101" HEIGHT="26" WC="0.96" CONTENT="paragraf"/><SP WIDTH="9" VPOS="1108" HPOS="269"/>
							<String ID="string_230" HPOS="278" VPOS="1108" WIDTH="61" HEIGHT="26" WC="0.95" CONTENT="lyder"/><SP WIDTH="9" VPOS="1108" HPOS="339"/>
							<String ID="string_231" HPOS="348" VPOS="1108" WIDTH="7" HEIGHT="19" WC="0.92" CONTENT="i"/><SP WIDTH="9" VPOS="1108" HPOS="355"/>
							<String ID="string_232" HPOS="364" VPOS="1109" WIDTH="21" HEIGHT="19" WC="0.92" CONTENT="k."/><SP WIDTH="10" VPOS="1109" HPOS="385"/>
							<String ID="string_233" HPOS="395" VPOS="1108" WIDTH="31" HEIGHT="20" WC="0.96" CONTENT="f:n"/><SP WIDTH="10" VPOS="1108" HPOS="426"/>
							<String ID="string_234" HPOS="436" VPOS="1109" WIDTH="42" HEIGHT="19" WC="0.93" CONTENT="den"/><SP WIDTH="10" VPOS="1109" HPOS="478"/>
							<String ID="string_235" HPOS="488" VPOS="1108" WIDTH="40" HEIGHT="28" WC="0.63" CONTENT="25/;"/><SP WIDTH="11" VPOS="1108" HPOS="528"/>
							<String ID="string_236" HPOS="539" VPOS="1108" WIDTH="58" HEIGHT="20" WC="0.96" CONTENT="1886."/>
						</TextLine>
					</TextBlock>
				</ComposedBlock>
				<ComposedBlock ID="cblock_5" HPOS="43" VPOS="1181" WIDTH="823" HEIGHT="300">
					<TextBlock ID="block_9" HPOS="43" VPOS="1181" WIDTH="823" HEIGHT="300">
						<TextLine ID="line_32" HPOS="430" VPOS="1181" WIDTH="44" HEIGHT="25">
							<String ID="string_237" HPOS="430" VPOS="1182" WIDTH="9" HEIGHT="24" WC="0.92" CONTENT="$"/><SP WIDTH="16" VPOS="1182" HPOS="439"/>
							<String ID="string_238" HPOS="455" VPOS="1181" WIDTH="19" HEIGHT="19" WC="0.75" CONTENT="9."/>
						</TextLine>
						<TextLine ID="line_33" HPOS="85" VPOS="1216" WIDTH="674" HEIGHT="26">
							<String ID="string_239" HPOS="85" VPOS="1216" WIDTH="161" HEIGHT="26" WC="0.92" CONTENT="Ridderskapet"/><SP WIDTH="11" VPOS="1216" HPOS="246"/>
							<String ID="string_240" HPOS="257" VPOS="1216" WIDTH="40" HEIGHT="20" WC="0.93" CONTENT="och"/><SP WIDTH="11" VPOS="1216" HPOS="297"/>
							<String ID="string_241" HPOS="308" VPOS="1217" WIDTH="64" HEIGHT="19" WC="0.92" CONTENT="adeln"/><SP WIDTH="10" VPOS="1217" HPOS="372"/>
							<String ID="string_242" HPOS="382" VPOS="1217" WIDTH="40" HEIGHT="19" WC="0.93" CONTENT="har"/><SP WIDTH="10" VPOS="1217" HPOS="422"/>
							<String ID="string_243" HPOS="432" VPOS="1217" WIDTH="99" HEIGHT="25" WC="0.92" CONTENT="godkänt"/><SP WIDTH="11" VPOS="1217" HPOS="531"/>
							<String ID="string_244" HPOS="542" VPOS="1216" WIDTH="120" HEIGHT="20" WC="0.92" CONTENT="utskottets"/><SP WIDTH="10" VPOS="1216" HPOS="662"/>
							<String ID="string_245" HPOS="672" VPOS="1216" WIDTH="87" HEIGHT="26" WC="0.96" CONTENT="förslag."/>
						</TextLine>
						<TextLine ID="line_34" HPOS="85" VPOS="1245" WIDTH="780" HEIGHT="25">
							<String ID="string_246" HPOS="85" VPOS="1246" WIDTH="166" HEIGHT="20" WC="0.92" CONTENT="Prästeständet"/><SP WIDTH="11" VPOS="1246" HPOS="251"/>
							<String ID="string_247" HPOS="262" VPOS="1246" WIDTH="39" HEIGHT="20" WC="0.93" CONTENT="har"/><SP WIDTH="11" VPOS="1246" HPOS="301"/>
							<String ID="string_248" HPOS="312" VPOS="1246" WIDTH="97" HEIGHT="23" WC="0.91" CONTENT="beslutit,"/><SP WIDTH="13" VPOS="1246" HPOS="409"/>
							<String ID="string_249" HPOS="422" VPOS="1248" WIDTH="34" HEIGHT="18" WC="0.96" CONTENT="att"/><SP WIDTH="15" VPOS="1248" HPOS="456"/>
							<String ID="string_250" HPOS="471" VPOS="1246" WIDTH="3" HEIGHT="20" WC="0.96" CONTENT="i"/><SP WIDTH="11" VPOS="1246" HPOS="474"/>
							<String ID="string_251" HPOS="485" VPOS="1252" WIDTH="66" HEIGHT="14" WC="0.96" CONTENT="mom."/><SP WIDTH="13" VPOS="1252" HPOS="551"/>
							<String ID="string_252" HPOS="564" VPOS="1247" WIDTH="9" HEIGHT="19" WC="0.93" CONTENT="1"/><SP WIDTH="14" VPOS="1247" HPOS="573"/>
							<String ID="string_253" HPOS="587" VPOS="1246" WIDTH="61" HEIGHT="20" WC="0.93" CONTENT="ordet"/><SP WIDTH="11" VPOS="1246" HPOS="648"/>
							<String ID="string_254" HPOS="659" VPOS="1246" WIDTH="50" HEIGHT="20" WC="0.89" CONTENT="»tio»"/><SP WIDTH="11" VPOS="1246" HPOS="709"/>
							<String ID="string_255" HPOS="720" VPOS="1246" WIDTH="67" HEIGHT="19" WC="0.93" CONTENT="borde"/><SP WIDTH="9" VPOS="1246" HPOS="787"/>
							<String ID="string_256" HPOS="796" VPOS="1245" WIDTH="69" HEIGHT="25" WC="0.91" CONTENT="utby-"/>
						</TextLine>
						<TextLine ID="line_35" HPOS="43" VPOS="1276" WIDTH="537" HEIGHT="26">
							<String ID="string_257" HPOS="43" VPOS="1277" WIDTH="34" HEIGHT="18" WC="0.96" CONTENT="tas"/><SP WIDTH="12" VPOS="1277" HPOS="77"/>
							<String ID="string_258" HPOS="89" VPOS="1277" WIDTH="59" HEIGHT="18" WC="0.93" CONTENT="emot"/><SP WIDTH="11" VPOS="1277" HPOS="148"/>
							<String ID="string_259" HPOS="159" VPOS="1276" WIDTH="76" HEIGHT="20" WC="0.92" CONTENT="»elfva»"/><SP WIDTH="12" VPOS="1276" HPOS="235"/>
							<String ID="string_260" HPOS="247" VPOS="1276" WIDTH="40" HEIGHT="20" WC="0.93" CONTENT="och"/><SP WIDTH="12" VPOS="1276" HPOS="287"/>
							<String ID="string_261" HPOS="299" VPOS="1276" WIDTH="62" HEIGHT="20" WC="0.93" CONTENT="ordet"/><SP WIDTH="11" VPOS="1276" HPOS="361"/>
							<String ID="string_262" HPOS="372" VPOS="1276" WIDTH="53" HEIGHT="26" WC="0.88" CONTENT="»sju»"/><SP WIDTH="11" VPOS="1276" HPOS="425"/>
							<String ID="string_263" HPOS="436" VPOS="1276" WIDTH="144" HEIGHT="20" WC="0.82" CONTENT="emot-vätta»."/>
						</TextLine>
						<TextLine ID="line_36" HPOS="85" VPOS="1305" WIDTH="777" HEIGHT="27">
							<String ID="string_264" HPOS="85" VPOS="1306" WIDTH="104" HEIGHT="25" WC="0.89" CONTENT="Borgare-"/><SP WIDTH="16" VPOS="1306" HPOS="189"/>
							<String ID="string_265" HPOS="205" VPOS="1306" WIDTH="40" HEIGHT="19" WC="0.93" CONTENT="och"/><SP WIDTH="15" VPOS="1306" HPOS="245"/>
							<String ID="string_266" HPOS="260" VPOS="1306" WIDTH="167" HEIGHT="20" WC="0.91" CONTENT="bondeständen"/><SP WIDTH="15" VPOS="1306" HPOS="427"/>
							<String ID="string_267" HPOS="442" VPOS="1306" WIDTH="68" HEIGHT="20" WC="0.91" CONTENT="hafva"/><SP WIDTH="16" VPOS="1306" HPOS="510"/>
							<String ID="string_268" HPOS="526" VPOS="1306" WIDTH="97" HEIGHT="26" WC="0.92" CONTENT="godkänt"/><SP WIDTH="15" VPOS="1306" HPOS="623"/>
							<String ID="string_269" HPOS="638" VPOS="1306" WIDTH="122" HEIGHT="20" WC="0.92" CONTENT="utskottets"/><SP WIDTH="15" VPOS="1306" HPOS="760"/>
							<String ID="string_270" HPOS="775" VPOS="1305" WIDTH="87" HEIGHT="25" WC="0.96" CONTENT="förslag."/>
						</TextLine>
						<TextLine ID="line_37" HPOS="86" VPOS="1335" WIDTH="221" HEIGHT="21">
							<String ID="string_271" HPOS="86" VPOS="1335" WIDTH="116" HEIGHT="20" WC="0.91" CONTENT="Utskottet"/><SP WIDTH="9" VPOS="1335" HPOS="202"/>
							<String ID="string_272" HPOS="211" VPOS="1336" WIDTH="96" HEIGHT="20" WC="0.92" CONTENT="föreslär:"/>
						</TextLine>
						<TextLine ID="line_38" HPOS="211" VPOS="1364" WIDTH="652" HEIGHT="28">
							<String ID="string_273" HPOS="211" VPOS="1367" WIDTH="34" HEIGHT="18" WC="0.93" CONTENT="att"/><SP WIDTH="17" VPOS="1367" HPOS="245"/>
							<String ID="string_274" HPOS="262" VPOS="1366" WIDTH="129" HEIGHT="26" WC="0.92" CONTENT="paragrafen"/><SP WIDTH="16" VPOS="1366" HPOS="391"/>
							<String ID="string_275" HPOS="407" VPOS="1366" WIDTH="7" HEIGHT="20" WC="0.93" CONTENT="i"/><SP WIDTH="16" VPOS="1366" HPOS="414"/>
							<String ID="string_276" HPOS="430" VPOS="1364" WIDTH="62" HEIGHT="28" WC="0.92" CONTENT="fräga"/><SP WIDTH="16" VPOS="1364" HPOS="492"/>
							<String ID="string_277" HPOS="508" VPOS="1366" WIDTH="70" HEIGHT="20" WC="0.93" CONTENT="mätte"/><SP WIDTH="16" VPOS="1366" HPOS="578"/>
							<String ID="string_278" HPOS="594" VPOS="1366" WIDTH="120" HEIGHT="20" WC="0.91" CONTENT="bibehällas"/><SP WIDTH="16" VPOS="1366" HPOS="714"/>
							<String ID="string_279" HPOS="730" VPOS="1364" WIDTH="133" HEIGHT="20" WC="0.91" CONTENT="oförändrad"/>
						</TextLine>
						<TextLine ID="line_39" HPOS="170" VPOS="1394" WIDTH="694" HEIGHT="27">
							<String ID="string_280" HPOS="170" VPOS="1396" WIDTH="77" HEIGHT="19" WC="0.96" CONTENT="endast"/><SP WIDTH="18" VPOS="1396" HPOS="247"/>
							<String ID="string_281" HPOS="265" VPOS="1396" WIDTH="50" HEIGHT="20" WC="0.93" CONTENT="med"/><SP WIDTH="18" VPOS="1396" HPOS="315"/>
							<String ID="string_282" HPOS="333" VPOS="1396" WIDTH="69" HEIGHT="20" WC="0.91" CONTENT="sädan"/><SP WIDTH="17" VPOS="1396" HPOS="402"/>
							<String ID="string_283" HPOS="419" VPOS="1396" WIDTH="144" HEIGHT="20" WC="0.92" CONTENT="redaktionell"/><SP WIDTH="18" VPOS="1396" HPOS="563"/>
							<String ID="string_284" HPOS="581" VPOS="1395" WIDTH="131" HEIGHT="26" WC="0.92" CONTENT="förändring,"/><SP WIDTH="20" VPOS="1395" HPOS="712"/>
							<String ID="string_285" HPOS="732" VPOS="1396" WIDTH="35" HEIGHT="18" WC="0.96" CONTENT="att"/><SP WIDTH="18" VPOS="1396" HPOS="767"/>
							<String ID="string_286" HPOS="785" VPOS="1394" WIDTH="79" HEIGHT="26" WC="0.96" CONTENT="början"/>
						</TextLine>
						<TextLine ID="line_40" HPOS="170" VPOS="1424" WIDTH="696" HEIGHT="27">
							<String ID="string_287" HPOS="170" VPOS="1425" WIDTH="87" HEIGHT="19" WC="0.92" CONTENT="komme"/><SP WIDTH="18" VPOS="1425" HPOS="257"/>
							<String ID="string_288" HPOS="275" VPOS="1427" WIDTH="34" HEIGHT="18" WC="0.93" CONTENT="att"/><SP WIDTH="18" VPOS="1427" HPOS="309"/>
							<String ID="string_289" HPOS="327" VPOS="1426" WIDTH="58" HEIGHT="25" WC="0.91" CONTENT="lyda:"/><SP WIDTH="36" VPOS="1426" HPOS="385"/>
							<String ID="string_290" HPOS="421" VPOS="1426" WIDTH="51" HEIGHT="19" WC="0.87" CONTENT="»den"/><SP WIDTH="19" VPOS="1426" HPOS="472"/>
							<String ID="string_291" HPOS="491" VPOS="1426" WIDTH="109" HEIGHT="19" WC="0.93" CONTENT="allmänna"/><SP WIDTH="18" VPOS="1426" HPOS="600"/>
							<String ID="string_292" HPOS="618" VPOS="1425" WIDTH="145" HEIGHT="26" WC="0.91" CONTENT="tjänstetiden"/><SP WIDTH="18" VPOS="1425" HPOS="763"/>
							<String ID="string_293" HPOS="781" VPOS="1424" WIDTH="38" HEIGHT="19" WC="0.96" CONTENT="vid"/><SP WIDTH="18" VPOS="1424" HPOS="819"/>
							<String ID="string_294" HPOS="837" VPOS="1424" WIDTH="29" HEIGHT="19" WC="0.96" CONTENT="de"/>
						</TextLine>
						<TextLine ID="line_41" HPOS="171" VPOS="1455" WIDTH="367" HEIGHT="26">
							<String ID="string_295" HPOS="171" VPOS="1455" WIDTH="91" HEIGHT="19" WC="0.96" CONTENT="stående"/><SP WIDTH="12" VPOS="1455" HPOS="262"/>
							<String ID="string_296" HPOS="274" VPOS="1456" WIDTH="120" HEIGHT="25" WC="0.96" CONTENT="trupperna"/><SP WIDTH="13" VPOS="1456" HPOS="394"/>
							<String ID="string_297" HPOS="407" VPOS="1457" WIDTH="23" HEIGHT="18" WC="0.96" CONTENT="är"/><SP WIDTH="13" VPOS="1457" HPOS="430"/>
							<String ID="string_298" HPOS="443" VPOS="1462" WIDTH="19" HEIGHT="13" WC="0.87" CONTENT="o."/><SP WIDTH="15" VPOS="1462" HPOS="462"/>
							<String ID="string_299" HPOS="477" VPOS="1462" WIDTH="15" HEIGHT="13" WC="0.94" CONTENT="s."/><SP WIDTH="14" VPOS="1462" HPOS="492"/>
							<String ID="string_300" HPOS="506" VPOS="1462" WIDTH="32" HEIGHT="13" WC="0.86" CONTENT="v.»"/>
						</TextLine>
					</TextBlock>
				</ComposedBlock>
			</PrintSpace>
		</Page>
	</Layout>
</alto>
