1036 1631
337 86 21 16 R.
372 90 18 12 o.
406 86 20 16 A.
441 86 52 16 1899.
508 86 22 16 17
545 86 53 17 Mars.
852 86 23 15 57

54 146 121 26 stadgande
186 146 39 19 har
235 146 8 19 i
253 146 129 20 nuvarande
393 145 11 20 7
416 146 15 24 $.
450 145 34 20 Då
496 145 37 20 det
544 145 45 20 står
599 145 7 20 i
616 145 111 26 förslaget:
745 145 72 20 »Dock
825 150 50 14 vare

54 177 49 22 den,
117 182 47 13 som
177 175 56 20 efter
245 176 106 26 uppnådd
364 175 85 20 femton
462 175 35 20 års
509 175 61 20 ålder
582 175 79 26 flyttat
674 175 32 20 till
720 176 42 22 ort,
777 181 47 13 som
837 174 40 20 här

54 208 97 20 nämnes,
167 206 47 19 icke
231 205 48 20 frän
289 205 124 26 värnepligt
423 205 101 23 befriad»;
536 205 23 20 sä
570 205 74 20 kunde
655 211 50 14 man
716 205 111 20 mähända
838 204 37 20 vid

54 238 75 24 sträng
143 235 201 27 bokstafstolkming
357 235 86 26 inlägga
458 235 51 23 deri,
525 235 77 26 (ehuru
617 235 133 26 stadgandet
764 234 111 20 bestämdt

54 266 48 20 icke
111 265 56 21 afser
175 266 35 20 att
219 265 104 21 innebära
332 272 27 13 en
368 265 69 20 sådan
446 265 154 26 begränsning)
609 266 35 19 att
653 271 107 20 personer,
771 271 47 13 som
828 264 48 20 från

55 296 101 20 utlandet
170 295 90 26 inflytta
274 295 32 19 till
321 296 26 19 de
361 295 167 26 ifrågavarande
542 295 98 26 nordliga
654 296 94 22 orterna,
763 295 47 19 icke
824 300 53 14 vore

54 326 49 20 från
119 325 123 27 värnepligt
258 325 102 20 befriade.
394 325 40 19 Om
451 325 66 26 några
533 331 102 20 personer
650 324 83 21 utifrån
748 324 80 27 flyttat
844 324 31 19 till

55 356 63 20 dessa
134 356 136 22 kommuner,
289 355 22 20 så
329 355 52 20 böra
400 355 25 20 de
443 355 56 20 dock
516 355 110 25 sjelffallet
643 361 53 14 vara
713 354 98 21 befriade
828 354 48 20 från

55 385 129 27 värnepligt.
211 385 156 26 Skyldigheten
380 386 35 19 att
427 385 52 20 bära
493 385 70 20 denna
576 386 68 25 tunga
658 385 67 20 ehuru
738 391 52 14 man
803 386 24 18 är
839 384 38 20 bo-

55 417 46 18 satt
114 416 7 19 i
135 416 61 20 dessa
211 416 64 22 orter,
290 415 80 26 åligger
382 415 25 25 ju
421 415 78 20 endast
512 415 86 20 landets
612 420 54 21 egna
678 415 139 22 innevånare,
830 420 47 13 som

55 446 49 20 från
124 452 73 13 annan
217 446 106 19 kommun
343 445 90 26 inflytta
455 445 38 20 dit.
515 445 42 26 Jag
577 445 82 20 tillåter
678 445 44 26 mig
742 444 133 20 fördenskull

55 476 87 20 förorda
152 476 32 19 ett
194 475 152 20 bibehållande
356 475 22 20 af
388 475 52 20 sista
450 481 65 14 mom.
526 475 6 19 i
542 475 172 25 anmärkningen
723 475 51 19 med
784 475 41 19 den
835 474 43 19 for-

55 505 107 26 mulering
175 511 83 14 samma
272 505 121 26 stadgande
406 505 39 20 har
457 505 7 19 i
477 505 99 26 gällande
589 505 192 26 värnepligtslag.*

99 566 32 19 Hr
144 566 85 19 Rein:
254 565 42 26 Jag
308 565 37 19 vill
358 565 110 26 medgifva
482 566 34 19 att
527 565 37 26 jag
573 565 111 26 verkligen
692 565 77 26 begått
776 566 33 18 ett
817 564 61 19 miss-

56 597 45 24 tag,
110 595 28 20 dä
146 595 36 26 jag
191 595 78 20 trodde
278 596 35 19 att
321 595 33 19 Hr
362 595 118 20 Mechelins
488 595 170 26 komplettering
666 595 61 26 afsäg
736 595 56 22 dem,
802 593 75 21 hvilka

56 625 99 26 fullgjort
169 625 78 20 endast
261 625 33 20 sin
309 625 75 20 aktiva
399 625 129 26 värnepligt.
558 625 50 20 Den
620 625 61 26 afsäg
694 625 111 26 verkligen
820 624 57 20 dem.

56 655 75 20 hvilka
144 655 99 26 fullgjort
256 655 151 26 värnepligten
422 655 59 20 säväl
495 655 7 20 i
515 655 89 20 aktiven
618 661 47 13 som
679 655 5 19 i
698 660 106 17 reserven,
814 653 63 20 alltsä

58 685 25 20 10
98 685 25 20 år
137 685 58 20 varit
210 685 7 20 i
232 685 75 26 tjenst.
339 685 42 26 Jag
397 685 82 26 nödgas
495 685 46 20 icke
557 685 48 20 dess
621 684 83 21 mindre
720 685 96 19 vidhålla
832 683 45 20 min

56 715 150 26 uppfattning,
218 716 35 19 att
263 715 62 20 detta
343 715 5 19 2
359 721 66 14 mom.
437 715 40 20 bör
487 715 120 20 bibehällas
618 715 58 26 uppä
688 715 25 19 de
724 715 47 19 skäl
782 714 37 26 jag
829 713 48 20 haft

56 747 53 18 äran
119 745 82 23 anföra,
212 745 22 19 sä
245 745 141 20 modifieradt
395 751 46 13 som
452 745 33 20 Hr
493 745 106 20 Mechelin
608 745 132 26 föreslagit.*

99 805 57 20 Frih.
172 805 25 19 R.
221 805 25 20 A.
269 805 88 20 Wrede
399 805 50 20 ville
464 805 95 20 utesluta
581 805 5 19 2
600 811 65 14 mom.
676 793 27 25 —
711 804 98 20 Anförde
823 805 34 18 att
871 803 7 20 i

56 835 53 20 våra
120 835 59 26 lagar
190 835 18 26 ej
221 835 67 20 borde
299 835 21 20 få
331 835 50 26 ingå
392 835 102 20 rubriken
506 835 84 20 »Anm.»
600 835 16 22 1)

100 895 32 19 Hr
145 895 28 20 K.
195 895 119 20 Antell:
341 895 43 26 Jag
396 895 38 20 ber
447 895 78 20 endast
538 895 22 20 fä
573 895 123 20 äterhemta
709 895 38 20 det
759 894 37 26 jag
810 894 69 19 under

57 925 150 20 diskussionen
223 925 6 19 i
244 925 39 26 gär
297 925 56 20 hade
368 927 53 18 äran
435 925 123 23 framhälla,
574 926 34 19 att
622 925 37 26 jag
674 924 33 20 för
721 924 46 20 min
782 924 34 20 del
828 923 51 20 ville

56 955 88 20 biträda
156 955 40 20 den
207 955 57 26 äsigt
275 956 34 19 att
329 955 3 19 2
343 961 65 14 mom.
421 955 6 19 i
439 955 70 20 denna
512 951 13 35 $
540 955 43 20 kan
595 955 113 20 uteslutas.

100 1015 33 19 Hr
157 1015 23 19 L.
202 1015 168 19 Mechelin:
397 1015 42 26 Jag
451 1017 25 18 är
489 1015 49 20 med
552 1015 57 20 Frih.
624 1015 79 19 Wrede
716 1021 50 14 ense
779 1015 35 19 att
827 1020 51 13 man

57 1045 74 20 sävidt
149 1045 86 26 möjligt
253 1045 39 19 bör
310 1045 98 20 undvika
426 1046 35 19 att
479 1045 82 20 fördela
580 1045 150 26 stadgandena
748 1045 7 19 i
770 1044 108 26 egentliga

57 1074 126 26 paragrafer
195 1075 40 19 och
248 1075 177 26 anmärkningar.
451 1075 62 20 Dock
525 1075 38 20 ber
574 1075 37 26 jag
623 1074 22 21 fä
658 1075 105 25 päminna
776 1080 36 14 om
825 1075 34 18 att
872 1074 6 19 i

57 1105 10 24 $
81 1105 27 19 26
122 1105 7 19 i
143 1105 100 25 gällande
257 1105 171 26 värnepligtslag
442 1105 71 20 finnes
527 1105 47 20 icke
588 1105 85 20 mindre
687 1106 27 19 än
728 1106 34 18 tre
777 1104 102 20 anmärk-

57 1134 78 26 ningar
147 1135 12 19 ä
172 1135 45 22 rad,
233 1136 34 18 att
281 1135 82 19 säledes
376 1135 47 19 icke
437 1135 39 20 här
489 1135 69 26 gjorts
572 1135 66 26 nägot
651 1134 133 26 fullkomligt
794 1134 85 19 undan-

57 1166 38 24 tag
110 1164 48 20 frän
172 1165 101 25 gällande
287 1166 110 18 coutume.
420 1165 103 22 Orsaken,
539 1165 89 19 hvarför
642 1171 26 13 en
683 1164 146 25 anmärkning
840 1164 40 19 har

57 1194 45 20 fått
113 1194 40 20 här
165 1195 32 19 sin
209 1195 65 25 plats,
288 1201 39 13 var
339 1196 35 18 att
386 1195 133 25 stadgandet
531 1195 39 19 har
582 1201 26 13 en
620 1194 7 20 i
634 1194 44 20 viss
686 1195 50 19 män
745 1194 134 26 provisorisk

57 1224 112 20 karaktär.

100 1284 33 19 Hr
152 1284 67 19 Elis
246 1284 196 26 Furuhjelm:
479 1284 34 20 Då
531 1284 41 20 den
591 1284 97 26 otydliga
706 1283 148 26 affattningen
873 1283 6 19 i

57 1314 70 20 andra
137 1314 114 25 meningen
262 1314 23 19 af
294 1314 41 19 den
345 1314 33 19 till
389 1314 12 19 7
411 1314 9 25 $
430 1314 98 20 hörande
538 1314 171 26 anmärkningen
719 1314 70 20 vällat
798 1314 36 19 att
842 1313 38 26 jag

58 1344 34 19 för
103 1344 45 19 min
160 1344 33 19 del
205 1343 48 20 icke
264 1344 86 19 kunnat
362 1344 104 26 uppfatta
479 1344 133 23 densamma,
626 1344 22 19 sä
660 1345 24 19 är
694 1344 37 26 jag
742 1343 34 20 för
787 1343 45 19 min
845 1343 34 19 del

57 1373 60 26 villig
127 1375 34 18 att
169 1373 75 20 förena
253 1373 44 26 mig
306 1380 36 13 om
350 1374 34 19 Hr
392 1374 111 20 Aminoffs
510 1374 104 26 yrkande,
625 1375 34 19 att
668 1374 7 19 i
684 1374 72 19 stället
764 1373 34 20 för
808 1373 71 20 denna

58 1403 94 26 mening,
166 1403 69 20 skulle
247 1403 82 20 införas
351 1404 3 19 2
368 1409 65 14 mom.
447 1404 6 19 i
467 1404 12 19 7
492 1404 9 24 $
514 1404 6 19 i
533 1404 99 26 gällande
645 1403 177 27 värnepligtslag.

95 1467 14 21 1)
125 1468 52 16 Efter
194 1469 122 18 memorialet;
334 1470 106 19 stenogram
457 1470 73 15 saknas.
