1028 1631
163 83 33 17 198
455 84 21 16 R.
491 88 16 13 0.
524 84 19 17 A.
558 84 52 17 1899.
623 84 12 17 4
648 83 44 21 Maj.

163 142 39 20 120
217 142 16 25 $,
250 142 84 21 hvilket
348 143 22 20 vi
385 144 69 20 önska
469 144 23 20 få
508 144 142 26 undanröjdt,
665 144 51 20 eller
731 144 66 19 hvars
811 143 139 19 vidhällande
964 142 23 20 vi

162 172 98 20 önskade
271 172 21 20 få
304 172 93 27 afböjdt,
410 180 54 14 vara
476 174 23 20 sä
511 174 94 20 särdeles
613 173 130 27 betänkligt,
752 173 27 20 dä
787 173 24 26 ju
817 173 36 19 det
861 172 61 26 afsäg
929 172 58 20 blott

163 202 213 26 tillkommendering
387 203 22 20 af
421 203 119 21 officerare.
564 203 43 20 Det
619 205 24 18 är
654 204 47 19 häri
713 203 113 25 misstaget
838 202 72 27 ligger,
923 204 26 24 ty
960 202 27 20 de

163 233 80 19 tvenne
261 232 71 24 ständ,
346 232 86 21 hvilkas
445 233 72 20 beslut
531 234 36 19 det
581 235 23 18 är
616 233 61 26 fräga
690 240 37 13 om
740 234 34 19 att
786 234 51 24 taga
850 232 6 20 i
870 232 117 26 uppskatt-

162 261 57 26 ning,
233 262 67 20 hafva
311 262 99 26 godkänt
423 263 37 20 det
471 263 23 20 af
506 263 116 20 Utskottet
634 263 55 20 först
700 263 122 25 föreslagna
834 262 105 26 tillägget,
952 263 35 19 att

161 291 66 26 ryska
242 292 112 20 officerare
367 292 33 20 till
415 293 85 20 mindre
514 293 60 20 antal
589 293 40 20 och
643 293 70 20 under
727 293 57 19 vissa
798 292 70 20 vilkor
882 292 68 20 skulle
964 292 22 20 fä

161 320 122 21 öfverföras
293 322 33 20 till
339 322 26 20 de
376 322 72 20 finska
460 324 127 25 trupperna.
611 323 43 19 Det
666 325 24 18 är
701 324 60 19 emot
773 322 60 20 detta
845 322 82 26 tillägg,
940 328 46 14 som

162 357 52 13 man
225 351 50 20 frän
287 352 67 20 andra
367 352 62 20 sidan
441 353 88 20 arbetat
549 353 40 19 och
601 359 47 14 som
660 353 22 19 vi
694 353 70 20 mäste
776 358 51 14 anse
839 352 95 26 skadligt
946 352 40 20 och

162 380 92 26 vädligt,
265 381 65 20 äfven
339 388 36 14 om
385 382 37 20 det
431 382 48 20 icke
488 383 39 19 har
537 383 68 25 utsigt
615 384 33 18 att
658 383 67 19 vinna
735 382 208 26 ständerpluralitet,
953 383 32 24 ty,

162 410 73 21 säsom
246 411 57 20 Frih.
315 412 78 20 Wrede
403 412 78 26 riktigt
491 413 122 23 anmärkte,
625 413 41 19 den
677 412 84 20 fasthet
771 412 6 19 i
789 412 132 20 Ständernas
932 418 55 20 upp-

162 440 115 24 trädande,
293 447 47 15 som
355 448 29 14 nu
400 442 112 24 behöfves,
529 442 62 20 beror
607 443 64 19 också
687 442 59 26 uppå
762 443 35 19 att
811 442 47 19 icke
873 448 26 13 en
916 442 33 19 del
964 442 23 19 af

162 470 134 26 landtdagen
310 472 85 25 strängt
409 472 108 20 vidhåller
529 472 100 26 gällande
642 472 240 27 grundlagsstadgande
895 472 6 19 i
917 471 39 20 120
969 472 16 24 $,

163 500 79 20 medan
253 501 75 23 andra,
339 508 35 14 om
385 502 65 20 ocksä
461 502 49 20 med
521 502 26 20 de
557 502 62 20 bästa
630 502 95 26 afsigter,
737 502 68 19 skulle
816 502 84 19 besluta
910 501 33 19 till
953 503 31 18 ett

162 530 83 26 tillägg,
263 530 64 20 hvars
343 531 106 21 innebörd
465 532 142 26 ovilkorligen
623 532 68 20 skulle
708 532 71 20 tolkas
795 532 70 19 säsom
882 532 32 19 ett
930 531 57 25 slags

162 560 161 26 auktorisering
336 561 32 19 till
383 563 34 18 att
431 562 116 20 efterhand
561 562 6 20 i
582 562 38 20 vär
634 562 95 20 militära
743 562 40 19 och
798 561 65 20 sedan
878 561 109 25 smäning-

163 596 36 14 om
210 589 6 20 i
229 590 40 20 vär
280 590 63 20 civila
355 591 135 27 förvaltning
501 592 106 20 infiltrera
618 592 101 23 element,
733 598 45 14 som
790 591 46 20 icke
848 591 74 19 kunna
934 596 53 14 vara

162 619 34 19 för
208 619 51 21 värt
272 620 50 20 land
335 621 110 26 lämpliga.
471 622 70 20 Saken
554 622 39 20 har
606 622 91 20 sälunda
711 622 70 19 denna
795 622 67 18 större
874 620 113 26 betydelse

162 648 40 20 och
215 649 49 20 icke
277 650 57 20 blott
348 651 48 23 den,
411 658 47 14 som
471 652 58 20 Frih.
544 658 43 13 von
601 652 59 20 Born
673 651 137 21 framhöll.**

207 708 59 20 Frih.
303 716 34 12 von
358 710 89 20 Born:
471 710 44 20 Det
527 711 73 19 tillhör
612 711 43 25 mig
666 712 34 18 att
713 711 97 19 erkänna
822 712 32 18 ett
863 711 24 25 2).

205 768 72 20 Sedan
297 769 41 20 den
359 769 111 21 allmänna
491 770 149 20 diskussionen
660 771 118 19 förklarats
797 770 103 24 afslutad,
921 770 66 20 fram-

161 798 71 20 stälde
245 798 33 20 Hr
290 798 153 22 Ordföranden
455 800 33 20 till
501 800 103 20 Ständets
615 800 136 20 besvarande
763 806 26 14 en
801 800 22 20 sä
835 800 95 26 lydande

367 878 422 26 Omröstningsproposition:

204 917 39 25 De,
258 919 73 20 hvilka
345 920 67 19 önska
426 920 50 26 ingå
489 920 6 19 i
508 920 101 26 pröfning
621 920 22 20 af
655 920 263 26 Värnepligtsutskottets
930 919 69 20 sam-'

162 948 265 27 manjemkningsförslag,
445 951 59 18 rösta
520 950 29 25 ja;

204 978 79 20 vinner
293 979 42 25 nej,
347 979 40 19 har
397 980 71 19 mötet
479 980 97 19 deremot
588 980 81 20 uttalat
680 981 35 19 att
725 980 103 25 förslaget
838 980 83 19 lemnas
932 980 54 18 utan

162 1007 109 21 afseende.

204 1037 166 27 Propositionen
384 1038 131 21 besvarades
529 1040 49 19 med
592 1039 161 27 öfvervägande
766 1039 29 26 ja,
810 1039 31 19 till
854 1038 55 26 följd
922 1039 65 19 hvar-

162 1066 22 20 af
200 1068 71 19 mötet
291 1068 56 20 hade
367 1068 91 20 beslutit
478 1070 35 19 att
532 1069 33 20 till
581 1069 101 26 pröfning
698 1070 98 25 upptaga
812 1068 175 26 Värnepligtsut-

162 1096 96 21 skottets
269 1098 86 26 förslag.

204 1126 88 21 Främst
311 1129 95 25 upptogs
425 1128 33 20 till
477 1129 132 25 behandling

202 1186 9 25 $
223 1186 20 23 2,
256 1186 112 26 angäende
380 1187 89 21 hvilken

203 1245 33 20 Hr
246 1246 148 21 Mechelin
404 1246 75 27 gjorde
487 1247 96 26 följande
591 1248 150 20 meddelande:
750 1248 74 25 Enligt
832 1248 58 20 hvad
899 1248 87 26 uppläs-

160 1276 40 22 tes,
211 1275 58 20 hade
278 1276 187 26 Borgareständet
474 1277 37 19 vid
521 1277 129 26 föregående
660 1278 24 25 1).

202 1334 60 21 Frih.
301 1342 35 13 von
358 1336 84 20 Born
464 1337 95 25 yttrade:
588 1337 33 20 Då
636 1337 32 20 Hr
682 1337 107 20 Mechelin
803 1337 88 25 uppläst
905 1337 81 25 Lagut-

160 1364 97 20 skottets
271 1365 147 24 betänkande,
434 1366 23 20 sä
471 1366 40 20 har
524 1366 37 26 jag
575 1367 49 20 eller
638 1367 67 20 borde
720 1367 46 19 icke
781 1366 66 20 hafva
862 1367 66 25 nägot
942 1368 44 18 sär-

160 1394 58 20 deles
230 1396 35 18 att
277 1395 96 25 tillägga;
396 1402 49 13 men
458 1396 27 20 dä
497 1396 163 26 Lagutskottet,
673 1403 47 13 som
731 1397 31 25 ju,
775 1397 27 25 pä
815 1397 44 19 sätt
887 1396 32 20 Hr
930 1396 56 20 Mec-

196 1458 13 22 *)
224 1460 110 20 Stenogram
349 1461 74 18 saknas;
434 1461 126 20 andragandet
572 1463 20 14 är
602 1462 38 16 icke
650 1461 112 21 ätergifvet
761 1454 12 33 i
771 1462 214 20 memorialprotokollet.
