<?xml version="1.0" encoding="UTF-8"?>
<alto xmlns="http://www.loc.gov/standards/alto/ns-v3#" xmlns:xlink="http://www.w3.org/1999/xlink" xmlns:xsi="http://www.w3.org/2001/XMLSchema-instance" xsi:schemaLocation="http://www.loc.gov/standards/alto/ns-v3# http://www.loc.gov/alto/v3/alto-3-0.xsd">
	<Description>
		<MeasurementUnit>pixel</MeasurementUnit>
		<sourceImageInformation>
			<fileName>/tmp/tess_4n8c51vs_input.PNG</fileName>
		</sourceImageInformation>
		<OCRProcessing ID="OCR_0">
			<ocrProcessingStep>
				<processingSoftware>
					<softwareName>tesseract 5.3.4</softwareName>
				</processingSoftware>
			</ocrProcessingStep>
		</OCRProcessing>
	</Description>
	<Layout>
		<Page WIDTH="1042" HEIGHT="1634" PHYSICAL_IMG_NR="0" ID="page_0">
			<PrintSpace HPOS="0" VPOS="0" WIDTH="1042" HEIGHT="1634">
				<ComposedBlock ID="cblock_0" HPOS="154" VPOS="89" WIDTH="543" HEIGHT="17">
					<TextBlock ID="block_0" HPOS="154" VPOS="89" WIDTH="543" HEIGHT="17">
						<TextLine ID="line_0" HPOS="154" VPOS="89" WIDTH="543" HEIGHT="17">
							<String ID="string_0" HPOS="154" VPOS="91" WIDTH="22" HEIGHT="15" WC="0.96" CONTENT="36"/><SP WIDTH="261" VPOS="91" HPOS="176"/>
							<String ID="string_1" HPOS="437" VPOS="90" WIDTH="21" HEIGHT="16" WC="0.96" CONTENT="R."/><SP WIDTH="15" VPOS="90" HPOS="458"/>
							<String ID="string_2" HPOS="473" VPOS="94" WIDTH="16" HEIGHT="12" WC="0.89" CONTENT="o."/><SP WIDTH="16" VPOS="94" HPOS="489"/>
							<String ID="string_3" HPOS="505" VPOS="90" WIDTH="20" HEIGHT="16" WC="0.96" CONTENT="A."/><SP WIDTH="14" VPOS="90" HPOS="525"/>
							<String ID="string_4" HPOS="539" VPOS="90" WIDTH="52" HEIGHT="16" WC="0.96" CONTENT="1899."/><SP WIDTH="15" VPOS="90" HPOS="591"/>
							<String ID="string_5" HPOS="606" VPOS="89" WIDTH="22" HEIGHT="17" WC="0.96" CONTENT="16"/><SP WIDTH="14" VPOS="89" HPOS="628"/>
							<String ID="string_6" HPOS="642" VPOS="89" WIDTH="55" HEIGHT="17" WC="0.96" CONTENT="Mars."/>
						</TextLine>
					</TextBlock>
				</ComposedBlock>
				<GraphicalElement ID="cblock_1" HPOS="153" VPOS="112" WIDTH="823" HEIGHT="4"></GraphicalElement >
				<ComposedBlock ID="cblock_2" HPOS="151" VPOS="148" WIDTH="828" HEIGHT="869">
					<TextBlock ID="block_1" HPOS="151" VPOS="148" WIDTH="828" HEIGHT="869">
						<TextLine ID="line_1" HPOS="151" VPOS="148" WIDTH="824" HEIGHT="27">
							<String ID="string_7" HPOS="151" VPOS="150" WIDTH="68" HEIGHT="25" WC="0.91" CONTENT="lering"/><SP WIDTH="11" VPOS="150" HPOS="219"/>
							<String ID="string_8" HPOS="230" VPOS="149" WIDTH="23" HEIGHT="21" WC="0.93" CONTENT="af"/><SP WIDTH="12" VPOS="149" HPOS="253"/>
							<String ID="string_9" HPOS="265" VPOS="150" WIDTH="9" HEIGHT="24" WC="0.93" CONTENT="$"/><SP WIDTH="13" VPOS="150" HPOS="274"/>
							<String ID="string_10" HPOS="287" VPOS="150" WIDTH="45" HEIGHT="20" WC="0.96" CONTENT="123."/><SP WIDTH="25" VPOS="150" HPOS="332"/>
							<String ID="string_11" HPOS="357" VPOS="150" WIDTH="34" HEIGHT="19" WC="0.93" CONTENT="En"/><SP WIDTH="12" VPOS="150" HPOS="391"/>
							<String ID="string_12" HPOS="403" VPOS="150" WIDTH="69" HEIGHT="20" WC="0.96" CONTENT="sådan"/><SP WIDTH="12" VPOS="150" HPOS="472"/>
							<String ID="string_13" HPOS="484" VPOS="149" WIDTH="92" HEIGHT="26" WC="0.95" CONTENT="krigstid"/><SP WIDTH="12" VPOS="149" HPOS="576"/>
							<String ID="string_14" HPOS="588" VPOS="151" WIDTH="24" HEIGHT="18" WC="0.96" CONTENT="är"/><SP WIDTH="11" VPOS="151" HPOS="612"/>
							<String ID="string_15" HPOS="623" VPOS="149" WIDTH="24" HEIGHT="26" WC="0.93" CONTENT="ju"/><SP WIDTH="12" VPOS="149" HPOS="647"/>
							<String ID="string_16" HPOS="659" VPOS="149" WIDTH="47" HEIGHT="20" WC="0.96" CONTENT="icke"/><SP WIDTH="12" VPOS="149" HPOS="706"/>
							<String ID="string_17" HPOS="718" VPOS="149" WIDTH="23" HEIGHT="19" WC="0.96" CONTENT="sä"/><SP WIDTH="12" VPOS="149" HPOS="741"/>
							<String ID="string_18" HPOS="753" VPOS="149" WIDTH="90" HEIGHT="25" WC="0.95" CONTENT="mycket"/><SP WIDTH="11" VPOS="149" HPOS="843"/>
							<String ID="string_19" HPOS="854" VPOS="150" WIDTH="35" HEIGHT="18" WC="0.93" CONTENT="alt"/><SP WIDTH="11" VPOS="150" HPOS="889"/>
							<String ID="string_20" HPOS="900" VPOS="148" WIDTH="75" HEIGHT="20" WC="0.96" CONTENT="frukta"/>
						</TextLine>
						<TextLine ID="line_2" HPOS="151" VPOS="178" WIDTH="824" HEIGHT="27">
							<String ID="string_21" HPOS="151" VPOS="180" WIDTH="39" HEIGHT="20" WC="0.96" CONTENT="för."/><SP WIDTH="26" VPOS="180" HPOS="190"/>
							<String ID="string_22" HPOS="216" VPOS="180" WIDTH="74" HEIGHT="20" WC="0.96" CONTENT="Under"/><SP WIDTH="11" VPOS="180" HPOS="290"/>
							<String ID="string_23" HPOS="301" VPOS="180" WIDTH="47" HEIGHT="20" WC="0.96" CONTENT="hela"/><SP WIDTH="13" VPOS="180" HPOS="348"/>
							<String ID="string_24" HPOS="361" VPOS="180" WIDTH="42" HEIGHT="19" WC="0.96" CONTENT="den"/><SP WIDTH="12" VPOS="180" HPOS="403"/>
							<String ID="string_25" HPOS="415" VPOS="180" WIDTH="33" HEIGHT="20" WC="0.93" CONTENT="tid"/><SP WIDTH="12" VPOS="180" HPOS="448"/>
							<String ID="string_26" HPOS="460" VPOS="179" WIDTH="152" HEIGHT="26" WC="0.91" CONTENT="värnepligten"/><SP WIDTH="12" VPOS="179" HPOS="612"/>
							<String ID="string_27" HPOS="624" VPOS="179" WIDTH="58" HEIGHT="20" WC="0.93" CONTENT="varit"/><SP WIDTH="11" VPOS="179" HPOS="682"/>
							<String ID="string_28" HPOS="693" VPOS="179" WIDTH="72" HEIGHT="19" WC="0.93" CONTENT="införd"/><SP WIDTH="12" VPOS="179" HPOS="765"/>
							<String ID="string_29" HPOS="777" VPOS="179" WIDTH="7" HEIGHT="19" WC="0.96" CONTENT="i"/><SP WIDTH="12" VPOS="179" HPOS="784"/>
							<String ID="string_30" HPOS="796" VPOS="178" WIDTH="93" HEIGHT="20" WC="0.96" CONTENT="Finland"/><SP WIDTH="12" VPOS="178" HPOS="889"/>
							<String ID="string_31" HPOS="901" VPOS="178" WIDTH="40" HEIGHT="20" WC="0.96" CONTENT="har"/><SP WIDTH="10" VPOS="178" HPOS="941"/>
							<String ID="string_32" HPOS="951" VPOS="178" WIDTH="24" HEIGHT="26" WC="0.96" CONTENT="ju"/>
						</TextLine>
						<TextLine ID="line_3" HPOS="152" VPOS="208" WIDTH="823" HEIGHT="28">
							<String ID="string_33" HPOS="152" VPOS="209" WIDTH="47" HEIGHT="20" WC="0.93" CONTENT="icke"/><SP WIDTH="9" VPOS="209" HPOS="199"/>
							<String ID="string_34" HPOS="208" VPOS="210" WIDTH="68" HEIGHT="26" WC="0.92" CONTENT="nägot"/><SP WIDTH="8" VPOS="210" HPOS="276"/>
							<String ID="string_35" HPOS="284" VPOS="210" WIDTH="46" HEIGHT="26" WC="0.93" CONTENT="krig"/><SP WIDTH="9" VPOS="210" HPOS="330"/>
							<String ID="string_36" HPOS="339" VPOS="209" WIDTH="142" HEIGHT="21" WC="0.91" CONTENT="förekommit"/><SP WIDTH="8" VPOS="209" HPOS="481"/>
							<String ID="string_37" HPOS="489" VPOS="209" WIDTH="7" HEIGHT="20" WC="0.96" CONTENT="i"/><SP WIDTH="9" VPOS="209" HPOS="496"/>
							<String ID="string_38" HPOS="505" VPOS="209" WIDTH="37" HEIGHT="20" WC="0.96" CONTENT="det"/><SP WIDTH="8" VPOS="209" HPOS="542"/>
							<String ID="string_39" HPOS="550" VPOS="209" WIDTH="65" HEIGHT="26" WC="0.96" CONTENT="ryska"/><SP WIDTH="10" VPOS="209" HPOS="615"/>
							<String ID="string_40" HPOS="625" VPOS="209" WIDTH="63" HEIGHT="20" WC="0.93" CONTENT="riket."/><SP WIDTH="14" VPOS="209" HPOS="688"/>
							<String ID="string_41" HPOS="702" VPOS="209" WIDTH="105" HEIGHT="19" WC="0.90" CONTENT="Deremot"/><SP WIDTH="8" VPOS="209" HPOS="807"/>
							<String ID="string_42" HPOS="815" VPOS="214" WIDTH="52" HEIGHT="14" WC="0.92" CONTENT="vore"/><SP WIDTH="8" VPOS="214" HPOS="867"/>
							<String ID="string_43" HPOS="875" VPOS="214" WIDTH="27" HEIGHT="14" WC="0.93" CONTENT="en"/><SP WIDTH="9" VPOS="214" HPOS="902"/>
							<String ID="string_44" HPOS="911" VPOS="208" WIDTH="64" HEIGHT="20" WC="0.90" CONTENT="efter-"/>
						</TextLine>
						<TextLine ID="line_4" HPOS="152" VPOS="238" WIDTH="824" HEIGHT="28">
							<String ID="string_45" HPOS="152" VPOS="239" WIDTH="41" HEIGHT="26" WC="0.95" CONTENT="gift"/><SP WIDTH="13" VPOS="239" HPOS="193"/>
							<String ID="string_46" HPOS="206" VPOS="239" WIDTH="7" HEIGHT="20" WC="0.70" CONTENT="i"/><SP WIDTH="14" VPOS="239" HPOS="213"/>
							<String ID="string_47" HPOS="227" VPOS="240" WIDTH="9" HEIGHT="24" WC="0.70" CONTENT="$"/><SP WIDTH="16" VPOS="240" HPOS="236"/>
							<String ID="string_48" HPOS="252" VPOS="240" WIDTH="8" HEIGHT="19" WC="0.93" CONTENT="1"/><SP WIDTH="17" VPOS="240" HPOS="260"/>
							<String ID="string_49" HPOS="277" VPOS="239" WIDTH="119" HEIGHT="27" WC="0.96" CONTENT="ödesdiger."/><SP WIDTH="26" VPOS="239" HPOS="396"/>
							<String ID="string_50" HPOS="422" VPOS="240" WIDTH="50" HEIGHT="20" WC="0.96" CONTENT="Med"/><SP WIDTH="15" VPOS="240" HPOS="472"/>
							<String ID="string_51" HPOS="487" VPOS="240" WIDTH="41" HEIGHT="19" WC="0.93" CONTENT="den"/><SP WIDTH="15" VPOS="240" HPOS="528"/>
							<String ID="string_52" HPOS="543" VPOS="239" WIDTH="140" HEIGHT="25" WC="0.96" CONTENT="omfattning,"/><SP WIDTH="15" VPOS="239" HPOS="683"/>
							<String ID="string_53" HPOS="698" VPOS="245" WIDTH="46" HEIGHT="14" WC="0.93" CONTENT="som"/><SP WIDTH="15" VPOS="245" HPOS="744"/>
							<String ID="string_54" HPOS="759" VPOS="238" WIDTH="133" HEIGHT="20" WC="0.92" CONTENT="Ständernas"/><SP WIDTH="14" VPOS="238" HPOS="892"/>
							<String ID="string_55" HPOS="906" VPOS="244" WIDTH="70" HEIGHT="14" WC="0.93" CONTENT="svars-"/>
						</TextLine>
						<TextLine ID="line_5" HPOS="152" VPOS="268" WIDTH="824" HEIGHT="26">
							<String ID="string_56" HPOS="152" VPOS="269" WIDTH="113" HEIGHT="20" WC="0.92" CONTENT="skrifvelse"/><SP WIDTH="13" VPOS="269" HPOS="265"/>
							<String ID="string_57" HPOS="278" VPOS="276" WIDTH="89" HEIGHT="14" WC="0.92" CONTENT="numera"/><SP WIDTH="13" VPOS="276" HPOS="367"/>
							<String ID="string_58" HPOS="380" VPOS="270" WIDTH="71" HEIGHT="19" WC="0.92" CONTENT="mäste"/><SP WIDTH="13" VPOS="270" HPOS="451"/>
							<String ID="string_59" HPOS="464" VPOS="269" WIDTH="87" HEIGHT="23" WC="0.92" CONTENT="erhälla,"/><SP WIDTH="15" VPOS="269" HPOS="551"/>
							<String ID="string_60" HPOS="566" VPOS="271" WIDTH="24" HEIGHT="18" WC="0.96" CONTENT="är"/><SP WIDTH="13" VPOS="271" HPOS="590"/>
							<String ID="string_61" HPOS="603" VPOS="269" WIDTH="36" HEIGHT="20" WC="0.96" CONTENT="det"/><SP WIDTH="12" VPOS="269" HPOS="639"/>
							<String ID="string_62" HPOS="651" VPOS="269" WIDTH="24" HEIGHT="25" WC="0.93" CONTENT="ju"/><SP WIDTH="13" VPOS="269" HPOS="675"/>
							<String ID="string_63" HPOS="688" VPOS="268" WIDTH="47" HEIGHT="20" WC="0.92" CONTENT="icke"/><SP WIDTH="12" VPOS="268" HPOS="735"/>
							<String ID="string_64" HPOS="747" VPOS="268" WIDTH="107" HEIGHT="20" WC="0.92" CONTENT="tänkbart"/><SP WIDTH="13" VPOS="268" HPOS="854"/>
							<String ID="string_65" HPOS="867" VPOS="269" WIDTH="34" HEIGHT="19" WC="0.96" CONTENT="att"/><SP WIDTH="13" VPOS="269" HPOS="901"/>
							<String ID="string_66" HPOS="914" VPOS="268" WIDTH="62" HEIGHT="20" WC="0.96" CONTENT="Hans"/>
						</TextLine>
						<TextLine ID="line_6" HPOS="152" VPOS="298" WIDTH="824" HEIGHT="28">
							<String ID="string_67" HPOS="152" VPOS="299" WIDTH="105" HEIGHT="25" WC="0.92" CONTENT="Majestät"/><SP WIDTH="13" VPOS="299" HPOS="257"/>
							<String ID="string_68" HPOS="270" VPOS="299" WIDTH="48" HEIGHT="26" WC="0.92" CONTENT="sjelf"/><SP WIDTH="13" VPOS="299" HPOS="318"/>
							<String ID="string_69" HPOS="331" VPOS="300" WIDTH="69" HEIGHT="19" WC="0.93" CONTENT="skulle"/><SP WIDTH="12" VPOS="300" HPOS="400"/>
							<String ID="string_70" HPOS="412" VPOS="301" WIDTH="52" HEIGHT="25" WC="0.92" CONTENT="taga"/><SP WIDTH="14" VPOS="301" HPOS="464"/>
							<String ID="string_71" HPOS="478" VPOS="300" WIDTH="41" HEIGHT="19" WC="0.97" CONTENT="den"/><SP WIDTH="12" VPOS="300" HPOS="519"/>
							<String ID="string_72" HPOS="531" VPOS="300" WIDTH="70" HEIGHT="19" WC="0.93" CONTENT="under"/><SP WIDTH="13" VPOS="300" HPOS="601"/>
							<String ID="string_73" HPOS="614" VPOS="299" WIDTH="101" HEIGHT="26" WC="0.93" CONTENT="pröfning"/><SP WIDTH="13" VPOS="299" HPOS="715"/>
							<String ID="string_74" HPOS="728" VPOS="299" WIDTH="40" HEIGHT="19" WC="0.96" CONTENT="och"/><SP WIDTH="13" VPOS="299" HPOS="768"/>
							<String ID="string_75" HPOS="781" VPOS="298" WIDTH="28" HEIGHT="20" WC="0.96" CONTENT="dä"/><SP WIDTH="13" VPOS="298" HPOS="809"/>
							<String ID="string_76" HPOS="822" VPOS="298" WIDTH="43" HEIGHT="20" WC="0.92" CONTENT="han"/><SP WIDTH="13" VPOS="298" HPOS="865"/>
							<String ID="string_77" HPOS="878" VPOS="298" WIDTH="48" HEIGHT="20" WC="0.92" CONTENT="icke"/><SP WIDTH="12" VPOS="298" HPOS="926"/>
							<String ID="string_78" HPOS="938" VPOS="298" WIDTH="38" HEIGHT="20" WC="0.95" CONTENT="vill"/>
						</TextLine>
						<TextLine ID="line_7" HPOS="152" VPOS="328" WIDTH="823" HEIGHT="26">
							<String ID="string_79" HPOS="152" VPOS="329" WIDTH="7" HEIGHT="19" WC="0.93" CONTENT="i"/><SP WIDTH="18" VPOS="329" HPOS="159"/>
							<String ID="string_80" HPOS="177" VPOS="329" WIDTH="102" HEIGHT="20" WC="0.93" CONTENT="afseende"/><SP WIDTH="17" VPOS="329" HPOS="279"/>
							<String ID="string_81" HPOS="296" VPOS="330" WIDTH="12" HEIGHT="19" WC="0.92" CONTENT="å"/><SP WIDTH="18" VPOS="330" HPOS="308"/>
							<String ID="string_82" HPOS="326" VPOS="330" WIDTH="63" HEIGHT="19" WC="0.93" CONTENT="detta"/><SP WIDTH="18" VPOS="330" HPOS="389"/>
							<String ID="string_83" HPOS="407" VPOS="330" WIDTH="170" HEIGHT="20" WC="0.92" CONTENT="ständerärende"/><SP WIDTH="18" VPOS="330" HPOS="577"/>
							<String ID="string_84" HPOS="595" VPOS="328" WIDTH="39" HEIGHT="21" WC="0.96" CONTENT="lita"/><SP WIDTH="17" VPOS="328" HPOS="634"/>
							<String ID="string_85" HPOS="651" VPOS="329" WIDTH="34" HEIGHT="20" WC="0.96" CONTENT="till"/><SP WIDTH="18" VPOS="329" HPOS="685"/>
							<String ID="string_86" HPOS="703" VPOS="329" WIDTH="46" HEIGHT="20" WC="0.93" CONTENT="sina"/><SP WIDTH="17" VPOS="329" HPOS="749"/>
							<String ID="string_87" HPOS="766" VPOS="328" WIDTH="61" HEIGHT="20" WC="0.93" CONTENT="forne"/><SP WIDTH="18" VPOS="328" HPOS="827"/>
							<String ID="string_88" HPOS="845" VPOS="328" WIDTH="130" HEIGHT="26" WC="0.91" CONTENT="rädgifvare,"/>
						</TextLine>
						<TextLine ID="line_8" HPOS="153" VPOS="358" WIDTH="824" HEIGHT="27">
							<String ID="string_89" HPOS="153" VPOS="359" WIDTH="104" HEIGHT="20" WC="0.93" CONTENT="Finlands"/><SP WIDTH="15" VPOS="359" HPOS="257"/>
							<String ID="string_90" HPOS="272" VPOS="361" WIDTH="68" HEIGHT="22" WC="0.92" CONTENT="senat,"/><SP WIDTH="17" VPOS="361" HPOS="340"/>
							<String ID="string_91" HPOS="357" VPOS="360" WIDTH="55" HEIGHT="19" WC="0.93" CONTENT="utan"/><SP WIDTH="14" VPOS="360" HPOS="412"/>
							<String ID="string_92" HPOS="426" VPOS="359" WIDTH="103" HEIGHT="26" WC="0.92" CONTENT="temligen"/><SP WIDTH="16" VPOS="359" HPOS="529"/>
							<String ID="string_93" HPOS="545" VPOS="359" WIDTH="126" HEIGHT="26" WC="0.92" CONTENT="otvetydigt"/><SP WIDTH="14" VPOS="359" HPOS="671"/>
							<String ID="string_94" HPOS="685" VPOS="359" WIDTH="113" HEIGHT="23" WC="0.92" CONTENT="förklarat,"/><SP WIDTH="16" VPOS="359" HPOS="798"/>
							<String ID="string_95" HPOS="814" VPOS="360" WIDTH="35" HEIGHT="18" WC="0.95" CONTENT="att"/><SP WIDTH="14" VPOS="360" HPOS="849"/>
							<String ID="string_96" HPOS="863" VPOS="358" WIDTH="44" HEIGHT="20" WC="0.96" CONTENT="han"/><SP WIDTH="15" VPOS="358" HPOS="907"/>
							<String ID="string_97" HPOS="922" VPOS="358" WIDTH="55" HEIGHT="20" WC="0.96" CONTENT="skall"/>
						</TextLine>
						<TextLine ID="line_9" HPOS="153" VPOS="388" WIDTH="823" HEIGHT="27">
							<String ID="string_98" HPOS="153" VPOS="389" WIDTH="68" HEIGHT="20" WC="0.92" CONTENT="sända"/><SP WIDTH="11" VPOS="389" HPOS="221"/>
							<String ID="string_99" HPOS="232" VPOS="390" WIDTH="90" HEIGHT="19" WC="0.93" CONTENT="ärendet"/><SP WIDTH="10" VPOS="390" HPOS="322"/>
							<String ID="string_100" HPOS="332" VPOS="390" WIDTH="33" HEIGHT="19" WC="0.93" CONTENT="till"/><SP WIDTH="11" VPOS="390" HPOS="365"/>
							<String ID="string_101" HPOS="376" VPOS="389" WIDTH="165" HEIGHT="26" WC="0.91" CONTENT="rikskonseljen,"/><SP WIDTH="12" VPOS="389" HPOS="541"/>
							<String ID="string_102" HPOS="553" VPOS="389" WIDTH="22" HEIGHT="20" WC="0.96" CONTENT="sä"/><SP WIDTH="12" VPOS="389" HPOS="575"/>
							<String ID="string_103" HPOS="587" VPOS="389" WIDTH="43" HEIGHT="20" WC="0.96" CONTENT="kan"/><SP WIDTH="11" VPOS="389" HPOS="630"/>
							<String ID="string_104" HPOS="641" VPOS="395" WIDTH="51" HEIGHT="14" WC="0.96" CONTENT="man"/><SP WIDTH="11" VPOS="395" HPOS="692"/>
							<String ID="string_105" HPOS="703" VPOS="389" WIDTH="41" HEIGHT="20" WC="0.93" CONTENT="lätt"/><SP WIDTH="11" VPOS="389" HPOS="744"/>
							<String ID="string_106" HPOS="755" VPOS="388" WIDTH="111" HEIGHT="20" WC="0.93" CONTENT="föreställa"/><SP WIDTH="11" VPOS="388" HPOS="866"/>
							<String ID="string_107" HPOS="877" VPOS="388" WIDTH="38" HEIGHT="26" WC="0.96" CONTENT="sig,"/><SP WIDTH="12" VPOS="388" HPOS="915"/>
							<String ID="string_108" HPOS="927" VPOS="388" WIDTH="49" HEIGHT="20" WC="0.96" CONTENT="med"/>
						</TextLine>
						<TextLine ID="line_10" HPOS="153" VPOS="419" WIDTH="824" HEIGHT="26">
							<String ID="string_109" HPOS="153" VPOS="419" WIDTH="89" HEIGHT="19" WC="0.91" CONTENT="hvilken"/><SP WIDTH="17" VPOS="419" HPOS="242"/>
							<String ID="string_110" HPOS="259" VPOS="419" WIDTH="189" HEIGHT="21" WC="0.92" CONTENT="tillfredsställelse"/><SP WIDTH="13" VPOS="419" HPOS="448"/>
							<String ID="string_111" HPOS="461" VPOS="419" WIDTH="158" HEIGHT="26" WC="0.93" CONTENT="rikskonseljen"/><SP WIDTH="13" VPOS="419" HPOS="619"/>
							<String ID="string_112" HPOS="632" VPOS="419" WIDTH="54" HEIGHT="20" WC="0.96" CONTENT="skall"/><SP WIDTH="14" VPOS="419" HPOS="686"/>
							<String ID="string_113" HPOS="700" VPOS="419" WIDTH="61" HEIGHT="20" WC="0.96" CONTENT="finna"/><SP WIDTH="13" VPOS="419" HPOS="761"/>
							<String ID="string_114" HPOS="774" VPOS="419" WIDTH="23" HEIGHT="20" WC="0.96" CONTENT="af"/><SP WIDTH="13" VPOS="419" HPOS="797"/>
							<String ID="string_115" HPOS="810" VPOS="419" WIDTH="70" HEIGHT="19" WC="0.96" CONTENT="denna"/><SP WIDTH="15" VPOS="419" HPOS="880"/>
							<String ID="string_116" HPOS="895" VPOS="419" WIDTH="9" HEIGHT="19" WC="0.92" CONTENT="1"/><SP WIDTH="15" VPOS="419" HPOS="904"/>
							<String ID="string_117" HPOS="919" VPOS="419" WIDTH="10" HEIGHT="25" WC="0.91" CONTENT="$"/><SP WIDTH="14" VPOS="419" HPOS="929"/>
							<String ID="string_118" HPOS="943" VPOS="420" WIDTH="34" HEIGHT="18" WC="0.96" CONTENT="att"/>
						</TextLine>
						<TextLine ID="line_11" HPOS="153" VPOS="449" WIDTH="824" HEIGHT="26">
							<String ID="string_119" HPOS="153" VPOS="449" WIDTH="105" HEIGHT="19" WC="0.93" CONTENT="Finlands"/><SP WIDTH="14" VPOS="449" HPOS="258"/>
							<String ID="string_120" HPOS="272" VPOS="450" WIDTH="92" HEIGHT="19" WC="0.92" CONTENT="Ständer"/><SP WIDTH="12" VPOS="450" HPOS="364"/>
							<String ID="string_121" HPOS="376" VPOS="450" WIDTH="67" HEIGHT="20" WC="0.93" CONTENT="hafva"/><SP WIDTH="14" VPOS="450" HPOS="443"/>
							<String ID="string_122" HPOS="457" VPOS="449" WIDTH="122" HEIGHT="26" WC="0.92" CONTENT="medgifvit,"/><SP WIDTH="14" VPOS="449" HPOS="579"/>
							<String ID="string_123" HPOS="593" VPOS="450" WIDTH="34" HEIGHT="19" WC="0.93" CONTENT="att"/><SP WIDTH="13" VPOS="450" HPOS="627"/>
							<String ID="string_124" HPOS="640" VPOS="449" WIDTH="76" HEIGHT="26" WC="0.96" CONTENT="hvarje"/><SP WIDTH="12" VPOS="449" HPOS="716"/>
							<String ID="string_125" HPOS="728" VPOS="449" WIDTH="59" HEIGHT="20" WC="0.96" CONTENT="finsk"/><SP WIDTH="12" VPOS="449" HPOS="787"/>
							<String ID="string_126" HPOS="799" VPOS="449" WIDTH="142" HEIGHT="25" WC="0.96" CONTENT="medborgare"/><SP WIDTH="12" VPOS="449" HPOS="941"/>
							<String ID="string_127" HPOS="953" VPOS="450" WIDTH="24" HEIGHT="18" WC="0.96" CONTENT="är"/>
						</TextLine>
						<TextLine ID="line_12" HPOS="152" VPOS="478" WIDTH="824" HEIGHT="28">
							<String ID="string_128" HPOS="152" VPOS="479" WIDTH="148" HEIGHT="27" WC="0.91" CONTENT="värnepligtig"/><SP WIDTH="13" VPOS="479" HPOS="300"/>
							<String ID="string_129" HPOS="313" VPOS="480" WIDTH="43" HEIGHT="19" WC="0.96" CONTENT="lika"/><SP WIDTH="16" VPOS="480" HPOS="356"/>
							<String ID="string_130" HPOS="372" VPOS="480" WIDTH="36" HEIGHT="19" WC="0.93" CONTENT="väl"/><SP WIDTH="14" VPOS="480" HPOS="408"/>
							<String ID="string_131" HPOS="422" VPOS="480" WIDTH="113" HEIGHT="26" WC="0.92" CONTENT="gentemot"/><SP WIDTH="15" VPOS="480" HPOS="535"/>
							<String ID="string_132" HPOS="550" VPOS="480" WIDTH="37" HEIGHT="19" WC="0.96" CONTENT="det"/><SP WIDTH="14" VPOS="480" HPOS="587"/>
							<String ID="string_133" HPOS="601" VPOS="480" WIDTH="66" HEIGHT="25" WC="0.96" CONTENT="ryska"/><SP WIDTH="14" VPOS="480" HPOS="667"/>
							<String ID="string_134" HPOS="681" VPOS="479" WIDTH="57" HEIGHT="20" WC="0.95" CONTENT="riket"/><SP WIDTH="15" VPOS="479" HPOS="738"/>
							<String ID="string_135" HPOS="753" VPOS="485" WIDTH="47" HEIGHT="14" WC="0.96" CONTENT="som"/><SP WIDTH="14" VPOS="485" HPOS="800"/>
							<String ID="string_136" HPOS="814" VPOS="480" WIDTH="47" HEIGHT="19" WC="0.96" CONTENT="mot"/><SP WIDTH="14" VPOS="480" HPOS="861"/>
							<String ID="string_137" HPOS="875" VPOS="478" WIDTH="101" HEIGHT="21" WC="0.95" CONTENT="Finland."/>
						</TextLine>
						<TextLine ID="line_13" HPOS="154" VPOS="508" WIDTH="823" HEIGHT="28">
							<String ID="string_138" HPOS="154" VPOS="508" WIDTH="123" HEIGHT="21" WC="0.92" CONTENT="Ständerna"/><SP WIDTH="15" VPOS="508" HPOS="277"/>
							<String ID="string_139" HPOS="292" VPOS="510" WIDTH="66" HEIGHT="20" WC="0.96" CONTENT="hafva"/><SP WIDTH="16" VPOS="510" HPOS="358"/>
							<String ID="string_140" HPOS="374" VPOS="509" WIDTH="126" HEIGHT="27" WC="0.95" CONTENT="visserligen"/><SP WIDTH="15" VPOS="509" HPOS="500"/>
							<String ID="string_141" HPOS="515" VPOS="509" WIDTH="116" HEIGHT="21" WC="0.96" CONTENT="inskränkt"/><SP WIDTH="15" VPOS="509" HPOS="631"/>
							<String ID="string_142" HPOS="646" VPOS="509" WIDTH="112" HEIGHT="26" WC="0.96" CONTENT="påföljden"/><SP WIDTH="15" VPOS="509" HPOS="758"/>
							<String ID="string_143" HPOS="773" VPOS="509" WIDTH="23" HEIGHT="20" WC="0.96" CONTENT="af"/><SP WIDTH="15" VPOS="509" HPOS="796"/>
							<String ID="string_144" HPOS="811" VPOS="509" WIDTH="71" HEIGHT="20" WC="0.93" CONTENT="denna"/><SP WIDTH="15" VPOS="509" HPOS="882"/>
							<String ID="string_145" HPOS="897" VPOS="508" WIDTH="80" HEIGHT="26" WC="0.92" CONTENT="grund-"/>
						</TextLine>
						<TextLine ID="line_14" HPOS="153" VPOS="539" WIDTH="824" HEIGHT="27">
							<String ID="string_146" HPOS="153" VPOS="540" WIDTH="45" HEIGHT="18" WC="0.95" CONTENT="sats"/><SP WIDTH="22" VPOS="540" HPOS="198"/>
							<String ID="string_147" HPOS="220" VPOS="544" WIDTH="79" HEIGHT="20" WC="0.96" CONTENT="genom"/><SP WIDTH="12" VPOS="544" HPOS="299"/>
							<String ID="string_148" HPOS="311" VPOS="541" WIDTH="34" HEIGHT="18" WC="0.93" CONTENT="att"/><SP WIDTH="12" VPOS="541" HPOS="345"/>
							<String ID="string_149" HPOS="357" VPOS="540" WIDTH="6" HEIGHT="19" WC="0.92" CONTENT="i"/><SP WIDTH="13" VPOS="540" HPOS="363"/>
							<String ID="string_150" HPOS="376" VPOS="540" WIDTH="9" HEIGHT="25" WC="0.86" CONTENT="$"/><SP WIDTH="12" VPOS="540" HPOS="385"/>
							<String ID="string_151" HPOS="397" VPOS="540" WIDTH="13" HEIGHT="19" WC="0.93" CONTENT="4"/><SP WIDTH="12" VPOS="540" HPOS="410"/>
							<String ID="string_152" HPOS="422" VPOS="542" WIDTH="51" HEIGHT="24" WC="0.96" CONTENT="säga"/><SP WIDTH="13" VPOS="542" HPOS="473"/>
							<String ID="string_153" HPOS="486" VPOS="541" WIDTH="34" HEIGHT="18" WC="0.96" CONTENT="att"/><SP WIDTH="11" VPOS="541" HPOS="520"/>
							<String ID="string_154" HPOS="531" VPOS="539" WIDTH="68" HEIGHT="20" WC="0.0" CONTENT="finsk"/><SP WIDTH="12" VPOS="539" HPOS="599"/>
							<String ID="string_155" HPOS="611" VPOS="540" WIDTH="142" HEIGHT="25" WC="0.96" CONTENT="medborgare"/><SP WIDTH="11" VPOS="540" HPOS="753"/>
							<String ID="string_156" HPOS="764" VPOS="539" WIDTH="80" HEIGHT="26" WC="0.96" CONTENT="fullgör"/><SP WIDTH="11" VPOS="539" HPOS="844"/>
							<String ID="string_157" HPOS="855" VPOS="539" WIDTH="33" HEIGHT="19" WC="0.93" CONTENT="sin"/><SP WIDTH="12" VPOS="539" HPOS="888"/>
							<String ID="string_158" HPOS="900" VPOS="540" WIDTH="77" HEIGHT="18" WC="0.93" CONTENT="värne-"/>
						</TextLine>
						<TextLine ID="line_15" HPOS="153" VPOS="568" WIDTH="824" HEIGHT="28">
							<String ID="string_159" HPOS="153" VPOS="568" WIDTH="55" HEIGHT="26" WC="0.93" CONTENT="pligt"/><SP WIDTH="12" VPOS="568" HPOS="208"/>
							<String ID="string_160" HPOS="220" VPOS="569" WIDTH="33" HEIGHT="19" WC="0.93" CONTENT="uti"/><SP WIDTH="13" VPOS="569" HPOS="253"/>
							<String ID="string_161" HPOS="266" VPOS="569" WIDTH="57" HEIGHT="20" WC="0.93" CONTENT="finsk"/><SP WIDTH="15" VPOS="569" HPOS="323"/>
							<String ID="string_162" HPOS="338" VPOS="571" WIDTH="76" HEIGHT="25" WC="0.92" CONTENT="trupp»"/><SP WIDTH="12" VPOS="571" HPOS="414"/>
							<String ID="string_163" HPOS="426" VPOS="570" WIDTH="40" HEIGHT="20" WC="0.96" CONTENT="och"/><SP WIDTH="12" VPOS="570" HPOS="466"/>
							<String ID="string_164" HPOS="478" VPOS="570" WIDTH="67" HEIGHT="20" WC="0.96" CONTENT="sedan"/><SP WIDTH="13" VPOS="570" HPOS="545"/>
							<String ID="string_165" HPOS="558" VPOS="570" WIDTH="49" HEIGHT="19" WC="0.93" CONTENT="med"/><SP WIDTH="13" VPOS="570" HPOS="607"/>
							<String ID="string_166" HPOS="620" VPOS="570" WIDTH="93" HEIGHT="25" WC="0.91" CONTENT="mycken"/><SP WIDTH="12" VPOS="570" HPOS="713"/>
							<String ID="string_167" HPOS="725" VPOS="570" WIDTH="138" HEIGHT="25" WC="0.91" CONTENT="konsegvens"/><SP WIDTH="13" VPOS="570" HPOS="863"/>
							<String ID="string_168" HPOS="876" VPOS="568" WIDTH="101" HEIGHT="27" WC="0.91" CONTENT="uppbygt"/>
						</TextLine>
						<TextLine ID="line_16" HPOS="153" VPOS="598" WIDTH="824" HEIGHT="27">
							<String ID="string_169" HPOS="153" VPOS="598" WIDTH="39" HEIGHT="20" WC="0.96" CONTENT="sitt"/><SP WIDTH="13" VPOS="598" HPOS="192"/>
							<String ID="string_170" HPOS="205" VPOS="598" WIDTH="81" HEIGHT="27" WC="0.96" CONTENT="förslag"/><SP WIDTH="13" VPOS="598" HPOS="286"/>
							<String ID="string_171" HPOS="299" VPOS="600" WIDTH="27" HEIGHT="25" WC="0.96" CONTENT="pä"/><SP WIDTH="14" VPOS="600" HPOS="326"/>
							<String ID="string_172" HPOS="340" VPOS="600" WIDTH="37" HEIGHT="19" WC="0.96" CONTENT="det"/><SP WIDTH="13" VPOS="600" HPOS="377"/>
							<String ID="string_173" HPOS="390" VPOS="606" WIDTH="40" HEIGHT="14" WC="0.93" CONTENT="ena"/><SP WIDTH="13" VPOS="606" HPOS="430"/>
							<String ID="string_174" HPOS="443" VPOS="601" WIDTH="128" HEIGHT="22" WC="0.91" CONTENT="momentet,"/><SP WIDTH="9" VPOS="601" HPOS="571"/>
							<String ID="string_175" HPOS="580" VPOS="599" WIDTH="184" HEIGHT="24" WC="0.93" CONTENT="fäderneslandet,"/><SP WIDTH="8" VPOS="599" HPOS="764"/>
							<String ID="string_176" HPOS="772" VPOS="606" WIDTH="50" HEIGHT="13" WC="0.97" CONTENT="men"/><SP WIDTH="13" VPOS="606" HPOS="822"/>
							<String ID="string_177" HPOS="835" VPOS="599" WIDTH="37" HEIGHT="20" WC="0.93" CONTENT="det"/><SP WIDTH="13" VPOS="599" HPOS="872"/>
							<String ID="string_178" HPOS="885" VPOS="599" WIDTH="92" HEIGHT="20" WC="0.92" CONTENT="äterstä-"/>
						</TextLine>
						<TextLine ID="line_17" HPOS="153" VPOS="628" WIDTH="824" HEIGHT="28">
							<String ID="string_179" HPOS="153" VPOS="628" WIDTH="55" HEIGHT="20" WC="0.96" CONTENT="ende"/><SP WIDTH="12" VPOS="628" HPOS="208"/>
							<String ID="string_180" HPOS="220" VPOS="631" WIDTH="128" HEIGHT="22" WC="0.93" CONTENT="momentet,"/><SP WIDTH="13" VPOS="631" HPOS="348"/>
							<String ID="string_181" HPOS="361" VPOS="630" WIDTH="59" HEIGHT="20" WC="0.63" CONTENT="»hela"/><SP WIDTH="12" VPOS="630" HPOS="420"/>
							<String ID="string_182" HPOS="432" VPOS="630" WIDTH="37" HEIGHT="20" WC="0.96" CONTENT="det"/><SP WIDTH="11" VPOS="630" HPOS="469"/>
							<String ID="string_183" HPOS="480" VPOS="630" WIDTH="66" HEIGHT="26" WC="0.96" CONTENT="ryska"/><SP WIDTH="12" VPOS="630" HPOS="546"/>
							<String ID="string_184" HPOS="558" VPOS="630" WIDTH="72" HEIGHT="22" WC="0.96" CONTENT="riket»,"/><SP WIDTH="13" VPOS="630" HPOS="630"/>
							<String ID="string_185" HPOS="643" VPOS="630" WIDTH="44" HEIGHT="20" WC="0.93" CONTENT="kan"/><SP WIDTH="12" VPOS="630" HPOS="687"/>
							<String ID="string_186" HPOS="699" VPOS="630" WIDTH="65" HEIGHT="20" WC="0.96" CONTENT="också"/><SP WIDTH="12" VPOS="630" HPOS="764"/>
							<String ID="string_187" HPOS="776" VPOS="629" WIDTH="74" HEIGHT="27" WC="0.96" CONTENT="läggas"/><SP WIDTH="12" VPOS="629" HPOS="850"/>
							<String ID="string_188" HPOS="862" VPOS="629" WIDTH="32" HEIGHT="20" WC="0.96" CONTENT="till"/><SP WIDTH="13" VPOS="629" HPOS="894"/>
							<String ID="string_189" HPOS="907" VPOS="629" WIDTH="70" HEIGHT="26" WC="0.96" CONTENT="grund"/>
						</TextLine>
						<TextLine ID="line_18" HPOS="153" VPOS="658" WIDTH="824" HEIGHT="28">
							<String ID="string_190" HPOS="153" VPOS="658" WIDTH="34" HEIGHT="20" WC="0.93" CONTENT="för"/><SP WIDTH="14" VPOS="658" HPOS="187"/>
							<String ID="string_191" HPOS="201" VPOS="658" WIDTH="194" HEIGHT="27" WC="0.92" CONTENT="bestämningarna"/><SP WIDTH="14" VPOS="658" HPOS="395"/>
							<String ID="string_192" HPOS="409" VPOS="660" WIDTH="34" HEIGHT="20" WC="0.92" CONTENT="uti"/><SP WIDTH="15" VPOS="660" HPOS="443"/>
							<String ID="string_193" HPOS="458" VPOS="660" WIDTH="41" HEIGHT="20" WC="0.96" CONTENT="den"/><SP WIDTH="14" VPOS="660" HPOS="499"/>
							<String ID="string_194" HPOS="513" VPOS="660" WIDTH="71" HEIGHT="20" WC="0.93" CONTENT="finska"/><SP WIDTH="15" VPOS="660" HPOS="584"/>
							<String ID="string_195" HPOS="599" VPOS="659" WIDTH="206" HEIGHT="27" WC="0.91" CONTENT="värnepligtslagen,"/><SP WIDTH="15" VPOS="659" HPOS="805"/>
							<String ID="string_196" HPOS="820" VPOS="659" WIDTH="90" HEIGHT="20" WC="0.92" CONTENT="hvarför"/><SP WIDTH="14" VPOS="659" HPOS="910"/>
							<String ID="string_197" HPOS="924" VPOS="659" WIDTH="53" HEIGHT="19" WC="0.93" CONTENT="riks-"/>
						</TextLine>
						<TextLine ID="line_19" HPOS="153" VPOS="688" WIDTH="824" HEIGHT="28">
							<String ID="string_198" HPOS="153" VPOS="688" WIDTH="114" HEIGHT="26" WC="0.92" CONTENT="konseljen"/><SP WIDTH="10" VPOS="688" HPOS="267"/>
							<String ID="string_199" HPOS="277" VPOS="689" WIDTH="73" HEIGHT="20" WC="0.93" CONTENT="kunde"/><SP WIDTH="10" VPOS="689" HPOS="350"/>
							<String ID="string_200" HPOS="360" VPOS="696" WIDTH="53" HEIGHT="14" WC="0.93" CONTENT="anse"/><SP WIDTH="11" VPOS="696" HPOS="413"/>
							<String ID="string_201" HPOS="424" VPOS="690" WIDTH="31" HEIGHT="26" WC="0.93" CONTENT="sig"/><SP WIDTH="10" VPOS="690" HPOS="455"/>
							<String ID="string_202" HPOS="465" VPOS="690" WIDTH="93" HEIGHT="26" WC="0.92" CONTENT="befogad"/><SP WIDTH="11" VPOS="690" HPOS="558"/>
							<String ID="string_203" HPOS="569" VPOS="690" WIDTH="88" HEIGHT="26" WC="0.92" CONTENT="tillägga"/><SP WIDTH="11" VPOS="690" HPOS="657"/>
							<String ID="string_204" HPOS="668" VPOS="691" WIDTH="35" HEIGHT="19" WC="0.96" CONTENT="att"/><SP WIDTH="10" VPOS="691" HPOS="703"/>
							<String ID="string_205" HPOS="713" VPOS="690" WIDTH="58" HEIGHT="19" WC="0.96" CONTENT="finsk"/><SP WIDTH="10" VPOS="690" HPOS="771"/>
							<String ID="string_206" HPOS="781" VPOS="689" WIDTH="142" HEIGHT="26" WC="0.96" CONTENT="medborgare"/><SP WIDTH="11" VPOS="689" HPOS="923"/>
							<String ID="string_207" HPOS="934" VPOS="689" WIDTH="43" HEIGHT="20" WC="0.96" CONTENT="kan"/>
						</TextLine>
						<TextLine ID="line_20" HPOS="153" VPOS="718" WIDTH="824" HEIGHT="28">
							<String ID="string_208" HPOS="153" VPOS="718" WIDTH="93" HEIGHT="26" WC="0.93" CONTENT="fullgöra"/><SP WIDTH="14" VPOS="718" HPOS="246"/>
							<String ID="string_209" HPOS="260" VPOS="719" WIDTH="33" HEIGHT="19" WC="0.93" CONTENT="sin"/><SP WIDTH="13" VPOS="719" HPOS="293"/>
							<String ID="string_210" HPOS="306" VPOS="720" WIDTH="124" HEIGHT="26" WC="0.92" CONTENT="värnepligt"/><SP WIDTH="14" VPOS="720" HPOS="430"/>
							<String ID="string_211" HPOS="444" VPOS="720" WIDTH="65" HEIGHT="20" WC="0.90" CONTENT="ocksä"/><SP WIDTH="13" VPOS="720" HPOS="509"/>
							<String ID="string_212" HPOS="522" VPOS="720" WIDTH="37" HEIGHT="20" WC="0.93" CONTENT="vid"/><SP WIDTH="14" VPOS="720" HPOS="559"/>
							<String ID="string_213" HPOS="573" VPOS="720" WIDTH="52" HEIGHT="26" WC="0.92" CONTENT="rysk"/><SP WIDTH="12" VPOS="720" HPOS="625"/>
							<String ID="string_214" HPOS="637" VPOS="721" WIDTH="74" HEIGHT="25" WC="0.90" CONTENT="trupp."/><SP WIDTH="27" VPOS="721" HPOS="711"/>
							<String ID="string_215" HPOS="738" VPOS="720" WIDTH="33" HEIGHT="26" WC="0.93" CONTENT="Ty"/><SP WIDTH="15" VPOS="720" HPOS="771"/>
							<String ID="string_216" HPOS="786" VPOS="719" WIDTH="71" HEIGHT="21" WC="0.92" CONTENT="dertill"/><SP WIDTH="13" VPOS="719" HPOS="857"/>
							<String ID="string_217" HPOS="870" VPOS="719" WIDTH="71" HEIGHT="20" WC="0.93" CONTENT="finnes"/><SP WIDTH="12" VPOS="719" HPOS="941"/>
							<String ID="string_218" HPOS="953" VPOS="719" WIDTH="24" HEIGHT="26" WC="0.97" CONTENT="ju"/>
						</TextLine>
						<TextLine ID="line_21" HPOS="153" VPOS="748" WIDTH="825" HEIGHT="28">
							<String ID="string_219" HPOS="153" VPOS="748" WIDTH="118" HEIGHT="27" WC="0.96" CONTENT="tillräcklig"/><SP WIDTH="9" VPOS="748" HPOS="271"/>
							<String ID="string_220" HPOS="280" VPOS="750" WIDTH="70" HEIGHT="25" WC="0.96" CONTENT="grund"/><SP WIDTH="11" VPOS="750" HPOS="350"/>
							<String ID="string_221" HPOS="361" VPOS="750" WIDTH="7" HEIGHT="19" WC="0.94" CONTENT="i"/><SP WIDTH="13" VPOS="750" HPOS="368"/>
							<String ID="string_222" HPOS="381" VPOS="750" WIDTH="8" HEIGHT="19" WC="0.93" CONTENT="1"/><SP WIDTH="13" VPOS="750" HPOS="389"/>
							<String ID="string_223" HPOS="402" VPOS="750" WIDTH="16" HEIGHT="25" WC="0.65" CONTENT="$."/><SP WIDTH="23" VPOS="750" HPOS="418"/>
							<String ID="string_224" HPOS="441" VPOS="750" WIDTH="41" HEIGHT="20" WC="0.96" CONTENT="Om"/><SP WIDTH="11" VPOS="750" HPOS="482"/>
							<String ID="string_225" HPOS="493" VPOS="750" WIDTH="38" HEIGHT="20" WC="0.93" CONTENT="det"/><SP WIDTH="10" VPOS="750" HPOS="531"/>
							<String ID="string_226" HPOS="541" VPOS="750" WIDTH="106" HEIGHT="26" WC="0.96" CONTENT="någonsin"/><SP WIDTH="10" VPOS="750" HPOS="647"/>
							<String ID="string_227" HPOS="657" VPOS="750" WIDTH="59" HEIGHT="20" WC="0.96" CONTENT="varit"/><SP WIDTH="11" VPOS="750" HPOS="716"/>
							<String ID="string_228" HPOS="727" VPOS="750" WIDTH="46" HEIGHT="20" WC="0.96" CONTENT="skäl"/><SP WIDTH="12" VPOS="750" HPOS="773"/>
							<String ID="string_229" HPOS="785" VPOS="750" WIDTH="34" HEIGHT="20" WC="0.93" CONTENT="att"/><SP WIDTH="10" VPOS="750" HPOS="819"/>
							<String ID="string_230" HPOS="829" VPOS="749" WIDTH="100" HEIGHT="27" WC="0.95" CONTENT="tillämpa"/><SP WIDTH="12" VPOS="749" HPOS="929"/>
							<String ID="string_231" HPOS="941" VPOS="750" WIDTH="37" HEIGHT="20" WC="0.96" CONTENT="det"/>
						</TextLine>
						<TextLine ID="line_22" HPOS="153" VPOS="778" WIDTH="824" HEIGHT="28">
							<String ID="string_232" HPOS="153" VPOS="778" WIDTH="72" HEIGHT="25" WC="0.93" CONTENT="gamla"/><SP WIDTH="14" VPOS="778" HPOS="225"/>
							<String ID="string_233" HPOS="239" VPOS="779" WIDTH="124" HEIGHT="20" WC="0.92" CONTENT="ordstäfvet"/><SP WIDTH="13" VPOS="779" HPOS="363"/>
							<String ID="string_234" HPOS="376" VPOS="780" WIDTH="122" HEIGHT="26" WC="0.91" CONTENT="»principiis"/><SP WIDTH="13" VPOS="780" HPOS="498"/>
							<String ID="string_235" HPOS="511" VPOS="780" WIDTH="80" HEIGHT="23" WC="0.91" CONTENT="obsta»,"/><SP WIDTH="15" VPOS="780" HPOS="591"/>
							<String ID="string_236" HPOS="606" VPOS="780" WIDTH="22" HEIGHT="20" WC="0.97" CONTENT="sä"/><SP WIDTH="15" VPOS="780" HPOS="628"/>
							<String ID="string_237" HPOS="643" VPOS="782" WIDTH="24" HEIGHT="18" WC="0.97" CONTENT="är"/><SP WIDTH="13" VPOS="782" HPOS="667"/>
							<String ID="string_238" HPOS="680" VPOS="780" WIDTH="37" HEIGHT="20" WC="0.97" CONTENT="det"/><SP WIDTH="14" VPOS="780" HPOS="717"/>
							<String ID="string_239" HPOS="731" VPOS="780" WIDTH="45" HEIGHT="20" WC="0.96" CONTENT="här:"/><SP WIDTH="16" VPOS="780" HPOS="776"/>
							<String ID="string_240" HPOS="792" VPOS="780" WIDTH="37" HEIGHT="20" WC="0.97" CONTENT="det"/><SP WIDTH="14" VPOS="780" HPOS="829"/>
							<String ID="string_241" HPOS="843" VPOS="782" WIDTH="24" HEIGHT="18" WC="0.96" CONTENT="är"/><SP WIDTH="12" VPOS="782" HPOS="867"/>
							<String ID="string_242" HPOS="879" VPOS="780" WIDTH="7" HEIGHT="19" WC="0.93" CONTENT="i"/><SP WIDTH="14" VPOS="780" HPOS="886"/>
							<String ID="string_243" HPOS="900" VPOS="780" WIDTH="77" HEIGHT="26" WC="0.92" CONTENT="sjelfva"/>
						</TextLine>
						<TextLine ID="line_23" HPOS="153" VPOS="808" WIDTH="825" HEIGHT="28">
							<String ID="string_244" HPOS="153" VPOS="808" WIDTH="146" HEIGHT="25" WC="0.91" CONTENT="grundsatsen"/><SP WIDTH="13" VPOS="808" HPOS="299"/>
							<String ID="string_245" HPOS="312" VPOS="810" WIDTH="138" HEIGHT="20" WC="0.91" CONTENT="motständet"/><SP WIDTH="13" VPOS="810" HPOS="450"/>
							<String ID="string_246" HPOS="463" VPOS="810" WIDTH="54" HEIGHT="20" WC="0.93" CONTENT="skall"/><SP WIDTH="12" VPOS="810" HPOS="517"/>
							<String ID="string_247" HPOS="529" VPOS="812" WIDTH="70" HEIGHT="24" WC="0.92" CONTENT="göras,"/><SP WIDTH="13" VPOS="812" HPOS="599"/>
							<String ID="string_248" HPOS="612" VPOS="810" WIDTH="47" HEIGHT="20" WC="0.92" CONTENT="icke"/><SP WIDTH="13" VPOS="810" HPOS="659"/>
							<String ID="string_249" HPOS="672" VPOS="810" WIDTH="7" HEIGHT="20" WC="0.93" CONTENT="i"/><SP WIDTH="12" VPOS="810" HPOS="679"/>
							<String ID="string_250" HPOS="691" VPOS="810" WIDTH="136" HEIGHT="26" WC="0.88" CONTENT="följdsatsen,"/><SP WIDTH="14" VPOS="810" HPOS="827"/>
							<String ID="string_251" HPOS="841" VPOS="810" WIDTH="10" HEIGHT="25" WC="0.93" CONTENT="$"/><SP WIDTH="14" VPOS="810" HPOS="851"/>
							<String ID="string_252" HPOS="865" VPOS="810" WIDTH="46" HEIGHT="20" WC="0.95" CONTENT="123."/><SP WIDTH="25" VPOS="810" HPOS="911"/>
							<String ID="string_253" HPOS="936" VPOS="810" WIDTH="42" HEIGHT="26" WC="0.95" CONTENT="Jag"/>
						</TextLine>
						<TextLine ID="line_24" HPOS="153" VPOS="838" WIDTH="825" HEIGHT="29">
							<String ID="string_254" HPOS="153" VPOS="838" WIDTH="109" HEIGHT="20" WC="0.91" CONTENT="vidhäller"/><SP WIDTH="12" VPOS="838" HPOS="262"/>
							<String ID="string_255" HPOS="274" VPOS="839" WIDTH="64" HEIGHT="21" WC="0.92" CONTENT="alltsä"/><SP WIDTH="13" VPOS="839" HPOS="338"/>
							<String ID="string_256" HPOS="351" VPOS="839" WIDTH="34" HEIGHT="21" WC="0.96" CONTENT="för"/><SP WIDTH="13" VPOS="839" HPOS="385"/>
							<String ID="string_257" HPOS="398" VPOS="840" WIDTH="45" HEIGHT="20" WC="0.96" CONTENT="min"/><SP WIDTH="14" VPOS="840" HPOS="443"/>
							<String ID="string_258" HPOS="457" VPOS="841" WIDTH="33" HEIGHT="19" WC="0.96" CONTENT="del"/><SP WIDTH="14" VPOS="841" HPOS="490"/>
							<String ID="string_259" HPOS="504" VPOS="841" WIDTH="41" HEIGHT="19" WC="0.93" CONTENT="den"/><SP WIDTH="13" VPOS="841" HPOS="545"/>
							<String ID="string_260" HPOS="558" VPOS="840" WIDTH="147" HEIGHT="27" WC="0.92" CONTENT="formulering,"/><SP WIDTH="14" VPOS="840" HPOS="705"/>
							<String ID="string_261" HPOS="719" VPOS="846" WIDTH="46" HEIGHT="14" WC="0.96" CONTENT="som"/><SP WIDTH="13" VPOS="846" HPOS="765"/>
							<String ID="string_262" HPOS="778" VPOS="842" WIDTH="24" HEIGHT="18" WC="0.93" CONTENT="är"/><SP WIDTH="13" VPOS="842" HPOS="802"/>
							<String ID="string_263" HPOS="815" VPOS="839" WIDTH="73" HEIGHT="27" WC="0.92" CONTENT="gifven"/><SP WIDTH="7" VPOS="839" HPOS="888"/>
							<String ID="string_264" HPOS="895" VPOS="840" WIDTH="33" HEIGHT="20" WC="0.92" CONTENT="uti"/><SP WIDTH="9" VPOS="840" HPOS="928"/>
							<String ID="string_265" HPOS="937" VPOS="841" WIDTH="41" HEIGHT="19" WC="0.96" CONTENT="den"/>
						</TextLine>
						<TextLine ID="line_25" HPOS="153" VPOS="868" WIDTH="824" HEIGHT="28">
							<String ID="string_266" HPOS="153" VPOS="868" WIDTH="72" HEIGHT="25" WC="0.93" CONTENT="gamla"/><SP WIDTH="15" VPOS="868" HPOS="225"/>
							<String ID="string_267" HPOS="240" VPOS="869" WIDTH="199" HEIGHT="27" WC="0.92" CONTENT="värnepligtslagen"/><SP WIDTH="15" VPOS="869" HPOS="439"/>
							<String ID="string_268" HPOS="454" VPOS="871" WIDTH="39" HEIGHT="19" WC="0.93" CONTENT="och"/><SP WIDTH="11" VPOS="871" HPOS="493"/>
							<String ID="string_269" HPOS="504" VPOS="870" WIDTH="87" HEIGHT="21" WC="0.92" CONTENT="förenar"/><SP WIDTH="11" VPOS="870" HPOS="591"/>
							<String ID="string_270" HPOS="602" VPOS="870" WIDTH="44" HEIGHT="26" WC="0.93" CONTENT="mig"/><SP WIDTH="11" VPOS="870" HPOS="646"/>
							<String ID="string_271" HPOS="657" VPOS="870" WIDTH="65" HEIGHT="21" WC="0.92" CONTENT="äfven"/><SP WIDTH="12" VPOS="870" HPOS="722"/>
							<String ID="string_272" HPOS="734" VPOS="870" WIDTH="50" HEIGHT="20" WC="0.96" CONTENT="med"/><SP WIDTH="12" VPOS="870" HPOS="784"/>
							<String ID="string_273" HPOS="796" VPOS="870" WIDTH="56" HEIGHT="23" WC="0.96" CONTENT="dem,"/><SP WIDTH="13" VPOS="870" HPOS="852"/>
							<String ID="string_274" HPOS="865" VPOS="876" WIDTH="46" HEIGHT="13" WC="0.93" CONTENT="som"/><SP WIDTH="12" VPOS="876" HPOS="911"/>
							<String ID="string_275" HPOS="923" VPOS="871" WIDTH="54" HEIGHT="25" WC="0.92" CONTENT="yrka"/>
						</TextLine>
						<TextLine ID="line_26" HPOS="152" VPOS="899" WIDTH="827" HEIGHT="28">
							<String ID="string_276" HPOS="152" VPOS="899" WIDTH="36" HEIGHT="18" WC="0.96" CONTENT="att"/><SP WIDTH="14" VPOS="899" HPOS="188"/>
							<String ID="string_277" HPOS="202" VPOS="899" WIDTH="70" HEIGHT="20" WC="0.93" CONTENT="andra"/><SP WIDTH="14" VPOS="899" HPOS="272"/>
							<String ID="string_278" HPOS="286" VPOS="899" WIDTH="87" HEIGHT="26" WC="0.92" CONTENT="stycket"/><SP WIDTH="12" VPOS="899" HPOS="373"/>
							<String ID="string_279" HPOS="385" VPOS="900" WIDTH="33" HEIGHT="20" WC="0.93" CONTENT="uti"/><SP WIDTH="13" VPOS="900" HPOS="418"/>
							<String ID="string_280" HPOS="431" VPOS="901" WIDTH="9" HEIGHT="24" WC="0.93" CONTENT="$"/><SP WIDTH="12" VPOS="901" HPOS="440"/>
							<String ID="string_281" HPOS="452" VPOS="900" WIDTH="12" HEIGHT="20" WC="0.97" CONTENT="7"/><SP WIDTH="12" VPOS="900" HPOS="464"/>
							<String ID="string_282" HPOS="476" VPOS="901" WIDTH="57" HEIGHT="19" WC="0.97" CONTENT="helst"/><SP WIDTH="11" VPOS="901" HPOS="533"/>
							<String ID="string_283" HPOS="544" VPOS="901" WIDTH="68" HEIGHT="26" WC="0.93" CONTENT="skulle"/><SP WIDTH="12" VPOS="901" HPOS="612"/>
							<String ID="string_284" HPOS="624" VPOS="901" WIDTH="59" HEIGHT="26" WC="0.88" CONTENT="utgä;"/><SP WIDTH="13" VPOS="901" HPOS="683"/>
							<String ID="string_285" HPOS="696" VPOS="900" WIDTH="135" HEIGHT="20" WC="0.92" CONTENT="ätminstone"/><SP WIDTH="11" VPOS="900" HPOS="831"/>
							<String ID="string_286" HPOS="842" VPOS="900" WIDTH="40" HEIGHT="20" WC="0.93" CONTENT="bör"/><SP WIDTH="12" VPOS="900" HPOS="882"/>
							<String ID="string_287" HPOS="894" VPOS="902" WIDTH="85" HEIGHT="24" WC="0.87" CONTENT="uttryc-"/>
						</TextLine>
						<TextLine ID="line_27" HPOS="152" VPOS="927" WIDTH="826" HEIGHT="29">
							<String ID="string_288" HPOS="152" VPOS="927" WIDTH="45" HEIGHT="20" WC="0.93" CONTENT="ket:"/><SP WIDTH="15" VPOS="927" HPOS="197"/>
							<String ID="string_289" HPOS="212" VPOS="929" WIDTH="75" HEIGHT="25" WC="0.92" CONTENT="»ryska"/><SP WIDTH="11" VPOS="929" HPOS="287"/>
							<String ID="string_290" HPOS="298" VPOS="929" WIDTH="68" HEIGHT="20" WC="0.93" CONTENT="rikets"/><SP WIDTH="13" VPOS="929" HPOS="366"/>
							<String ID="string_291" HPOS="379" VPOS="930" WIDTH="127" HEIGHT="20" WC="0.91" CONTENT="undersäte»"/><SP WIDTH="11" VPOS="930" HPOS="506"/>
							<String ID="string_292" HPOS="517" VPOS="931" WIDTH="94" HEIGHT="19" WC="0.96" CONTENT="ersättas"/><SP WIDTH="10" VPOS="931" HPOS="611"/>
							<String ID="string_293" HPOS="621" VPOS="931" WIDTH="49" HEIGHT="19" WC="0.93" CONTENT="med"/><SP WIDTH="8" VPOS="931" HPOS="670"/>
							<String ID="string_294" HPOS="678" VPOS="931" WIDTH="57" HEIGHT="20" WC="0.96" CONTENT="blott"/><SP WIDTH="8" VPOS="931" HPOS="735"/>
							<String ID="string_295" HPOS="743" VPOS="930" WIDTH="160" HEIGHT="26" WC="0.91" CONTENT="»undersåtlig»,"/><SP WIDTH="10" VPOS="930" HPOS="903"/>
							<String ID="string_296" HPOS="913" VPOS="931" WIDTH="22" HEIGHT="19" WC="0.96" CONTENT="så"/><SP WIDTH="9" VPOS="931" HPOS="935"/>
							<String ID="string_297" HPOS="944" VPOS="932" WIDTH="34" HEIGHT="18" WC="0.95" CONTENT="att"/>
						</TextLine>
						<TextLine ID="line_28" HPOS="154" VPOS="958" WIDTH="825" HEIGHT="28">
							<String ID="string_298" HPOS="154" VPOS="958" WIDTH="88" HEIGHT="25" WC="0.92" CONTENT="stycket"/><SP WIDTH="16" VPOS="958" HPOS="242"/>
							<String ID="string_299" HPOS="258" VPOS="959" WIDTH="69" HEIGHT="26" WC="0.92" CONTENT="skylle"/><SP WIDTH="13" VPOS="959" HPOS="327"/>
							<String ID="string_300" HPOS="340" VPOS="960" WIDTH="59" HEIGHT="25" WC="0.92" CONTENT="lyda:"/><SP WIDTH="12" VPOS="960" HPOS="399"/>
							<String ID="string_301" HPOS="411" VPOS="960" WIDTH="76" HEIGHT="20" WC="0.91" CONTENT="»Finsk"/><SP WIDTH="12" VPOS="960" HPOS="487"/>
							<String ID="string_302" HPOS="499" VPOS="961" WIDTH="141" HEIGHT="25" WC="0.96" CONTENT="medborgare"/><SP WIDTH="12" VPOS="961" HPOS="640"/>
							<String ID="string_303" HPOS="652" VPOS="961" WIDTH="23" HEIGHT="20" WC="0.93" CONTENT="af"/><SP WIDTH="13" VPOS="961" HPOS="675"/>
							<String ID="string_304" HPOS="688" VPOS="961" WIDTH="103" HEIGHT="22" WC="0.91" CONTENT="mankön,"/><SP WIDTH="13" VPOS="961" HPOS="791"/>
							<String ID="string_305" HPOS="804" VPOS="966" WIDTH="47" HEIGHT="14" WC="0.96" CONTENT="som"/><SP WIDTH="10" VPOS="966" HPOS="851"/>
							<String ID="string_306" HPOS="861" VPOS="960" WIDTH="52" HEIGHT="26" WC="0.91" CONTENT="fyllt"/><SP WIDTH="11" VPOS="960" HPOS="913"/>
							<String ID="string_307" HPOS="924" VPOS="961" WIDTH="55" HEIGHT="19" WC="0.91" CONTENT="fem-"/>
						</TextLine>
						<TextLine ID="line_29" HPOS="153" VPOS="987" WIDTH="824" HEIGHT="30">
							<String ID="string_308" HPOS="153" VPOS="988" WIDTH="38" HEIGHT="19" WC="0.96" CONTENT="ton"/><SP WIDTH="13" VPOS="988" HPOS="191"/>
							<String ID="string_309" HPOS="204" VPOS="987" WIDTH="30" HEIGHT="24" WC="0.96" CONTENT="år,"/><SP WIDTH="14" VPOS="987" HPOS="234"/>
							<String ID="string_310" HPOS="248" VPOS="988" WIDTH="43" HEIGHT="21" WC="0.93" CONTENT="kan"/><SP WIDTH="13" VPOS="988" HPOS="291"/>
							<String ID="string_311" HPOS="304" VPOS="989" WIDTH="97" HEIGHT="20" WC="0.92" CONTENT="frikallas"/><SP WIDTH="12" VPOS="989" HPOS="401"/>
							<String ID="string_312" HPOS="413" VPOS="990" WIDTH="49" HEIGHT="20" WC="0.96" CONTENT="från"/><SP WIDTH="12" VPOS="990" HPOS="462"/>
							<String ID="string_313" HPOS="474" VPOS="990" WIDTH="47" HEIGHT="20" WC="0.93" CONTENT="sina"/><SP WIDTH="12" VPOS="990" HPOS="521"/>
							<String ID="string_314" HPOS="533" VPOS="991" WIDTH="147" HEIGHT="26" WC="0.91" CONTENT="undersätliga"/><SP WIDTH="12" VPOS="991" HPOS="680"/>
							<String ID="string_315" HPOS="692" VPOS="990" WIDTH="153" HEIGHT="21" WC="0.93" CONTENT="förbindelser»"/><SP WIDTH="12" VPOS="990" HPOS="845"/>
							<String ID="string_316" HPOS="857" VPOS="996" WIDTH="18" HEIGHT="14" WC="0.89" CONTENT="0."/><SP WIDTH="10" VPOS="996" HPOS="875"/>
							<String ID="string_317" HPOS="885" VPOS="996" WIDTH="15" HEIGHT="14" WC="0.93" CONTENT="s."/><SP WIDTH="9" VPOS="996" HPOS="900"/>
							<String ID="string_318" HPOS="909" VPOS="991" WIDTH="68" HEIGHT="19" WC="0.50" CONTENT="v.-—*"/>
						</TextLine>
					</TextBlock>
				</ComposedBlock>
				<ComposedBlock ID="cblock_3" HPOS="151" VPOS="1048" WIDTH="828" HEIGHT="447">
					<TextBlock ID="block_2" HPOS="151" VPOS="1048" WIDTH="828" HEIGHT="447">
						<TextLine ID="line_30" HPOS="196" VPOS="1048" WIDTH="783" HEIGHT="28">
							<String ID="string_319" HPOS="196" VPOS="1048" WIDTH="32" HEIGHT="20" WC="0.96" CONTENT="Hr"/><SP WIDTH="22" VPOS="1048" HPOS="228"/>
							<String ID="string_320" HPOS="250" VPOS="1049" WIDTH="98" HEIGHT="20" WC="0.93" CONTENT="Ernst"/><SP WIDTH="23" VPOS="1049" HPOS="348"/>
							<String ID="string_321" HPOS="371" VPOS="1051" WIDTH="186" HEIGHT="20" WC="0.89" CONTENT="Estlander:"/><SP WIDTH="37" VPOS="1051" HPOS="557"/>
							<String ID="string_322" HPOS="594" VPOS="1051" WIDTH="33" HEIGHT="19" WC="0.95" CONTENT="Då"/><SP WIDTH="22" VPOS="1051" HPOS="627"/>
							<String ID="string_323" HPOS="649" VPOS="1051" WIDTH="37" HEIGHT="20" WC="0.96" CONTENT="det"/><SP WIDTH="21" VPOS="1051" HPOS="686"/>
							<String ID="string_324" HPOS="707" VPOS="1050" WIDTH="124" HEIGHT="26" WC="0.96" CONTENT="antagligen"/><SP WIDTH="14" VPOS="1050" HPOS="831"/>
							<String ID="string_325" HPOS="845" VPOS="1050" WIDTH="48" HEIGHT="20" WC="0.93" CONTENT="icke"/><SP WIDTH="14" VPOS="1050" HPOS="893"/>
							<String ID="string_326" HPOS="907" VPOS="1056" WIDTH="72" HEIGHT="20" WC="0.91" CONTENT="yppar"/>
						</TextLine>
						<TextLine ID="line_31" HPOS="153" VPOS="1077" WIDTH="824" HEIGHT="30">
							<String ID="string_327" HPOS="153" VPOS="1077" WIDTH="31" HEIGHT="26" WC="0.93" CONTENT="sig"/><SP WIDTH="9" VPOS="1077" HPOS="184"/>
							<String ID="string_328" HPOS="193" VPOS="1079" WIDTH="90" HEIGHT="26" WC="0.91" CONTENT="mänget"/><SP WIDTH="8" VPOS="1079" HPOS="283"/>
							<String ID="string_329" HPOS="291" VPOS="1079" WIDTH="84" HEIGHT="21" WC="0.96" CONTENT="tillfälle"/><SP WIDTH="9" VPOS="1079" HPOS="375"/>
							<String ID="string_330" HPOS="384" VPOS="1080" WIDTH="33" HEIGHT="20" WC="0.96" CONTENT="för"/><SP WIDTH="9" VPOS="1080" HPOS="417"/>
							<String ID="string_331" HPOS="426" VPOS="1081" WIDTH="41" HEIGHT="20" WC="0.96" CONTENT="den"/><SP WIDTH="8" VPOS="1081" HPOS="467"/>
							<String ID="string_332" HPOS="475" VPOS="1081" WIDTH="97" HEIGHT="20" WC="0.96" CONTENT="enskilde"/><SP WIDTH="8" VPOS="1081" HPOS="572"/>
							<String ID="string_333" HPOS="580" VPOS="1082" WIDTH="35" HEIGHT="19" WC="0.96" CONTENT="att"/><SP WIDTH="8" VPOS="1082" HPOS="615"/>
							<String ID="string_334" HPOS="623" VPOS="1081" WIDTH="71" HEIGHT="20" WC="0.96" CONTENT="uttala"/><SP WIDTH="9" VPOS="1081" HPOS="694"/>
							<String ID="string_335" HPOS="703" VPOS="1081" WIDTH="32" HEIGHT="20" WC="0.93" CONTENT="sin"/><SP WIDTH="15" VPOS="1081" HPOS="735"/>
							<String ID="string_336" HPOS="750" VPOS="1080" WIDTH="71" HEIGHT="27" WC="0.92" CONTENT="äsigt"/><SP WIDTH="-8" VPOS="1080" HPOS="821"/>
							<String ID="string_337" HPOS="813" VPOS="1073" WIDTH="14" HEIGHT="38" WC="0.92" CONTENT="i"/><SP WIDTH="4" VPOS="1073" HPOS="827"/>
							<String ID="string_338" HPOS="831" VPOS="1080" WIDTH="70" HEIGHT="20" WC="0.96" CONTENT="denna"/><SP WIDTH="8" VPOS="1080" HPOS="901"/>
							<String ID="string_339" HPOS="909" VPOS="1080" WIDTH="68" HEIGHT="27" WC="0.96" CONTENT="fråga,"/>
						</TextLine>
						<TextLine ID="line_32" HPOS="152" VPOS="1107" WIDTH="826" HEIGHT="30">
							<String ID="string_340" HPOS="152" VPOS="1107" WIDTH="39" HEIGHT="20" WC="0.96" CONTENT="ber"/><SP WIDTH="11" VPOS="1107" HPOS="191"/>
							<String ID="string_341" HPOS="202" VPOS="1108" WIDTH="38" HEIGHT="26" WC="0.96" CONTENT="jag"/><SP WIDTH="14" VPOS="1108" HPOS="240"/>
							<String ID="string_342" HPOS="254" VPOS="1109" WIDTH="22" HEIGHT="20" WC="0.96" CONTENT="få"/><SP WIDTH="14" VPOS="1109" HPOS="276"/>
							<String ID="string_343" HPOS="290" VPOS="1116" WIDTH="28" HEIGHT="13" WC="0.96" CONTENT="nu"/><SP WIDTH="14" VPOS="1116" HPOS="318"/>
							<String ID="string_344" HPOS="332" VPOS="1109" WIDTH="34" HEIGHT="20" WC="0.96" CONTENT="för"/><SP WIDTH="13" VPOS="1109" HPOS="366"/>
							<String ID="string_345" HPOS="379" VPOS="1110" WIDTH="45" HEIGHT="20" WC="0.96" CONTENT="min"/><SP WIDTH="14" VPOS="1110" HPOS="424"/>
							<String ID="string_346" HPOS="438" VPOS="1111" WIDTH="34" HEIGHT="19" WC="0.96" CONTENT="del"/><SP WIDTH="13" VPOS="1111" HPOS="472"/>
							<String ID="string_347" HPOS="485" VPOS="1112" WIDTH="52" HEIGHT="24" WC="0.96" CONTENT="göra"/><SP WIDTH="13" VPOS="1112" HPOS="537"/>
							<String ID="string_348" HPOS="550" VPOS="1110" WIDTH="97" HEIGHT="27" WC="0.96" CONTENT="följande"/><SP WIDTH="13" VPOS="1110" HPOS="647"/>
							<String ID="string_349" HPOS="660" VPOS="1111" WIDTH="122" HEIGHT="20" WC="0.96" CONTENT="uttalande:"/><SP WIDTH="30" VPOS="1111" HPOS="782"/>
							<String ID="string_350" HPOS="812" VPOS="1110" WIDTH="43" HEIGHT="26" WC="0.96" CONTENT="Jag"/><SP WIDTH="13" VPOS="1110" HPOS="855"/>
							<String ID="string_351" HPOS="868" VPOS="1116" WIDTH="63" HEIGHT="14" WC="0.96" CONTENT="anser"/><SP WIDTH="13" VPOS="1116" HPOS="931"/>
							<String ID="string_352" HPOS="944" VPOS="1111" WIDTH="34" HEIGHT="19" WC="0.96" CONTENT="att"/>
						</TextLine>
						<TextLine ID="line_33" HPOS="153" VPOS="1138" WIDTH="826" HEIGHT="28">
							<String ID="string_353" HPOS="153" VPOS="1138" WIDTH="56" HEIGHT="19" WC="0.96" CONTENT="efter"/><SP WIDTH="14" VPOS="1138" HPOS="209"/>
							<String ID="string_354" HPOS="223" VPOS="1139" WIDTH="137" HEIGHT="20" WC="0.96" CONTENT="tillkomsten"/><SP WIDTH="16" VPOS="1139" HPOS="360"/>
							<String ID="string_355" HPOS="376" VPOS="1140" WIDTH="23" HEIGHT="20" WC="0.96" CONTENT="af"/><SP WIDTH="15" VPOS="1140" HPOS="399"/>
							<String ID="string_356" HPOS="414" VPOS="1141" WIDTH="38" HEIGHT="19" WC="0.96" CONTENT="det"/><SP WIDTH="15" VPOS="1141" HPOS="452"/>
							<String ID="string_357" HPOS="467" VPOS="1141" WIDTH="114" HEIGHT="25" WC="0.95" CONTENT="kejserliga"/><SP WIDTH="15" VPOS="1141" HPOS="581"/>
							<String ID="string_358" HPOS="596" VPOS="1141" WIDTH="126" HEIGHT="20" WC="0.96" CONTENT="manifestet"/><SP WIDTH="15" VPOS="1141" HPOS="722"/>
							<String ID="string_359" HPOS="737" VPOS="1141" WIDTH="22" HEIGHT="20" WC="0.96" CONTENT="af"/><SP WIDTH="16" VPOS="1141" HPOS="759"/>
							<String ID="string_360" HPOS="775" VPOS="1141" WIDTH="42" HEIGHT="20" WC="0.96" CONTENT="den"/><SP WIDTH="16" VPOS="1141" HPOS="817"/>
							<String ID="string_361" HPOS="833" VPOS="1140" WIDTH="25" HEIGHT="20" WC="0.95" CONTENT="15"/><SP WIDTH="16" VPOS="1140" HPOS="858"/>
							<String ID="string_362" HPOS="874" VPOS="1140" WIDTH="105" HEIGHT="20" WC="0.95" CONTENT="Februari"/>
						</TextLine>
						<TextLine ID="line_34" HPOS="152" VPOS="1167" WIDTH="827" HEIGHT="29">
							<String ID="string_363" HPOS="152" VPOS="1167" WIDTH="38" HEIGHT="20" WC="0.93" CONTENT="det"/><SP WIDTH="18" VPOS="1167" HPOS="190"/>
							<String ID="string_364" HPOS="208" VPOS="1168" WIDTH="99" HEIGHT="21" WC="0.91" CONTENT="hvarken"/><SP WIDTH="18" VPOS="1168" HPOS="307"/>
							<String ID="string_365" HPOS="325" VPOS="1169" WIDTH="39" HEIGHT="20" WC="0.96" CONTENT="bör"/><SP WIDTH="18" VPOS="1169" HPOS="364"/>
							<String ID="string_366" HPOS="382" VPOS="1170" WIDTH="51" HEIGHT="20" WC="0.96" CONTENT="eller"/><SP WIDTH="17" VPOS="1170" HPOS="433"/>
							<String ID="string_367" HPOS="450" VPOS="1176" WIDTH="38" HEIGHT="14" WC="0.96" CONTENT="ens"/><SP WIDTH="16" VPOS="1176" HPOS="488"/>
							<String ID="string_368" HPOS="504" VPOS="1171" WIDTH="74" HEIGHT="25" WC="0.96" CONTENT="längre"/><SP WIDTH="17" VPOS="1171" HPOS="578"/>
							<String ID="string_369" HPOS="595" VPOS="1171" WIDTH="44" HEIGHT="19" WC="0.96" CONTENT="kan"/><SP WIDTH="16" VPOS="1171" HPOS="639"/>
							<String ID="string_370" HPOS="655" VPOS="1177" WIDTH="54" HEIGHT="14" WC="0.93" CONTENT="vara"/><SP WIDTH="18" VPOS="1177" HPOS="709"/>
							<String ID="string_371" HPOS="727" VPOS="1170" WIDTH="146" HEIGHT="26" WC="0.92" CONTENT="landtdagens"/><SP WIDTH="18" VPOS="1170" HPOS="873"/>
							<String ID="string_372" HPOS="891" VPOS="1170" WIDTH="88" HEIGHT="26" WC="0.96" CONTENT="uppgift"/>
						</TextLine>
						<TextLine ID="line_35" HPOS="152" VPOS="1198" WIDTH="827" HEIGHT="29">
							<String ID="string_373" HPOS="152" VPOS="1199" WIDTH="33" HEIGHT="18" WC="0.96" CONTENT="att"/><SP WIDTH="15" VPOS="1199" HPOS="185"/>
							<String ID="string_374" HPOS="200" VPOS="1198" WIDTH="38" HEIGHT="19" WC="0.96" CONTENT="vid"/><SP WIDTH="14" VPOS="1198" HPOS="238"/>
							<String ID="string_375" HPOS="252" VPOS="1199" WIDTH="162" HEIGHT="26" WC="0.96" CONTENT="behandlingen"/><SP WIDTH="13" VPOS="1199" HPOS="414"/>
							<String ID="string_376" HPOS="427" VPOS="1200" WIDTH="23" HEIGHT="20" WC="0.92" CONTENT="af"/><SP WIDTH="12" VPOS="1200" HPOS="450"/>
							<String ID="string_377" HPOS="462" VPOS="1200" WIDTH="299" HEIGHT="27" WC="0.91" CONTENT="värnepligtspropositionen"/><SP WIDTH="14" VPOS="1200" HPOS="761"/>
							<String ID="string_378" HPOS="775" VPOS="1200" WIDTH="53" HEIGHT="20" WC="0.96" CONTENT="söka"/><SP WIDTH="13" VPOS="1200" HPOS="828"/>
							<String ID="string_379" HPOS="841" VPOS="1200" WIDTH="91" HEIGHT="26" WC="0.93" CONTENT="vidtaga"/><SP WIDTH="13" VPOS="1200" HPOS="932"/>
							<String ID="string_380" HPOS="945" VPOS="1200" WIDTH="34" HEIGHT="20" WC="0.93" CONTENT="så-"/>
						</TextLine>
						<TextLine ID="line_36" HPOS="152" VPOS="1227" WIDTH="827" HEIGHT="29">
							<String ID="string_381" HPOS="152" VPOS="1227" WIDTH="58" HEIGHT="20" WC="0.96" CONTENT="dana"/><SP WIDTH="12" VPOS="1227" HPOS="210"/>
							<String ID="string_382" HPOS="222" VPOS="1229" WIDTH="119" HEIGHT="26" WC="0.96" CONTENT="ändringar"/><SP WIDTH="10" VPOS="1229" HPOS="341"/>
							<String ID="string_383" HPOS="351" VPOS="1229" WIDTH="7" HEIGHT="20" WC="0.96" CONTENT="i"/><SP WIDTH="12" VPOS="1229" HPOS="358"/>
							<String ID="string_384" HPOS="370" VPOS="1236" WIDTH="29" HEIGHT="13" WC="0.96" CONTENT="nu"/><SP WIDTH="11" VPOS="1236" HPOS="399"/>
							<String ID="string_385" HPOS="410" VPOS="1230" WIDTH="101" HEIGHT="26" WC="0.93" CONTENT="gällande"/><SP WIDTH="10" VPOS="1230" HPOS="511"/>
							<String ID="string_386" HPOS="521" VPOS="1230" WIDTH="177" HEIGHT="26" WC="0.90" CONTENT="värnepligtslag,"/><SP WIDTH="12" VPOS="1230" HPOS="698"/>
							<String ID="string_387" HPOS="710" VPOS="1231" WIDTH="35" HEIGHT="19" WC="0.93" CONTENT="att"/><SP WIDTH="12" VPOS="1231" HPOS="745"/>
							<String ID="string_388" HPOS="757" VPOS="1230" WIDTH="124" HEIGHT="26" WC="0.91" CONTENT="derigenom"/><SP WIDTH="11" VPOS="1230" HPOS="881"/>
							<String ID="string_389" HPOS="892" VPOS="1231" WIDTH="33" HEIGHT="19" WC="0.93" CONTENT="ett"/><SP WIDTH="11" VPOS="1231" HPOS="925"/>
							<String ID="string_390" HPOS="936" VPOS="1230" WIDTH="43" HEIGHT="20" WC="0.92" CONTENT="för-"/>
						</TextLine>
						<TextLine ID="line_37" HPOS="152" VPOS="1257" WIDTH="827" HEIGHT="29">
							<String ID="string_391" HPOS="152" VPOS="1257" WIDTH="46" HEIGHT="26" WC="0.96" CONTENT="slag"/><SP WIDTH="14" VPOS="1257" HPOS="198"/>
							<String ID="string_392" HPOS="212" VPOS="1257" WIDTH="34" HEIGHT="20" WC="0.96" CONTENT="till"/><SP WIDTH="14" VPOS="1257" HPOS="246"/>
							<String ID="string_393" HPOS="260" VPOS="1258" WIDTH="126" HEIGHT="27" WC="0.96" CONTENT="förordning"/><SP WIDTH="13" VPOS="1258" HPOS="386"/>
							<String ID="string_394" HPOS="399" VPOS="1260" WIDTH="69" HEIGHT="20" WC="0.93" CONTENT="skulle"/><SP WIDTH="8" VPOS="1260" HPOS="468"/>
							<String ID="string_395" HPOS="476" VPOS="1260" WIDTH="69" HEIGHT="23" WC="0.92" CONTENT="ernås,"/><SP WIDTH="10" VPOS="1260" HPOS="545"/>
							<String ID="string_396" HPOS="555" VPOS="1266" WIDTH="46" HEIGHT="14" WC="0.93" CONTENT="som"/><SP WIDTH="8" VPOS="1266" HPOS="601"/>
							<String ID="string_397" HPOS="609" VPOS="1260" WIDTH="54" HEIGHT="26" WC="0.93" CONTENT="egde"/><SP WIDTH="8" VPOS="1260" HPOS="663"/>
							<String ID="string_398" HPOS="671" VPOS="1260" WIDTH="71" HEIGHT="20" WC="0.96" CONTENT="utsikt"/><SP WIDTH="8" VPOS="1260" HPOS="742"/>
							<String ID="string_399" HPOS="750" VPOS="1261" WIDTH="35" HEIGHT="19" WC="0.96" CONTENT="att"/><SP WIDTH="8" VPOS="1261" HPOS="785"/>
							<String ID="string_400" HPOS="793" VPOS="1260" WIDTH="67" HEIGHT="20" WC="0.93" CONTENT="vinna"/><SP WIDTH="9" VPOS="1260" HPOS="860"/>
							<String ID="string_401" HPOS="869" VPOS="1259" WIDTH="110" HEIGHT="21" WC="0.91" CONTENT="öfverhet-"/>
						</TextLine>
						<TextLine ID="line_38" HPOS="152" VPOS="1287" WIDTH="826" HEIGHT="29">
							<String ID="string_402" HPOS="152" VPOS="1287" WIDTH="29" HEIGHT="26" WC="0.95" CONTENT="lig"/><SP WIDTH="13" VPOS="1287" HPOS="181"/>
							<String ID="string_403" HPOS="194" VPOS="1288" WIDTH="111" HEIGHT="20" WC="0.96" CONTENT="sanktion."/><SP WIDTH="27" VPOS="1288" HPOS="305"/>
							<String ID="string_404" HPOS="332" VPOS="1289" WIDTH="76" HEIGHT="26" WC="0.96" CONTENT="Enligt"/><SP WIDTH="14" VPOS="1289" HPOS="408"/>
							<String ID="string_405" HPOS="422" VPOS="1290" WIDTH="44" HEIGHT="19" WC="0.96" CONTENT="min"/><SP WIDTH="14" VPOS="1290" HPOS="466"/>
							<String ID="string_406" HPOS="480" VPOS="1290" WIDTH="143" HEIGHT="26" WC="0.96" CONTENT="uppfattning"/><SP WIDTH="14" VPOS="1290" HPOS="623"/>
							<String ID="string_407" HPOS="637" VPOS="1291" WIDTH="128" HEIGHT="19" WC="0.96" CONTENT="ankommer"/><SP WIDTH="14" VPOS="1291" HPOS="765"/>
							<String ID="string_408" HPOS="779" VPOS="1290" WIDTH="37" HEIGHT="20" WC="0.93" CONTENT="det"/><SP WIDTH="13" VPOS="1290" HPOS="816"/>
							<String ID="string_409" HPOS="829" VPOS="1290" WIDTH="12" HEIGHT="19" WC="0.91" CONTENT="å"/><SP WIDTH="15" VPOS="1290" HPOS="841"/>
							<String ID="string_410" HPOS="856" VPOS="1289" WIDTH="122" HEIGHT="20" WC="0.91" CONTENT="Ständerna"/>
						</TextLine>
						<TextLine ID="line_39" HPOS="152" VPOS="1317" WIDTH="827" HEIGHT="29">
							<String ID="string_411" HPOS="152" VPOS="1318" WIDTH="35" HEIGHT="18" WC="0.96" CONTENT="att"/><SP WIDTH="13" VPOS="1318" HPOS="187"/>
							<String ID="string_412" HPOS="200" VPOS="1317" WIDTH="39" HEIGHT="20" WC="0.96" CONTENT="vid"/><SP WIDTH="15" VPOS="1317" HPOS="239"/>
							<String ID="string_413" HPOS="254" VPOS="1319" WIDTH="37" HEIGHT="19" WC="0.93" CONTENT="det"/><SP WIDTH="13" VPOS="1319" HPOS="291"/>
							<String ID="string_414" HPOS="304" VPOS="1319" WIDTH="129" HEIGHT="20" WC="0.91" CONTENT="tillämnade"/><SP WIDTH="14" VPOS="1319" HPOS="433"/>
							<String ID="string_415" HPOS="447" VPOS="1319" WIDTH="139" HEIGHT="27" WC="0.93" CONTENT="lagförslaget"/><SP WIDTH="13" VPOS="1319" HPOS="586"/>
							<String ID="string_416" HPOS="599" VPOS="1320" WIDTH="121" HEIGHT="26" WC="0.91" CONTENT="sorgfälligt"/><SP WIDTH="13" VPOS="1320" HPOS="720"/>
							<String ID="string_417" HPOS="733" VPOS="1320" WIDTH="101" HEIGHT="26" WC="0.91" CONTENT="iakttaga"/><SP WIDTH="26" VPOS="1320" HPOS="834"/>
							<String ID="string_418" HPOS="860" VPOS="1319" WIDTH="59" HEIGHT="20" WC="0.93" CONTENT="hvad"/><SP WIDTH="14" VPOS="1319" HPOS="919"/>
							<String ID="string_419" HPOS="933" VPOS="1319" WIDTH="46" HEIGHT="20" WC="0.92" CONTENT="lan-"/>
						</TextLine>
						<TextLine ID="line_40" HPOS="152" VPOS="1347" WIDTH="827" HEIGHT="29">
							<String ID="string_420" HPOS="152" VPOS="1347" WIDTH="49" HEIGHT="19" WC="0.96" CONTENT="dets"/><SP WIDTH="14" VPOS="1347" HPOS="201"/>
							<String ID="string_421" HPOS="215" VPOS="1349" WIDTH="47" HEIGHT="18" WC="0.96" CONTENT="rätt"/><SP WIDTH="14" VPOS="1349" HPOS="262"/>
							<String ID="string_422" HPOS="276" VPOS="1348" WIDTH="85" HEIGHT="21" WC="0.96" CONTENT="fordrar"/><SP WIDTH="14" VPOS="1348" HPOS="361"/>
							<String ID="string_423" HPOS="375" VPOS="1349" WIDTH="34" HEIGHT="20" WC="0.93" CONTENT="för"/><SP WIDTH="14" VPOS="1349" HPOS="409"/>
							<String ID="string_424" HPOS="423" VPOS="1349" WIDTH="121" HEIGHT="20" WC="0.91" CONTENT="häfdandet"/><SP WIDTH="13" VPOS="1349" HPOS="544"/>
							<String ID="string_425" HPOS="557" VPOS="1350" WIDTH="23" HEIGHT="19" WC="0.96" CONTENT="af"/><SP WIDTH="14" VPOS="1350" HPOS="580"/>
							<String ID="string_426" HPOS="594" VPOS="1350" WIDTH="48" HEIGHT="20" WC="0.96" CONTENT="dess"/><SP WIDTH="14" VPOS="1350" HPOS="642"/>
							<String ID="string_427" HPOS="656" VPOS="1350" WIDTH="89" HEIGHT="26" WC="0.96" CONTENT="statliga"/><SP WIDTH="14" VPOS="1350" HPOS="745"/>
							<String ID="string_428" HPOS="759" VPOS="1349" WIDTH="104" HEIGHT="26" WC="0.96" CONTENT="ställning"/><SP WIDTH="14" VPOS="1349" HPOS="863"/>
							<String ID="string_429" HPOS="877" VPOS="1349" WIDTH="41" HEIGHT="20" WC="0.93" CONTENT="och"/><SP WIDTH="14" VPOS="1349" HPOS="918"/>
							<String ID="string_430" HPOS="932" VPOS="1349" WIDTH="47" HEIGHT="20" WC="0.91" CONTENT="der-"/>
						</TextLine>
						<TextLine ID="line_41" HPOS="151" VPOS="1376" WIDTH="828" HEIGHT="29">
							<String ID="string_431" HPOS="151" VPOS="1376" WIDTH="75" HEIGHT="25" WC="0.96" CONTENT="jemte,"/><SP WIDTH="16" VPOS="1376" HPOS="226"/>
							<String ID="string_432" HPOS="242" VPOS="1377" WIDTH="7" HEIGHT="20" WC="0.96" CONTENT="i"/><SP WIDTH="14" VPOS="1377" HPOS="249"/>
							<String ID="string_433" HPOS="263" VPOS="1378" WIDTH="101" HEIGHT="21" WC="0.93" CONTENT="afseende"/><SP WIDTH="14" VPOS="1378" HPOS="364"/>
							<String ID="string_434" HPOS="378" VPOS="1379" WIDTH="12" HEIGHT="20" WC="0.93" CONTENT="å"/><SP WIDTH="14" VPOS="1379" HPOS="390"/>
							<String ID="string_435" HPOS="404" VPOS="1379" WIDTH="88" HEIGHT="26" WC="0.96" CONTENT="frågans"/><SP WIDTH="13" VPOS="1379" HPOS="492"/>
							<String ID="string_436" HPOS="505" VPOS="1381" WIDTH="49" HEIGHT="18" WC="0.96" CONTENT="rent"/><SP WIDTH="13" VPOS="1381" HPOS="554"/>
							<String ID="string_437" HPOS="567" VPOS="1379" WIDTH="94" HEIGHT="21" WC="0.96" CONTENT="militära"/><SP WIDTH="15" VPOS="1379" HPOS="661"/>
							<String ID="string_438" HPOS="676" VPOS="1379" WIDTH="53" HEIGHT="24" WC="0.96" CONTENT="sida,"/><SP WIDTH="14" VPOS="1379" HPOS="729"/>
							<String ID="string_439" HPOS="743" VPOS="1379" WIDTH="60" HEIGHT="20" WC="0.96" CONTENT="hvad"/><SP WIDTH="14" VPOS="1379" HPOS="803"/>
							<String ID="string_440" HPOS="817" VPOS="1379" WIDTH="86" HEIGHT="20" WC="0.93" CONTENT="landets"/><SP WIDTH="14" VPOS="1379" HPOS="903"/>
							<String ID="string_441" HPOS="917" VPOS="1385" WIDTH="62" HEIGHT="20" WC="0.92" CONTENT="egen-"/>
						</TextLine>
						<TextLine ID="line_42" HPOS="152" VPOS="1407" WIDTH="827" HEIGHT="28">
							<String ID="string_442" HPOS="152" VPOS="1407" WIDTH="78" HEIGHT="20" WC="0.92" CONTENT="artade"/><SP WIDTH="10" VPOS="1407" HPOS="230"/>
							<String ID="string_443" HPOS="240" VPOS="1407" WIDTH="153" HEIGHT="21" WC="0.93" CONTENT="förhållanden"/><SP WIDTH="9" VPOS="1407" HPOS="393"/>
							<String ID="string_444" HPOS="402" VPOS="1409" WIDTH="85" HEIGHT="20" WC="0.92" CONTENT="kräfva."/><SP WIDTH="19" VPOS="1409" HPOS="487"/>
							<String ID="string_445" HPOS="506" VPOS="1409" WIDTH="43" HEIGHT="26" WC="0.93" CONTENT="Jag"/><SP WIDTH="9" VPOS="1409" HPOS="549"/>
							<String ID="string_446" HPOS="558" VPOS="1409" WIDTH="75" HEIGHT="20" WC="0.89" CONTENT="tviflar"/><SP WIDTH="9" VPOS="1409" HPOS="633"/>
							<String ID="string_447" HPOS="642" VPOS="1409" WIDTH="119" HEIGHT="26" WC="0.96" CONTENT="ingalunda"/><SP WIDTH="11" VPOS="1409" HPOS="761"/>
							<String ID="string_448" HPOS="772" VPOS="1410" WIDTH="27" HEIGHT="25" WC="0.96" CONTENT="på"/><SP WIDTH="10" VPOS="1410" HPOS="799"/>
							<String ID="string_449" HPOS="809" VPOS="1411" WIDTH="35" HEIGHT="18" WC="0.96" CONTENT="att"/><SP WIDTH="9" VPOS="1411" HPOS="844"/>
							<String ID="string_450" HPOS="853" VPOS="1409" WIDTH="66" HEIGHT="20" WC="0.96" CONTENT="äfven"/><SP WIDTH="10" VPOS="1409" HPOS="919"/>
							<String ID="string_451" HPOS="929" VPOS="1409" WIDTH="50" HEIGHT="20" WC="0.96" CONTENT="med"/>
						</TextLine>
						<TextLine ID="line_43" HPOS="152" VPOS="1436" WIDTH="827" HEIGHT="29">
							<String ID="string_452" HPOS="152" VPOS="1436" WIDTH="145" HEIGHT="27" WC="0.95" CONTENT="iakttagande"/><SP WIDTH="17" VPOS="1436" HPOS="297"/>
							<String ID="string_453" HPOS="314" VPOS="1439" WIDTH="64" HEIGHT="19" WC="0.96" CONTENT="häraf"/><SP WIDTH="16" VPOS="1439" HPOS="378"/>
							<String ID="string_454" HPOS="394" VPOS="1439" WIDTH="82" HEIGHT="20" WC="0.96" CONTENT="sådana"/><SP WIDTH="17" VPOS="1439" HPOS="476"/>
							<String ID="string_455" HPOS="493" VPOS="1439" WIDTH="151" HEIGHT="26" WC="0.96" CONTENT="förändringar"/><SP WIDTH="16" VPOS="1439" HPOS="644"/>
							<String ID="string_456" HPOS="660" VPOS="1439" WIDTH="61" HEIGHT="20" WC="0.96" CONTENT="skola"/><SP WIDTH="16" VPOS="1439" HPOS="721"/>
							<String ID="string_457" HPOS="737" VPOS="1440" WIDTH="75" HEIGHT="19" WC="0.96" CONTENT="kunna"/><SP WIDTH="14" VPOS="1440" HPOS="812"/>
							<String ID="string_458" HPOS="826" VPOS="1439" WIDTH="23" HEIGHT="20" WC="0.96" CONTENT="af"/><SP WIDTH="13" VPOS="1439" HPOS="849"/>
							<String ID="string_459" HPOS="862" VPOS="1439" WIDTH="117" HEIGHT="20" WC="0.96" CONTENT="Utskottet"/>
						</TextLine>
						<TextLine ID="line_44" HPOS="151" VPOS="1465" WIDTH="828" HEIGHT="30">
							<String ID="string_460" HPOS="151" VPOS="1465" WIDTH="91" HEIGHT="21" WC="0.96" CONTENT="föreslås"/><SP WIDTH="17" VPOS="1465" HPOS="242"/>
							<String ID="string_461" HPOS="259" VPOS="1468" WIDTH="40" HEIGHT="19" WC="0.96" CONTENT="och"/><SP WIDTH="16" VPOS="1468" HPOS="299"/>
							<String ID="string_462" HPOS="315" VPOS="1468" WIDTH="23" HEIGHT="19" WC="0.93" CONTENT="af"/><SP WIDTH="17" VPOS="1468" HPOS="338"/>
							<String ID="string_463" HPOS="355" VPOS="1469" WIDTH="122" HEIGHT="20" WC="0.91" CONTENT="Ständerna"/><SP WIDTH="17" VPOS="1469" HPOS="477"/>
							<String ID="string_464" HPOS="494" VPOS="1469" WIDTH="91" HEIGHT="23" WC="0.90" CONTENT="bifallas,"/><SP WIDTH="18" VPOS="1469" HPOS="585"/>
							<String ID="string_465" HPOS="603" VPOS="1475" WIDTH="46" HEIGHT="14" WC="0.96" CONTENT="som"/><SP WIDTH="16" VPOS="1475" HPOS="649"/>
							<String ID="string_466" HPOS="665" VPOS="1471" WIDTH="51" HEIGHT="24" WC="0.96" CONTENT="göra"/><SP WIDTH="17" VPOS="1471" HPOS="716"/>
							<String ID="string_467" HPOS="733" VPOS="1469" WIDTH="37" HEIGHT="20" WC="0.91" CONTENT="det"/><SP WIDTH="17" VPOS="1469" HPOS="770"/>
							<String ID="string_468" HPOS="787" VPOS="1469" WIDTH="87" HEIGHT="20" WC="0.91" CONTENT="evident"/><SP WIDTH="17" VPOS="1469" HPOS="874"/>
							<String ID="string_469" HPOS="891" VPOS="1470" WIDTH="35" HEIGHT="19" WC="0.96" CONTENT="att"/><SP WIDTH="16" VPOS="1470" HPOS="926"/>
							<String ID="string_470" HPOS="942" VPOS="1469" WIDTH="37" HEIGHT="20" WC="0.95" CONTENT="det"/>
						</TextLine>
					</TextBlock>
				</ComposedBlock>
			</PrintSpace>
		</Page>
	</Layout>
</alto>
