1048 1634
347 96 21 17 R.
382 100 17 13 o.
415 96 19 17 A.
449 97 52 16 1899.
517 97 23 16 16
553 97 55 16 Mars.
866 96 20 16 21

64 156 76 26 stryka
151 156 37 20 det
197 156 87 26 förslag,
295 162 47 14 som
351 156 40 20 här
400 156 113 26 föreligger
523 162 36 13 om
569 156 148 20 landtvärnet.
739 156 44 20 Det
792 156 40 20 har
842 155 45 20 icke

65 186 94 26 undgått
167 186 44 20 min
219 186 202 26 uppmärksamhet,
431 187 34 19 att
472 186 23 20 vi
502 192 29 14 nu
539 186 109 20 behandla
656 186 42 19 den
707 186 8 19 1
726 186 39 20 och
774 186 41 20 den
825 186 38 19 123
871 186 16 24 $,

65 222 49 14 men
129 216 61 20 dessa
204 216 27 25 $$,
253 216 47 20 som
320 216 58 20 bilda
398 222 47 14 ram
459 216 34 20 för
506 216 38 20 det
557 216 55 22 hela,
628 216 59 26 gifva
702 216 56 20 dock
771 216 118 25 anledning

64 248 35 18 att
112 246 64 20 äfven
189 247 51 25 taga
253 246 6 19 i
272 246 147 20 betraktande
431 246 118 20 innehället
562 246 7 19 i
581 246 67 25 nägra
661 246 68 20 andra
742 246 146 20 hufvudstad-

64 276 92 25 ganden.
166 283 2 2 '
178 276 68 20 Detta
256 276 81 26 förslag
348 282 35 13 om
394 276 149 23 landtvärnet,
555 282 47 13 som
612 276 68 19 redan
690 276 8 19 i
707 276 40 26 går
757 276 37 20 vid
805 276 83 19 diskus-

65 306 75 20 sionen
151 306 44 20 blef
205 306 103 26 temligen
320 306 154 20 uttömmande
484 306 142 22 behandladt,
635 305 121 26 innebär
734 301 25 35 ju
765 312 46 13 som
819 306 69 19 kändt

65 342 26 13 en
106 336 114 26 möjlighet
233 337 35 19 att
282 336 86 19 landets
381 336 120 26 vapenföra
516 336 95 26 ungdom
626 336 79 19 mellan
720 336 23 19 21
760 336 40 19 och
814 336 27 19 43
855 336 34 19 ärs

65 366 60 20 ålder
137 366 69 20 skulle
217 366 74 20 kunna
303 366 7 19 i
322 366 73 19 farans
407 366 67 19 stund
486 365 89 21 befinna
588 365 30 26 sig
630 366 61 25 långt
703 365 89 20 utanför
803 366 86 19 landets

65 398 94 23 gränser,
172 396 40 19 och
223 396 75 19 landet
309 402 53 13 vara
374 396 98 19 blottadt
483 396 28 25 pä
522 396 28 19 all
562 401 53 20 egen
625 395 163 24 försvarskraft,
800 396 41 19 och
853 395 37 19 det

66 425 69 20 under
151 425 157 24 förhällanden,
327 425 82 20 sädana
425 426 35 19 att
477 426 62 19 detta
555 425 125 23 landtvärn,
699 425 71 20 säsom
787 424 102 21 väsentli-

65 461 40 20 gen
117 455 98 24 oöfvadt,
226 455 112 26 knappast
348 455 68 20 skulle
425 455 76 20 kunna
511 455 61 26 tjena
582 455 33 20 till
625 456 68 19 annat
704 457 27 18 än
741 456 35 19 att
786 455 4 20 i
800 456 32 19 ett
840 455 50 19 fält-

66 485 46 26 slag
127 485 59 20 bilda
200 485 102 20 lefvande
316 491 74 14 murar
404 485 22 20 af
440 485 51 20 kött
505 485 40 20 och
559 485 59 23 blod,
633 485 81 20 bakom
729 485 74 20 hvilka
818 485 27 20 de
859 484 30 20 öf-

66 515 57 20 vade
138 515 124 20 soldaterna
276 515 74 20 kunde
365 515 52 20 söka
431 515 71 26 skydd
517 515 34 20 för
565 515 145 26 ögonblicket.
739 515 43 20 Det
796 517 24 18 är
834 514 56 20 inför

66 547 33 18 ett
109 545 79 20 sädant
198 545 118 20 alternativ
327 545 22 20 vi
359 545 71 20 blefve
440 547 59 18 satta
509 551 78 20 genom
597 546 35 19 att
641 545 117 26 godkänna
768 546 33 19 ett
811 544 79 21 sädant

66 575 86 26 förslag.
171 575 63 20 Huru
246 577 23 19 är
280 575 37 20 det
327 575 107 20 tänkbart
444 576 35 19 att
490 575 22 20 sä
520 575 83 20 fördela
611 575 148 26 skyldigheter
766 575 40 20 och
814 574 76 26 rättig-

66 605 68 23 heter,
152 605 94 20 fördelar
264 605 40 20 och
321 605 118 20 nackdelar
452 605 6 20 i
471 607 33 18 ett
517 605 46 20 rike
575 605 119 20 bestäende
707 605 23 20 af
742 606 33 19 ett
787 604 103 27 jättekej-

67 635 112 20 saredöme
198 635 41 20 och
258 637 33 18 ett
311 635 61 26 ringa
391 635 204 23 storfurstendöme,
616 636 34 19 att
669 635 95 20 lotterna
783 635 53 20 falla
855 634 34 20 sä?

67 665 34 20 En
112 665 96 26 gammal
220 666 103 19 rättssats
335 665 78 26 bjuder
425 666 35 19 att
472 665 51 20 »den
536 665 54 20 skall
603 665 41 20 ock
656 665 33 20 stä
702 665 68 23 faran,
784 671 47 13 som
843 665 47 19 bät-

66 701 44 14 nan
132 695 41 20 och
185 695 95 26 profiten
292 695 93 20 hafver».
408 695 69 20 Detta
489 695 68 20 borde
569 695 40 20 ock
621 695 22 20 få
655 695 56 26 gälla
723 695 34 20 för
768 695 50 19 vårt
830 694 60 26 ringa

66 725 178 23 vidkommande,
256 725 29 23 vi,
298 731 47 14 som
357 725 22 20 af
390 725 102 26 samtliga
503 725 54 26 krig,
570 731 47 14 som
628 725 65 23 föras,
706 725 135 20 ätminstone
852 730 39 13 nu-

66 761 60 14 mera
135 755 66 20 hafva
211 755 56 20 intet
276 755 22 20 af
307 755 68 20 värde
384 755 33 20 för
427 761 34 14 oss
470 756 35 19 att
514 756 75 19 vänta.
608 755 36 20 Mä
653 761 53 14 vara
715 767 28 2 —
752 755 37 19 det
798 755 40 19 har
846 754 45 20 ald-

67 785 32 26 rig
111 785 105 20 bestridts
228 797 28 2 —
268 786 35 19 att
315 785 23 19 vi
351 785 68 20 under
432 785 27 20 de
471 785 27 20 90
511 785 24 20 är
547 791 47 14 som
607 785 49 26 gätt
669 785 67 20 sedan
751 785 59 22 1809,
824 784 67 20 hafva

67 815 72 26 dragit
149 821 26 14 en
185 815 47 20 icke
241 815 61 26 ringa
312 815 69 20 fördel
391 815 22 20 af
423 815 40 20 vär
472 815 139 23 förbindelse,
622 815 40 20 vär
670 815 100 26 förening
779 815 50 19 med
840 814 53 26 Kej-

68 845 129 23 saredömet,
212 846 34 19 att
260 845 38 20 det
312 845 40 20 har
365 845 126 23 besannats,
506 845 28 26 pä
548 846 45 19 sätt
606 845 125 20 Alexander
746 845 9 19 I
769 845 37 20 vid
820 844 72 20 landt-

68 875 69 26 dagen
152 875 52 19 1809
218 875 96 26 yttrade,
329 876 34 18 att
376 875 105 20 Finlands
494 875 46 20 folk
552 875 69 20 skulle
634 875 107 26 »välsigna
755 875 41 19 den
809 875 81 26 försyn,

68 911 47 14 som
126 905 88 25 stadgat
226 905 103 20 sakernas
348 911 43 20 nya
402 905 108 26 ordning».
532 905 39 19 Ett
581 905 88 20 faktum
680 907 24 18 är
714 905 56 19 dock
780 906 34 19 att
825 905 66 20 redan

68 935 68 19 sedan
152 935 67 26 nägra
236 935 24 19 är
275 935 166 20 förhällandena
458 935 65 20 hotat
539 936 35 19 att
589 935 94 26 gestalta
700 935 32 26 sig
748 935 143 22 annorlunda,

68 965 40 19 och
119 966 35 18 att
165 965 27 19 de
202 965 67 19 sedan
281 965 42 19 den
335 965 25 19 18
371 964 105 20 Februari
487 965 62 20 detta
560 965 24 20 är
594 967 37 18 äro
640 965 46 23 och,
696 965 72 19 sävidt
776 965 116 25 menskligt

68 996 56 24 ögon
137 1000 86 20 spanar,
236 995 90 19 komma
338 996 35 18 att
385 994 103 21 förblifva
501 995 144 19 annorlunda.
669 995 29 19 Af
711 995 70 19 denna
794 994 99 26 förening

68 1024 74 20 kunna
157 1024 22 20 vi
193 1031 29 13 nu
232 1031 59 13 mera
301 1024 48 20 icke
358 1026 69 18 vänta
437 1024 72 26 nägon
519 1024 75 24 fördel,
606 1025 70 25 nägon
686 1025 79 25 glädje.
784 1025 43 25 Jag
836 1024 56 20 tillä-

68 1056 34 18 ter
112 1054 44 26 mig
166 1055 72 19 uttala
250 1055 37 19 det
298 1056 74 24 öppet,
385 1055 92 19 emedan
487 1055 37 25 jag
534 1055 68 19 redan
613 1056 49 25 sagt
673 1055 40 19 och
723 1056 121 25 yttermera
855 1054 38 20 ber

68 1085 35 19 att
117 1084 21 20 få
153 1084 87 24 betona,
256 1086 34 18 att
306 1085 37 19 det
357 1084 69 26 aldrig
440 1085 44 19 kan
499 1084 51 20 falla
564 1085 71 25 någon
650 1084 105 20 Finlands
770 1090 38 14 son
822 1084 22 20 in
859 1085 34 19 att

68 1114 62 20 svika
142 1114 109 26 ingängna
262 1114 143 20 förbindelser
416 1114 7 20 i
434 1114 75 20 hvilka
521 1120 47 14 som
579 1114 57 20 helst
647 1114 136 23 situationer;
796 1120 50 14 men
856 1114 37 26 jag

68 1144 82 20 tilläter
162 1144 44 26 mig
218 1144 44 20 lika
274 1146 68 24 öppet
355 1146 51 24 säga
419 1146 35 18 att
465 1144 7 20 i
485 1145 38 19 det
535 1145 53 25 läge,
602 1144 22 20 vi
636 1151 29 13 nu
677 1144 89 20 befinna
774 1150 40 17 oss,
821 1144 38 20 vid
867 1144 26 20 de

68 1174 98 26 utsigter,
182 1180 47 14 som
243 1180 29 14 nu
286 1174 111 20 förmörka
412 1174 48 20 hela
475 1175 40 19 vär
528 1174 107 26 synkrets,
648 1175 44 19 kan
703 1174 64 26 ingen
778 1174 116 26 förening
882 1170 15 34 i

68 1204 89 19 verlden
164 1204 77 25 gifvas,
251 1210 46 13 som
306 1206 24 18 är
337 1204 33 19 för
377 1210 35 13 oss
420 1205 79 25 tyngre
507 1204 40 19 och
555 1204 93 20 svärare.
664 1204 67 20 Deraf
739 1204 63 19 torde
808 1204 85 25 framgä

68 1234 45 19 vårt
126 1233 98 24 intresse,
239 1233 33 20 uti
285 1233 115 24 försvaret,
416 1233 33 20 uti
462 1234 83 26 krigen.
573 1234 119 20 Hvarthän
706 1233 104 20 historien
825 1233 69 20 skulle

68 1263 47 20 föra
127 1269 35 14 oss
173 1275 29 2 —
213 1264 87 19 svårare
312 1263 22 20 få
346 1263 23 20 vi
381 1264 37 19 det
430 1264 76 26 aldrig.

110 1293 43 26 Jag
165 1293 54 20 skall
231 1293 73 20 tillåta
316 1293 45 26 mig
372 1295 35 18 att
419 1294 77 20 beröra
508 1295 59 19 ännu
580 1300 26 13 en
619 1293 75 26 detalj,
707 1293 78 20 endast
798 1299 32 14 en.
855 1292 39 20 Uti

68 1323 14 19 2
92 1324 122 19 momentet
224 1323 8 20 i
242 1323 13 20 7
266 1324 16 24 $,
294 1325 56 18 utan
361 1323 67 26 något
439 1329 48 14 som
497 1324 57 19 helst
565 1324 112 25 organiskt
688 1323 107 20 samband
806 1323 50 19 med
868 1323 26 19 de

69 1353 156 25 systematiska
238 1353 153 26 förändringar
398 1353 117 20 Utskottet
529 1353 48 20 haft
590 1354 74 19 modet
678 1355 34 18 att
725 1353 85 22 föreslå,
825 1352 68 26 ingår,

69 1382 48 20 från
126 1383 41 19 den
175 1383 51 20 nåd.
234 1389 62 20 prop.
304 1384 62 25 taget
373 1389 46 14 mer
426 1383 51 20 eller
484 1383 85 20 mindre
577 1383 124 26 ordagrant,
709 1383 37 20 det
753 1383 87 25 förslag,
848 1387 46 14 som

68 1412 98 23 innebär,
179 1414 35 18 att
228 1413 48 19 icke
287 1413 72 26 någon
370 1413 58 20 finsk
439 1413 82 26 manlig
529 1413 147 26 medborgare,
686 1413 50 20 eller
743 1412 152 25 medborgare-

69 1443 70 22 ämne,
155 1448 46 14 som
214 1442 50 26 fyllt
279 1443 25 19 15
318 1443 30 22 år,
363 1443 69 20 skulle
445 1443 75 20 kunna
534 1443 72 20 lemna
619 1443 75 20 landet
707 1443 45 19 förr
765 1444 27 18 än
806 1442 43 19 den
862 1441 33 20 tid

69 1473 24 18 är
104 1471 99 24 förliden,
216 1473 27 19 då
255 1473 43 19 han
310 1472 100 26 fullgjort
421 1472 47 21 sina
480 1473 95 20 militära
587 1473 149 20 förbindelser.
758 1472 28 19 Vi
797 1472 52 19 veta
861 1472 34 19 att
