1028 1631
150 84 34 14 214
441 82 22 17 R.
477 86 16 13 0.
509 82 20 17 A.
544 82 52 17 1899.
611 82 21 17 18
646 82 45 20 Maj.

152 142 92 26 ordning
259 148 45 14 som
318 142 125 20 manifestet
457 142 22 20 af
493 142 41 20 den
550 142 24 20 15
589 142 103 20 Februari
706 142 105 26 angifver.
838 142 80 20 Derom
931 142 43 20 kan

152 173 48 19 icke
208 172 72 26 nägon
289 172 57 20 olika
355 172 144 26 uppfattning
507 172 22 20 af
538 172 50 20 näd.
599 172 174 26 propositionens
782 172 81 26 lydelse
872 172 88 20 komma
969 172 7 20 i

152 203 67 25 fräga,
233 202 41 20 och
288 202 70 20 derför
371 204 24 18 är
407 202 38 20 det
458 202 65 20 ocksä
536 202 67 26 enligt
615 202 45 20 min
673 202 68 20 tanke
754 202 87 20 alldeles
854 201 121 27 tillbörligt,

152 235 35 17 att
199 232 27 26 pä
239 229 66 23 dessa
313 232 159 26 propositioner
484 232 69 20 skulle
565 232 70 26 gifvas
648 232 37 20 det
697 238 51 14 svar
759 238 47 14 som
819 232 157 26 Lagutskottet

152 262 119 26 föreslagit.
307 262 155 26 Ordalydelsen
480 262 7 19 i
505 262 62 20 dessa
585 262 160 26 propositioner
762 262 44 19 kan
824 262 65 19 ocksä
906 261 70 21 fattas

153 293 72 19 säsom
242 292 42 20 den
301 293 84 18 senaste
403 292 66 20 ärade
485 292 85 20 talaren
587 292 37 19 det
640 292 65 26 gjort,
724 298 50 13 men
791 292 41 19 den
850 292 43 19 kan
910 291 64 20 äfven

153 323 69 19 fattas
233 322 68 26 nägot
311 322 144 20 annorlunda.
478 322 141 23 Sambandet,
632 322 93 20 hvarom
736 322 39 19 här
786 322 63 22 talas,
862 321 48 20 med
922 322 54 20 Vär-

153 352 157 26 nepligtslagen
323 353 24 18 är
360 352 33 19 ett
406 352 71 19 motiv
490 351 33 20 för
537 352 34 19 att
585 351 31 20 till
632 352 134 20 Ständernas
780 351 114 20 utlätande
906 351 70 20 öfver-

152 383 72 19 lemna
235 381 66 21 äfven
311 382 62 19 dessa
383 388 44 19 nya
438 381 165 26 propositioner,
615 387 49 14 men
675 382 67 19 saken
754 383 23 18 är
787 381 47 20 icke
845 381 23 20 sä
878 380 97 21 affattad

152 414 36 18 att
200 412 88 20 dermed
300 412 68 19 skulle
379 418 53 13 vara
445 412 63 25 sagdt
520 412 41 19 den
573 411 89 20 tanken:
686 411 110 20 Eftersom
809 411 24 20 V.
846 411 24 20 L.
882 411 40 20 har
933 410 43 20 för-

153 442 83 20 klarats
245 442 53 19 böra
308 441 119 20 behandlas
436 441 67 26 enligt
512 441 223 26 grundstadgandena
745 440 22 21 af
777 441 42 19 den
830 440 24 20 15
864 441 110 23 Februari,

152 472 23 20 sä
188 472 61 20 skola
261 471 64 20 äfven
337 471 26 20 de
374 477 43 20 nya
429 471 188 26 propositionerna
629 471 120 20 behandlas
761 470 27 26 pä
801 471 61 19 detta
874 472 50 18 sätt.
948 470 27 20 Sä

154 502 45 19 stär
215 502 40 19 här
271 501 46 20 icke
333 501 40 19 och
391 501 37 20 det
444 503 25 18 är
484 501 73 20 derför
572 501 103 25 temligen
692 500 106 26 naturligt
814 502 40 21 att,
872 506 35 14 om
924 506 51 14 man

152 531 113 27 objektivt
283 531 78 20 tänker
379 531 32 25 sig
430 531 73 23 saken,
524 531 26 19 de
570 531 165 25 propositioner,
756 536 46 14 som
822 530 96 20 Ständen
938 530 36 20 vid

154 561 145 26 landtdagens
306 561 77 25 början
391 561 44 19 fätt
442 562 119 24 emottaga,
569 561 47 19 icke
623 561 87 19 kunnat
718 560 102 20 hänföras
828 560 68 19 under
904 560 70 19 denna

154 597 43 20 nya
215 590 193 27 rikslagstiftnings
425 590 98 26 ordning,
542 590 45 20 ifall
606 590 47 20 icke
672 590 33 23 de,
723 596 46 13 som
789 590 74 19 derom
880 590 96 19 bestäm-

153 627 43 17 ma,
207 620 136 21 omedelbart
353 620 75 20 afvika
439 620 48 20 från
499 621 71 19 denna
581 626 83 14 samma
676 620 99 25 ordning,
787 625 46 14 som
844 619 32 20 uti
888 620 26 19 de
925 625 15 14 s.
953 620 21 19 k.

152 651 229 26 grundstadgandena,
396 650 75 20 hvilka
484 650 22 19 vi
519 656 30 13 nu
562 650 47 20 icke
622 650 97 20 erkänna
732 649 34 20 för
778 649 41 26 lag,
833 649 70 20 finnes
916 649 60 20 stad-

152 681 42 25 gad
210 686 36 14 om
262 680 36 20 det
312 680 168 25 förfaringssätt,
497 680 84 20 hvilket
596 680 54 19 skall
664 679 179 20 förberedelsevis
857 679 117 26 iakttagas,

153 711 33 19 till
198 711 49 19 dess
259 711 34 19 att
305 711 32 18 ett
349 710 80 19 ärende
440 710 79 19 varder
530 710 23 19 af
565 710 61 19 Hans
638 709 105 26 Majestät
755 709 121 20 förklaradt
888 715 53 14 vara
954 709 22 20 af

153 741 41 19 den
208 740 159 23 beskaffenhet,
382 741 34 18 att
431 740 36 19 det
481 740 54 19 skall
549 740 71 19 säsom
634 739 125 20 riksärende
773 739 125 20 behandlas.
925 739 50 20 Men

152 776 47 13 som
213 769 127 21 manifestet
354 769 22 20 af
390 770 42 19 den
448 769 24 20 15
488 769 103 20 Februari
605 769 61 26 långt
680 769 56 20 efter
750 769 37 20 det
801 769 50 20 nåd.
866 775 60 20 prop.
942 769 33 19 till

152 799 171 26 värnepligtslag
339 799 40 20 och
395 799 73 20 finska
484 799 120 20 militärens
620 799 149 26 organisation
785 799 40 19 och
842 798 134 26 förvaltning

154 830 97 19 utdelats
262 829 55 20 hade
328 829 93 20 kommit
432 829 32 20 till
476 829 71 23 ständ,
560 829 22 20 sä
593 829 71 20 finnes
674 829 38 19 det
722 829 47 19 icke
780 829 71 25 nägon
863 829 67 25 utväg
941 829 34 19 att

153 859 76 26 bringa
245 859 62 20 dessa
320 859 32 20 till
368 859 80 20 urtima
463 859 106 26 landtdag
583 859 162 20 öfverlemnade
759 858 44 19 näd
818 858 158 26 propositioner

154 889 68 20 under
233 889 223 26 grundstadgandena
467 889 40 20 och
519 889 49 19 med
580 889 26 19 de
617 889 37 19 der
665 888 138 20 behandlade
814 888 108 19 ärendena
933 887 43 20 för-

153 919 47 20 fara
214 919 72 20 säsom
300 919 37 19 det
349 919 7 19 i
369 919 223 25 grundstadgandena
606 920 66 24 säges.
700 917 109 26 Föröfrigt
822 917 23 20 sä
859 917 65 26 ligger
938 918 37 19 det

153 948 141 27 naturligtvis
307 955 25 13 en
345 949 90 25 mycket
447 949 46 19 stor
505 948 46 26 vigt
564 948 57 26 uppä
636 949 34 19 att
683 948 123 20 Ständerna
819 947 36 20 vid
869 947 37 20 det
918 953 56 18 svar,

152 984 48 15 som
211 979 79 19 varder
301 978 76 20 aflätet
389 978 12 20 ä
412 978 27 20 de
450 978 77 20 främst
538 978 33 19 till
583 978 80 19 urtima
674 977 134 26 landtdagen
815 977 161 20 öfverlemnade

154 1008 194 26 propositionerna,
367 1007 82 26 tydligt
467 1008 40 19 och
524 1008 138 25 fullständigt
680 1007 105 26 utlägger,
803 1007 48 20 icke
868 1007 57 20 blott
943 1007 32 19 sin

154 1038 145 25 uppfattning
323 1038 112 25 angäende
461 1037 164 26 lagstiftningen
651 1043 25 14 ur
701 1037 142 26 laglighetens
862 1037 113 26 synpunkt

153 1069 55 18 utan
219 1067 67 20 äfven
297 1067 27 26 pä
337 1067 37 20 det
385 1067 150 20 bestämdaste
547 1067 77 20 häfdar
636 1067 41 20 den
690 1067 145 25 ständpunkt,
848 1067 27 25 pä
888 1067 87 19 hvilken

153 1097 124 20 Ständerna
295 1097 60 20 ställt
372 1097 31 26 sig
420 1097 60 20 hvad
498 1097 136 20 vidkommer
651 1096 191 26 handläggningen
859 1096 22 19 af
898 1103 78 19 propo-

153 1127 120 20 sitionerna
291 1133 35 14 om
344 1127 205 26 värnepligtslagen.
585 1126 251 26 —Värnepligtsutskottet
854 1126 39 19 har
910 1126 65 19 också

152 1157 34 19 för
199 1157 32 19 sin
246 1157 34 19 del
293 1158 73 18 ansett
379 1157 37 19 det
430 1163 53 13 vara
497 1157 32 19 sin
542 1156 125 26 skyldighet
680 1157 35 18 att
729 1155 66 20 häfda
809 1156 71 19 denna
893 1155 83 20 konsti-

150 1186 118 20 tutionella
283 1187 138 25 ständpunkt
437 1187 39 19 och
492 1187 64 19 utber
569 1187 37 25 jag
620 1186 44 26 mig
677 1187 35 18 att
725 1185 103 20 eftersom
842 1185 61 20 detta
917 1187 59 18 möte

150 1222 51 20 eger
214 1222 50 14 rum
278 1216 45 26 just
337 1216 68 20 innan
420 1216 260 26 Värnepligtsutskottets
696 1215 140 20 betänkande
851 1215 76 20 hinner
942 1217 34 18 ut-

152 1246 66 23 delas,
232 1252 27 13 ur
270 1246 109 25 ingressen
391 1246 22 19 få
427 1246 92 25 uppläsa
532 1247 33 18 ett
577 1246 68 19 ställe:
670 1245 144 20 »Ständernas
827 1245 86 25 uppgift
926 1245 49 19 med

152 1275 88 26 hänsigt
256 1275 32 19 till
303 1276 37 19 det
354 1275 235 26 lagstiftningsärende,
606 1281 46 13 som
666 1275 104 25 förelagts
785 1275 41 19 den
841 1280 29 14 nu
885 1274 90 20 försam-

151 1305 49 19 lade
213 1305 82 19 urtima
307 1305 141 25 landtdagen,
463 1307 23 17 är
498 1305 7 19 i
518 1305 26 19 de
558 1305 78 25 nådiga
650 1304 188 26 propositionerna
844 1304 131 20 formulerad

152 1335 27 25 pä
192 1336 69 18 annat
273 1336 44 18 sätt
328 1336 28 18 än
368 1335 43 23 det,
425 1340 45 14 som
482 1334 107 20 härintills
600 1334 123 26 iakttagits,
737 1334 27 19 dä
775 1333 121 26 lagförslag,
909 1334 66 19 hvars

152 1364 170 25 genomförande
343 1364 108 20 erfordrar
471 1364 133 20 Ständernas
624 1364 121 25 samtycke,
767 1363 155 20 öfverlemnats
942 1364 33 19 till

150 1394 147 26 landtdagens
311 1394 168 26 handläggning.

194 1424 44 20 Det
254 1426 24 18 är
292 1424 119 20 emellertid
426 1424 124 25 uppenbart
565 1425 34 18 att
613 1424 41 19 den
669 1423 138 25 befogenhet,
823 1423 49 19 med
887 1423 88 19 hvilken

153 1454 123 20 Ständerna
293 1459 37 20 ega
347 1454 85 25 deltaga
449 1454 6 18 i
471 1453 116 20 stiftandet
603 1453 21 20 af
639 1453 35 25 lag
690 1452 112 26 angäende
817 1453 157 25 värnepligten,
