1036 1631
149 89 23 16 60
521 90 79 20 Bilagor.

528 149 15 27 $
558 149 33 21 92.

191 185 32 19 De
238 185 101 26 frivilliga
354 184 115 27 tjänstgöra
485 185 34 20 vid
534 185 57 21 aktiv
606 187 64 25 trupp
686 186 25 19 ett
727 186 29 19 är.
788 185 94 26 Därefter
898 184 73 20 kunna

149 215 30 23 de,
195 215 66 20 ehvad
274 215 24 20 de
313 215 67 26 blifvit
395 215 118 26 befordrade
526 215 32 20 till
570 215 108 26 officerare
691 215 48 20 eller
752 215 49 23 icke,
813 215 64 20 under
885 214 87 27 fredstid

150 245 48 25 efter
211 245 43 26 eget
266 245 33 20 val
311 245 98 26 antingen
423 245 94 26 fortsätta
530 244 34 21 sin
578 245 70 21 aktiva
661 245 138 26 tjänstgöring
808 245 47 20 eller
863 244 46 21 med
918 243 53 21 bibe-

150 274 98 21 hållande
263 275 23 26 af
299 275 34 20 sin
348 275 51 26 grad
414 275 122 20 omedelbart
550 275 114 26 öfverföras
679 275 32 21 till
725 281 98 18 reserven,
840 275 34 20 vid
888 274 82 20 hvilken

150 305 24 20 de
187 304 7 20 i
207 305 77 20 sådant
295 305 38 26 fall
346 305 40 26 (ute
394 305 61 25 sl.)
468 305 97 26 förblijva
579 305 7 20 i
598 305 51 26 sju
663 306 29 23 år,
707 305 100 26 hvarefter
819 305 24 20 de
857 304 115 26 inskrifvas

150 334 35 21 vid
203 334 136 21 landivärnet.

195 364 71 21 Under
282 365 87 26 krigstid
384 365 108 26 tillämpas
509 365 27 26 pä
552 365 24 20 de
592 364 108 28 /rivilligä,
719 365 7 20 i
742 365 95 26 afseende
854 365 12 20 ä
881 365 90 26 fortsätt-

151 394 51 26 ning
216 395 22 25 af
252 395 60 20 deras
326 395 70 26 tjänst,
411 395 38 20 den
466 395 64 20 under
545 395 15 26 $
575 395 13 20 9
602 395 88 26 anförda
705 395 108 20 allmänna
828 395 74 26 regeln.

529 455 15 27 $
560 455 32 20 93.

192 490 112 27 Frivilliga
319 492 87 25 antagas
422 491 7 20 i
443 491 65 26 tjänst
523 492 65 19 under
602 492 88 20 tiden
704 491 72 26 från
807 492 54 19 den
877 491 34 20 15
926 497 46 14 au-

150 520 230 26 gustitillden
399 521 158 21 1oktober.
572 521 68 21 Deras
653 521 107 27 tjänstetid
773 521 78 20 räknas
865 521 55 26 ifrån
936 521 36 19 och

150 550 45 20 med
208 550 66 26 första
288 550 63 27 dagen
368 551 7 19 i
388 551 105 20 mänaden
507 552 47 20 näst
568 551 49 26 efter
630 552 46 23 den,
693 551 65 21 under
770 551 82 20 hvilken
861 552 24 19 de
895 551 78 20 inträdt

151 580 34 20 vid
207 582 123 24 trupperna.

530 642 14 26 $
560 641 32 27 94.

192 676 112 26 Frivilliga
317 678 100 25 mottagas
430 677 73 20 endast
515 677 32 20 till
559 674 140 30 befattningar
712 677 34 20 vid
758 677 88 26 fronten,
860 683 46 14 men
921 677 51 20 valet

151 706 22 26 aj
190 706 174 27 truppafdelning
382 707 83 20 lämnas
483 707 33 20 till
533 707 59 20 deras
611 708 41 25 eget
670 707 58 24 skön,
747 707 96 26 förutsatt
861 707 65 20 likväl
944 708 29 19 att

151 736 76 20 antalet
247 736 101 27 frivilliga
368 736 35 21 vid
422 736 199 27 truppajdelningen
643 736 44 21 icke
707 737 117 26 öfverstiger
843 737 38 20 den
902 738 69 25 gräns,

150 772 59 14 som
228 766 102 26 enligt
347 768 63 18 stat
429 768 32 19 är
478 767 143 20 bestämd.
642 767 189 25 Frivilliga,
851 773 55 14 som
925 768 48 19 äro

151 796 116 24 läkare,
286 796 207 24 veterinärer,
512 796 215 27 jarmaceuter
744 797 78 19 eller
839 796 133 26 fältskä-

151 832 53 18 rer,
226 826 179 26 berättigas
426 826 75 20 dock
520 828 44 18 att
584 826 51 21 vid
655 828 178 25 trupperna
853 826 91 26 tjäna
966 827 7 19 i

151 856 231 26 befattningar,
403 862 60 14 som
482 858 158 18 motsvara
658 857 92 20 deras
770 856 71 20 kall.

195 886 95 20 Under
314 886 129 26 krigstid
467 886 128 27 begynna
619 886 156 27 frivilliga
799 886 46 21 sin
870 886 103 26 tjänsit-

151 916 113 26 göring
280 916 50 20 vid
346 917 284 26 depottrupperna.

530 977 12 26 $
560 977 32 20 96.

192 1011 113 27 Frivilliga
316 1012 82 20 inträda
409 1012 7 20 i
427 1012 65 26 tjänst
503 1012 68 20 såsom
582 1012 94 24 soldater,
691 1018 48 14 men
778 1018 88 18 kunna,
904 1019 20 12 om
940 1012 34 20 de

151 1041 30 26 af
206 1043 161 19 närmaste
393 1042 153 28 chefskap
572 1048 92 14 anses
689 1042 119 20 därtill
833 1042 139 26 värdiga,

151 1071 80 26 efter
254 1071 151 27 stadgade
427 1072 72 26 prof
520 1071 167 27 befordras
710 1072 55 20 till
787 1072 185 25 officerare,

151 1101 155 23 sedan
269 1097 42 35 de
333 1101 96 20 under
457 1101 195 26 erforderlig
677 1101 46 21 tid
748 1101 226 26 tjänstgjorti

151 1131 86 26 lägre
253 1131 118 26 grader.

531 1191 15 26 $
561 1191 33 20 97.

193 1227 113 26 Frivilliga
318 1227 73 20 kunna
401 1227 131 26 permilteras
542 1227 33 26 för
586 1233 24 14 en
622 1227 31 20 tid
664 1227 22 26 af
698 1227 56 20 ända
765 1227 32 20 till
808 1227 47 26 fyra
866 1227 107 20 månader.

152 1257 199 20 Permissionstiden
363 1257 162 26 tillgodoräknas
536 1257 46 20 dem
594 1257 44 20 icke
649 1257 13 20 ä
673 1257 39 20 den
725 1257 32 26 för
769 1257 56 20 aktiv
835 1257 141 26 tjänstgöring

152 1287 110 26 (utesl)
281 1287 195 26 fastställda
495 1287 51 20 tid.

532 1341 15 26 $
562 1341 32 20 98.

193 1376 74 20 Elever
285 1376 7 20 i
309 1376 72 26 finska
399 1376 144 20 kadettkärens
560 1376 159 26 specialklasser
737 1376 104 26 äfvensom
859 1377 25 19 de
901 1376 75 26 finska

151 1406 119 26 ynglingar,
292 1406 71 20 hvilka
384 1407 83 25 ätnjuta
488 1406 142 20 motsvarande
652 1406 151 26 undervisning
824 1406 35 20 vid
880 1406 95 20 militära

152 1436 94 20 läroverk
258 1436 6 20 i
276 1436 152 25 kejsaredömet,
443 1436 173 20 likställas
631 1436 62 20 med
708 1436 172 26 frivilliga
896 1436 78 23 däri,

153 1466 43 19 att
213 1465 35 22 de
266 1466 66 19 icke
350 1465 145 21 inkallas
513 1466 220 25 tilllottning.
