1028 1631
151 86 32 14 120
427 85 21 17 R.
463 89 16 13 o.
495 85 20 17 A.
530 85 55 17 1899.
599 86 23 16 13
636 85 56 20 April.

149 145 23 19 sä
183 145 50 26 läng
243 145 32 19 tid
286 145 87 26 förgätt,
385 146 69 19 under
464 146 89 19 hvilken
564 146 94 19 militära
668 145 201 26 indelningsverket
879 144 18 26 ej
910 150 57 14 mera

150 174 58 20 varit
217 175 127 26 verklighet,
355 182 26 13 en
391 175 98 26 tidrymd
500 176 22 19 af
531 176 66 25 nägot
607 181 45 13 mer
662 177 28 18 än
700 175 26 20 30
736 175 30 23 är,
777 175 23 19 sä
810 175 55 19 läter
875 175 37 19 det
922 174 46 20 icke

150 210 58 14 mera
224 205 68 19 tänka
307 205 31 25 sig
353 206 40 22 att,
410 206 74 19 hvilka
500 206 150 25 förändringar
666 207 27 18 än
709 205 68 19 skulle
792 205 75 19 kunna
881 204 87 20 inträda

150 234 49 20 med
208 234 85 26 hänsyn
303 234 31 20 till
345 235 188 20 militärväsendet
542 235 6 20 i
558 235 70 26 öfrigt,
640 241 26 13 en
675 234 69 20 indelt
753 234 82 20 militär
843 235 48 19 äter
900 234 68 20 skulle

150 264 74 20 kunna
237 264 127 26 uppställas.
385 265 43 19 Det
442 271 51 14 vore
507 265 123 26 uppenbart
643 266 34 18 att
688 264 7 20 i
707 265 39 19 allt
758 264 33 20 för
804 264 100 20 kännbar
917 264 51 26 grad

150 294 69 20 rubba
234 294 151 26 jordegarenes
401 295 141 20 ekonomiska
558 295 108 25 ställning,
683 300 36 14 om
734 300 51 14 man
801 294 69 20 under
885 294 26 20 de
927 294 41 19 för-

151 324 123 23 hällanden,
290 330 45 14 som
350 330 29 14 nu
393 325 53 20 råda
462 325 6 19 i
482 325 150 23 landtbruket,
648 324 69 20 skulle
731 324 90 20 hvälfva
836 324 27 26 pä
879 324 49 20 dem
943 330 25 13 en

151 354 74 23 börda,
240 354 95 24 hvilken,
350 355 66 19 sedan
429 361 73 13 vanan
516 355 37 19 vid
568 355 125 19 densamma
707 354 103 26 upphört,
825 354 68 20 skulle
907 354 62 19 ställa

152 384 31 25 sig
198 384 143 26 mängfaldigt
355 386 78 24 tyngre
448 386 28 18 än
490 385 51 19 förr.
570 384 77 20 Dertill
662 385 98 19 kommer
775 386 34 18 att
824 384 37 20 det
876 384 93 19 militära

151 413 197 27 indelningsverket
360 414 7 20 i
380 414 77 26 sjeliva
470 415 76 19 verket
559 414 117 26 undergätt
689 420 26 14 en
728 414 107 26 väsentlig
845 413 125 26 förändring

151 443 55 20 efter
219 444 208 26 värnepligtslagens
442 444 138 24 utfärdande,
595 445 7 19 i
616 444 38 20 det
668 446 34 18 att
716 444 119 20 rusthällen
851 444 46 19 icke
912 450 57 13 mera

152 474 118 20 innehafva
285 474 31 20 sin
331 474 58 20 förra
404 474 109 26 ställning.
542 474 42 20 Vid
599 474 79 20 sådant
693 474 136 20 förhållande
844 475 74 25 syntes
934 474 36 19 det

151 504 250 26 Värnepligtsutskottet
419 511 53 13 vara
491 505 22 19 af
527 505 97 25 sakläget
638 504 121 26 päkalladt,
774 505 41 22 att,
831 504 26 20 dä
873 510 25 13 en
913 504 56 19 ändä

151 534 82 25 ganska
251 535 45 19 stor
311 534 93 20 revision
418 534 22 20 af
452 534 196 26 värnepligtslagen
660 539 49 21 eger
721 540 55 17 rum,
789 539 78 20 genom
879 533 91 26 ändring

151 564 25 24 i$
190 564 12 19 2
214 563 59 26 gifva
285 564 88 25 uttryck
385 564 22 19 ät
419 564 43 23 det,
474 570 47 14 som
532 565 26 19 de
568 564 95 20 faktiska
675 564 165 19 förhållandena
849 570 64 19 synas
921 563 49 20 obe-

152 593 97 26 stridligt
267 593 109 24 innebära,
396 594 108 26 nämligen
523 595 34 19 att
572 595 31 19 ett
617 594 155 26 uppställande
786 593 22 20 af
821 593 69 20 indelt
904 593 66 26 krigs-

152 623 44 19 folk
210 623 18 25 ej
243 623 74 20 vidare
329 623 86 20 komme
428 625 34 18 att
474 629 37 20 ega
525 630 54 13 rum.
596 624 49 19 Men
653 624 32 19 till
694 624 72 19 denna
774 623 119 26 förklaring
901 623 69 20 mäste

152 653 55 19 dock
222 653 62 26 fogas
299 653 63 20 äfven
379 654 48 23 den,
444 655 33 18 att
492 654 200 26 indelningsverket
706 653 7 20 i
728 653 108 20 kameralt
849 653 122 20 hänseende

152 683 125 23 fortbestär,
299 683 27 20 dä
347 683 7 20 i
375 683 78 26 sjelfva
472 684 77 19 verket
565 683 126 26 ytterligare
712 683 151 26 förändringar
885 683 86 20 utöfver

153 713 55 23 dem,
219 719 48 13 som
277 715 35 24 egt
321 719 48 14 rum
379 714 49 19 med
439 714 85 25 hänsyn
534 714 32 19 till
577 713 126 23 rusthällen,
714 713 18 26 ej
744 713 58 20 varit
813 713 107 26 påtänkta
931 713 39 19 och

152 742 18 26 ej
184 742 68 20 häller
264 745 36 17 äro
313 743 21 19 af
346 743 164 20 förhällandena
522 743 122 26 päkallade,
657 745 57 18 samt
727 743 27 20 dä
767 743 111 20 dessutom
891 749 25 13 en
929 743 41 19 för-

152 772 92 26 ändring
260 773 131 20 härutinnan
401 773 69 20 skulle
481 773 111 20 föranleda
605 779 25 14 en
642 773 126 26 förändring
780 773 22 20 af
811 773 159 26 budgetväsen-

152 802 37 19 det
204 802 82 20 derhän
301 804 34 18 att
349 803 188 20 militärväsendet
551 803 47 20 icke
612 803 75 20 vidare
702 803 68 20 skulle
785 803 86 25 päkalla
887 809 25 13 en
928 804 42 18 sär-

152 831 55 20 skild
221 832 116 26 afdelning.

194 892 59 19 Frih.
287 899 34 13 von
340 893 88 20 Born:
448 893 42 26 Jag
500 893 68 20 skulle
577 893 32 20 för
619 893 45 20 min
674 893 34 19 del
718 894 46 18 rätt
774 893 88 25 mycket
872 892 98 26 beklaga,

152 927 35 14 om
200 922 9 25 $
222 922 13 19 2
248 928 29 13 nu
290 922 67 20 skulle
370 923 21 19 fä
405 923 41 19 den
459 923 119 26 affattning
590 922 251 27 Värnepligtsutskottet
853 922 117 25 föreslagit.

153 951 54 20 Utaf
219 951 38 20 det
269 958 50 19 nyss
332 953 101 25 upplästa
447 953 153 19 meddelandet
611 953 49 19 från
672 952 157 26 Lagutskottet
841 952 96 25 framgår
948 952 22 25 ju

152 982 35 19 att
197 981 157 26 Lagutskottet
365 983 54 19 utan
430 982 102 26 angifven
544 982 250 26 meningsskiljaktighet
802 994 28 1 —
839 982 39 19 och
890 982 22 19 sä
924 981 48 20 vidt

151 1011 37 26 jag
200 1011 113 26 päminner
325 1012 44 26 mig
380 1012 115 26 försiggick
507 1012 47 20 icke
566 1012 135 25 omröstning
709 1024 27 1 —
745 1011 34 20 för
790 1011 32 20 sin
833 1011 33 20 del
874 1011 98 20 förordat

152 1042 35 18 att
198 1041 12 20 2
221 1041 10 25 $
242 1041 7 20 i
262 1047 28 14 nu
301 1042 100 25 gällande
418 1042 174 26 Värnepligtslag
603 1042 68 20 skulle
683 1042 22 20 få
716 1041 104 20 förblifva
831 1041 66 20 bland
909 1042 62 19 anta-

152 1071 30 19 let
192 1071 21 19 af
223 1071 27 19 de
260 1071 45 25 $$:r,
315 1077 46 14 som
371 1071 47 20 icke
428 1078 29 13 nu
467 1072 86 26 päkalla
564 1072 97 26 ändring.
680 1071 44 20 Det
734 1073 23 18 är
765 1071 24 26 ju
799 1071 54 20 visst
863 1073 65 18 sannt
937 1072 34 19 att

153 1100 71 20 denna
234 1101 92 26 ändring
335 1101 48 20 icke
392 1102 38 19 har
440 1108 26 13 en
475 1102 42 19 reel
527 1102 111 25 betydelse
647 1102 7 19 i
664 1101 71 26 nägon
745 1101 51 20 män
805 1101 108 26 jemförlig
923 1101 48 19 med

152 1130 110 26 ätskilliga
273 1131 67 20 andra
352 1131 123 26 ändringar,
488 1137 45 14 som
544 1132 50 19 med
605 1133 68 18 större
684 1131 51 20 eller
745 1131 84 19 mindre
840 1131 132 25 enhällighet

153 1159 72 20 blifvit
235 1161 112 20 eventuelt
355 1161 123 26 godkända.
496 1161 49 20 Men
555 1161 69 20 denna
633 1162 9 24 $
652 1163 24 18 är
684 1161 56 20 dock
749 1167 26 13 en
785 1161 22 20 af
816 1161 25 19 de
850 1161 21 19 få
880 1161 7 19 i
896 1163 76 18 värne-

153 1189 136 27 pligtslagen,
299 1197 46 13 som
354 1191 92 20 bevarat
455 1191 22 20 sä
486 1193 35 18 att
530 1193 50 24 säga
589 1191 163 20 kontinuiteten
762 1191 49 19 med
821 1191 36 19 det
866 1191 104 19 förflutna

152 1219 40 20 och
206 1219 73 20 direkt
291 1221 91 20 hänvisa
396 1221 32 19 till
442 1221 52 20 vära
507 1221 72 26 gamla
591 1221 137 26 grundlagar.
754 1221 52 19 Man
820 1221 43 19 kan
876 1221 35 19 väl
925 1221 47 18 icke

153 1250 53 19 utan
228 1249 47 20 skäl
296 1250 71 20 säsom
388 1251 32 19 Hr
441 1251 105 20 Mechelin
566 1253 50 24 säga
635 1252 34 18 att
684 1251 22 19 vi
721 1257 29 13 nu
766 1250 48 20 haft
828 1250 123 25 värnepligt
966 1250 6 19 i

152 1279 27 19 20
192 1279 24 19 är
230 1279 41 20 och
285 1281 34 18 att
333 1280 37 20 det
385 1282 23 18 är
422 1286 45 14 mer
480 1282 28 18 än
522 1280 26 20 30
562 1280 29 24 är,
607 1280 66 20 sedan
687 1281 89 18 rotarna
791 1280 38 19 sist
844 1280 69 19 stälde
928 1286 44 19 upp

152 1308 101 24 knektar;
265 1315 48 13 men
323 1310 44 26 mig
377 1316 63 19 synes
450 1311 34 19 att
494 1316 51 14 man
555 1310 48 20 med
614 1312 58 18 ännu
682 1315 60 14 mera
752 1310 46 19 skäl
808 1310 43 19 kan
861 1311 58 24 säga,
931 1310 39 22 att,

153 1344 35 14 om
201 1338 21 20 vi
236 1338 34 20 för
282 1339 26 19 20
321 1339 24 19 är
357 1340 67 19 sedan
436 1340 37 19 vid
487 1340 207 26 värnepligtslagens
707 1339 125 26 antagande
845 1339 80 25 ansägo
938 1344 34 14 oss

153 1368 52 19 böra
222 1368 131 20 konservera
372 1369 71 20 denna
461 1370 103 25 ätergäng
581 1370 32 19 till
631 1370 37 19 det
686 1369 78 26 gamla,
783 1369 33 19 till
833 1375 26 13 en
877 1369 94 25 gammal

153 1397 122 26 bepröfvad
283 1398 132 24 institution,
425 1405 35 13 om
468 1399 22 19 vi
498 1399 80 26 ansägo
587 1405 33 14 oss
628 1399 53 20 böra
690 1400 51 24 göra
750 1399 61 19 detta
821 1398 68 20 under
897 1404 26 14 en
932 1398 39 24 tid,

153 1427 27 19 dä
198 1427 112 26 knappast
327 1428 72 26 nägon
416 1429 70 19 anade
505 1429 26 19 de
549 1429 62 19 svära
629 1428 191 20 konstitutionella
843 1428 129 20 förvecklin-

152 1462 44 20 gar,
207 1456 6 20 i
224 1457 75 20 hvilka
309 1458 21 19 vi
341 1458 68 20 skulle
419 1458 93 26 bringas,
524 1459 21 19 sä
556 1465 51 13 vore
617 1459 37 19 det
663 1458 168 26 inkonsegvent,
842 1458 131 26 oförsigtigt,
