1034 1631
426 72 79 29 Bilagor.
855 76 22 15 49

98 134 125 27 Underbefäl
238 135 36 21 och
290 135 105 27 manskap
412 136 7 19 i
435 135 89 20 aktiv
539 135 104 26 tjänst
659 137 36 20 äro
712 135 66 21 under
793 135 84 26 tjänste-

52 165 56 20 tiden
126 164 32 26 för
175 165 49 20 sina
242 171 97 21 personer
357 165 90 26 befriade
464 165 48 26 från
532 165 112 26 utgörande
662 165 22 26 af
701 165 43 20 alla
761 164 116 27 personella

54 194 104 27 utskylder
173 195 37 20 och
226 195 77 20 besvär.
334 195 99 20 Däremot
448 196 37 19 äro
500 195 25 20 de
540 195 88 26 pligtiga
644 196 29 19 att
688 195 32 26 för
735 195 35 20 sin
787 194 90 21 inkomst

53 225 35 19 och
110 224 96 26 egendom
224 225 7 20 i
249 225 38 20 löst
303 225 36 20 och
356 225 41 26 fast
414 225 82 26 erlägga
512 225 55 20 skatt
583 225 36 20 och
636 225 68 20 andra
721 225 87 26 pålagor
823 225 54 19 samt

52 254 90 26 fullgöra
156 254 24 20 de
194 254 137 27 skyldigheter
345 255 33 26 lag
392 255 79 26 bjuder.

432 308 15 27 $
463 309 33 20 17.

94 344 162 24 Personer,
277 350 59 14 som
355 344 138 20 lillhöra
511 350 154 18 reserven,
686 350 70 14 vare
775 344 28 26 ej
820 344 56 26 för-

52 374 122 27 menadt
192 375 44 19 att
256 374 130 20 inträda
405 374 7 20 i
431 374 80 20 civil
537 375 91 19 stats-
647 374 79 20 eller
744 374 132 20 kommu-

52 404 171 26 naltjänst
241 404 196 24 Reservman,
463 410 44 14 som
532 404 66 20 under
622 404 66 26 krigs-
712 404 47 20 eller
783 404 94 20 mötestid

52 433 72 25 från
146 434 98 20 sådan
267 434 103 26 tjänst
393 434 92 20 inkallas
507 434 7 20 i
536 435 126 25 truppernas
684 434 60 24 leder,
767 434 109 20 bibehälles

52 463 35 20 vid
103 464 34 20 sin
156 464 62 20 civila
235 464 115 26 befattning
367 464 35 20 och
420 466 24 18 är
460 464 80 26 jämväl
556 464 113 26 berättigad
686 465 29 19 att
730 464 146 26 tillgodonjuta

51 493 25 20 de
88 494 46 20 med
147 494 122 20 densamma
282 494 98 26 förenade
393 494 158 26 löneförmäner,
566 494 49 26 efter
628 494 74 26 afdrag
714 494 23 26 af
749 494 33 20 det
795 494 79 26 belopp,

51 529 44 14 som
111 524 63 26 enligt
188 524 97 26 gällande
300 524 149 26 författningar
464 524 124 20 tillkommer
605 524 86 20 vikarie.

431 577 14 26 8
462 577 33 26 18.

93 612 170 26 Angäende
283 612 185 27 skyldighet
489 613 48 26 för
558 612 178 21 reservman
759 614 44 20 att
823 614 52 19 hos

52 642 233 20 vederbörande
302 643 271 26 myndighet
508 638 74 35 göra
591 644 209 23 anmälan,
768 638 36 35 dä
817 644 57 19 han

50 672 35 25 pä
105 672 101 26 längre
225 672 43 20 tid
287 672 156 26 aflägsnar
463 673 44 26 sig
527 673 66 26 frän
610 673 153 23 hemorten,
781 673 94 25 äfven-

50 702 825 26 somattinfinnasigtillkontrollmöten,
745 698 51 35 som
813 698 65 35 för-

51 732 149 20 anstaltas
217 732 45 26 för
279 733 40 19 att
337 734 105 18 utröna
459 732 183 26 riktigheten
660 733 29 26 af
705 733 31 20 de
754 733 7 19 i
779 734 96 19 värne-

50 761 824 27 pligtslängdeningäendeuppgifternaomreserv-

50 793 138 22 männen,
209 792 103 25 gäller
332 792 77 20 hvad
429 792 104 20 därom
554 792 162 20 särskildt
736 792 137 26 stadgas.

429 846 15 26 $
460 846 33 20 19.

94 881 600 27 Värnepligtig,
352 877 130 35 hvilken
498 881 196 27 inskrifvits
732 882 6 20 i
775 882 99 20 landt

50 912 115 22 värnet,
194 911 149 21 kvarstår
371 911 50 20 vid
447 911 171 21 detsamma
646 912 95 20 intill
768 912 105 26 fyllda

50 941 177 25 fyratiotre
246 942 37 19 är.

429 995 14 26 $
460 996 33 20 20.

91 1030 38 24 De,
153 1030 71 20 hvilka
247 1030 84 21 tillhöra
353 1031 137 24 landivärnet,
514 1032 68 20 kallas
604 1033 113 19 värnemän
740 1032 36 20 och
800 1032 73 20 kunna

48 1060 73 20 endast
134 1060 627 27 vidutomordentligatilljällenunder
776 1062 97 26 krigs-

49 1090 46 20 tid
119 1090 146 20 inkallas
291 1091 6 20 i
321 1091 109 25 tjänst.

94 1120 109 26 Uppbädet
218 1120 46 20 sker
278 1120 76 20 medels
369 1120 103 26 kejserligt
487 1121 105 26 manifest.

89 1150 32 20 De
144 1151 74 25 yngsta
243 1150 143 20 årsklasserna
411 1150 92 21 inkallas
522 1151 32 20 till
570 1151 58 26 först.
664 1151 38 26 Af
720 1151 32 20 de
770 1152 103 23 värne

47 1181 72 22 män,
134 1180 739 26 somsenastblifvitjränreserventilllandt-

48 1210 109 20 värnet
184 1210 193 26 öfverförda,
406 1210 146 20 inkallas
579 1210 156 26 därjämte
762 1210 111 26 nödigt

48 1240 82 19 antal
148 1239 44 26 för
212 1240 40 19 att
271 1240 83 26 tjäna
373 1240 50 20 till
442 1240 88 20 kader
548 1240 44 26 för
610 1240 30 20 de
659 1240 103 26 finska
781 1240 91 20 landt-

48 1270 315 26 värnstrupper,
378 1270 194 26 somuppställas.
884 1282 3 2 :

92 1299 175 20 Värnemän
296 1299 7 20 i
330 1300 31 19 de
389 1306 94 20 yngre
511 1300 229 20 ärsklasserna
767 1300 105 20 kunna

46 1328 109 26 jämväl
175 1330 83 24 tagas
280 1329 7 20 i
309 1330 130 25 anspräk
459 1330 45 25 för
524 1330 30 20 de
573 1330 100 20 aktiva
690 1331 182 25 truppernas

47 1358 256 26 komplettering,
334 1359 7 20 i
368 1359 153 20 händelse
548 1365 146 14 reserven
723 1359 149 26 befinnes

46 1388 119 20 härtill
184 1388 210 26 otillräcklig
413 1389 80 20 eller
512 1389 114 26 blifvit
646 1389 122 20 uttömd.

89 1418 151 20 Inkallas
258 1418 66 20 icke
345 1418 42 20 hel
403 1418 240 24 årsklass,
577 1414 71 35 sker
659 1419 212 25 uttagningen

46 1448 71 24 från
146 1448 66 20 alla
233 1448 315 26 lottningsområden
570 1449 51 19 och
643 1448 161 26 iakttages
824 1448 48 26 för

468 1492 9 8 »
837 1491 21 16 18
