1031 1631
156 80 34 16 220
339 81 38 26 R
392 85 16 13 o.
424 82 20 16 A.
459 82 51 16 1899.
539 82 71 20 Utdrag
624 86 20 12 ur
659 82 120 20 protokollet.

397 340 103 30 Utdrag
519 345 31 19 ur
570 340 167 30 protokollet.

159 411 41 21 N:o
218 412 20 20 1.

324 442 85 26 Utdrag
426 448 25 14 ur
469 442 138 26 protokollet,
625 442 59 20 fördt
702 442 37 20 vid
756 442 95 20 enskildt
868 448 109 14 samman-

282 472 62 20 träde
356 472 22 20 af
390 472 144 20 medlemmar
546 472 6 20 i
566 472 26 20 R.
606 478 18 14 o.
639 473 25 19 A.
678 472 38 20 vid
729 472 80 20 urtima
823 472 133 26 landtdagen
970 472 6 20 i

284 502 142 26 Helsingfors,
440 502 42 20 den
496 502 24 20 16
532 502 58 20 Mars
604 502 60 20 1899.

197 561 120 27 Föredrogs
335 562 263 26 Värnepligtsutskottets
616 562 81 26 förslag
716 562 32 20 till
767 562 126 26 förordning
912 562 65 26 angä-

156 592 54 19 ende
224 592 92 26 ändring
329 592 23 20 af
365 592 106 20 särskilda
486 592 136 26 stadganden
635 592 6 20 i
655 592 203 26 Värnepligtslagen
871 592 34 20 för
918 592 59 20 Stor-

156 622 160 20 furstendömet
329 622 93 20 Finland
436 622 22 20 af
471 622 42 20 den
526 622 26 20 27
566 622 120 20 December
701 622 52 20 1878
766 623 40 19 och
820 622 96 20 fattades
929 623 48 19 här-

156 651 36 19 vid
214 651 98 27 följande
333 652 79 20 beslut.

198 682 112 26 Förslaget
320 682 33 20 till
364 682 83 26 lydelse
458 682 34 20 för
502 683 10 25 $
526 683 7 19 1
546 682 138 20 förkastades
696 683 40 19 och
748 682 81 20 beslöts
840 684 34 18 att
886 682 6 20 i
904 683 74 19 stället

156 711 109 21 bibehålla
276 712 40 20 den
326 712 82 26 lydelse
418 713 67 25 sagda
495 713 9 25 $
514 712 55 20 har
563 707 9 36 i
579 719 29 13 nu
618 712 101 26 gällande
728 712 176 26 värnepligtslag.
925 712 52 20 Der-

154 741 68 25 jemte
237 742 81 20 beslöts
332 743 34 19 att
389 742 1 20 1
408 748 66 14 mom.
489 742 7 20 i
510 743 128 19 Utskottets
652 742 80 26 förslag
746 742 33 20 till
794 743 8 24 $
817 743 12 19 4
844 743 68 19 skulle
927 742 49 26 ingå

155 771 71 20 säsom
238 772 13 19 2
262 778 64 14 mom.
338 772 6 20 i
355 773 9 24 $
377 772 17 20 1.

197 802 9 24 $
220 802 48 23 123,
281 808 64 14 mom.
361 803 17 19 1.
388 802 200 20 äterremitterades
603 802 33 20 till
652 803 119 19 Utskottet
782 802 7 20 i
802 802 56 26 syfte
871 804 33 18 att
917 802 59 26 gifva

155 832 97 19 nämnda
267 834 97 18 moment
377 832 98 26 följande
494 832 86 26 lydelse.

197 861 43 20 »De
255 861 70 21 finska
340 863 121 25 trupperna
475 862 67 20 hafva
557 863 32 19 till
604 863 103 19 ändamål
722 864 34 18 att
768 864 67 18 värna
847 864 77 18 tronen
937 862 40 20 och

154 890 178 22 fäderneslandet
353 894 57 18 samt
432 892 91 20 sälunda
546 892 64 20 äfven
632 892 91 26 bidraga
744 892 33 20 till
799 892 179 26 Kejsaredömets

154 920 93 24 försvar,
265 928 48 13 men
330 922 75 20 kunna
422 922 27 20 de
466 922 90 20 stäende
573 924 120 24 trupperna
710 922 70 20 under
796 922 98 26 krigstid,
912 922 6 19 i
936 922 41 19 den

154 951 51 19 män
224 951 112 20 desamma
354 952 47 20 icke
419 954 37 18 äro
474 952 138 26 erforderliga
631 952 33 20 för
681 952 114 20 värnande
812 952 22 20 af
852 954 47 24 eget
919 952 58 23 land,

153 980 90 26 jemväl,
265 982 27 19 dä
313 982 108 26 Kejsaren
442 982 41 20 och
506 982 135 20 Storfursten
656 982 72 20 finner
744 982 80 20 sädant
840 982 83 26 nödigt,
940 988 38 13 an-

155 1011 84 19 vändas
253 1012 34 19 att
300 1012 71 19 direkt
384 1012 119 20 medverka
516 1012 33 20 till
563 1012 180 26 Kejsaredömets
755 1012 102 20 försvar.»

196 1041 10 25 $
226 1040 12 20 3
259 1041 126 25 godkändes
404 1042 51 20 med
476 1042 40 20 den
536 1042 157 20 redaktionella
714 1042 126 25 förändring
860 1043 35 18 att
915 1042 61 19 ordet

154 1070 172 21 »Landtvärnet»
343 1072 7 19 i
368 1072 88 26 stycket
473 1072 29 25 B)
519 1072 101 25 utbyttes
638 1074 46 17 mot
703 1072 114 25 uttrycket
834 1072 52 19 »Det
904 1072 72 19 finska

155 1100 157 21 landtvärnet».

196 1131 9 24 $
220 1130 13 20 9
249 1131 126 25 godkändes
390 1132 139 19 oförändrad.

787 1192 21 19 In
832 1191 72 19 fidem:

754 1233 48 19 Clas
818 1239 17 13 v.
853 1233 81 19 Collan.
