1036 1634
151 85 22 15 58
434 86 20 16 R.
469 90 17 12 o.
503 86 20 16 A.
538 86 53 16 1899.
606 87 22 15 17
642 86 55 16 Mars.

193 145 33 19 Hr
246 144 99 27 Georg
369 146 185 20 Schauman:
589 146 42 26 Jag
649 146 38 20 ber
701 146 33 19 för
748 145 44 20 min
808 145 34 20 del
855 145 23 21 fä
891 144 79 21 föreslä

150 176 35 18 att
198 175 9 25 $
219 174 12 20 7
245 174 7 21 i
264 176 126 20 nuvarande
402 176 172 26 värnepligtslag
585 176 7 20 i
604 176 33 20 sin
649 176 73 20 helhet
734 176 71 19 måtte
816 175 50 27 ingå
878 175 8 20 i
897 175 74 20 stället

151 204 34 20 för
194 205 172 26 anmärkningen
366 200 12 36 i
392 206 10 25 $
412 206 11 19 7
434 206 33 20 uti
477 206 109 26 förslaget.
606 206 119 26 Uttrycket
735 205 117 26 »Kejsaren
861 205 41 20 och
913 205 58 20 Stor-

151 234 95 20 fursten»
261 235 39 20 har
315 235 72 21 blifvit
402 236 152 20 utmönstradt
568 236 22 19 af
605 235 257 27 Värnepligtsutskottet,
878 241 50 14 men
943 234 27 20 dä

150 264 63 20 detta
225 265 91 26 uttryck
327 265 66 21 redan
405 266 145 20 förekommer
561 266 33 20 uti
604 266 9 24 $
623 266 12 20 5
644 266 8 20 i
661 265 260 26 Värnepligtsutskottets
929 264 42 20 för-

150 294 53 26 slag,
217 294 23 20 sä
253 295 62 20 torde
327 296 35 19 väl
375 296 48 19 icke
435 296 77 20 hinder
523 296 103 26 föreligga
643 297 34 19 att
689 297 58 19 ännu
760 301 26 14 en
800 295 56 26 gäng
868 294 103 21 använda

150 330 85 14 samma
236 320 12 36 i
263 324 58 21 finsk
331 326 34 25 lag
375 325 129 21 häfdvunna
516 326 111 26 uttryck.*

194 384 33 20 Hr
237 384 184 22 Oker-Blom:
441 386 31 20 13
481 392 65 14 mom.
556 386 23 20 af
588 386 12 19 7
610 386 9 25 $
629 388 60 24 säges
698 386 44 19 »att
751 385 58 21 finsk
823 385 147 26 medborgare,

151 421 47 14 som
212 415 70 20 vistas
295 415 12 20 ä
322 417 40 22 ort,
378 416 38 20 der
429 416 151 26 värnepligten
594 416 101 26 fullgöres
708 416 67 25 enligt
794 415 177 26 Kejsaredömets

151 445 35 26 lag
203 445 52 20 eller
272 445 66 26 enligt
355 446 106 20 särskilda
479 446 143 26 stadganden,
640 446 79 25 fullgör
735 445 151 26 värnepligten
904 445 67 26 enligt

151 475 58 19 finsk
219 475 51 26 lag».
290 475 46 20 Här
345 476 39 20 har
393 476 68 20 redan
470 476 132 20 framhållits
612 477 34 19 att
656 476 113 26 uttrycket
779 475 77 26 »enligt
865 475 106 20 särskilda

150 505 149 26 stadganden»
310 506 69 20 skulle
391 506 45 20 tåla
449 506 125 26 förklaring.
599 506 43 26 Jag
654 506 50 20 ville
715 507 121 25 yttermera
848 505 74 20 härtill
934 511 38 14 an-

151 535 83 24 märka,
255 536 104 20 hurusom
377 536 141 26 naturligtvis
536 537 122 19 momentet
676 537 40 19 har
734 536 32 20 sin
785 535 106 21 särskilda
909 535 64 26 bety-

150 565 59 20 delse
221 566 35 19 att
266 565 122 25 framhålla,
400 566 88 21 utöfver
499 567 58 20 hvad
569 567 13 19 3
593 573 65 14 mom.
670 566 7 20 i
688 567 9 24 $
708 566 12 20 7
731 566 126 23 innehåller,
869 567 34 18 att
914 565 59 20 finsk

151 595 149 26 medborgare,
315 597 93 20 oaktadt
421 597 43 20 han
477 597 79 26 flyttar
568 597 33 19 till
614 596 174 26 Kejsaredömet,
803 598 24 18 är
840 595 85 27 skyldig
938 597 35 18 att

151 625 93 26 fullgöra
258 626 152 27 värnepligten
422 627 68 26 enligt
503 627 59 20 finsk
574 627 42 26 lag.
643 627 62 19 Dock
718 626 69 20 skulle
799 626 37 26 jag
849 626 122 23 hemställa,

152 655 109 21 huruvida
277 656 47 20 icke
340 657 115 26 uttrycket
470 657 78 20 »vistas
564 657 12 20 å
592 658 41 22 ort,
651 657 38 20 der
704 656 151 26 värnepligten
869 656 104 26 fullgöres

150 685 69 26 enligt
232 685 180 27 Kejsaredömets
423 687 52 26 lag»,
483 687 69 20 skulle
560 687 91 26 utbytas
663 687 33 20 till
708 687 115 25 uttrycket
835 692 56 14 »som
903 686 70 19 vistas

151 717 62 18 utom
225 716 94 20 Finland
329 717 60 19 inom
401 717 184 26 Kejsaredömet».

193 770 60 19 Frih.
274 776 71 23 von
361 771 138 20 Alfthan
528 771 148 20 understödde
696 771 37 20 det
753 770 22 21 af
796 771 33 19 Hr
849 770 124 20 Schauman

151 800 82 20 väckta
243 799 103 28 förslaget
355 801 140 20 beträffande
504 801 178 27 anmärkningen.

197 855 32 19 Hr
248 855 69 20 Elis
345 856 226 28 Furuhjelm.2)

194 908 33 20 Hr
242 908 25 20 L.
291 909 168 20 Mechelin:
489 910 34 19 Dä
538 909 109 26 ätskilliga
662 909 22 20 af
700 909 25 20 de
740 908 78 27 gjorda
832 908 142 20 anmärknin-

151 944 67 19 garne
229 940 38 18 äro
279 939 22 19 af
312 940 136 20 redaktionel
460 941 71 22 natur,
544 940 23 19 sä
578 945 52 14 vore
642 940 37 19 det
690 939 82 19 kanske
784 939 46 19 skäl
843 940 34 18 att
888 939 33 25 $:n
933 938 41 20 blir

150 968 178 21 aterremitterad
343 969 69 26 jemte
427 970 101 26 samtliga
545 970 61 20 dessa
622 969 171 25 anmärkningar
808 970 53 18 utan
878 970 35 18 att
929 974 45 14 om-

151 998 100 26 röstning
261 999 68 20 skulle
339 1000 94 20 behöfva
444 1005 38 21 ega
492 1006 49 14 rum
550 1001 68 19 annat
628 1001 28 18 än
666 1005 36 14 om
711 999 13 19 2
733 1004 66 15 mom.

193 1052 34 20 Hr
244 1053 25 19 A.
295 1052 30 20 af
349 1053 175 20 Forselles:
557 1053 42 26 Jag
615 1053 38 20 ber
670 1053 64 20 ocksä
751 1052 22 21 fä
790 1052 134 20 understöda
941 1052 34 20 Hr

151 1082 137 20 Schaumans
304 1082 80 27 förslag
400 1083 112 26 angäende
523 1083 153 20 bibehällande
690 1083 22 20 af
722 1084 9 24 $
742 1082 11 20 7
764 1082 7 20 i
781 1089 28 13 nu
818 1082 99 26 gällande
925 1084 50 18 vär-

151 1112 132 26 nepligtslag
293 1113 71 19 säsom
374 1119 27 14 en
412 1113 145 26 anmärkning
566 1113 34 20 till
610 1113 12 20 7
633 1114 16 24 $.

193 1166 34 20 Hr
241 1166 29 20 K.
293 1167 119 19 Antell:
439 1167 42 26 Jag
495 1167 51 20 ville
559 1167 77 20 endast
650 1167 50 20 med
714 1166 118 26 anledning
845 1166 22 20 af
881 1166 41 20 den
937 1172 38 14 an-

151 1196 124 26 märkning,
286 1202 47 14 som
342 1197 86 25 gjordes
438 1197 23 20 af
470 1198 33 18 Hr
514 1197 137 23 Oker-Blom,
662 1198 61 24 yttra
733 1198 35 18 att
778 1196 68 26 nägot
855 1196 104 20 stötande
968 1196 7 19 i

150 1226 63 20 detta
228 1226 92 27 uttryck
334 1227 48 20 icke
396 1228 43 19 kan
454 1227 125 24 förefinnas,
595 1227 27 20 dä
638 1227 61 20 detta
714 1226 91 27 uttryck
820 1228 24 18 är
857 1226 118 26 tagetfrän

151 1256 172 26 propositionen.
341 1257 45 20 Der
394 1258 46 19 står
449 1258 38 19 det
496 1259 34 18 att
539 1263 93 20 person,
643 1263 47 14 som
699 1257 69 20 vistas
777 1257 13 19 å
800 1258 40 22 ort,
852 1257 37 19 der
898 1258 77 18 värne-

151 1286 83 26 pligten
248 1286 101 27 fullgöres
362 1287 67 26 enligt
442 1287 178 26 I<ejsaredömets
632 1287 44 26 lag»
689 1287 55 20 skall
756 1287 7 19 i
775 1287 58 19 vissa
846 1286 36 20 fall
897 1287 78 25 utgöra

150 1316 154 27 värnepligten
315 1317 68 26 enligt
395 1318 71 19 denna
478 1317 40 26 lag.

193 1370 143 21 HrErnst
354 1371 179 20 Estlander
551 1371 24 26 1).

194 1424 33 20 Hr
244 1424 103 27 Georg
371 1425 181 20 Schauman
566 1426 23 26 2).

188 1471 15 21 1)
211 1473 151 20 Andragandena
371 1473 61 16 finnas
441 1473 83 16 hvarken
533 1473 5 16 i
548 1474 105 19 stenogram
662 1473 43 16 eller
716 1473 2 15 i
728 1472 122 16 memorialet.
