1036 1631
165 80 22 16 64
538 82 79 20 Bilagor.

209 140 173 26 Truppstyrkans
400 141 191 27 sammansättning
609 142 36 19 och
663 141 117 27 fördelning
798 141 29 26 på
845 141 56 20 olika
919 146 66 20 vapen

165 170 106 26 äfvensom
292 170 44 20 dess
356 171 127 20 dislokation
504 171 111 27 fastställes
635 172 23 26 af
679 171 103 26 Kejsaren
802 171 37 20 och
860 170 125 26 Storfursten

165 200 35 25 på
220 200 251 27 framställning
492 201 30 26 af
543 201 275 26 krigsministern,
836 200 94 21 sedan
947 206 37 14 se-

165 231 93 19 naten
278 230 138 27 afgifvit
435 231 167 21 utlåtande
622 231 6 20 i
647 231 135 21 ärendet.

536 285 15 26 8
567 285 46 20 122.

206 320 168 21 Bestämmandet
389 321 23 26 af
427 322 127 26 truppernas
567 321 119 26 utrustning
697 321 36 20 och
745 321 108 20 underhåll
864 321 120 20 ankommer

163 350 28 25 på
218 350 103 26 Kejsaren
347 351 37 19 och
412 351 126 26 Storfursten
565 351 74 20 allena.
682 351 146 20 Kostnaderna
841 351 69 25 hörför
936 351 47 26 utgå

163 379 114 25 främst
299 380 22 26 af
343 380 109 21 allmänna
475 381 164 26 militiejondens
662 381 190 26 tillgångar;
875 380 108 26 (utesl)

163 409 53 20 hvad
232 410 116 26 därutöfver
364 410 110 27 erfordras,
492 411 91 20 betäckes
598 411 56 20 till
669 411 53 20 den
738 411 54 23 del,
808 417 59 13 som
883 410 27 26 ej
926 410 56 20 kan

162 439 71 25 från
256 441 213 20 statsverkets
491 441 169 20 ordinarie
681 441 173 20 inkomster
875 440 107 20 bestri-

161 469 59 24 das,
234 470 47 20 med
292 470 23 20 de
326 470 70 24 medel,
410 476 44 15 som
464 471 33 26 för
509 471 118 20 ändamålet
639 471 67 26 blifvit
718 471 22 26 af
750 471 112 20 ständerna
876 470 105 21 anvisade.

535 525 12 26 8
566 524 46 27 123.

209 559 102 20 Under
338 560 143 26 krigstid
508 561 163 20 användas
698 561 32 19 de
757 560 110 26 finska
894 562 88 25 trup-

161 594 91 20 perna
281 589 215 26 företrädesvis
521 590 47 20 vid
590 591 275 25 försvarsätgärder
889 590 7 20 i
918 590 65 20 Fin-

161 618 81 24 land,
265 625 61 14 men
348 619 111 25 kunna,
480 620 35 20 dä
535 620 32 20 de
589 621 66 19 icke
676 622 50 19 äro
746 620 118 21 härtill
884 620 97 26 behöf-

160 648 72 26 liga
256 649 105 20 kallas
383 651 45 18 att
448 650 118 26 jämväl
588 651 79 19 utom
689 650 107 20 landet
820 650 161 20 medverka

160 678 50 20 vid
228 679 101 20 rikets
348 674 131 35 försvar.

200 708 43 20 Då
264 709 32 20 de
316 709 109 20 aktiva
445 711 178 26 trupperna
643 710 119 21 ställas
782 711 37 26 på
840 710 140 26 krigsfot

159 738 50 20 och
228 738 118 21 därtill
365 739 143 26 behöflig
525 740 48 20 del
592 740 30 26 af
640 746 147 14 reserven
808 740 146 20 inkallas
974 740 6 20 i

157 767 54 20 den
230 768 137 27 ordning
386 769 15 26 $
420 769 34 20 13
471 770 136 26 stadgar,
629 771 109 25 uppsättas
757 770 22 26 af
797 770 39 20 den
854 770 126 20 återstående

156 803 93 15 reserven
264 798 7 20 i
283 799 49 20 mån
346 799 22 26 af
380 799 90 26 behofvet
482 800 147 26 depottrupper
641 800 47 20 med
700 800 139 20 bestämmelse
852 801 28 19 att
891 800 53 26 fylla
956 800 24 20 de

156 827 77 24 luckor,
248 834 44 14 som
307 829 65 20 under
385 829 228 26 krigsoperationernas
625 830 51 26 lopp
690 830 78 26 uppstå
782 830 7 20 i
802 830 24 20 de
839 830 70 20 aktiva
922 831 58 25 trup-

156 863 77 20 pernas
257 858 59 20 leder.
362 859 88 20 Huru
474 859 335 27 landtvärnstrupper
838 860 141 27 uppstäl-

156 887 47 20 las
228 887 68 21 ochi
313 888 110 21 hvilka
441 889 60 26 fall
517 891 168 19 värnemän
702 890 42 20 må
760 890 220 20 såsomreserv

155 917 133 24 anlitas,
310 919 150 26 ärsagdti
476 919 13 26 $
506 913 41 36 20.
