1034 1631
347 97 22 17 R.
383 102 17 12 o.
416 97 22 17 A.
452 98 53 16 1899.
519 98 23 17 17
555 98 56 17 Mars.
867 98 22 17 67

109 157 33 20 Hr
160 157 24 20 L.
211 157 168 20 Mechelin:
413 158 67 19 Hvad
498 158 139 20 vidkommer
655 158 94 26 kapitlet
767 165 36 13 om
817 158 72 20 landt-

66 188 85 23 värnet,
166 187 79 20 tänker
258 187 37 26 jag
309 187 36 20 väl
360 188 34 19 att
409 188 38 19 det
460 187 34 20 för
509 188 26 20 de
549 188 65 20 flesta
629 188 68 20 skulle
711 194 53 14 vara
779 189 56 19 mest
846 188 42 20 till-

66 217 96 23 talande,
172 223 36 14 om
217 223 51 14 man
277 217 74 20 kunde
359 217 72 21 lemna
440 217 95 27 kapitlet
544 224 36 14 om
589 218 142 20 landtvärnet
739 218 148 20 oförändradt.

68 247 83 20 Sädant
165 246 44 20 blef
224 247 56 20 dock
294 247 22 20 af
330 248 50 19 rent
394 247 99 21 formella
508 248 47 20 skäl
569 248 47 20 icke
630 248 93 26 möjligt,
739 250 40 18 när
792 254 27 14 en
833 248 56 26 gäng

67 278 179 25 reserysystemet
261 277 90 20 ändrats
365 277 7 20 i
386 277 96 26 enlighet
496 278 51 19 med
561 278 59 20 hvad
635 284 29 14 nu
678 278 75 20 blifvit
765 278 122 26 föreslaget.

67 307 48 19 Den
127 307 9 19 1
149 307 9 25 $
168 306 8 20 i
186 307 62 20 detta
258 307 90 26 kapitel,
361 307 20 20 d.
392 313 22 14 v.
426 313 16 14 s.
455 307 25 20 19
491 308 10 24 $
511 308 40 19 har
561 308 40 20 här
611 308 74 20 blifvit
695 308 84 20 ändrad
790 307 97 23 sålunda,

67 338 35 19 att
112 336 75 20 äldern
198 337 122 20 utsträckts
330 336 49 21 frän
390 337 27 20 40
428 337 33 20 till
471 337 27 20 43
510 338 30 19 är.
557 338 52 19 Man
620 338 44 20 kan
674 338 24 26 ju
705 338 125 26 visserligen
838 338 50 25 göra

67 367 101 25 gällande
180 368 34 18 att
227 367 71 19 denna
310 366 138 27 förlängning
460 367 22 20 af
494 367 13 20 3
519 368 25 19 är
555 367 48 20 icke
614 368 40 19 har
665 368 101 26 praktisk
777 367 112 27 betydelse

68 397 39 19 och
125 396 72 20 derför
212 396 67 20 hellre
294 397 51 19 bort
361 397 115 20 uteslutas.
503 397 50 23 Det,
571 403 47 14 som
635 398 114 20 bestämde
765 398 122 22 Utskottet,

67 432 40 14 var
120 428 40 22 att,
174 428 40 19 när
227 433 26 13 en
265 426 57 26 gång
336 426 101 27 samtliga
450 427 126 26 paragrafer
588 427 23 20 af
623 427 94 26 kapitlet
729 434 36 13 om
778 427 111 20 landtvär-

68 458 37 18 net
116 456 57 20 ändå
183 456 71 20 måste
264 457 86 23 ändras,
362 457 40 19 och
412 457 67 26 några
490 457 116 26 fullgiltiga
617 458 46 20 skäl
673 457 34 20 för
717 459 34 18 att
761 457 127 20 landtvärn-

67 486 97 26 tjensten
174 486 68 20 borde
251 486 100 26 upphöra
361 486 92 26 tidigare
464 488 28 18 än
501 487 7 20 i
519 487 168 26 Kejsaredömet
696 488 111 25 knappast
816 487 73 19 kunde

68 516 49 20 med
124 517 115 25 framgäng
246 516 139 24 framställas,
392 517 23 19 sä
423 517 74 20 kunde
505 523 51 14 man
563 518 52 25 göra
623 518 71 19 denna
701 517 134 27 förändring,
843 523 46 14 som

67 546 6 20 i
87 546 39 20 allt
140 546 118 26 väsentligt
272 548 24 18 är
308 552 60 14 mera
381 546 96 20 nominel
491 549 28 18 än
533 547 22 20 af
566 547 83 26 verklig
661 547 100 26 praktisk
770 547 118 26 betydelse.

110 576 66 20 Hvad
187 576 66 20 sedan
263 576 138 20 vidkommer
411 577 42 19 den
462 576 84 27 vigtiga
556 577 27 19 20
593 578 16 24 $,
620 577 23 20 sä
653 579 38 18 äro
700 577 58 20 vissa
768 576 121 21 förändrin-

68 606 52 25 gar
113 602 13 35 i
129 606 134 23 densamma,
273 606 71 20 säsom
352 606 37 26 jag
398 606 67 20 redan
474 607 105 26 antydde,
589 613 26 13 en
624 607 127 26 nödvändig
759 606 55 27 följd
822 606 23 21 af
853 606 36 20 det

67 636 132 20 förändrade
207 637 186 25 reservsystemet.
408 636 39 20 Uti
455 637 51 19 näd.
516 643 73 19 prop:s
597 636 224 27 författningsförslag
829 636 61 26 ingär

68 666 42 19 den
124 666 167 26 bestämningen
306 667 34 19 att
354 666 144 20 landtvärnet
512 667 55 19 skall
581 666 94 20 fördelas
689 667 7 19 i
709 667 40 19 tvä
760 666 128 26 kategorier,

68 696 42 19 den
120 702 41 14 ena
172 695 138 21 omfattande
321 696 27 19 de
357 696 13 19 4
380 697 79 25 yngsta
471 696 154 23 ärsklasserna,
636 702 46 14 som
693 696 106 20 befunnes
809 702 80 20 vapen-

68 725 54 24 föra,
146 726 68 26 jemte
238 726 41 19 alla
304 726 56 23 dem,
387 732 47 13 som
453 727 129 25 genomgätt
601 726 63 20 aktiv
683 726 41 20 och
739 726 148 26 reservtjenst,

68 756 79 19 medan
160 756 42 19 den
214 756 68 19 andra
294 756 115 26 kategorin
422 756 70 19 skulle
504 756 94 20 omfatta
611 756 67 26 öfriga
691 756 7 19 i
709 755 180 21 landtvärnet
856 751 36 36 in-

68 785 82 20 skrifna
168 791 108 20 personer,
295 785 122 20 oberoende
434 791 36 14 om
489 786 26 20 de
533 792 52 14 voro
603 786 147 26 krigsdugliga
767 786 51 19 eller
835 785 52 20 icke.

69 815 73 26 Enligt
150 816 51 19 värt
210 815 127 20 nuvarande
346 817 82 24 system
435 815 86 26 föregär
528 815 151 27 besigtningen
687 815 148 21 anställandet
842 815 47 20 utaf

68 845 102 26 lottning,
189 845 40 20 och
246 845 78 20 endast
342 846 26 19 de
385 845 148 26 krigsdugliga
551 846 68 20 kallas
636 845 33 20 till
686 845 97 27 lottning
799 845 41 20 och
857 845 31 20 till

68 875 134 26 krigstjenst.
223 875 42 20 Vid
280 875 62 20 detta
357 877 83 24 system
454 875 41 20 har
509 876 117 20 Utskottet
640 877 73 18 ansett
729 876 37 19 det
780 875 53 20 böra
848 875 41 20 för-

68 905 75 24 blifva,
161 905 85 20 hvilket
262 905 98 20 kommer
376 907 35 18 att
427 905 85 26 framgä
530 905 22 20 af
569 905 128 21 Utskottets
712 905 81 26 förslag
805 905 38 20 vid
857 906 32 19 ett

68 941 75 14 senare
159 935 89 26 kapitel.
280 935 62 20 Inom
359 935 117 20 Utskottet
492 936 89 25 segrade
598 935 64 20 äfven
679 935 41 20 den
737 935 62 26 äsigt,
815 936 35 19 att
863 935 26 20 de

68 971 108 20 personer,
193 971 46 14 som
254 965 106 26 genomgä
376 965 41 20 den
433 971 16 14 s.
466 965 21 20 k.
504 965 91 20 stäende
609 965 173 26 tjenstgöringen
798 965 20 20 d.
835 971 20 14 v.
871 971 16 14 s.

68 995 60 26 tjena
140 995 38 20 vid
190 995 75 20 aktiva
277 996 92 25 trupper
380 995 40 20 och
432 1001 107 17 reserven,
552 995 48 20 icke
611 995 76 20 vidare
698 995 67 20 borde
777 995 21 20 fä
809 996 62 25 tagas
882 994 7 20 i

68 1025 95 26 anspräk
178 1025 34 20 för
228 1026 68 19 annat
312 1027 28 18 än
356 1025 229 26 landtvärnstrupper,
603 1025 66 20 sedan
685 1025 26 20 de
723 1025 122 20 inskrifvits
857 1025 32 19 uti

68 1055 148 20 landtvärnet.
236 1055 50 20 Men
297 1055 106 26 derjemte
413 1061 40 14 var
463 1055 38 20 det
511 1055 137 26 nödvändigt
657 1056 51 25 taga
719 1055 6 19 i
736 1055 153 22 betraktande,
907 1053 2 2 '

68 1085 116 20 huruledes
200 1085 50 20 värt
267 1086 83 25 system
366 1085 68 20 borde
451 1085 93 26 erbjuda
561 1085 114 26 möjlighet
691 1086 35 19 att
743 1085 52 19 söka
812 1086 78 18 ersätt-

69 1115 141 26 ningsreserv,
223 1115 40 19 och
276 1115 27 20 dä
314 1121 52 14 man
377 1115 48 19 icke
436 1114 51 21 ville
498 1115 72 20 dertill
581 1115 69 20 anlita
661 1115 50 19 dem
722 1120 47 14 som
780 1115 72 25 tjenat
865 1114 25 19 10

68 1145 40 19 äri
119 1144 63 20 aktiv
193 1145 40 20 och
244 1151 78 16 reserv,
334 1145 23 19 sä
368 1151 40 14 var
419 1145 42 19 den
471 1145 84 26 logiska
565 1145 165 25 konsegvensen
742 1145 48 22 den,
802 1145 35 19 att
848 1143 41 20 för-

68 1174 60 20 klara
142 1175 26 19 de
179 1176 80 25 yngsta
271 1175 147 19 ärsklasserna
430 1175 7 19 i
449 1175 142 20 landtvärnet
603 1174 99 27 skyldiga
714 1175 41 22 att,
768 1174 7 19 i
787 1174 102 19 händelse

68 1204 42 20 den
123 1203 108 27 egentliga
244 1210 100 14 reserven
358 1206 24 18 är
395 1204 137 27 otillräcklig,
547 1205 51 26 lyda
611 1204 102 20 kallelsen
727 1204 33 19 till
774 1204 26 19 de
813 1203 76 20 aktiva

67 1235 132 25 truppernas
210 1234 176 26 komplettering.
410 1234 52 20 Man
474 1234 74 20 kunde
561 1234 22 20 sä
595 1234 89 26 mycket
696 1239 87 14 snarare
795 1233 94 20 omfatta

68 1264 68 23 detta,
154 1270 46 14 som
217 1264 27 20 de
259 1265 79 25 yngsta
355 1264 148 20 ärsklasserna
519 1264 7 20 i
541 1264 142 20 landtvärnet
699 1263 67 26 enligt
783 1264 37 19 det
835 1263 55 19 före-

68 1294 74 26 slagna
156 1295 106 25 systemet
274 1295 113 19 motsvara
400 1294 27 19 de
439 1295 81 25 yngsta
533 1294 146 20 ärsklasserna
691 1293 7 20 i
711 1294 42 19 den
766 1293 34 19 del
813 1292 22 20 af
849 1293 41 19 den

68 1324 128 19 nuvarande
208 1329 107 18 reserven,
330 1329 46 14 som
389 1323 48 20 icke
450 1324 129 25 genomgätt
591 1323 62 20 aktiv
665 1323 76 26 tjenst.
767 1322 69 20 Dessa
848 1322 42 20 för-

68 1352 118 27 ändringar
198 1355 24 18 är
234 1353 37 20 det
283 1360 36 16 nu,
333 1353 24 20 ät
369 1353 75 20 hvilka
456 1353 28 20 20
496 1354 10 24 $
518 1353 69 26 gifver
599 1353 90 26 uttryck
701 1352 7 20 i
720 1352 61 26 fråga
793 1358 37 14 om
842 1352 48 20 ord-

68 1382 79 26 ningen
158 1383 35 20 för
204 1383 153 20 landtvärnets
369 1383 120 23 anlitande,
503 1383 20 20 d.
536 1389 21 14 v.
571 1389 16 13 s.
600 1384 34 18 att
645 1382 34 20 för
691 1382 166 26 uppställandet
868 1382 22 20 af

67 1412 222 27 landtvärnstrupper
299 1412 80 21 anlitas
390 1413 72 20 säsom
472 1413 80 20 kadrer
561 1412 49 20 frän
621 1412 40 20 och
671 1412 49 20 med
733 1412 23 20 11
769 1412 121 20 ärsklassen

68 1442 70 26 uppät
151 1442 33 24 de,
194 1448 47 14 som
254 1443 128 25 genomgätt
391 1448 108 18 reserven,
510 1443 40 19 och
560 1442 105 26 derjemte
673 1442 93 20 inkallas
776 1442 26 19 de
811 1443 79 25 yngsta

67 1472 153 20 årsklasserna.
258 1472 33 20 Då
310 1474 120 18 värnemän
448 1472 94 21 inkallas
560 1472 65 20 äfven
643 1472 32 19 till
695 1471 75 20 aktiva
789 1472 104 25 truppers
