1031 1631
154 81 36 15 200
238 74 6 6 *
451 83 21 17 R.
486 87 17 13 0.
518 84 21 17 A.
553 84 52 17 1899.
620 84 11 17 4
645 84 44 20 Maj.

202 141 34 20 Då
248 141 63 27 ingen
323 142 22 20 af
357 142 104 21 Ständets
472 143 143 21 medlemmar
626 144 69 20 utbad
707 144 31 27 sig
745 144 68 23 ordet,
823 145 163 20 öfverlemnade

159 171 33 19 Hr
202 171 151 21 Ordföranden
363 172 32 20 till
407 172 104 21 Ständets
521 173 135 21 besvarande
665 174 97 27 följande

363 263 422 27 Omröstningsproposition:

201 310 40 24 De,
254 311 74 20 hvilka
335 312 118 25 godkänna
460 312 129 20 Utskottets
595 312 80 26 förslag
682 312 139 20 beträffande
828 313 9 25 $
845 312 33 24 20,
886 314 60 19 rösta
953 313 31 25 ja;

201 340 78 20 vinner
300 341 42 26 nej,
369 342 118 20 vidblifver
509 342 92 20 Ständet
624 342 38 20 sitt
683 342 93 26 tidigare
798 342 71 20 beslut
891 343 94 19 rörande

160 370 136 26 paragrafen.

201 400 31 20 Pä
245 400 94 27 begäran
352 402 111 20 anstäldes
475 402 72 20 sluten
560 402 106 26 votering;
680 402 40 20 och
733 402 27 20 dä
773 402 71 20 denna
857 402 63 20 utföll
933 403 50 19 med

160 429 26 21 70
198 430 22 26 ja
234 430 40 20 och
288 430 25 21 18
326 432 42 26 nej,
382 432 56 20 hade
452 432 93 20 Ständet
557 432 90 20 beslutit
660 434 34 18 att
707 432 49 20 med
769 432 132 26 frängäende
914 432 22 20 af
944 433 39 19 silt

158 460 94 26 tidigare
267 460 72 21 beslut
353 461 117 27 godkänna
486 462 127 22 Utskottets
629 462 80 26 förslag
723 462 33 20 till
770 462 214 27 sammanjemkning

158 490 94 20 rörande
263 491 39 25 $:n.

201 520 59 20 Frih.
274 520 26 21 R.
318 521 25 21 A.
361 521 109 21 Wrede
486 522 73 20 anhöll
568 523 34 19 att
611 522 21 20 få
641 522 32 20 till
684 522 93 20 Ständet
785 522 121 23 hemställa,
918 522 65 20 huru-

158 549 52 21 vida
221 550 49 20 icke
282 551 37 19 det
330 553 73 19 senast
413 552 87 20 fattade
511 552 95 20 beslutet
617 552 69 20 skulle
697 552 114 20 betraktas
822 552 71 20 säsom
904 552 80 20 endast

159 579 118 27 vilkorligt,
300 581 51 20 eller
377 582 71 20 säsom
470 582 85 20 fattadt
577 582 77 20 endast
676 582 69 20 under
767 582 159 26 förutsättning
948 584 35 18 att

159 609 85 21 Preste-
264 610 40 20 och
323 611 171 21 Bondeständen
513 612 87 20 komme
619 613 34 19 att
672 612 117 26 godkänna
808 612 175 26 Värnepligtsut-

159 639 97 30 skottets
267 640 161 28 framställning
439 642 139 20 beträffande
589 642 9 26 $
612 642 45 20 120.

200 706 34 21 Hr
246 707 24 21 L.
292 707 160 21 Mechelin
476 708 70 20 utbad
559 708 31 27 sig
603 708 62 20 ordet
677 708 41 20 och
730 708 105 26 yttrande
847 708 49 20 med
910 708 74 20 anled-

158 736 52 26 ning
223 737 70 20 häraf:
314 738 42 26 Jag
369 738 82 20 erinrar
464 738 43 26 mig
520 738 53 23 icke,
589 738 108 20 huruvida
710 738 7 19 i
731 738 126 20 skrifvelsen
870 738 61 20 detta
944 738 39 19 vil-

159 766 83 26 korliga
256 767 142 24 förhällande,
413 774 47 14 som
473 768 58 20 Frih.
546 768 77 20 Wrede
637 768 103 26 päpekat,
755 769 24 19 är
791 768 98 26 tydligen
903 769 79 22 utsatt,

159 802 50 14 men
222 802 44 20 nog
278 798 24 19 är
315 798 36 19 det
364 798 45 19 min
423 798 143 26 uppfattning
579 799 34 19 att
626 798 68 20 skulle
707 797 42 21 den
761 797 88 26 vädjan,
859 804 45 13 som
913 798 71 20 riktas

158 825 34 21 till
207 826 85 20 Preste-
307 827 40 20 och
363 828 171 20 Bondeständen
549 829 34 19 att
599 828 56 20 afstä
671 828 49 19 frän
735 827 92 26 tidigare
843 828 70 19 beslut
929 828 7 19 i
951 827 32 20 af-

159 856 79 20 seende
252 856 13 20 ä
280 857 10 25 $
306 857 46 23 120,
367 857 48 20 icke
429 858 49 20 leda
493 858 32 19 till
541 858 138 26 fullständigt
693 858 100 22 resultat,
809 857 23 20 sä
847 863 51 14 vore
913 858 69 19 förut-

159 886 127 26 sättningen
297 886 34 20 för
342 887 37 20 det
390 893 30 14 nu
431 887 22 20 af
465 888 26 20 R.
503 894 19 14 o.
534 888 37 19 A:s
582 887 86 20 fattade
679 887 72 20 beslut
762 887 134 26 upphäfd.**

201 916 33 20 Hr
250 916 152 21 Ordföranden
417 917 128 20 meddelade
560 918 34 19 att
609 918 66 25 nägot
691 917 79 20 sädant
785 917 105 20 förbehäll
906 917 77 20 visser-

158 945 57 26 ligen
230 946 48 20 icke
292 946 65 20 fanns
371 947 148 26 uttryckligen
534 948 71 19 utsatt
619 947 7 19 i
640 947 261 25 Värnepligtsutskottets
916 946 66 20 fram-

159 976 111 26 ställning,
282 982 51 14 men
345 978 34 18 att
391 977 56 19 dock
459 977 22 19 af
492 977 187 26 framställningen
692 976 127 26 otvetydigt
829 976 107 26 framgick
948 978 34 18 att

159 1005 37 20 det
213 1006 46 19 deri
275 1006 106 26 ingående
397 1006 104 26 förslaget
517 1007 92 20 rörande
625 1006 106 20 särskilda
747 1006 143 26 paragrafer
884 1001 12 36 i
905 1008 77 18 värne-

159 1034 131 27 pligtslagen
309 1036 70 20 mäste
399 1036 114 20 betraktas
533 1036 71 20 säsom
624 1038 33 18 ett
677 1036 100 20 odelbart
797 1036 51 24 helt,
869 1036 113 26 angäende

158 1064 86 21 hvilket
260 1065 99 21 besluten
371 1066 7 20 i
390 1066 27 20 de
429 1066 58 20 olika
499 1066 94 20 ständen
604 1066 70 20 mäste
685 1072 64 14 anses
760 1066 86 20 fattade
859 1066 68 20 under
938 1066 44 20 för-

159 1095 126 26 utsättning
308 1096 35 19 att
367 1096 39 20 full
426 1096 190 26 samstämmighet
639 1096 92 20 emellan
756 1096 100 26 samtliga
871 1096 65 20 ständ
950 1102 32 14 er-

158 1124 90 20 näddes.

201 1154 72 20 Sedan
288 1155 75 20 vidare
379 1156 32 19 Hr
457 1156 129 20 Mechelin
601 1156 44 20 fäst
660 1156 223 26 uppmärksamheten
897 1156 37 19 vid
947 1157 34 18 att

158 1184 56 20 efter
229 1184 27 20 R.
271 1190 19 14 o.
302 1185 53 20 A:si
363 1185 102 20 afseende
473 1186 12 19 ä
495 1186 9 25 $
513 1186 26 20 20
547 1186 86 20 fattade
642 1186 79 23 beslut,
731 1185 144 26 anledningen
885 1185 32 20 till
926 1185 55 20 infö-

156 1214 70 20 rande
236 1214 8 20 i
256 1214 38 20 123
305 1215 9 25 $
325 1221 66 14 mom.
404 1216 7 19 1
425 1215 22 20 af
458 1216 37 19 det
505 1215 92 26 tidigare
605 1215 48 20 utaf
661 1215 93 20 Ständet
762 1215 113 20 beslutade
882 1215 100 26 tillägget

157 1243 23 20 af
198 1244 63 20 ordet
279 1244 110 20 »stäende»
406 1245 91 20 framför
515 1245 71 20 finska
603 1246 120 25 trupperna
739 1245 102 25 upphört,
859 1245 123 19 hemstälde

157 1273 33 19 Hr
205 1273 153 21 Ordföranden
375 1274 33 20 till
424 1276 70 19 mötet
507 1281 36 14 om
556 1275 161 25 godkännande
737 1274 22 20 af
773 1274 127 20 Utskottets
915 1274 67 20 fram-

157 1303 106 26 ställning
274 1304 92 20 rörande
379 1304 39 20 123
430 1305 9 25 $
451 1311 65 13 mom.
532 1305 16 23 1,
562 1304 87 20 hvartill
661 1306 71 18 mötet
743 1304 66 20 äfven
821 1305 131 25 samtyckte.

200 1332 128 21 Utskottets
337 1334 80 26 förslag
425 1335 92 19 rörande
525 1335 10 25 $
546 1334 45 24 120,
601 1334 70 20 säsom
678 1334 154 20 innefattande
839 1340 27 14 en
873 1334 107 26 inbjudan

156 1362 34 20 till
203 1362 85 20 Preste-
301 1363 41 20 och
355 1364 178 23 Bondeständen,
547 1364 114 26 päkallade
674 1364 47 20 icke
734 1364 48 20 frän
796 1364 26 20 R.
837 1370 18 14 o.
869 1364 38 20 A:s
934 1364 46 20 sida

157 1392 71 26 nägon
245 1394 204 24 uppmärksamhet.

200 1458 102 20 Rörande
311 1459 9 22 $
332 1459 34 19 121
380 1459 98 19 lemnade
