1028 1631
331 85 21 16 R.
366 89 16 12 o.
399 85 19 16 A.
432 85 52 16 1899.
498 85 12 16 4
523 84 45 20 Maj.
829 84 30 16 197

40 145 84 20 skottet
141 151 29 13 nu
187 144 126 27 ytterligare
329 145 93 20 kommit
438 144 57 21 fram
511 145 50 20 med
577 146 34 18 ett
627 144 234 26 sammanjemknings-

40 175 80 26 förslag
135 175 56 20 efter
207 174 26 21 de
249 175 79 26 många
344 175 74 24 andra,
436 181 47 14 som
498 175 68 20 redan
581 175 60 20 förut
657 175 67 20 hafva
732 173 128 21 framstälts.

42 205 43 20 Det
103 205 40 20 har
159 205 24 26 ju
200 204 34 21 för
251 204 116 21 Utskottet
385 205 59 26 gällt,
463 206 35 19 att
515 206 51 25 taga
583 205 8 19 i
608 204 147 20 betraktande
773 203 87 20 hvilken

42 235 133 20 Ständernas
184 234 97 26 hållning
290 234 71 21 såsom
370 235 73 19 helhet
452 235 119 20 betraktad
580 235 68 19 skulle
657 234 69 20 blifva
736 234 40 19 och
785 233 75 26 frågan

42 265 126 25 härigenom
178 266 23 18 är
209 265 24 25 ju
243 264 41 20 ock
294 264 22 20 af
325 265 23 19 så
358 265 45 19 stor
412 264 112 26 betydelse
534 265 35 19 att
577 264 37 26 jag
623 264 47 20 icke
680 264 66 19 heller
756 269 62 14 anser
827 264 34 19 att

42 295 37 19 det
94 300 52 14 vore
161 295 45 19 rätt
222 294 48 20 utaf
285 295 33 19 ett
333 294 72 23 stånd,
422 295 34 19 att
471 294 46 20 helt
532 294 41 20 och
588 294 67 19 hållet
670 293 75 26 afböja
762 294 34 19 att
811 294 50 24 taga

42 325 67 19 saken
122 324 69 20 under
203 324 104 26 förnyadt
321 324 167 26 öfvervägande.
514 324 42 26 Jag
569 325 46 18 tror
627 324 44 25 mig
684 329 53 14 vara
750 329 50 14 ense
814 322 48 20 med

42 354 33 19 Hr
86 354 117 20 Estlander
214 354 81 23 derom,
307 355 34 18 att
353 354 37 20 det
402 354 68 19 under
481 354 137 20 närvarande
630 353 106 20 situation
747 353 47 20 icke
806 352 57 20 blott

41 384 113 25 gentemot
171 384 75 20 landet
263 385 53 18 utan
334 384 65 19 också
416 384 50 19 utåt
483 390 51 13 vore
552 383 48 21 utaf
616 383 54 26 vigt,
688 384 34 19 att
740 380 137 23 Ständerna
872 376 7 37 '

42 414 68 19 skulle
123 414 76 25 intaga
212 420 26 13 en
253 413 22 20 så
289 413 44 20 fast
346 414 139 25 ståndpunkt
498 420 47 14 som
559 413 91 26 möjligt,
665 419 50 15 men
729 413 49 19 från
792 412 69 20 denna

41 443 160 26 förutsättning
213 444 99 20 kommer
323 443 37 26 jag
373 443 32 20 till
418 445 34 18 ett
465 445 69 18 annat
546 444 92 19 resultat
651 445 28 18 än
692 443 34 19 Hr
738 442 125 20 Estlander.

43 473 74 26 Enligt
127 473 45 21 min
182 473 73 24 tanke,
267 473 39 20 och
317 473 45 20 deri
371 475 24 18 är
404 473 36 26 jag
450 473 22 20 af
482 474 87 19 alldeles
579 473 57 20 olika
646 473 88 26 mening
744 472 49 21 med
804 472 57 20 Frih.

42 503 65 24 Born,
119 505 24 18 är
155 503 39 20 120
204 504 9 25 $
224 509 26 14 en
261 503 22 20 af
293 503 26 20 de
329 503 53 20 allra
392 503 117 26 vigtigaste
519 503 23 20 vi
552 503 65 20 hafva
628 504 35 19 att
673 503 116 20 behandla.
804 502 38 20 120
853 503 9 24 $

43 533 38 20 har
94 533 83 20 kanske
191 539 44 14 mer
249 535 27 18 än
291 533 71 26 någon
376 539 72 14 annan
462 534 34 19 ett
509 533 72 20 direkt
595 533 98 26 politiskt
708 533 64 25 syfte,
787 531 76 21 nämli-

41 568 41 21 gen
95 563 36 20 det
143 564 34 19 att
188 563 120 20 russificera
320 563 50 20 vårt
380 563 52 23 folk,
445 564 35 19 att
491 564 77 25 utgöra
579 564 34 19 ett
623 563 70 20 medel
704 563 34 19 för
748 562 113 20 införande

43 593 22 20 af
75 593 56 20 både
142 593 131 20 unifikation
284 593 40 19 och
334 593 149 20 russifikation
495 593 20 20 d.
527 599 21 14 v.
560 599 23 17 s.,
594 592 140 26 naturligtvis
745 592 47 20 icke
805 591 37 20 120
853 592 9 25 $

44 624 53 19 utan
109 623 37 20 det
156 623 85 26 förslag,
254 629 46 14 som
310 623 69 26 gjorts
388 623 33 19 till
432 623 93 26 ändring
535 623 22 20 af
568 623 70 19 denna
649 622 107 26 paragraf,
769 622 50 19 eller
829 623 34 18 att

41 653 66 25 ryska
119 653 112 19 officerare
243 653 68 19 skulle
322 652 22 20 få
355 653 87 19 inträda
454 653 7 19 i
472 652 58 20 finsk
542 653 74 25 tjenst.
635 652 50 20 Med
697 652 101 20 afseende
810 651 52 20 härå

42 683 71 19 finner
129 683 37 25 jag
179 682 36 20 det
228 688 53 14 vara
294 682 22 20 af
329 682 108 26 synnerlig
450 682 53 26 vigt,
518 683 34 19 att
566 683 41 19 alla
620 682 65 20 stånd
698 682 6 19 i
718 682 71 20 denna
802 681 60 26 fråga

43 712 68 20 skulle
123 713 34 19 stå
169 719 56 16 ense,
238 712 40 20 och
291 718 35 14 om
338 713 37 19 det
387 718 29 13 nu
427 712 111 26 verkligen
550 713 23 19 så
585 712 101 19 förhåller
698 711 37 26 sig,
748 713 35 18 att
795 711 68 25 utsigt

43 742 70 19 finnes
127 743 35 19 att
176 742 6 19 i
193 742 70 20 denna
273 743 81 25 ytterst
364 742 82 26 vigtiga
456 742 61 25 fråga
528 743 33 18 ett
571 742 103 25 enhälligt
685 741 162 20 ständerbeslut
857 741 6 18 i

43 772 119 25 afböjande
176 772 96 25 riktning
286 772 68 19 skulle
368 772 88 20 komma
470 772 34 19 till
518 772 72 23 stånd,
605 772 23 19 så
643 777 62 14 anser
718 771 38 26 jag
770 772 34 19 att
820 770 42 20 deri

44 802 68 19 skulle
122 802 57 25 ligga
189 803 32 18 ett
231 802 120 25 synnerligt
361 802 71 19 starkt
442 802 46 19 skäl
498 803 34 18 att
542 803 51 24 taga
603 801 6 20 i
619 801 169 26 öfvervägande,
799 801 65 18 huru-

43 831 52 21 vida
108 831 48 20 icke
170 832 64 19 hellre
249 837 26 14 en
289 831 96 26 eftergift
399 831 73 20 kunde
486 833 62 24 göras
562 831 7 20 i
582 831 71 26 någon
668 837 72 14 annan
755 830 107 27 paragraf.

43 861 44 20 Det
101 863 24 18 är
139 861 88 26 mycket
240 861 43 20 lätt
297 863 34 18 att
344 863 52 24 göra
410 861 169 26 anmärkningar
593 862 59 19 emot
666 861 26 19 de
706 861 156 25 eqvivalenter,

43 897 47 14 som
106 891 118 26 uppställts
240 891 28 26 på
283 891 58 20 båda
357 891 58 20 sidor
430 891 41 20 och
486 891 37 26 jag
539 893 76 18 ämnar
630 891 119 25 ingalunda
765 890 49 25 ingå
832 890 31 19 uti

43 922 33 19 ett
91 921 132 20 bemötande
238 921 22 20 af
275 921 62 20 dessa
352 921 176 26 anmärkningar,
544 927 49 14 men
608 921 58 19 hvad
681 920 37 26 jag
733 920 50 19 ville
798 919 65 20 fram-

44 951 57 20 hålla
116 953 24 18 är
155 952 34 19 att
204 951 36 20 det
255 951 48 20 icke
317 951 39 20 här
370 951 99 20 kommer
484 957 27 14 an
527 951 27 26 på
570 951 73 25 dylika
658 950 144 26 synpunkter,
818 955 46 14 som

45 981 55 20 dock
111 983 37 18 äro
159 987 45 14 mer
215 981 50 20 eller
275 981 84 20 mindre
369 981 105 20 formella.
495 981 43 19 Det
549 981 97 20 kommer
656 980 66 19 heller
732 980 48 19 icke
790 985 28 14 an
829 979 35 25 på,

44 1012 34 18 att
89 1011 62 20 detta
163 1011 68 20 Stånd
242 1012 86 19 ensamt
338 1011 68 19 skulle
416 1011 47 19 visa
474 1017 26 13 en
512 1011 22 19 så
545 1010 44 20 fast
600 1010 101 25 hållning,
714 1015 47 14 som
771 1009 93 25 möjligt.

44 1041 67 20 Detta
128 1040 83 26 hjelper
226 1041 47 19 icke
290 1041 72 22 saken,
380 1041 6 18 i
403 1040 36 20 fall
456 1047 26 13 en
500 1046 72 14 annan
588 1040 138 25 ståndpunkt
742 1039 85 25 intages
843 1038 23 20 af

44 1071 27 19 de
85 1071 69 19 andra
170 1071 99 22 stånden,
285 1071 54 19 utan
355 1071 36 19 det
407 1072 23 18 är
446 1070 133 20 Ständernas
594 1069 96 26 hållning
704 1069 72 20 såsom
792 1068 73 19 helhet

44 1100 126 23 betraktad,
183 1106 46 15 som
242 1100 37 19 det
291 1100 39 19 här
341 1100 99 20 kommer
452 1106 28 13 an
493 1100 34 26 på.
541 1100 66 19 Hvad
618 1105 30 14 nu
660 1099 34 20 för
706 1099 66 26 öfrigt
784 1097 81 20 beträf-

43 1130 34 20 far
89 1130 27 20 20
129 1131 9 25 $
151 1130 23 20 så
187 1130 105 20 erkänner
303 1130 37 26 jag
352 1130 55 20 visst
419 1131 35 19 att
467 1130 41 20 den
520 1129 116 21 teoretiskt
648 1131 24 18 är
684 1129 22 20 af
718 1129 90 25 mycket
821 1129 46 18 stor

44 1160 119 26 betydelse.
182 1160 42 26 Jag
235 1160 106 20 erkänner
353 1161 34 19 att
399 1160 37 20 det
448 1162 27 18 är
484 1166 26 13 en
522 1161 45 18 stor
579 1159 131 26 uppoffring,
724 1165 36 13 om
773 1158 93 20 Ståndet

44 1190 88 26 frångår
143 1190 39 20 sitt
193 1190 72 20 beslut
276 1190 138 20 beträffande
426 1190 72 19 denna
509 1189 107 26 paragraf.
639 1189 42 25 Jag
692 1189 37 19 vill
742 1188 65 20 också
819 1187 46 19 icke

45 1226 29 14 nu
88 1220 72 20 uttala
175 1220 43 26 mig
233 1220 73 20 derom
321 1220 109 19 huruvida
445 1219 93 20 Ståndet
552 1219 39 19 bör
605 1220 50 24 göra
670 1219 62 19 detta
747 1218 50 20 eller
811 1217 53 23 icke,

45 1250 58 19 hvad
113 1249 37 27 jag
160 1250 59 21 velat
229 1249 115 20 framhålla
354 1249 39 20 har
403 1249 79 20 endast
492 1249 64 23 varit,
568 1250 33 18 att
611 1248 67 28 saken
688 1250 24 18 är
722 1248 22 20 af
754 1248 42 19 den
807 1248 58 18 stora

45 1280 119 25 betydelse,
177 1280 33 19 att
221 1279 97 26 fullgoda
330 1279 45 19 skäl
387 1279 72 19 finnas
471 1280 34 18 att
516 1279 47 19 icke
575 1278 73 26 afböja
660 1278 28 20 all
699 1276 134 26 behandling
844 1276 22 20 af

45 1309 333 25 sammanjemkningsförslaget,
396 1310 54 18 utan
465 1310 53 24 taga
534 1308 122 20 detsamma
672 1308 69 19 under
757 1306 108 25 allvarligt

44 1339 197 25 öfvervägande.**

87 1398 207 20 HrMechelin:
311 1398 62 20 Efter
381 1398 57 20 Frih.
447 1398 90 20 Wredes
544 1399 66 24 tungt
618 1397 99 25 vägande
726 1392 141 28 andragande

46 1428 37 19 vill
92 1428 37 26 jag
139 1428 77 20 endast
225 1428 86 26 päpeka
321 1429 32 18 ett
362 1428 94 19 faktiskt
466 1428 90 25 misstag
564 1427 8 19 i
581 1427 57 19 Frih.
648 1432 44 14 von
701 1426 71 20 Borns
782 1426 85 18 senaste

45 1458 111 25 yttrande.
179 1458 56 20 Frih.
247 1464 44 13 von
302 1458 58 19 Born
372 1457 124 20 förklarade
507 1457 31 25 sig
550 1456 70 20 derför
631 1456 46 20 icke
689 1462 51 13 anse
751 1455 99 25 tillägget
861 1454 6 19 i
