1034 1631
424 78 80 30 Bilagor.
853 81 20 15 51

52 142 80 20 dana
157 141 191 27 kroppsliga
380 142 118 20 brister
523 142 51 19 och
598 141 192 26 sjukdomar,
815 146 59 14 som

53 173 110 25 utgöra
179 171 114 20 hinder
309 172 47 25 för
373 172 43 19 att
438 172 3 19 i
458 171 201 26 krigstjänst
676 172 141 24 antagas,
836 171 38 19 ut-

52 202 112 25 färdas
189 201 80 26 efter
293 201 363 25 medicinalstyrelsens
681 200 139 20 hörande
846 200 29 25 af

53 232 131 19 senaten
205 231 148 20 isamråd
371 231 62 20 med
448 231 341 26 generalguvernören.

432 284 14 26 $
462 285 33 20 26.

96 321 81 20 Från
195 321 223 25 tjänstgöring
435 320 50 20 vid
502 321 32 19 de
551 321 129 19 stående
698 322 177 24 trupperna

54 351 97 20 under
168 351 90 20 såväl
276 350 95 26 freds-
389 356 59 14 som
467 350 148 26 krigstid,
635 356 63 14 men
718 350 67 20 icke
803 350 71 25 från

54 380 324 27 öfningsskyldighet
403 380 50 20 vid
478 380 214 24 landtvärnet,
720 380 26 26 ej
772 379 103 21 häller

53 411 72 25 från
159 410 223 26 tjänstgöring
410 410 50 20 vid
494 410 302 26 landtvärnstrupp,
837 409 38 19 be-

53 440 94 26 frias:

96 471 22 25 a)
133 470 53 20 enda
204 470 112 26 arbetsföra
333 476 63 14 sonen
414 470 32 20 till
464 470 56 20 änka
538 470 47 20 eller
603 470 55 20 till
676 470 66 20 icke
761 470 114 19 arbets-

54 501 48 25 för
117 500 68 26 fader;
202 500 21 26 b)
239 500 53 20 enda
308 500 111 26 arbetsföra
436 500 85 20 brodren
539 500 31 20 till
587 501 24 19 ett
627 500 47 20 eller
690 500 49 26 flere
755 499 67 26 fader-
839 498 35 20 och

54 530 114 20 moderlösa
189 530 86 26 'syskon;
298 531 18 25 c)
337 530 53 20 enda
411 530 113 26 arbetsföra
544 536 48 14 son-
613 530 47 20 eller
680 530 135 22 dottersonen,
838 528 38 20 där

54 560 99 26 farfader,
165 560 110 26 farmoder,
289 560 103 26 morfader
403 560 47 20 eller
462 560 115 20 mormoder
590 560 43 20 icke
644 560 62 26 hafva
718 560 69 25 någon
800 559 75 20 arbets-

54 590 32 26 för
99 596 44 18 son,
159 590 88 26 såframt
262 590 7 20 i
283 590 136 26 förenämnda
433 590 39 26 fall
486 596 71 18 sonen,
573 590 91 23 brodren,
680 596 47 14 son-
742 589 48 20 eller
803 589 72 19 dotter-

54 626 64 14 sonen
133 621 56 25 utgör
201 620 108 26 familjens
323 620 161 26 hufvudsakliga
497 620 54 24 stöd;
566 620 21 26 d)
601 620 53 20 enda
667 625 64 15 sonen
746 619 6 20 i
766 625 25 13 en
804 618 72 26 familj

54 650 60 26 äfven
128 656 32 14 om
173 650 73 26 fadren
260 652 23 18 är
296 650 107 26 arbetsför;
417 650 19 25 e)
448 650 46 24 den,
508 656 45 14 som
567 650 7 20 i
587 650 56 20 ålder
655 650 60 26 följer
728 650 48 19 näst
789 648 48 26 efter
850 654 25 13 en

53 680 76 23 broder,
141 680 83 20 hvilken
236 680 28 26 på
275 680 68 26 grund
353 680 23 26 af
387 680 85 26 uppbåd
482 680 44 20 står
538 680 6 20 i
556 680 56 20 aktiv
623 680 64 25 tjänst
698 679 47 20 eller
756 679 41 20 dött
810 678 6 20 i
827 678 49 20 den-

54 716 87 17 samma,
157 711 77 19 samt
248 710 18 26 fy
281 710 91 20 oäkta
387 716 59 17 son,
462 709 129 21 hvilken
606 716 96 13 ensam
716 708 160 27 försörjer

53 740 49 19 sin
125 740 106 20 moder.

96 769 150 27 Anmärkning
266 770 18 20 1.
323 770 95 26 Stjufson
438 770 106 26 äfvensom
563 770 46 23 den,
629 770 82 20 hvilken
731 769 43 25 före
793 768 28 20 tio
841 768 35 19 års

54 799 57 20 ålder
129 799 68 26 blifvit
215 800 69 20 såsom
303 800 99 25 fosterson
423 801 112 25 upptagen,
555 800 101 20 betraktas
675 800 69 19 såsom
764 799 41 25 eget
824 798 50 19 barn

54 829 32 20 Hill
97 829 48 20 sina
157 829 62 26 stjuf-
230 829 48 20 eller
289 830 171 25 fosterföräldrar,
474 836 33 14 om
519 830 59 20 dessa
591 830 43 20 icke
645 829 62 26 hafva
720 828 99 26 arbetsför
830 833 44 14 son.

96 859 150 26 Anmärkning
261 860 18 19 2.
312 859 73 20 Såsom
401 859 112 26 arbetsföra
529 860 133 20 medlemmar
679 859 7 20 i
701 858 97 27 familjen
815 863 62 15 anses

54 889 42 19 alla
110 888 75 21 mellan
200 889 83 20 aderton
297 890 36 19 och
342 889 112 26 femtiofem
464 890 34 19 års
508 890 62 23 ålder,
580 890 46 19 med
636 889 106 26 undantag
752 889 31 26 af:
798 889 22 26 a)
829 888 47 24 dert,

53 924 44 14 som
115 918 7 20 i
137 918 53 26 följd
206 919 22 25 af
243 919 119 27 kroppslyte
375 919 48 20 eller
434 919 113 26 sjuklighet
559 919 79 20 saknar
650 919 94 26 förmåga
758 920 28 19 att
800 919 74 23 arbeta,

54 948 20 26 b)
86 948 45 24 den,
144 954 44 14 som
200 949 64 19 sedan
276 955 56 13 mera
344 950 28 19 än
384 950 28 18 tre
424 950 24 19 år
459 949 65 20 vistas
535 950 29 26 på
575 949 70 21 okänd
656 950 36 23 ort,
704 950 55 19 samt
771 949 18 25 c)
802 948 74 21 under-

54 978 54 26 befäl
129 978 36 20 och
186 978 105 26 manskap
314 979 7 19 i
343 979 55 19 aktiv
419 979 71 26 tjänst.

96 1008 150 26 Anmärkning
265 1009 18 20 3.
314 1009 74 20 Därest
407 1015 24 13 en
450 1009 65 20 redan
535 1009 32 20 till
585 1009 63 26 tjänst
668 1009 114 26 uppbådad
800 1014 74 21 person

53 1044 73 19 genom
141 1044 72 14 senare
230 1038 102 26 inträffad
347 1038 97 20 händelse
460 1039 87 20 kommit
564 1039 7 20 i
587 1040 61 25 något
664 1039 75 20 sådant
751 1034 124 42 familjeför-

53 1068 103 23 hållande,
166 1074 44 14 som
220 1068 7 20 i
235 1068 69 20 denna
313 1068 100 26 paragraf
421 1068 138 26 omförmäles,
569 1069 76 26 befrias
654 1069 42 20 har
704 1069 49 26 från
762 1070 7 18 t
778 1068 8 26 j
796 1070 12 19 ä
814 1074 36 28 ns
859 1069 15 19 t-

52 1098 112 26 göring
182 1098 51 20 vid
251 1098 31 20 de
300 1098 130 20 stående
448 1100 184 25 trupperna.

94 1127 48 20 Har
161 1128 42 20 åter
222 1128 32 20 det
270 1128 218 26 familjeförhållande,
506 1129 81 26 hvarpå
604 1128 107 26 befrielsen
728 1128 94 27 grundar
835 1128 38 26 sig,

54 1157 95 26 upphört,
168 1157 91 21 inkallas
275 1158 39 20 den
330 1158 90 20 sålunda
436 1158 92 26 befriade
544 1158 39 20 till'
595 1159 53 19 aktiv
663 1159 144 26 tjänstgöring,
824 1158 51 28 dock

53 1187 19 25 ej
87 1187 33 25 för
135 1187 70 26 längre
221 1188 31 19 tid
267 1189 28 19 än
311 1194 44 14 som
371 1188 99 20 återstode
486 1188 22 26 af
524 1188 54 20 hans
593 1188 197 26 tjänsteskyldighet,
807 1188 67 20 därest

52 1217 42 19 han
110 1216 19 26 ej
143 1217 88 20 kommit
246 1218 7 19 i
268 1218 122 26 åtnjutande
406 1218 22 26 af
442 1218 138 26 förenämnda
595 1218 93 26 eftergift.

429 1272 15 26 8
459 1272 33 20 27.

95 1306 38 20 Om
152 1307 76 19 tvänne
247 1306 76 24 bröder,
344 1307 63 26 födda
427 1308 66 20 under
511 1314 82 14 samma
613 1308 29 23 år,
662 1308 84 26 deltagit
766 1307 7 20 i
792 1313 82 13 samma

52 1336 93 26 lottning,
163 1336 36 20 och
215 1336 100 21 hvardera
332 1337 7 20 i
355 1337 44 20 stöd
415 1338 22 25 af
454 1338 82 26 uttagen
552 1338 132 20 lottnummer
699 1343 46 15 vore
760 1337 114 26 förpligtad

52 1366 29 20 att
97 1366 83 20 inträda
195 1366 8 20 i
219 1366 56 20 aktiv
290 1367 71 25 tjänst,
377 1367 23 20 så
416 1367 113 26 inskrifves
543 1368 38 19 den
598 1368 22 26 af
635 1368 51 40 dem,
702 1373 44 14 som
761 1366 39 26 fäit
814 1366 60 26 högre

52 1395 137 24 lottnummer,
208 1396 35 20 vid
275 1397 198 20 landtvärnet.

93 1425 43 19 För
148 1425 61 26 öfrigt
222 1427 23 19 är
257 1426 32 20 det
301 1426 81 20 sådana
394 1427 71 20 bröder
477 1427 108 26 medgijfvet
597 1428 29 19 alt
637 1427 46 20 med
694 1426 120 20 hvarandra
827 1426 47 25 byta

50 1454 138 21 lottnummer.
