1028 1631
148 85 36 16 208
439 86 22 17 R.
475 90 17 13 0.
509 86 19 17 A.
542 86 52 17 1899.
609 86 21 16 18
644 86 44 20 Maj.
905 84 34 18 N:o
954 85 22 16 15

252 358 33 28 Är
304 362 65 24 1899
389 362 50 24 den
459 362 32 24 18
508 361 64 30 Maj;
591 362 114 29 torsdag,
719 361 35 25 kl.
774 361 15 24 7
806 367 22 19 e.
840 366 36 20 m.

300 432 178 21 sammanträdde
491 432 142 20 medlemmar
646 432 22 20 af
682 432 160 26 Ridderskapet
858 432 39 20 och
907 432 71 20 Adeln

300 462 37 20 vid
351 468 29 14 nu
394 462 113 26 pägäende
516 462 81 20 urtima
606 462 106 26 landtdag
721 462 33 20 till
764 462 95 20 enskildt
868 468 110 14 samman-

300 492 62 20 träde
376 492 12 20 å
403 492 149 20 Riddarhuset
565 492 69 20 under
646 492 186 26 ordförandeskap
844 492 22 20 af
876 492 101 26 Verkliga

301 522 123 20 Statsrådet
439 522 24 20 L.
476 522 106 20 Lindelöf.

200 582 135 20 Protokollet
356 582 71 20 fördes
449 582 22 20 af
491 582 165 20 undertecknad
676 582 164 20 bankdirektör.
849 581 17 26 1)

199 642 42 20 Till
257 642 61 20 detta
333 642 164 20 sammanträde
512 642 56 20 hade
582 642 112 26 bordlagts
709 642 40 20 och
764 642 173 20 öfverlämnades
944 642 33 20 till

158 672 105 20 Ståndets
282 672 132 26 granskning
433 672 38 20 det
489 672 23 20 af
530 672 157 26 Lagutskottet
706 672 121 26 uppgjorda
847 672 79 26 förslag
945 672 33 20 till

158 702 141 20 betänkande
312 702 41 20 N:o
367 702 13 20 2
392 702 7 20 i
412 702 117 26 anledning
542 702 23 20 af
577 702 28 20 H.
621 702 27 20 K.
662 702 53 20 M:ts
728 702 79 26 nådiga
820 702 159 26 propositioner

157 732 114 26 angående
284 732 142 26 utjemnande
439 732 22 20 af
474 732 41 20 den
528 732 119 26 personella
660 732 40 20 och
714 732 42 19 den
768 731 121 21 finansiella
902 733 76 19 värne-

158 762 151 26 pligtstungan
319 762 7 20 i
335 762 93 20 Finland
438 762 57 20 och
486 757 14 35 i
505 761 160 27 Kejsardömet.

200 792 32 20 På
242 792 94 26 begäran
346 792 111 20 lemnades
467 792 62 20 ordet
538 792 55 20 först
602 792 24 20 åt

200 852 34 19 Hr
247 852 24 22 L.
292 851 167 24 Mechelin;
474 857 46 15 som
533 852 95 25 yttrade:
654 851 42 26 Jag
709 851 38 20 ber
760 852 33 19 att
806 851 33 20 för
852 851 44 20 min
910 852 34 20 del
957 851 22 21 få

158 881 96 24 anmäla,
264 882 35 19 att
307 881 37 26 jag
352 881 7 20 i
368 882 40 19 allt
416 881 119 26 väsentligt
545 881 96 20 ansluter
650 881 44 26 mig
703 881 32 20 till
746 881 37 20 det
791 881 23 20 af
822 881 158 26 Lagutskottet

157 911 123 26 framlagda
290 911 110 26 förslaget.
419 911 43 26 Jag
471 911 38 20 ber
519 911 74 20 vidare
603 910 21 21 få
635 911 71 20 uttala
716 912 34 19 ett
760 917 38 20 par
808 911 170 26 önskningsmål,

158 941 47 20 icke
214 941 35 20 för
258 942 34 19 att
302 941 88 20 dermed
399 940 120 27 framlägga
528 940 80 27 förslag
616 941 33 19 till
659 941 185 20 sammanträdets
853 941 125 26 afgörande,

158 972 54 18 utan
224 971 80 20 endast
314 971 50 20 med
376 971 41 20 den
429 971 109 23 anhållan,
551 972 34 19 att
596 970 59 21 mina
667 970 145 27 påminnelser
822 971 71 20 måtte
904 970 75 27 delgif-

157 1006 40 14 vas
214 1000 159 26 Lagutskottet
390 1000 33 20 för
440 1002 35 19 att
492 1002 62 24 tagas
571 1000 7 20 i
596 1000 168 26 öfvervägande,
783 1000 27 20 då
828 1000 151 20 betänkandet

157 1030 103 26 justeras.
279 1030 65 20 Hvad
354 1030 138 20 vidkommer
501 1030 37 20 det
548 1036 46 14 som
603 1030 77 20 härvid
691 1030 39 20 har
739 1030 168 26 hufvudvigten,
917 1032 62 18 näm-

159 1060 56 26 ligen
226 1060 118 24 klämmen,
356 1060 23 20 så
391 1060 80 20 önskar
480 1060 37 26 jag
527 1060 33 20 för
571 1060 44 20 min
626 1060 34 20 del
671 1060 47 20 icke
729 1060 71 26 någon
811 1060 91 26 ändring
912 1060 7 20 i
931 1060 48 20 dess

158 1090 103 23 innehåll,
275 1096 49 14 men
337 1091 46 19 tror
395 1090 44 26 mig
451 1090 53 20 böra
517 1090 31 20 till
562 1090 161 26 öfvervägande
736 1090 120 23 framhålla,
871 1090 108 20 huruvida

158 1120 48 19 icke
217 1120 45 23 det,
276 1126 45 14 som
333 1120 7 20 i
352 1120 71 20 denna
435 1120 59 20 kläm
506 1122 60 24 säges
578 1120 40 20 och
630 1126 46 14 som
688 1120 67 26 enligt
767 1120 44 19 min
823 1120 67 20 tanke
902 1122 24 18 är
937 1120 42 20 den

158 1149 78 26 rigtiga
254 1150 124 23 slutsatsen,
394 1150 75 19 kunde
483 1149 69 20 blifva
568 1156 58 13 mera
643 1150 93 19 distinkt
749 1154 77 21 genom
840 1150 33 19 ett
887 1156 39 20 par
936 1150 43 20 för-

159 1179 118 26 ändringar
288 1179 125 26 förslagsvis
425 1179 92 20 sålunda
529 1180 34 19 att
577 1179 40 20 den
630 1179 68 20 skulle
710 1179 59 26 lyda:
782 1180 35 19 att
828 1181 52 18 enär
891 1179 7 20 i
911 1180 26 19 de
950 1186 29 13 nu

159 1209 124 20 Ständerna
299 1209 111 26 förelagda
427 1209 50 20 nåd.
496 1209 186 26 propositionerna
699 1210 24 19 är
740 1209 69 26 sagdt,
827 1210 35 19 att
878 1209 26 20 de
920 1209 7 20 i
944 1210 36 19 de-

159 1244 84 14 samma
260 1238 144 21 omförmälda
418 1238 73 27 frågor
506 1239 60 19 skola
581 1239 120 19 behandlas
716 1238 67 26 enligt
799 1244 26 14 en
840 1239 92 26 ordning
946 1239 34 19 för

159 1268 145 26 lagstiftning,
318 1274 47 14 som
378 1268 79 20 strider
469 1270 47 18 mot
529 1268 103 20 Finlands
644 1268 138 26 grundlagar,
791 1268 85 20 landets
887 1268 93 21 Ständer

158 1298 48 20 icke
218 1298 87 20 kunnat
316 1298 51 26 ingå
379 1298 7 20 i
398 1298 69 26 saklig
480 1298 100 26 pröfning
592 1298 22 20 af
626 1298 26 20 de
664 1298 51 20 nåd.
729 1298 193 26 propositionerna.

203 1328 8 19 I
224 1328 62 26 fråga
300 1334 35 14 om
349 1328 27 20 de
388 1328 70 20 motiv
472 1328 156 26 Lagutskottet
640 1328 40 20 har
693 1328 161 20 sammanställt
868 1328 64 20 utber
943 1328 37 26 jag

159 1357 45 26 mig
214 1358 36 20 att
261 1358 77 19 främst
350 1358 22 20 få
384 1358 85 26 påpeka
481 1359 34 19 att
526 1358 32 19 till
570 1358 96 20 motiven
678 1357 48 20 från
738 1358 67 19 slutet
817 1357 22 20 af
850 1357 38 21 sid.
903 1358 22 20 11
939 1358 40 20 och

159 1387 32 19 till
203 1387 79 26 början
294 1387 22 20 af
326 1387 40 20 sid.
380 1388 31 22 13,
423 1387 75 20 hvilka
509 1388 56 25 angå
577 1388 40 19 den
628 1387 121 20 finansiella
762 1387 168 26 propositionen,
943 1388 37 20 det

159 1417 67 25 enligt
236 1417 47 19 min
293 1417 67 20 tanke
371 1423 51 14 vore
433 1417 46 20 skäl
490 1418 35 19 att
534 1417 88 26 tillägga
633 1423 26 13 en
670 1417 85 19 erinran
765 1417 81 25 jemväl
858 1423 34 14 om
904 1418 40 20 122
954 1417 26 25 $i

195 1464 14 20 1)
219 1462 61 18 Äfven
297 1464 210 20 memorialprotokollet
524 1464 58 16 finnes
599 1465 5 15 i
620 1464 66 16 behåll.
