1031 1631
426 89 78 29 Bilagor.
852 91 22 16 21

54 152 150 27 pågrund
220 152 30 26 af
266 153 128 26 uttagen
410 152 82 21 lotti
516 152 103 27 tjänst
636 153 136 25 antages.
805 150 69 21 Den
861 146 17 37 i

54 182 52 27 följd
121 182 61 26 häraf
198 183 48 25 från
263 182 55 20 aktiv
334 182 64 26 tjänst
410 182 90 26 befriade
514 176 87 37 afföres
614 176 62 37 från
698 182 33 20 de
746 180 129 21 stående

53 214 178 24 trupperna
257 212 51 20 och
343 212 181 26 inskrifves
558 212 50 20 vid
633 211 213 21 landtvärnet.

116 303 29 25 D)
166 303 44 21 Om
227 303 101 26 uppskof
345 303 44 21 och
406 303 104 26 eftergift
527 303 29 26 pä
572 303 77 26 grund
665 303 25 22 af
706 304 114 26 bildning.

433 363 14 26 $
464 363 32 26 32.

96 398 102 20 Personer
215 404 44 13 som
278 397 113 27 innehafva
408 398 164 21 nedannämnda
586 399 185 26 bildningsgrader,
786 399 88 26 åtnjuta,

54 428 28 20 dä
99 428 24 20 de
141 429 70 25 utgöra
230 427 140 27 värnepligten
388 428 49 26 efter
454 428 94 26 lottning,
566 429 106 26 förkortad
688 429 107 26 tjänstetid
812 429 62 26 enligt

54 457 93 27 följande
162 458 99 26 grunder:

98 488 20 25 1)
135 488 44 23 De,
196 487 569 28 somgenomgättjullständigkursi
786 489 90 26 högre

54 518 170 25 folkskola,
252 517 80 26 fyra-
358 517 79 20 eller
462 518 207 27 femklassigt
695 519 180 20 elementar-

55 548 153 23 läroverk,
232 548 78 19 eller
329 547 86 26 lägre
434 548 89 20 skola
542 548 48 26 för
607 549 121 23 handel,
748 548 126 26 sjöfart,

55 577 179 23 landtbruk,
256 577 144 20 industri
420 578 78 20 eller
516 578 75 20 skön
610 579 97 22 konst,
728 578 78 20 eller
824 578 52 20 ock

56 607 820 27 ajlagtmotsvarandekunskapsprof,tjänaiaktiv

54 637 104 26 tjänst
177 637 48 20 två
244 637 32 20 är
294 637 50 20 och
365 637 50 20 vid
433 643 147 15 reserven
599 639 65 19 åtta
684 638 37 20 är.

98 667 20 26 2)
135 667 45 24 De,
202 673 60 14 som
282 668 177 25 genomgått
479 668 50 25 sju
550 668 125 20 klasser
696 668 7 20 i
724 668 161 26 fullstän-,

55 697 61 26 digt
137 697 115 26 lyceum,
270 697 70 20 eller
361 697 30 20 de
412 697 150 21 allmänna
581 698 155 20 klasserna
752 698 6 19 i
774 697 102 26 finska

55 727 217 24 kadettkåren,
295 727 79 20 eller
394 727 480 26 folkskollärareseminarium,

56 757 78 20 eller
149 757 91 26 högre
259 757 96 26 yrkes-
375 757 75 20 eller
474 757 187 24 konstskola,
679 757 79 20 eller
774 757 102 26 aflagt

55 787 203 20 motsvarande
284 787 229 26 kunskapsprof,
544 787 82 26 tjäna
652 787 6 20 i
680 787 80 20 aktiv
783 787 93 26 tjänst

55 818 41 19 ett
121 817 153 20 ärochsex
293 817 141 20 månader
449 819 77 18 samt
540 817 210 20 vidreserven
766 817 64 20 åtta
846 817 31 19 år

56 847 50 20 och
127 853 47 14 sex
196 843 145 35 månader.

98 877 21 25 3)
136 877 510 20 Studerandeviduniversitetet
665 878 154 25 äfvensom
838 877 36 23 de,

39 906 126 30 hvilka
188 907 176 26 genomgäilt
389 907 224 26 polytekniskt
638 907 137 20 institut
799 907 77 20 eller

56 937 337 20 landtbruksinstitut
426 937 78 20 eller
538 937 123 20 därmed
693 936 184 27 jämförligt

56 967 146 20 läroverk
224 966 48 26 för
296 968 96 19 annat
416 967 165 26 praktiskt
604 967 72 26 yrke
699 967 79 20 eller
801 966 74 20 skön

56 997 96 22 konst,
173 997 90 26 tjäna
284 996 7 20 i
309 996 87 20 aktiv
414 997 103 25 tjänst
535 998 41 18 ett
595 997 32 20 år
644 997 51 20 och
713 997 51 20 vid
783 1002 93 14 reser-

56 1032 52 14 ven
130 1026 52 20 nio
203 1026 38 20 år.

140 1057 131 19 senaten
293 1056 175 20 ankommer
487 1057 27 25 ej
532 1057 120 20 mindre
671 1057 43 19 att
734 1057 142 19 närmare

56 1086 124 25 fördela
208 1086 281 20 läroanstalterna
518 1086 30 26 af
576 1086 86 20 olika
692 1086 66 26 slag,
788 1085 89 20 såväl

56 1116 176 26 offentliga
267 1122 59 14 som
354 1116 156 24 enskilda,
546 1117 36 25 på
615 1116 92 26 ofvan
742 1115 134 26 anförda

55 1147 45 19 tre
119 1145 187 27 kategorier,
328 1148 35 18 än
383 1146 52 20 ock
454 1147 44 19 att
519 1146 7 20 i
544 1145 253 27 förekommande
816 1145 61 26 fall

56 1176 101 26 enligt
186 1176 32 20 de
244 1176 6 19 i
276 1176 100 20 denna
401 1176 155 26 paragraf
582 1176 134 26 angifna
741 1175 136 26 grunder

56 1206 110 26 afgöra
187 1206 129 20 hvilken
334 1206 208 26 förkortning
560 1206 6 20 i
584 1206 198 26 tjänstetiden
800 1204 77 20 skall

56 1235 177 20 tillkomma
264 1236 61 23 den,
357 1242 60 14 som
444 1236 141 25 afslutat
612 1236 73 19 kurs
712 1235 51 20 vid
789 1234 88 26 ryskt

56 1265 79 20 eller
161 1265 166 20 utländskt
353 1266 153 20 läroverk.

76 1343 27 26 E)
124 1343 44 21 Om
185 1343 106 21 befrielse
308 1343 45 21 och
370 1343 104 26 eftergift
488 1343 29 26 på
533 1343 75 26 grund
625 1343 24 21 af
665 1343 49 21 kall
730 1342 45 22 och
794 1342 64 26 yrke.

435 1403 15 26 8
466 1402 32 20 35.

102 1438 70 20 Under
187 1438 87 26 jredstid
290 1438 97 26 frikallas
403 1438 48 26 frän
469 1438 57 20 aktiv
542 1438 142 26 tjänstgöring,
701 1437 47 20 med
764 1436 114 26 skyldighet

56 1468 51 20 dock
122 1469 28 18 att
167 1468 7 20 i
189 1468 43 20 tio
248 1468 50 20 års
313 1468 47 20 tid
374 1468 78 20 räknas
468 1468 32 20 till
516 1474 90 14 reserven
623 1468 35 19 och
670 1466 88 26 därefter
770 1466 32 20 till
811 1466 67 20 landt-
