1031 1631
328 86 21 16 R.
364 89 16 13 o.
396 85 20 16 A.
431 85 52 16 1899.
497 85 23 16 23
534 85 53 16 Mars.
840 84 32 15 109

88 146 39 19 Till
145 146 62 19 detta
225 144 164 20 sammanträde
405 144 57 20 hade
477 144 82 26 jemväl
575 144 113 26 bordlagts
705 144 40 20 och
761 143 111 26 föredrogs

89 175 179 26 Fortsättningen
284 174 23 21 af
322 174 264 27 Värnepligtsutskottets
602 174 80 26 förslag
697 174 34 20 till
747 173 126 26 förordning

46 205 112 27 angående
183 204 92 27 ändring
300 204 23 20 af
348 204 105 20 särskilda
479 205 136 25 stadganden
640 204 7 19 i
671 203 201 26 Värnepligtslagen

46 237 33 19 för
96 235 212 20 Storfurstendömet
324 234 93 20 Finland
432 234 22 20 af
469 235 41 19 den
525 234 26 20 27
567 234 121 20 December
703 233 60 24 1878,
779 233 94 20 innefat-

46 266 68 20 tande
128 265 51 26 kap.
195 264 115 21 V—XIII.

90 295 71 20 Sedan
174 295 22 20 af
207 295 18 19 V
237 294 94 26 kapitlet
343 295 20 24 $$
374 294 33 23 23,
420 294 33 23 25,
466 294 33 23 26,
511 294 26 20 27
549 294 40 20 och
601 294 26 20 28
639 293 73 20 blifvit
723 295 54 18 utan
789 293 84 20 diskus-

46 326 46 19 sion
108 325 117 26 godkända
241 324 73 20 anhöll
330 324 140 20 beträffande
484 325 10 24 $
509 324 26 20 32

89 385 33 20 Hr
138 385 101 26 Georg
262 390 60 14 von
346 384 228 20 Christierson
591 390 35 14 om
642 384 62 19 ordet
721 384 39 19 och
777 383 94 26 yttrade:

49 416 8 19 I
73 416 7 19 1
97 416 121 19 momentet
236 414 21 20 af
270 415 9 24 $
292 414 27 20 32
332 414 79 20 saknas
425 420 26 14 en
464 414 145 26 bestämning,
623 420 47 13 som
682 414 146 19 förekommer
841 413 31 20 uti

48 446 36 19 det
99 445 22 20 af
135 445 122 20 Ständerna
271 445 24 19 är
310 444 50 19 1891
375 445 96 25 antagna
483 444 102 26 förslaget
597 444 32 20 till
640 444 116 20 redaktion
768 443 22 20 af
802 443 70 22 denna

48 477 16 24 $,
78 475 20 20 d.
112 481 20 14 v.
146 481 16 14 s.
176 476 35 19 att
222 474 69 26 jemte
303 474 14 19 4
329 475 13 19 å
354 474 13 20 5
379 474 94 26 klassiga
486 474 225 23 elementarläroverk,
725 480 47 14 som
784 474 40 19 här
836 475 37 18 äro

48 507 121 24 upptagna,
183 504 65 20 äfven
260 504 157 20 motsvarande
428 504 83 20 klasser
522 504 22 20 af
555 504 140 26 fullständigt
706 504 86 26 lyceum
805 503 68 20 skulle

48 537 100 18 nämnas.
170 535 78 19 Denna
260 534 39 20 sak
310 535 24 19 är
345 534 22 20 af
379 534 23 19 sä
414 535 45 19 stor
471 534 119 26 betydelse,
602 535 35 19 att
648 534 37 20 det
697 540 64 19 synes
772 539 52 14 vara
836 539 37 14 an-

48 565 88 26 ledning
147 566 35 18 att
193 564 48 20 icke
252 564 98 20 utlemna
362 570 26 13 en
400 564 69 20 sädan
480 564 145 26 bestämning.
648 563 39 21 Uti
699 564 41 19 den
751 563 121 26 föreslagna

49 601 42 20 nya
104 594 144 21 redaktionen
260 594 22 20 af
294 594 72 20 denna
369 589 12 36 $
399 595 24 18 är
435 594 124 26 visserligen
572 594 69 26 sagdt,
655 595 34 19 att
701 593 106 21 särskilda
818 593 55 20 före-

48 625 89 20 skrifter
148 624 62 20 skola
221 624 100 20 utfärdas
333 630 36 13 om
381 624 139 20 läroverkens
531 624 121 26 fördelning
665 624 27 26 pä
705 624 26 19 de
743 624 58 19 olika
812 624 61 19 kate-

48 655 106 25 gorierna;
171 660 50 14 men
236 653 38 20 vid
289 653 144 21 utfärdandet
447 654 23 19 af
485 654 82 20 sädana
582 654 157 25 författningar
753 654 68 19 borde
837 654 36 19 det

48 685 57 19 dock
116 685 49 19 icke
176 684 118 20 ankomma
306 684 28 25 pä
347 683 204 20 administrationen
563 685 35 19 att
609 684 70 19 införa
692 683 75 26 dylika
778 683 94 20 bestäm-

50 715 76 25 ningar
138 720 47 14 som
197 713 148 27 jemförandet
357 713 22 20 af
392 715 33 18 ett
437 713 55 20 visst
505 714 60 20 antal
577 714 81 20 klasser
670 714 7 19 i
689 715 33 18 ett
734 713 139 26 fullständigt

49 745 86 25 lyceum
148 744 50 19 med
210 744 59 25 lägre
282 744 91 19 stäende
385 743 107 20 läroverk.
506 744 42 25 Jag
561 744 125 19 hemställer
699 743 78 24 derför,
788 749 36 14 om
836 743 37 20 det

49 775 18 25 ej
82 780 52 14 vore
146 774 118 25 anledning
277 775 34 18 att
324 779 112 20 uppmana
450 774 117 19 Utskottet
579 775 34 19 att
625 775 51 24 taga
689 774 5 19 i
703 773 168 26 öfvervägande,

50 804 107 19 huruvida
170 804 47 19 icke
228 810 26 13 en
266 803 61 26 dylik
339 803 171 26 komplettering
521 804 6 19 i
547 804 1 19 1
563 810 65 13 mom.
641 804 26 19 32
679 804 9 25 $
699 810 53 13 vore
763 803 22 20 af
793 803 78 20 nöden.

92 864 33 19 Ir
164 870 35 13 von
222 863 132 26 Wright:
385 863 42 26 Jag
442 864 69 20 skulle
525 864 52 25 vilja
594 864 138 26 interpellera
743 865 17 25 1)

92 924 32 19 Hr
135 923 23 20 L.
210 923 136 20 Mechelin:
373 919 16 35 —
396 923 67 20 Hvad
473 923 55 20 först
539 923 136 20 vidkommer
687 924 32 19 Hr
729 930 44 13 von
785 923 87 20 Christi-

49 959 74 14 ersons
134 953 151 26 anmärkning,
298 953 23 20 sä
332 953 67 26 vågar
409 953 36 26 jag
457 953 70 26 påstå,
539 955 34 18 att
585 954 36 19 det
632 954 183 26 bemyndigande,
826 960 46 13 som

50 990 28 13 nu
88 983 6 20 i
104 984 28 25 $:s
142 983 52 20 sista
204 984 98 19 moment
312 983 78 20 införts
399 983 34 20 för
445 983 93 20 Senaten
553 985 33 18 att
596 984 118 20 verkställa
723 983 149 26 fördelningen

50 1013 22 20 af
85 1013 134 23 läroverken,
233 1013 98 30 tydligen
344 1013 69 26 gifver
425 1013 38 20 vid
476 1013 59 20 hand
548 1015 34 18 att
595 1014 64 19 äfven
673 1014 37 19 det
723 1013 44 24 fall,
781 1019 47 14 som
841 1013 32 20 Hr

51 1049 42 14 von
112 1043 143 20 Christierson
272 1043 91 26 äsyftat,
383 1043 53 20 skall
454 1043 74 20 kunna
542 1043 104 20 bedömas
659 1043 68 27 enligt
739 1044 34 25 $:n
785 1043 7 20 i
805 1043 66 26 fräga.

49 1073 33 26 Ty
100 1074 32 19 ett
151 1073 44 26 fyr-
214 1073 50 20 cller
281 1073 137 26 femklassigt
436 1073 100 20 läroverk
555 1074 53 19 skall
627 1074 35 19 väl
681 1079 62 14 anses.
761 1075 111 18 motsvara

50 1109 84 14 samma
146 1103 62 20 antal
220 1103 82 19 klasser
315 1109 46 13 som
374 1103 7 19 i
393 1104 32 19 ett
438 1103 139 26 fullständigt
589 1104 106 19 läroverk.
721 1103 55 20 Hela
789 1103 84 26 organi-

49 1133 100 20 sationen
168 1133 7 19 i
194 1133 121 19 allmänhet
333 1133 38 25 går
390 1134 25 18 ut
434 1133 28 26 pä
482 1135 34 18 att
535 1133 74 27 dylika
628 1133 156 27 ofullständiga
803 1133 70 26 lyceer

50 1163 59 19 skola
125 1163 7 19 i
146 1163 38 19 det
198 1162 157 26 väsentligaste
369 1164 111 19 motsvara
496 1170 82 13 samma
593 1164 60 20 antal
667 1164 82 20 klasser
763 1164 7 19 i
785 1164 26 19 de
825 1163 48 20 full-

50 1193 101 25 ständiga
166 1193 107 25 lyceerna.
304 1192 45 20 Det
364 1193 57 19 mätt
437 1193 22 19 af
474 1193 165 26 pröfningsrätt,
655 1200 46 13 som
717 1194 108 19 erfordras
840 1194 33 19 för

50 1224 34 18 att
100 1223 74 19 kunna
191 1222 118 20 verkställa
325 1222 41 20 den
382 1222 129 27 fördelning,
528 1230 46 13 som
590 1224 62 22 afses,
669 1224 62 19 torde
747 1224 35 19 väl
798 1224 75 25 tryggt

50 1252 74 20 kunna
138 1252 84 20 lemnas
236 1252 24 20 ät
274 1252 101 24 Senaten,
391 1252 56 20 helst
461 1259 52 14 man
526 1253 24 26 ju
565 1253 68 23 alltid,
649 1260 34 13 om
698 1260 50 13 man
764 1253 109 26 specifice-

50 1288 34 14 rar
100 1282 41 20 alla
156 1282 34 19 för
204 1282 67 23 tiden,
288 1282 27 20 dä
331 1282 61 26 lagen
408 1282 107 24 stiftades,
531 1283 118 20 bestäende
664 1284 100 19 läroverk
778 1283 33 19 till
827 1283 44 20 sina

50 1312 164 25 benämningar,
233 1312 54 19 skall
320 1312 69 20 blifva
405 1314 99 24 tvungen
521 1314 34 18 att
571 1313 58 25 ånyo
645 1313 97 20 revidera
761 1319 26 13 en
805 1313 67 19 sådan

51 1341 107 26 paragraf.
194 1341 117 20 Utskottet
328 1342 39 19 har
385 1342 111 20 sannolikt
513 1342 64 26 gifvit
595 1343 70 19 denna
683 1343 8 25 $
710 1343 68 20 sådan
796 1342 77 20 affatt-

51 1371 57 26 ning,
125 1372 34 18 att
174 1371 68 19 ehuru
258 1371 158 26 benämningar
431 1372 27 26 på
474 1372 127 20 läroverken
617 1373 50 19 eller
682 1372 92 26 detaljer
788 1372 7 20 i
811 1372 61 20 deras

50 1400 148 26 organisation
214 1401 86 22 ändras,
316 1400 64 26 ingen
396 1401 45 20 fara
459 1402 68 20 skulle
542 1402 80 26 uppstå
637 1402 34 20 för
686 1402 41 20 den
743 1402 128 26 fördelning,

87 1465 13 21 1)
110 1466 108 20 Stenogram
230 1466 67 16 saknas
308 1467 34 15 och
353 1467 207 20 memorialprotokollet
573 1468 55 19 gifver
638 1468 36 14 icke
685 1467 100 20 tillräcklig
794 1461 77 31 ledning.
