<?xml version="1.0" encoding="UTF-8"?>
<alto xmlns="http://www.loc.gov/standards/alto/ns-v3#" xmlns:xlink="http://www.w3.org/1999/xlink" xmlns:xsi="http://www.w3.org/2001/XMLSchema-instance" xsi:schemaLocation="http://www.loc.gov/standards/alto/ns-v3# http://www.loc.gov/alto/v3/alto-3-0.xsd">
	<Description>
		<MeasurementUnit>pixel</MeasurementUnit>
		<sourceImageInformation>
			<fileName>/tmp/tess_121aua9g_input.PNG</fileName>
		</sourceImageInformation>
		<OCRProcessing ID="OCR_0">
			<ocrProcessingStep>
				<processingSoftware>
					<softwareName>tesseract 5.3.4</softwareName>
				</processingSoftware>
			</ocrProcessingStep>
		</OCRProcessing>
	</Description>
	<Layout>
		<Page WIDTH="1031" HEIGHT="1631" PHYSICAL_IMG_NR="0" ID="page_0">
			<PrintSpace HPOS="0" VPOS="0" WIDTH="1031" HEIGHT="1631">
				<ComposedBlock ID="cblock_0" HPOS="341" VPOS="86" WIDTH="542" HEIGHT="17">
					<TextBlock ID="block_0" HPOS="341" VPOS="86" WIDTH="542" HEIGHT="17">
						<TextLine ID="line_0" HPOS="341" VPOS="86" WIDTH="542" HEIGHT="17">
							<String ID="string_0" HPOS="341" VPOS="86" WIDTH="21" HEIGHT="16" WC="0.95" CONTENT="R."/><SP WIDTH="15" VPOS="86" HPOS="362"/>
							<String ID="string_1" HPOS="377" VPOS="90" WIDTH="18" HEIGHT="12" WC="0.85" CONTENT="o."/><SP WIDTH="16" VPOS="90" HPOS="395"/>
							<String ID="string_2" HPOS="411" VPOS="86" WIDTH="20" HEIGHT="16" WC="0.96" CONTENT="A."/><SP WIDTH="15" VPOS="86" HPOS="431"/>
							<String ID="string_3" HPOS="446" VPOS="86" WIDTH="52" HEIGHT="17" WC="0.96" CONTENT="1899."/><SP WIDTH="14" VPOS="86" HPOS="498"/>
							<String ID="string_4" HPOS="512" VPOS="86" WIDTH="23" HEIGHT="17" WC="0.96" CONTENT="23"/><SP WIDTH="14" VPOS="86" HPOS="535"/>
							<String ID="string_5" HPOS="549" VPOS="86" WIDTH="54" HEIGHT="17" WC="0.96" CONTENT="Mars."/><SP WIDTH="257" VPOS="86" HPOS="603"/>
							<String ID="string_6" HPOS="860" VPOS="86" WIDTH="23" HEIGHT="16" WC="0.96" CONTENT="87"/>
						</TextLine>
					</TextBlock>
				</ComposedBlock>
				<GraphicalElement ID="cblock_1" HPOS="60" VPOS="104" WIDTH="823" HEIGHT="14"></GraphicalElement >
				<ComposedBlock ID="cblock_2" HPOS="56" VPOS="146" WIDTH="831" HEIGHT="594">
					<TextBlock ID="block_1" HPOS="56" VPOS="146" WIDTH="831" HEIGHT="594">
						<TextLine ID="line_1" HPOS="58" VPOS="146" WIDTH="824" HEIGHT="26">
							<String ID="string_7" HPOS="58" VPOS="152" WIDTH="44" HEIGHT="20" WC="0.92" CONTENT="gar,"/><SP WIDTH="18" VPOS="152" HPOS="102"/>
							<String ID="string_8" HPOS="120" VPOS="146" WIDTH="86" HEIGHT="20" WC="0.92" CONTENT="hvilkas"/><SP WIDTH="15" VPOS="146" HPOS="206"/>
							<String ID="string_9" HPOS="221" VPOS="146" WIDTH="153" HEIGHT="26" WC="0.90" CONTENT="berättigande"/><SP WIDTH="16" VPOS="146" HPOS="374"/>
							<String ID="string_10" HPOS="390" VPOS="146" WIDTH="37" HEIGHT="20" WC="0.96" CONTENT="det"/><SP WIDTH="16" VPOS="146" HPOS="427"/>
							<String ID="string_11" HPOS="443" VPOS="148" WIDTH="24" HEIGHT="18" WC="0.96" CONTENT="är"/><SP WIDTH="15" VPOS="148" HPOS="467"/>
							<String ID="string_12" HPOS="482" VPOS="147" WIDTH="39" HEIGHT="19" WC="0.96" CONTENT="allt"/><SP WIDTH="16" VPOS="147" HPOS="521"/>
							<String ID="string_13" HPOS="537" VPOS="146" WIDTH="46" HEIGHT="20" WC="0.96" CONTENT="skäl"/><SP WIDTH="16" VPOS="146" HPOS="583"/>
							<String ID="string_14" HPOS="599" VPOS="148" WIDTH="34" HEIGHT="18" WC="0.93" CONTENT="att"/><SP WIDTH="16" VPOS="148" HPOS="633"/>
							<String ID="string_15" HPOS="649" VPOS="146" WIDTH="140" HEIGHT="26" WC="0.91" CONTENT="undanrödja"/><SP WIDTH="16" VPOS="146" HPOS="789"/>
							<String ID="string_16" HPOS="805" VPOS="151" WIDTH="77" HEIGHT="21" WC="0.96" CONTENT="genom"/>
						</TextLine>
						<TextLine ID="line_2" HPOS="56" VPOS="176" WIDTH="826" HEIGHT="26">
							<String ID="string_17" HPOS="56" VPOS="178" WIDTH="38" HEIGHT="18" WC="0.92" CONTENT="att"/><SP WIDTH="16" VPOS="178" HPOS="94"/>
							<String ID="string_18" HPOS="110" VPOS="176" WIDTH="98" HEIGHT="26" WC="0.93" CONTENT="tydligen"/><SP WIDTH="16" VPOS="176" HPOS="208"/>
							<String ID="string_19" HPOS="224" VPOS="178" WIDTH="78" HEIGHT="24" WC="0.92" CONTENT="utsäga"/><SP WIDTH="17" VPOS="178" HPOS="302"/>
							<String ID="string_20" HPOS="319" VPOS="177" WIDTH="33" HEIGHT="19" WC="0.93" CONTENT="ett"/><SP WIDTH="16" VPOS="177" HPOS="352"/>
							<String ID="string_21" HPOS="368" VPOS="176" WIDTH="94" HEIGHT="20" WC="0.94" CONTENT="faktiskt"/><SP WIDTH="16" VPOS="176" HPOS="462"/>
							<String ID="string_22" HPOS="478" VPOS="176" WIDTH="143" HEIGHT="24" WC="0.94" CONTENT="förhållande,"/><SP WIDTH="18" VPOS="176" HPOS="621"/>
							<String ID="string_23" HPOS="639" VPOS="182" WIDTH="46" HEIGHT="14" WC="0.96" CONTENT="som"/><SP WIDTH="18" VPOS="182" HPOS="685"/>
							<String ID="string_24" HPOS="703" VPOS="176" WIDTH="57" HEIGHT="20" WC="0.92" CONTENT="dock"/><SP WIDTH="16" VPOS="176" HPOS="760"/>
							<String ID="string_25" HPOS="776" VPOS="176" WIDTH="47" HEIGHT="20" WC="0.95" CONTENT="icke"/><SP WIDTH="16" VPOS="176" HPOS="823"/>
							<String ID="string_26" HPOS="839" VPOS="176" WIDTH="43" HEIGHT="19" WC="0.97" CONTENT="kan"/>
						</TextLine>
						<TextLine ID="line_3" HPOS="56" VPOS="205" WIDTH="827" HEIGHT="27">
							<String ID="string_27" HPOS="56" VPOS="206" WIDTH="25" HEIGHT="20" WC="0.89" CONTENT="af"/><SP WIDTH="11" VPOS="206" HPOS="81"/>
							<String ID="string_28" HPOS="92" VPOS="206" WIDTH="133" HEIGHT="26" WC="0.92" CONTENT="landtdagen"/><SP WIDTH="10" VPOS="206" HPOS="225"/>
							<String ID="string_29" HPOS="235" VPOS="206" WIDTH="132" HEIGHT="20" WC="0.92" CONTENT="kullhäfvas."/><SP WIDTH="20" VPOS="206" HPOS="367"/>
							<String ID="string_30" HPOS="387" VPOS="206" WIDTH="39" HEIGHT="20" WC="0.92" CONTENT="Uti"/><SP WIDTH="11" VPOS="206" HPOS="426"/>
							<String ID="string_31" HPOS="437" VPOS="206" WIDTH="26" HEIGHT="20" WC="0.93" CONTENT="de"/><SP WIDTH="10" VPOS="206" HPOS="463"/>
							<String ID="string_32" HPOS="473" VPOS="206" WIDTH="138" HEIGHT="24" WC="0.92" CONTENT="uttalanden,"/><SP WIDTH="11" VPOS="206" HPOS="611"/>
							<String ID="string_33" HPOS="622" VPOS="212" WIDTH="47" HEIGHT="14" WC="0.96" CONTENT="som"/><SP WIDTH="10" VPOS="212" HPOS="669"/>
							<String ID="string_34" HPOS="679" VPOS="206" WIDTH="76" HEIGHT="26" WC="0.93" CONTENT="gjorts,"/><SP WIDTH="12" VPOS="206" HPOS="755"/>
							<String ID="string_35" HPOS="767" VPOS="206" WIDTH="71" HEIGHT="20" WC="0.93" CONTENT="finner"/><SP WIDTH="8" VPOS="206" HPOS="838"/>
							<String ID="string_36" HPOS="846" VPOS="205" WIDTH="37" HEIGHT="26" WC="0.97" CONTENT="jag"/>
						</TextLine>
						<TextLine ID="line_4" HPOS="60" VPOS="236" WIDTH="822" HEIGHT="26">
							<String ID="string_37" HPOS="60" VPOS="236" WIDTH="73" HEIGHT="20" WC="0.92" CONTENT="derför"/><SP WIDTH="12" VPOS="236" HPOS="133"/>
							<String ID="string_38" HPOS="145" VPOS="236" WIDTH="48" HEIGHT="20" WC="0.92" CONTENT="icke"/><SP WIDTH="14" VPOS="236" HPOS="193"/>
							<String ID="string_39" HPOS="207" VPOS="236" WIDTH="46" HEIGHT="20" WC="0.96" CONTENT="skäl"/><SP WIDTH="14" VPOS="236" HPOS="253"/>
							<String ID="string_40" HPOS="267" VPOS="237" WIDTH="34" HEIGHT="19" WC="0.93" CONTENT="att"/><SP WIDTH="13" VPOS="237" HPOS="301"/>
							<String ID="string_41" HPOS="314" VPOS="236" WIDTH="77" HEIGHT="26" WC="0.92" CONTENT="frängä"/><SP WIDTH="14" VPOS="236" HPOS="391"/>
							<String ID="string_42" HPOS="405" VPOS="236" WIDTH="45" HEIGHT="20" WC="0.93" CONTENT="min"/><SP WIDTH="13" VPOS="236" HPOS="450"/>
							<String ID="string_43" HPOS="463" VPOS="236" WIDTH="61" HEIGHT="20" WC="0.89" CONTENT="förät"/><SP WIDTH="12" VPOS="236" HPOS="524"/>
							<String ID="string_44" HPOS="536" VPOS="236" WIDTH="77" HEIGHT="26" WC="0.91" CONTENT="gjorda"/><SP WIDTH="14" VPOS="236" HPOS="613"/>
							<String ID="string_45" HPOS="627" VPOS="236" WIDTH="132" HEIGHT="20" WC="0.92" CONTENT="hemställan"/><SP WIDTH="14" VPOS="236" HPOS="759"/>
							<String ID="string_46" HPOS="773" VPOS="237" WIDTH="34" HEIGHT="19" WC="0.96" CONTENT="att"/><SP WIDTH="14" VPOS="237" HPOS="807"/>
							<String ID="string_47" HPOS="821" VPOS="236" WIDTH="61" HEIGHT="19" WC="0.96" CONTENT="detta"/>
						</TextLine>
						<TextLine ID="line_5" HPOS="61" VPOS="265" WIDTH="821" HEIGHT="27">
							<String ID="string_48" HPOS="61" VPOS="266" WIDTH="69" HEIGHT="20" WC="0.92" CONTENT="Ständ"/><SP WIDTH="10" VPOS="266" HPOS="130"/>
							<String ID="string_49" HPOS="140" VPOS="266" WIDTH="50" HEIGHT="20" WC="0.93" CONTENT="med"/><SP WIDTH="8" VPOS="266" HPOS="190"/>
							<String ID="string_50" HPOS="198" VPOS="266" WIDTH="45" HEIGHT="20" WC="0.91" CONTENT="fäst"/><SP WIDTH="9" VPOS="266" HPOS="243"/>
							<String ID="string_51" HPOS="252" VPOS="266" WIDTH="101" HEIGHT="20" WC="0.93" CONTENT="afseende"/><SP WIDTH="9" VPOS="266" HPOS="353"/>
							<String ID="string_52" HPOS="362" VPOS="266" WIDTH="81" HEIGHT="26" WC="0.92" CONTENT="jemväl"/><SP WIDTH="10" VPOS="266" HPOS="443"/>
							<String ID="string_53" HPOS="453" VPOS="266" WIDTH="28" HEIGHT="26" WC="0.96" CONTENT="pä"/><SP WIDTH="10" VPOS="266" HPOS="481"/>
							<String ID="string_54" HPOS="491" VPOS="267" WIDTH="34" HEIGHT="19" WC="0.93" CONTENT="att"/><SP WIDTH="10" VPOS="267" HPOS="525"/>
							<String ID="string_55" HPOS="535" VPOS="266" WIDTH="51" HEIGHT="20" WC="0.92" CONTENT="ernä"/><SP WIDTH="9" VPOS="266" HPOS="586"/>
							<String ID="string_56" HPOS="595" VPOS="266" WIDTH="192" HEIGHT="26" WC="0.91" CONTENT="samstämmighet"/><SP WIDTH="9" VPOS="266" HPOS="787"/>
							<String ID="string_57" HPOS="796" VPOS="266" WIDTH="6" HEIGHT="19" WC="0.96" CONTENT="i"/><SP WIDTH="10" VPOS="266" HPOS="802"/>
							<String ID="string_58" HPOS="812" VPOS="265" WIDTH="70" HEIGHT="20" WC="0.96" CONTENT="denna"/>
						</TextLine>
						<TextLine ID="line_6" HPOS="58" VPOS="296" WIDTH="825" HEIGHT="26">
							<String ID="string_59" HPOS="58" VPOS="296" WIDTH="70" HEIGHT="26" WC="0.96" CONTENT="fråga,"/><SP WIDTH="11" VPOS="296" HPOS="128"/>
							<String ID="string_60" HPOS="139" VPOS="296" WIDTH="51" HEIGHT="20" WC="0.92" CONTENT="ville"/><SP WIDTH="8" VPOS="296" HPOS="190"/>
							<String ID="string_61" HPOS="198" VPOS="296" WIDTH="76" HEIGHT="20" WC="0.96" CONTENT="förena"/><SP WIDTH="10" VPOS="296" HPOS="274"/>
							<String ID="string_62" HPOS="284" VPOS="296" WIDTH="31" HEIGHT="26" WC="0.96" CONTENT="sig"/><SP WIDTH="10" VPOS="296" HPOS="315"/>
							<String ID="string_63" HPOS="325" VPOS="302" WIDTH="36" HEIGHT="14" WC="0.93" CONTENT="om"/><SP WIDTH="10" VPOS="302" HPOS="361"/>
							<String ID="string_64" HPOS="371" VPOS="296" WIDTH="136" HEIGHT="26" WC="0.96" CONTENT="antagandet"/><SP WIDTH="10" VPOS="296" HPOS="507"/>
							<String ID="string_65" HPOS="517" VPOS="296" WIDTH="22" HEIGHT="20" WC="0.96" CONTENT="af"/><SP WIDTH="11" VPOS="296" HPOS="539"/>
							<String ID="string_66" HPOS="550" VPOS="296" WIDTH="8" HEIGHT="20" WC="0.92" CONTENT="1"/><SP WIDTH="13" VPOS="296" HPOS="558"/>
							<String ID="string_67" HPOS="571" VPOS="297" WIDTH="16" HEIGHT="25" WC="0.90" CONTENT="$,"/><SP WIDTH="11" VPOS="297" HPOS="587"/>
							<String ID="string_68" HPOS="598" VPOS="296" WIDTH="85" HEIGHT="20" WC="0.96" CONTENT="hvilket"/><SP WIDTH="10" VPOS="296" HPOS="683"/>
							<String ID="string_69" HPOS="693" VPOS="296" WIDTH="48" HEIGHT="20" WC="0.96" CONTENT="icke"/><SP WIDTH="10" VPOS="296" HPOS="741"/>
							<String ID="string_70" HPOS="751" VPOS="296" WIDTH="89" HEIGHT="20" WC="0.96" CONTENT="hindrar"/><SP WIDTH="9" VPOS="296" HPOS="840"/>
							<String ID="string_71" HPOS="849" VPOS="296" WIDTH="34" HEIGHT="19" WC="0.96" CONTENT="att"/>
						</TextLine>
						<TextLine ID="line_7" HPOS="60" VPOS="325" WIDTH="822" HEIGHT="27">
							<String ID="string_72" HPOS="60" VPOS="325" WIDTH="140" HEIGHT="21" WC="0.96" CONTENT="beträffande"/><SP WIDTH="23" VPOS="325" HPOS="200"/>
							<String ID="string_73" HPOS="223" VPOS="327" WIDTH="74" HEIGHT="22" WC="0.93" CONTENT="sättet,"/><SP WIDTH="25" VPOS="327" HPOS="297"/>
							<String ID="string_74" HPOS="322" VPOS="326" WIDTH="83" HEIGHT="26" WC="0.92" CONTENT="hvarpä"/><SP WIDTH="23" VPOS="326" HPOS="405"/>
							<String ID="string_75" HPOS="428" VPOS="326" WIDTH="94" HEIGHT="20" WC="0.93" CONTENT="Finland"/><SP WIDTH="22" VPOS="326" HPOS="522"/>
							<String ID="string_76" HPOS="544" VPOS="326" WIDTH="101" HEIGHT="26" WC="0.91" CONTENT="bidrager"/><SP WIDTH="22" VPOS="326" HPOS="645"/>
							<String ID="string_77" HPOS="667" VPOS="326" WIDTH="32" HEIGHT="20" WC="0.93" CONTENT="till"/><SP WIDTH="23" VPOS="326" HPOS="699"/>
							<String ID="string_78" HPOS="722" VPOS="326" WIDTH="160" HEIGHT="22" WC="0.92" CONTENT="riksförsvaret,"/>
						</TextLine>
						<TextLine ID="line_8" HPOS="60" VPOS="356" WIDTH="824" HEIGHT="26">
							<String ID="string_79" HPOS="60" VPOS="356" WIDTH="78" HEIGHT="26" WC="0.92" CONTENT="stadga"/><SP WIDTH="14" VPOS="356" HPOS="138"/>
							<String ID="string_80" HPOS="152" VPOS="356" WIDTH="26" HEIGHT="20" WC="0.96" CONTENT="de"/><SP WIDTH="12" VPOS="356" HPOS="178"/>
							<String ID="string_81" HPOS="190" VPOS="356" WIDTH="170" HEIGHT="26" WC="0.96" CONTENT="begränsningar"/><SP WIDTH="12" VPOS="356" HPOS="360"/>
							<String ID="string_82" HPOS="372" VPOS="362" WIDTH="51" HEIGHT="14" WC="0.93" CONTENT="man"/><SP WIDTH="12" VPOS="362" HPOS="423"/>
							<String ID="string_83" HPOS="435" VPOS="356" WIDTH="72" HEIGHT="20" WC="0.92" CONTENT="finner"/><SP WIDTH="11" VPOS="356" HPOS="507"/>
							<String ID="string_84" HPOS="518" VPOS="356" WIDTH="95" HEIGHT="26" WC="0.92" CONTENT="möjliga."/><SP WIDTH="15" VPOS="356" HPOS="613"/>
							<String ID="string_85" HPOS="628" VPOS="356" WIDTH="43" HEIGHT="20" WC="0.96" CONTENT="Det"/><SP WIDTH="13" VPOS="356" HPOS="671"/>
							<String ID="string_86" HPOS="684" VPOS="358" WIDTH="24" HEIGHT="18" WC="0.96" CONTENT="är"/><SP WIDTH="12" VPOS="358" HPOS="708"/>
							<String ID="string_87" HPOS="720" VPOS="356" WIDTH="42" HEIGHT="20" WC="0.96" CONTENT="den"/><SP WIDTH="13" VPOS="356" HPOS="762"/>
							<String ID="string_88" HPOS="775" VPOS="356" WIDTH="109" HEIGHT="20" WC="0.96" CONTENT="allmänna"/>
						</TextLine>
						<TextLine ID="line_9" HPOS="62" VPOS="385" WIDTH="822" HEIGHT="27">
							<String ID="string_89" HPOS="62" VPOS="385" WIDTH="103" HEIGHT="27" WC="0.92" CONTENT="politiska"/><SP WIDTH="8" VPOS="385" HPOS="165"/>
							<String ID="string_90" HPOS="173" VPOS="386" WIDTH="111" HEIGHT="26" WC="0.96" CONTENT="principen"/><SP WIDTH="10" VPOS="386" HPOS="284"/>
							<String ID="string_91" HPOS="294" VPOS="386" WIDTH="37" HEIGHT="20" WC="0.97" CONTENT="det"/><SP WIDTH="8" VPOS="386" HPOS="331"/>
							<String ID="string_92" HPOS="339" VPOS="386" WIDTH="66" HEIGHT="26" WC="0.95" CONTENT="gäller"/><SP WIDTH="8" VPOS="386" HPOS="405"/>
							<String ID="string_93" HPOS="413" VPOS="387" WIDTH="34" HEIGHT="19" WC="0.93" CONTENT="att"/><SP WIDTH="9" VPOS="387" HPOS="447"/>
							<String ID="string_94" HPOS="456" VPOS="386" WIDTH="112" HEIGHT="26" WC="0.91" CONTENT="uttrycka."/><SP WIDTH="15" VPOS="386" HPOS="568"/>
							<String ID="string_95" HPOS="583" VPOS="386" WIDTH="107" HEIGHT="26" WC="0.92" CONTENT="Tillägger"/><SP WIDTH="8" VPOS="386" HPOS="690"/>
							<String ID="string_96" HPOS="698" VPOS="392" WIDTH="58" HEIGHT="17" WC="0.93" CONTENT="man,"/><SP WIDTH="10" VPOS="392" HPOS="756"/>
							<String ID="string_97" HPOS="766" VPOS="386" WIDTH="71" HEIGHT="20" WC="0.92" CONTENT="säsom"/><SP WIDTH="9" VPOS="386" HPOS="837"/>
							<String ID="string_98" HPOS="846" VPOS="385" WIDTH="38" HEIGHT="19" WC="0.96" CONTENT="här"/>
						</TextLine>
						<TextLine ID="line_10" HPOS="59" VPOS="415" WIDTH="824" HEIGHT="27">
							<String ID="string_99" HPOS="59" VPOS="418" WIDTH="26" HEIGHT="18" WC="0.90" CONTENT="är"/><SP WIDTH="13" VPOS="418" HPOS="85"/>
							<String ID="string_100" HPOS="98" VPOS="416" WIDTH="123" HEIGHT="26" WC="0.93" CONTENT="föreslaget,"/><SP WIDTH="8" VPOS="416" HPOS="221"/>
							<String ID="string_101" HPOS="229" VPOS="417" WIDTH="34" HEIGHT="19" WC="0.93" CONTENT="att"/><SP WIDTH="12" VPOS="417" HPOS="263"/>
							<String ID="string_102" HPOS="275" VPOS="416" WIDTH="151" HEIGHT="26" WC="0.92" CONTENT="värnepligten"/><SP WIDTH="14" VPOS="416" HPOS="426"/>
							<String ID="string_103" HPOS="440" VPOS="417" WIDTH="87" HEIGHT="25" WC="0.92" CONTENT="utgöres"/><SP WIDTH="13" VPOS="417" HPOS="527"/>
							<String ID="string_104" HPOS="540" VPOS="416" WIDTH="8" HEIGHT="20" WC="0.96" CONTENT="i"/><SP WIDTH="13" VPOS="416" HPOS="548"/>
							<String ID="string_105" HPOS="561" VPOS="416" WIDTH="92" HEIGHT="20" WC="0.96" CONTENT="Finland"/><SP WIDTH="14" VPOS="416" HPOS="653"/>
							<String ID="string_106" HPOS="667" VPOS="416" WIDTH="67" HEIGHT="26" WC="0.95" CONTENT="enligt"/><SP WIDTH="14" VPOS="416" HPOS="734"/>
							<String ID="string_107" HPOS="748" VPOS="416" WIDTH="26" HEIGHT="19" WC="0.96" CONTENT="de"/><SP WIDTH="10" VPOS="416" HPOS="774"/>
							<String ID="string_108" HPOS="784" VPOS="415" WIDTH="99" HEIGHT="26" WC="0.96" CONTENT="grunder,"/>
						</TextLine>
						<TextLine ID="line_11" HPOS="59" VPOS="445" WIDTH="825" HEIGHT="27">
							<String ID="string_109" HPOS="59" VPOS="452" WIDTH="49" HEIGHT="14" WC="0.93" CONTENT="som"/><SP WIDTH="18" VPOS="452" HPOS="108"/>
							<String ID="string_110" HPOS="126" VPOS="446" WIDTH="33" HEIGHT="20" WC="0.92" CONTENT="uti"/><SP WIDTH="13" VPOS="446" HPOS="159"/>
							<String ID="string_111" HPOS="172" VPOS="446" WIDTH="71" HEIGHT="20" WC="0.96" CONTENT="denna"/><SP WIDTH="12" VPOS="446" HPOS="243"/>
							<String ID="string_112" HPOS="255" VPOS="446" WIDTH="35" HEIGHT="26" WC="0.93" CONTENT="lag"/><SP WIDTH="13" VPOS="446" HPOS="290"/>
							<String ID="string_113" HPOS="303" VPOS="446" WIDTH="95" HEIGHT="26" WC="0.92" CONTENT="stadgas,"/><SP WIDTH="15" VPOS="446" HPOS="398"/>
							<String ID="string_114" HPOS="413" VPOS="446" WIDTH="22" HEIGHT="20" WC="0.96" CONTENT="sä"/><SP WIDTH="13" VPOS="446" HPOS="435"/>
							<String ID="string_115" HPOS="448" VPOS="447" WIDTH="94" HEIGHT="25" WC="0.96" CONTENT="antyder"/><SP WIDTH="13" VPOS="447" HPOS="542"/>
							<String ID="string_116" HPOS="555" VPOS="446" WIDTH="62" HEIGHT="20" WC="0.96" CONTENT="detta"/><SP WIDTH="12" VPOS="446" HPOS="617"/>
							<String ID="string_117" HPOS="629" VPOS="446" WIDTH="67" HEIGHT="20" WC="0.96" CONTENT="redan"/><SP WIDTH="14" VPOS="446" HPOS="696"/>
							<String ID="string_118" HPOS="710" VPOS="447" WIDTH="34" HEIGHT="19" WC="0.96" CONTENT="att"/><SP WIDTH="13" VPOS="447" HPOS="744"/>
							<String ID="string_119" HPOS="757" VPOS="446" WIDTH="38" HEIGHT="19" WC="0.96" CONTENT="det"/><SP WIDTH="12" VPOS="446" HPOS="795"/>
							<String ID="string_120" HPOS="807" VPOS="447" WIDTH="24" HEIGHT="18" WC="0.96" CONTENT="är"/><SP WIDTH="13" VPOS="447" HPOS="831"/>
							<String ID="string_121" HPOS="844" VPOS="445" WIDTH="40" HEIGHT="19" WC="0.96" CONTENT="den"/>
						</TextLine>
						<TextLine ID="line_12" HPOS="61" VPOS="474" WIDTH="825" HEIGHT="28">
							<String ID="string_122" HPOS="61" VPOS="476" WIDTH="73" HEIGHT="20" WC="0.93" CONTENT="finska"/><SP WIDTH="11" VPOS="476" HPOS="134"/>
							<String ID="string_123" HPOS="145" VPOS="476" WIDTH="145" HEIGHT="26" WC="0.91" CONTENT="lagstiftaren,"/><SP WIDTH="13" VPOS="476" HPOS="290"/>
							<String ID="string_124" HPOS="303" VPOS="482" WIDTH="46" HEIGHT="14" WC="0.93" CONTENT="som"/><SP WIDTH="12" VPOS="482" HPOS="349"/>
							<String ID="string_125" HPOS="361" VPOS="476" WIDTH="80" HEIGHT="26" WC="0.92" CONTENT="ärligen"/><SP WIDTH="12" VPOS="476" HPOS="441"/>
							<String ID="string_126" HPOS="453" VPOS="476" WIDTH="133" HEIGHT="20" WC="0.91" CONTENT="bestämmer"/><SP WIDTH="11" VPOS="476" HPOS="586"/>
							<String ID="string_127" HPOS="597" VPOS="477" WIDTH="68" HEIGHT="19" WC="0.96" CONTENT="sättet"/><SP WIDTH="12" VPOS="477" HPOS="665"/>
							<String ID="string_128" HPOS="677" VPOS="476" WIDTH="41" HEIGHT="20" WC="0.92" CONTENT="och"/><SP WIDTH="11" VPOS="476" HPOS="718"/>
							<String ID="string_129" HPOS="729" VPOS="476" WIDTH="112" HEIGHT="25" WC="0.91" CONTENT="omfänget"/><SP WIDTH="11" VPOS="476" HPOS="841"/>
							<String ID="string_130" HPOS="852" VPOS="474" WIDTH="34" HEIGHT="20" WC="0.96" CONTENT="för"/>
						</TextLine>
						<TextLine ID="line_13" HPOS="60" VPOS="506" WIDTH="825" HEIGHT="26">
							<String ID="string_131" HPOS="60" VPOS="506" WIDTH="149" HEIGHT="26" WC="0.92" CONTENT="fullgörandet"/><SP WIDTH="11" VPOS="506" HPOS="209"/>
							<String ID="string_132" HPOS="220" VPOS="506" WIDTH="22" HEIGHT="20" WC="0.96" CONTENT="af"/><SP WIDTH="12" VPOS="506" HPOS="242"/>
							<String ID="string_133" HPOS="254" VPOS="506" WIDTH="41" HEIGHT="20" WC="0.93" CONTENT="den"/><SP WIDTH="11" VPOS="506" HPOS="295"/>
							<String ID="string_134" HPOS="306" VPOS="506" WIDTH="130" HEIGHT="26" WC="0.92" CONTENT="värnepligt,"/><SP WIDTH="12" VPOS="506" HPOS="436"/>
							<String ID="string_135" HPOS="448" VPOS="506" WIDTH="66" HEIGHT="20" WC="0.92" CONTENT="hvars"/><SP WIDTH="11" VPOS="506" HPOS="514"/>
							<String ID="string_136" HPOS="525" VPOS="506" WIDTH="110" HEIGHT="20" WC="0.96" CONTENT="allmänna"/><SP WIDTH="11" VPOS="506" HPOS="635"/>
							<String ID="string_137" HPOS="646" VPOS="506" WIDTH="106" HEIGHT="20" WC="0.95" CONTENT="karaktär"/><SP WIDTH="10" VPOS="506" HPOS="752"/>
							<String ID="string_138" HPOS="762" VPOS="506" WIDTH="9" HEIGHT="19" WC="0.90" CONTENT="1"/><SP WIDTH="11" VPOS="506" HPOS="771"/>
							<String ID="string_139" HPOS="782" VPOS="506" WIDTH="10" HEIGHT="25" WC="0.90" CONTENT="$"/><SP WIDTH="10" VPOS="506" HPOS="792"/>
							<String ID="string_140" HPOS="802" VPOS="506" WIDTH="83" HEIGHT="24" WC="0.91" CONTENT="uttryc-"/>
						</TextLine>
						<TextLine ID="line_14" HPOS="61" VPOS="534" WIDTH="825" HEIGHT="28">
							<String ID="string_141" HPOS="61" VPOS="536" WIDTH="45" HEIGHT="23" WC="0.96" CONTENT="ker,"/><SP WIDTH="19" VPOS="536" HPOS="106"/>
							<String ID="string_142" HPOS="125" VPOS="537" WIDTH="54" HEIGHT="19" WC="0.96" CONTENT="utan"/><SP WIDTH="11" VPOS="537" HPOS="179"/>
							<String ID="string_143" HPOS="190" VPOS="537" WIDTH="35" HEIGHT="19" WC="0.95" CONTENT="att"/><SP WIDTH="11" VPOS="537" HPOS="225"/>
							<String ID="string_144" HPOS="236" VPOS="536" WIDTH="70" HEIGHT="20" WC="0.93" CONTENT="denna"/><SP WIDTH="12" VPOS="536" HPOS="306"/>
							<String ID="string_145" HPOS="318" VPOS="537" WIDTH="9" HEIGHT="24" WC="0.91" CONTENT="$"/><SP WIDTH="11" VPOS="537" HPOS="327"/>
							<String ID="string_146" HPOS="338" VPOS="536" WIDTH="106" HEIGHT="26" WC="0.92" CONTENT="nägonsin"/><SP WIDTH="11" VPOS="536" HPOS="444"/>
							<String ID="string_147" HPOS="455" VPOS="536" WIDTH="34" HEIGHT="20" WC="0.96" CONTENT="för"/><SP WIDTH="10" VPOS="536" HPOS="489"/>
							<String ID="string_148" HPOS="499" VPOS="536" WIDTH="32" HEIGHT="26" WC="0.96" CONTENT="sig"/><SP WIDTH="13" VPOS="536" HPOS="531"/>
							<String ID="string_149" HPOS="544" VPOS="536" WIDTH="41" HEIGHT="20" WC="0.93" CONTENT="blir"/><SP WIDTH="12" VPOS="536" HPOS="585"/>
							<String ID="string_150" HPOS="597" VPOS="536" WIDTH="91" HEIGHT="20" WC="0.92" CONTENT="föremäl"/><SP WIDTH="12" VPOS="536" HPOS="688"/>
							<String ID="string_151" HPOS="700" VPOS="535" WIDTH="35" HEIGHT="21" WC="0.93" CONTENT="för"/><SP WIDTH="12" VPOS="535" HPOS="735"/>
							<String ID="string_152" HPOS="747" VPOS="534" WIDTH="139" HEIGHT="27" WC="0.92" CONTENT="tillämpning"/>
						</TextLine>
						<TextLine ID="line_15" HPOS="61" VPOS="564" WIDTH="824" HEIGHT="28">
							<String ID="string_153" HPOS="61" VPOS="566" WIDTH="7" HEIGHT="19" WC="0.96" CONTENT="i"/><SP WIDTH="13" VPOS="566" HPOS="68"/>
							<String ID="string_154" HPOS="81" VPOS="566" WIDTH="123" HEIGHT="25" WC="0.95" CONTENT="praktiken."/><SP WIDTH="14" VPOS="566" HPOS="204"/>
							<String ID="string_155" HPOS="218" VPOS="566" WIDTH="43" HEIGHT="19" WC="0.95" CONTENT="Det"/><SP WIDTH="12" VPOS="566" HPOS="261"/>
							<String ID="string_156" HPOS="273" VPOS="568" WIDTH="24" HEIGHT="17" WC="0.96" CONTENT="är"/><SP WIDTH="11" VPOS="568" HPOS="297"/>
							<String ID="string_157" HPOS="308" VPOS="567" WIDTH="33" HEIGHT="18" WC="0.93" CONTENT="ett"/><SP WIDTH="12" VPOS="567" HPOS="341"/>
							<String ID="string_158" HPOS="353" VPOS="566" WIDTH="56" HEIGHT="26" WC="0.93" CONTENT="slags"/><SP WIDTH="12" VPOS="566" HPOS="409"/>
							<String ID="string_159" HPOS="421" VPOS="572" WIDTH="101" HEIGHT="20" WC="0.93" CONTENT="program"/><SP WIDTH="11" VPOS="572" HPOS="522"/>
							<String ID="string_160" HPOS="533" VPOS="566" WIDTH="128" HEIGHT="19" WC="0.92" CONTENT="tillsvidare."/><SP WIDTH="13" VPOS="566" HPOS="661"/>
							<String ID="string_161" HPOS="674" VPOS="566" WIDTH="42" HEIGHT="19" WC="0.93" CONTENT="För"/><SP WIDTH="7" VPOS="566" HPOS="716"/>
							<String ID="string_162" HPOS="723" VPOS="565" WIDTH="66" HEIGHT="26" WC="0.93" CONTENT="öfrigt"/><SP WIDTH="11" VPOS="565" HPOS="789"/>
							<String ID="string_163" HPOS="800" VPOS="566" WIDTH="38" HEIGHT="19" WC="0.96" CONTENT="ber"/><SP WIDTH="11" VPOS="566" HPOS="838"/>
							<String ID="string_164" HPOS="849" VPOS="564" WIDTH="36" HEIGHT="26" WC="0.97" CONTENT="jag"/>
						</TextLine>
						<TextLine ID="line_16" HPOS="60" VPOS="595" WIDTH="826" HEIGHT="27">
							<String ID="string_165" HPOS="60" VPOS="597" WIDTH="38" HEIGHT="18" WC="0.96" CONTENT="att"/><SP WIDTH="10" VPOS="597" HPOS="98"/>
							<String ID="string_166" HPOS="108" VPOS="596" WIDTH="50" HEIGHT="19" WC="0.93" CONTENT="med"/><SP WIDTH="10" VPOS="596" HPOS="158"/>
							<String ID="string_167" HPOS="168" VPOS="595" WIDTH="117" HEIGHT="26" WC="0.91" CONTENT="anledning"/><SP WIDTH="10" VPOS="595" HPOS="285"/>
							<String ID="string_168" HPOS="295" VPOS="595" WIDTH="22" HEIGHT="20" WC="0.93" CONTENT="af"/><SP WIDTH="10" VPOS="595" HPOS="317"/>
							<String ID="string_169" HPOS="327" VPOS="596" WIDTH="58" HEIGHT="20" WC="0.92" CONTENT="Frih."/><SP WIDTH="11" VPOS="596" HPOS="385"/>
							<String ID="string_170" HPOS="396" VPOS="596" WIDTH="90" HEIGHT="20" WC="0.92" CONTENT="Wredes"/><SP WIDTH="10" VPOS="596" HPOS="486"/>
							<String ID="string_171" HPOS="496" VPOS="596" WIDTH="105" HEIGHT="26" WC="0.92" CONTENT="yttrande"/><SP WIDTH="9" VPOS="596" HPOS="601"/>
							<String ID="string_172" HPOS="610" VPOS="595" WIDTH="22" HEIGHT="20" WC="0.92" CONTENT="fä"/><SP WIDTH="11" VPOS="595" HPOS="632"/>
							<String ID="string_173" HPOS="643" VPOS="595" WIDTH="86" HEIGHT="27" WC="0.92" CONTENT="päpeka"/><SP WIDTH="11" VPOS="595" HPOS="729"/>
							<String ID="string_174" HPOS="740" VPOS="596" WIDTH="35" HEIGHT="19" WC="0.93" CONTENT="att"/><SP WIDTH="10" VPOS="596" HPOS="775"/>
							<String ID="string_175" HPOS="785" VPOS="595" WIDTH="101" HEIGHT="26" WC="0.92" CONTENT="upprätt-"/>
						</TextLine>
						<TextLine ID="line_17" HPOS="62" VPOS="624" WIDTH="823" HEIGHT="22">
							<String ID="string_176" HPOS="62" VPOS="625" WIDTH="114" HEIGHT="20" WC="0.93" CONTENT="hällandet"/><SP WIDTH="9" VPOS="625" HPOS="176"/>
							<String ID="string_177" HPOS="185" VPOS="625" WIDTH="23" HEIGHT="20" WC="0.96" CONTENT="af"/><SP WIDTH="9" VPOS="625" HPOS="208"/>
							<String ID="string_178" HPOS="217" VPOS="632" WIDTH="26" HEIGHT="13" WC="0.96" CONTENT="en"/><SP WIDTH="10" VPOS="632" HPOS="243"/>
							<String ID="string_179" HPOS="253" VPOS="625" WIDTH="91" HEIGHT="20" WC="0.96" CONTENT="särskild"/><SP WIDTH="10" VPOS="625" HPOS="344"/>
							<String ID="string_180" HPOS="354" VPOS="625" WIDTH="59" HEIGHT="21" WC="0.93" CONTENT="finsk"/><SP WIDTH="9" VPOS="625" HPOS="413"/>
							<String ID="string_181" HPOS="422" VPOS="626" WIDTH="97" HEIGHT="20" WC="0.46" CONTENT="nationel"/><SP WIDTH="10" VPOS="626" HPOS="519"/>
							<String ID="string_182" HPOS="529" VPOS="625" WIDTH="81" HEIGHT="20" WC="0.96" CONTENT="militär"/><SP WIDTH="9" VPOS="625" HPOS="610"/>
							<String ID="string_183" HPOS="619" VPOS="625" WIDTH="7" HEIGHT="20" WC="0.93" CONTENT="i"/><SP WIDTH="9" VPOS="625" HPOS="626"/>
							<String ID="string_184" HPOS="635" VPOS="625" WIDTH="123" HEIGHT="20" WC="0.96" CONTENT="solidaritet"/><SP WIDTH="9" VPOS="625" HPOS="758"/>
							<String ID="string_185" HPOS="767" VPOS="625" WIDTH="51" HEIGHT="20" WC="0.93" CONTENT="med"/><SP WIDTH="9" VPOS="625" HPOS="818"/>
							<String ID="string_186" HPOS="827" VPOS="624" WIDTH="58" HEIGHT="20" WC="0.96" CONTENT="hvad"/>
						</TextLine>
						<TextLine ID="line_18" HPOS="62" VPOS="654" WIDTH="822" HEIGHT="28">
							<String ID="string_187" HPOS="62" VPOS="655" WIDTH="136" HEIGHT="26" WC="0.88" CONTENT="landtdagen"/><SP WIDTH="14" VPOS="655" HPOS="198"/>
							<String ID="string_188" HPOS="212" VPOS="656" WIDTH="23" HEIGHT="19" WC="0.96" CONTENT="är"/><SP WIDTH="16" VPOS="656" HPOS="235"/>
							<String ID="string_189" HPOS="251" VPOS="655" WIDTH="52" HEIGHT="20" WC="0.93" CONTENT="1877"/><SP WIDTH="14" VPOS="655" HPOS="303"/>
							<String ID="string_190" HPOS="317" VPOS="655" WIDTH="93" HEIGHT="27" WC="0.85" CONTENT="tillgjort"/><SP WIDTH="15" VPOS="655" HPOS="410"/>
							<String ID="string_191" HPOS="425" VPOS="656" WIDTH="40" HEIGHT="19" WC="0.93" CONTENT="och"/><SP WIDTH="14" VPOS="656" HPOS="465"/>
							<String ID="string_192" HPOS="479" VPOS="656" WIDTH="59" HEIGHT="20" WC="0.93" CONTENT="hvad"/><SP WIDTH="15" VPOS="656" HPOS="538"/>
							<String ID="string_193" HPOS="553" VPOS="655" WIDTH="139" HEIGHT="20" WC="0.92" CONTENT="derförinnan"/><SP WIDTH="14" VPOS="655" HPOS="692"/>
							<String ID="string_194" HPOS="706" VPOS="655" WIDTH="59" HEIGHT="20" WC="0.96" CONTENT="varit"/><SP WIDTH="14" VPOS="655" HPOS="765"/>
							<String ID="string_195" HPOS="779" VPOS="654" WIDTH="105" HEIGHT="27" WC="0.96" CONTENT="gällande,"/>
						</TextLine>
						<TextLine ID="line_19" HPOS="64" VPOS="685" WIDTH="823" HEIGHT="26">
							<String ID="string_196" HPOS="64" VPOS="686" WIDTH="27" HEIGHT="25" WC="0.92" CONTENT="pä"/><SP WIDTH="12" VPOS="686" HPOS="91"/>
							<String ID="string_197" HPOS="103" VPOS="685" WIDTH="57" HEIGHT="20" WC="0.92" CONTENT="intet"/><SP WIDTH="11" VPOS="685" HPOS="160"/>
							<String ID="string_198" HPOS="171" VPOS="685" WIDTH="33" HEIGHT="20" WC="0.93" CONTENT="vis"/><SP WIDTH="11" VPOS="685" HPOS="204"/>
							<String ID="string_199" HPOS="215" VPOS="685" WIDTH="53" HEIGHT="20" WC="0.92" CONTENT="lider"/><SP WIDTH="11" VPOS="685" HPOS="268"/>
							<String ID="string_200" HPOS="279" VPOS="685" WIDTH="87" HEIGHT="26" WC="0.92" CONTENT="inträng"/><SP WIDTH="11" VPOS="685" HPOS="366"/>
							<String ID="string_201" HPOS="377" VPOS="686" WIDTH="61" HEIGHT="19" WC="0.93" CONTENT="deraf"/><SP WIDTH="11" VPOS="686" HPOS="438"/>
							<String ID="string_202" HPOS="449" VPOS="687" WIDTH="34" HEIGHT="19" WC="0.96" CONTENT="att"/><SP WIDTH="11" VPOS="687" HPOS="483"/>
							<String ID="string_203" HPOS="494" VPOS="692" WIDTH="51" HEIGHT="14" WC="0.96" CONTENT="man"/><SP WIDTH="12" VPOS="692" HPOS="545"/>
							<String ID="string_204" HPOS="557" VPOS="685" WIDTH="22" HEIGHT="20" WC="0.93" CONTENT="af"/><SP WIDTH="11" VPOS="685" HPOS="579"/>
							<String ID="string_205" HPOS="590" VPOS="685" WIDTH="101" HEIGHT="26" WC="0.92" CONTENT="politiska"/><SP WIDTH="12" VPOS="685" HPOS="691"/>
							<String ID="string_206" HPOS="703" VPOS="685" WIDTH="47" HEIGHT="20" WC="0.94" CONTENT="skäl"/><SP WIDTH="12" VPOS="685" HPOS="750"/>
							<String ID="string_207" HPOS="762" VPOS="685" WIDTH="68" HEIGHT="20" WC="0.92" CONTENT="skulle"/><SP WIDTH="12" VPOS="685" HPOS="830"/>
							<String ID="string_208" HPOS="842" VPOS="690" WIDTH="45" HEIGHT="14" WC="0.92" CONTENT="om-"/>
						</TextLine>
						<TextLine ID="line_20" HPOS="62" VPOS="715" WIDTH="467" HEIGHT="25">
							<String ID="string_209" HPOS="62" VPOS="715" WIDTH="119" HEIGHT="20" WC="0.93" CONTENT="formulera"/><SP WIDTH="13" VPOS="715" HPOS="181"/>
							<String ID="string_210" HPOS="194" VPOS="716" WIDTH="10" HEIGHT="24" WC="0.92" CONTENT="$"/><SP WIDTH="16" VPOS="716" HPOS="204"/>
							<String ID="string_211" HPOS="220" VPOS="716" WIDTH="17" HEIGHT="23" WC="0.93" CONTENT="1,"/><SP WIDTH="15" VPOS="716" HPOS="237"/>
							<String ID="string_212" HPOS="252" VPOS="716" WIDTH="71" HEIGHT="19" WC="0.96" CONTENT="såsom"/><SP WIDTH="14" VPOS="716" HPOS="323"/>
							<String ID="string_213" HPOS="337" VPOS="716" WIDTH="38" HEIGHT="19" WC="0.96" CONTENT="det"/><SP WIDTH="14" VPOS="716" HPOS="375"/>
							<String ID="string_214" HPOS="389" VPOS="722" WIDTH="29" HEIGHT="13" WC="0.93" CONTENT="nu"/><SP WIDTH="14" VPOS="722" HPOS="418"/>
							<String ID="string_215" HPOS="432" VPOS="716" WIDTH="97" HEIGHT="19" WC="0.95" CONTENT="föreslås."/>
						</TextLine>
					</TextBlock>
				</ComposedBlock>
				<ComposedBlock ID="cblock_3" HPOS="106" VPOS="775" WIDTH="697" HEIGHT="26">
					<TextBlock ID="block_2" HPOS="106" VPOS="775" WIDTH="697" HEIGHT="26">
						<TextLine ID="line_21" HPOS="106" VPOS="775" WIDTH="697" HEIGHT="26">
							<String ID="string_216" HPOS="106" VPOS="775" WIDTH="57" HEIGHT="20" WC="0.96" CONTENT="Herr"/><SP WIDTH="14" VPOS="775" HPOS="163"/>
							<String ID="string_217" HPOS="177" VPOS="775" WIDTH="98" HEIGHT="20" WC="0.96" CONTENT="Gösta"/><SP WIDTH="21" VPOS="775" HPOS="275"/>
							<String ID="string_218" HPOS="296" VPOS="775" WIDTH="241" HEIGHT="26" WC="0.92" CONTENT="Björkenheim:"/><SP WIDTH="31" VPOS="775" HPOS="537"/>
							<String ID="string_219" HPOS="568" VPOS="775" WIDTH="42" HEIGHT="26" WC="0.96" CONTENT="Jag"/><SP WIDTH="15" VPOS="775" HPOS="610"/>
							<String ID="string_220" HPOS="625" VPOS="775" WIDTH="107" HEIGHT="20" WC="0.96" CONTENT="erkänner"/><SP WIDTH="14" VPOS="775" HPOS="732"/>
							<String ID="string_221" HPOS="746" VPOS="775" WIDTH="57" HEIGHT="25" WC="0.83" CONTENT="att?)"/>
						</TextLine>
					</TextBlock>
				</ComposedBlock>
				<ComposedBlock ID="cblock_4" HPOS="62" VPOS="835" WIDTH="830" HEIGHT="592">
					<TextBlock ID="block_3" HPOS="62" VPOS="835" WIDTH="828" HEIGHT="386">
						<TextLine ID="line_22" HPOS="106" VPOS="835" WIDTH="781" HEIGHT="27">
							<String ID="string_222" HPOS="106" VPOS="835" WIDTH="34" HEIGHT="20" WC="0.96" CONTENT="Hr"/><SP WIDTH="19" VPOS="835" HPOS="140"/>
							<String ID="string_223" HPOS="159" VPOS="835" WIDTH="84" HEIGHT="20" WC="0.93" CONTENT="Rein:"/><SP WIDTH="36" VPOS="835" HPOS="243"/>
							<String ID="string_224" HPOS="279" VPOS="835" WIDTH="57" HEIGHT="20" WC="0.84" CONTENT="Frih."/><SP WIDTH="20" VPOS="835" HPOS="336"/>
							<String ID="string_225" HPOS="356" VPOS="836" WIDTH="78" HEIGHT="19" WC="0.96" CONTENT="Wrede"/><SP WIDTH="18" VPOS="836" HPOS="434"/>
							<String ID="string_226" HPOS="452" VPOS="836" WIDTH="89" HEIGHT="26" WC="0.96" CONTENT="yttrade"/><SP WIDTH="18" VPOS="836" HPOS="541"/>
							<String ID="string_227" HPOS="559" VPOS="836" WIDTH="40" HEIGHT="19" WC="0.96" CONTENT="här"/><SP WIDTH="18" VPOS="836" HPOS="599"/>
							<String ID="string_228" HPOS="617" VPOS="841" WIDTH="51" HEIGHT="20" WC="0.96" CONTENT="nyss"/><SP WIDTH="14" VPOS="841" HPOS="668"/>
							<String ID="string_229" HPOS="682" VPOS="837" WIDTH="34" HEIGHT="18" WC="0.96" CONTENT="att"/><SP WIDTH="15" VPOS="837" HPOS="716"/>
							<String ID="string_230" HPOS="731" VPOS="835" WIDTH="36" HEIGHT="20" WC="0.96" CONTENT="det"/><SP WIDTH="15" VPOS="835" HPOS="767"/>
							<String ID="string_231" HPOS="782" VPOS="835" WIDTH="64" HEIGHT="20" WC="0.96" CONTENT="fanns"/><SP WIDTH="14" VPOS="835" HPOS="846"/>
							<String ID="string_232" HPOS="860" VPOS="841" WIDTH="27" HEIGHT="13" WC="0.96" CONTENT="en"/>
						</TextLine>
						<TextLine ID="line_23" HPOS="62" VPOS="865" WIDTH="825" HEIGHT="26">
							<String ID="string_233" HPOS="62" VPOS="865" WIDTH="132" HEIGHT="24" WC="0.96" CONTENT="solidaritet,"/><SP WIDTH="10" VPOS="865" HPOS="194"/>
							<String ID="string_234" HPOS="204" VPOS="865" WIDTH="27" HEIGHT="26" WC="0.96" CONTENT="på"/><SP WIDTH="10" VPOS="865" HPOS="231"/>
							<String ID="string_235" HPOS="241" VPOS="865" WIDTH="88" HEIGHT="20" WC="0.96" CONTENT="hvilken"/><SP WIDTH="8" VPOS="865" HPOS="329"/>
							<String ID="string_236" HPOS="337" VPOS="866" WIDTH="44" HEIGHT="20" WC="0.96" CONTENT="han"/><SP WIDTH="9" VPOS="866" HPOS="381"/>
							<String ID="string_237" HPOS="390" VPOS="866" WIDTH="49" HEIGHT="20" WC="0.96" CONTENT="lade"/><SP WIDTH="9" VPOS="866" HPOS="439"/>
							<String ID="string_238" HPOS="448" VPOS="865" WIDTH="92" HEIGHT="21" WC="0.96" CONTENT="särskild"/><SP WIDTH="9" VPOS="865" HPOS="540"/>
							<String ID="string_239" HPOS="549" VPOS="865" WIDTH="47" HEIGHT="26" WC="0.96" CONTENT="vigt"/><SP WIDTH="9" VPOS="865" HPOS="596"/>
							<String ID="string_240" HPOS="605" VPOS="866" WIDTH="40" HEIGHT="19" WC="0.96" CONTENT="och"/><SP WIDTH="9" VPOS="866" HPOS="645"/>
							<String ID="string_241" HPOS="654" VPOS="865" WIDTH="74" HEIGHT="23" WC="0.96" CONTENT="värde,"/><SP WIDTH="10" VPOS="865" HPOS="728"/>
							<String ID="string_242" HPOS="738" VPOS="865" WIDTH="149" HEIGHT="20" WC="0.96" CONTENT="solidariteten"/>
						</TextLine>
						<TextLine ID="line_24" HPOS="64" VPOS="894" WIDTH="824" HEIGHT="27">
							<String ID="string_243" HPOS="64" VPOS="895" WIDTH="111" HEIGHT="26" WC="0.96" CONTENT="nämligen"/><SP WIDTH="19" VPOS="895" HPOS="175"/>
							<String ID="string_244" HPOS="194" VPOS="895" WIDTH="92" HEIGHT="20" WC="0.95" CONTENT="emellan"/><SP WIDTH="20" VPOS="895" HPOS="286"/>
							<String ID="string_245" HPOS="306" VPOS="896" WIDTH="128" HEIGHT="19" WC="0.96" CONTENT="nuvarande"/><SP WIDTH="20" VPOS="896" HPOS="434"/>
							<String ID="string_246" HPOS="454" VPOS="896" WIDTH="41" HEIGHT="19" WC="0.96" CONTENT="och"/><SP WIDTH="19" VPOS="896" HPOS="495"/>
							<String ID="string_247" HPOS="514" VPOS="895" WIDTH="129" HEIGHT="26" WC="0.93" CONTENT="föregående"/><SP WIDTH="21" VPOS="895" HPOS="643"/>
							<String ID="string_248" HPOS="664" VPOS="895" WIDTH="100" HEIGHT="23" WC="0.91" CONTENT="Ständer,"/><SP WIDTH="22" VPOS="895" HPOS="764"/>
							<String ID="string_249" HPOS="786" VPOS="894" WIDTH="102" HEIGHT="21" WC="0.96" CONTENT="särskildt"/>
						</TextLine>
						<TextLine ID="line_25" HPOS="64" VPOS="925" WIDTH="823" HEIGHT="26">
							<String ID="string_250" HPOS="64" VPOS="925" WIDTH="28" HEIGHT="20" WC="0.92" CONTENT="de"/><SP WIDTH="15" VPOS="925" HPOS="92"/>
							<String ID="string_251" HPOS="107" VPOS="925" WIDTH="99" HEIGHT="24" WC="0.92" CONTENT="Ständer,"/><SP WIDTH="16" VPOS="925" HPOS="206"/>
							<String ID="string_252" HPOS="222" VPOS="925" WIDTH="74" HEIGHT="20" WC="0.96" CONTENT="hvilka"/><SP WIDTH="14" VPOS="925" HPOS="296"/>
							<String ID="string_253" HPOS="310" VPOS="925" WIDTH="24" HEIGHT="20" WC="0.96" CONTENT="år"/><SP WIDTH="16" VPOS="925" HPOS="334"/>
							<String ID="string_254" HPOS="350" VPOS="925" WIDTH="53" HEIGHT="20" WC="0.92" CONTENT="1877"/><SP WIDTH="14" VPOS="925" HPOS="403"/>
							<String ID="string_255" HPOS="417" VPOS="926" WIDTH="84" HEIGHT="20" WC="0.92" CONTENT="beslöto"/><SP WIDTH="15" VPOS="926" HPOS="501"/>
							<String ID="string_256" HPOS="516" VPOS="926" WIDTH="39" HEIGHT="19" WC="0.96" CONTENT="vår"/><SP WIDTH="14" VPOS="926" HPOS="555"/>
							<String ID="string_257" HPOS="569" VPOS="925" WIDTH="127" HEIGHT="20" WC="0.93" CONTENT="nuvarande"/><SP WIDTH="14" VPOS="925" HPOS="696"/>
							<String ID="string_258" HPOS="710" VPOS="925" WIDTH="177" HEIGHT="26" WC="0.90" CONTENT="värnepligtslag."/>
						</TextLine>
						<TextLine ID="line_26" HPOS="66" VPOS="954" WIDTH="822" HEIGHT="27">
							<String ID="string_259" HPOS="66" VPOS="955" WIDTH="44" HEIGHT="20" WC="0.96" CONTENT="Det"/><SP WIDTH="13" VPOS="955" HPOS="110"/>
							<String ID="string_260" HPOS="123" VPOS="957" WIDTH="23" HEIGHT="18" WC="0.96" CONTENT="är"/><SP WIDTH="12" VPOS="957" HPOS="146"/>
							<String ID="string_261" HPOS="158" VPOS="957" WIDTH="50" HEIGHT="18" WC="0.96" CONTENT="sant"/><SP WIDTH="13" VPOS="957" HPOS="208"/>
							<String ID="string_262" HPOS="221" VPOS="957" WIDTH="34" HEIGHT="18" WC="0.96" CONTENT="att"/><SP WIDTH="14" VPOS="957" HPOS="255"/>
							<String ID="string_263" HPOS="269" VPOS="955" WIDTH="52" HEIGHT="20" WC="0.96" CONTENT="1877"/><SP WIDTH="13" VPOS="955" HPOS="321"/>
							<String ID="string_264" HPOS="334" VPOS="955" WIDTH="35" HEIGHT="20" WC="0.93" CONTENT="års"/><SP WIDTH="13" VPOS="955" HPOS="369"/>
							<String ID="string_265" HPOS="382" VPOS="956" WIDTH="93" HEIGHT="19" WC="0.92" CONTENT="Ständer"/><SP WIDTH="13" VPOS="956" HPOS="475"/>
							<String ID="string_266" HPOS="488" VPOS="961" WIDTH="52" HEIGHT="14" WC="0.93" CONTENT="voro"/><SP WIDTH="13" VPOS="961" HPOS="540"/>
							<String ID="string_267" HPOS="553" VPOS="955" WIDTH="81" HEIGHT="20" WC="0.92" CONTENT="lifvade"/><SP WIDTH="12" VPOS="955" HPOS="634"/>
							<String ID="string_268" HPOS="646" VPOS="955" WIDTH="22" HEIGHT="20" WC="0.96" CONTENT="af"/><SP WIDTH="12" VPOS="955" HPOS="668"/>
							<String ID="string_269" HPOS="680" VPOS="955" WIDTH="54" HEIGHT="26" WC="0.96" CONTENT="högt"/><SP WIDTH="12" VPOS="955" HPOS="734"/>
							<String ID="string_270" HPOS="746" VPOS="955" WIDTH="88" HEIGHT="20" WC="0.93" CONTENT="stämda"/><SP WIDTH="12" VPOS="955" HPOS="834"/>
							<String ID="string_271" HPOS="846" VPOS="954" WIDTH="42" HEIGHT="20" WC="0.91" CONTENT="för-"/>
						</TextLine>
						<TextLine ID="line_27" HPOS="66" VPOS="984" WIDTH="822" HEIGHT="27">
							<String ID="string_272" HPOS="66" VPOS="985" WIDTH="144" HEIGHT="26" WC="0.91" CONTENT="hoppningar."/><SP WIDTH="28" VPOS="985" HPOS="210"/>
							<String ID="string_273" HPOS="238" VPOS="985" WIDTH="44" HEIGHT="20" WC="0.95" CONTENT="Det"/><SP WIDTH="13" VPOS="985" HPOS="282"/>
							<String ID="string_274" HPOS="295" VPOS="991" WIDTH="40" HEIGHT="14" WC="0.96" CONTENT="var"/><SP WIDTH="13" VPOS="991" HPOS="335"/>
							<String ID="string_275" HPOS="348" VPOS="991" WIDTH="27" HEIGHT="14" WC="0.93" CONTENT="en"/><SP WIDTH="14" VPOS="991" HPOS="375"/>
							<String ID="string_276" HPOS="389" VPOS="985" WIDTH="127" HEIGHT="26" WC="0.92" CONTENT="sangvinisk"/><SP WIDTH="13" VPOS="985" HPOS="516"/>
							<String ID="string_277" HPOS="529" VPOS="986" WIDTH="64" HEIGHT="22" WC="0.96" CONTENT="anda,"/><SP WIDTH="15" VPOS="986" HPOS="593"/>
							<String ID="string_278" HPOS="608" VPOS="985" WIDTH="7" HEIGHT="20" WC="0.96" CONTENT="i"/><SP WIDTH="14" VPOS="985" HPOS="615"/>
							<String ID="string_279" HPOS="629" VPOS="985" WIDTH="88" HEIGHT="20" WC="0.96" CONTENT="hvilken"/><SP WIDTH="15" VPOS="985" HPOS="717"/>
							<String ID="string_280" HPOS="732" VPOS="985" WIDTH="26" HEIGHT="20" WC="0.96" CONTENT="de"/><SP WIDTH="14" VPOS="985" HPOS="758"/>
							<String ID="string_281" HPOS="772" VPOS="984" WIDTH="116" HEIGHT="21" WC="0.95" CONTENT="handlade."/>
						</TextLine>
						<TextLine ID="line_28" HPOS="66" VPOS="1014" WIDTH="824" HEIGHT="23">
							<String ID="string_282" HPOS="66" VPOS="1015" WIDTH="53" HEIGHT="22" WC="0.96" CONTENT="Man"/><SP WIDTH="10" VPOS="1015" HPOS="119"/>
							<String ID="string_283" HPOS="129" VPOS="1015" WIDTH="41" HEIGHT="20" WC="0.91" CONTENT="har"/><SP WIDTH="10" VPOS="1015" HPOS="170"/>
							<String ID="string_284" HPOS="180" VPOS="1017" WIDTH="16" HEIGHT="18" WC="0.91" CONTENT="t."/><SP WIDTH="14" VPOS="1017" HPOS="196"/>
							<String ID="string_285" HPOS="210" VPOS="1021" WIDTH="18" HEIGHT="14" WC="0.92" CONTENT="o."/><SP WIDTH="13" VPOS="1021" HPOS="228"/>
							<String ID="string_286" HPOS="241" VPOS="1021" WIDTH="28" HEIGHT="14" WC="0.89" CONTENT="m."/><SP WIDTH="13" VPOS="1021" HPOS="269"/>
							<String ID="string_287" HPOS="282" VPOS="1015" WIDTH="60" HEIGHT="20" WC="0.96" CONTENT="velat"/><SP WIDTH="11" VPOS="1015" HPOS="342"/>
							<String ID="string_288" HPOS="353" VPOS="1016" WIDTH="58" HEIGHT="19" WC="0.95" CONTENT="kalla"/><SP WIDTH="13" VPOS="1016" HPOS="411"/>
							<String ID="string_289" HPOS="424" VPOS="1016" WIDTH="71" HEIGHT="20" WC="0.96" CONTENT="denna"/><SP WIDTH="12" VPOS="1016" HPOS="495"/>
							<String ID="string_290" HPOS="507" VPOS="1015" WIDTH="57" HEIGHT="20" WC="0.96" CONTENT="anda"/><SP WIDTH="12" VPOS="1015" HPOS="564"/>
							<String ID="string_291" HPOS="576" VPOS="1015" WIDTH="33" HEIGHT="20" WC="0.93" CONTENT="för"/><SP WIDTH="12" VPOS="1015" HPOS="609"/>
							<String ID="string_292" HPOS="621" VPOS="1015" WIDTH="166" HEIGHT="20" WC="0.90" CONTENT="chauvinistisk."/><SP WIDTH="24" VPOS="1015" HPOS="787"/>
							<String ID="string_293" HPOS="811" VPOS="1014" WIDTH="43" HEIGHT="20" WC="0.96" CONTENT="Det"/><SP WIDTH="12" VPOS="1014" HPOS="854"/>
							<String ID="string_294" HPOS="866" VPOS="1016" WIDTH="24" HEIGHT="18" WC="0.96" CONTENT="är"/>
						</TextLine>
						<TextLine ID="line_29" HPOS="66" VPOS="1044" WIDTH="823" HEIGHT="27">
							<String ID="string_295" HPOS="66" VPOS="1045" WIDTH="84" HEIGHT="20" WC="0.96" CONTENT="kanske"/><SP WIDTH="15" VPOS="1045" HPOS="150"/>
							<String ID="string_296" HPOS="165" VPOS="1046" WIDTH="35" HEIGHT="19" WC="0.96" CONTENT="att"/><SP WIDTH="15" VPOS="1046" HPOS="200"/>
							<String ID="string_297" HPOS="215" VPOS="1045" WIDTH="93" HEIGHT="20" WC="0.96" CONTENT="bedöma"/><SP WIDTH="16" VPOS="1045" HPOS="308"/>
							<String ID="string_298" HPOS="324" VPOS="1045" WIDTH="41" HEIGHT="20" WC="0.96" CONTENT="den"/><SP WIDTH="16" VPOS="1045" HPOS="365"/>
							<String ID="string_299" HPOS="381" VPOS="1045" WIDTH="34" HEIGHT="20" WC="0.96" CONTENT="för"/><SP WIDTH="15" VPOS="1045" HPOS="415"/>
							<String ID="string_300" HPOS="430" VPOS="1047" WIDTH="93" HEIGHT="24" WC="0.96" CONTENT="strängt;"/><SP WIDTH="15" VPOS="1047" HPOS="523"/>
							<String ID="string_301" HPOS="538" VPOS="1045" WIDTH="37" HEIGHT="26" WC="0.96" CONTENT="jag"/><SP WIDTH="15" VPOS="1045" HPOS="575"/>
							<String ID="string_302" HPOS="590" VPOS="1045" WIDTH="38" HEIGHT="20" WC="0.96" CONTENT="ber"/><SP WIDTH="15" VPOS="1045" HPOS="628"/>
							<String ID="string_303" HPOS="643" VPOS="1045" WIDTH="21" HEIGHT="20" WC="0.96" CONTENT="få"/><SP WIDTH="16" VPOS="1045" HPOS="664"/>
							<String ID="string_304" HPOS="680" VPOS="1045" WIDTH="58" HEIGHT="20" WC="0.95" CONTENT="kalla"/><SP WIDTH="16" VPOS="1045" HPOS="738"/>
							<String ID="string_305" HPOS="754" VPOS="1045" WIDTH="42" HEIGHT="20" WC="0.97" CONTENT="den"/><SP WIDTH="16" VPOS="1045" HPOS="796"/>
							<String ID="string_306" HPOS="812" VPOS="1044" WIDTH="77" HEIGHT="20" WC="0.96" CONTENT="endast"/>
						</TextLine>
						<TextLine ID="line_30" HPOS="67" VPOS="1074" WIDTH="822" HEIGHT="28">
							<String ID="string_307" HPOS="67" VPOS="1075" WIDTH="133" HEIGHT="26" WC="0.88" CONTENT="sangvinisk."/><SP WIDTH="30" VPOS="1075" HPOS="200"/>
							<String ID="string_308" HPOS="230" VPOS="1075" WIDTH="8" HEIGHT="20" WC="0.96" CONTENT="I"/><SP WIDTH="14" VPOS="1075" HPOS="238"/>
							<String ID="string_309" HPOS="252" VPOS="1075" WIDTH="78" HEIGHT="27" WC="0.96" CONTENT="sjelfva"/><SP WIDTH="13" VPOS="1075" HPOS="330"/>
							<String ID="string_310" HPOS="343" VPOS="1076" WIDTH="78" HEIGHT="19" WC="0.96" CONTENT="verket"/><SP WIDTH="13" VPOS="1076" HPOS="421"/>
							<String ID="string_311" HPOS="434" VPOS="1076" WIDTH="103" HEIGHT="25" WC="0.96" CONTENT="lyckades"/><SP WIDTH="15" VPOS="1076" HPOS="537"/>
							<String ID="string_312" HPOS="552" VPOS="1075" WIDTH="53" HEIGHT="20" WC="0.96" CONTENT="1877"/><SP WIDTH="14" VPOS="1075" HPOS="605"/>
							<String ID="string_313" HPOS="619" VPOS="1075" WIDTH="34" HEIGHT="20" WC="0.93" CONTENT="års"/><SP WIDTH="15" VPOS="1075" HPOS="653"/>
							<String ID="string_314" HPOS="668" VPOS="1075" WIDTH="93" HEIGHT="20" WC="0.92" CONTENT="Ständer"/><SP WIDTH="14" VPOS="1075" HPOS="761"/>
							<String ID="string_315" HPOS="775" VPOS="1075" WIDTH="34" HEIGHT="19" WC="0.96" CONTENT="att"/><SP WIDTH="14" VPOS="1075" HPOS="809"/>
							<String ID="string_316" HPOS="823" VPOS="1074" WIDTH="66" HEIGHT="19" WC="0.96" CONTENT="vinna"/>
						</TextLine>
						<TextLine ID="line_31" HPOS="64" VPOS="1105" WIDTH="826" HEIGHT="26">
							<String ID="string_317" HPOS="64" VPOS="1105" WIDTH="62" HEIGHT="20" WC="0.94" CONTENT="vissa"/><SP WIDTH="21" VPOS="1105" HPOS="126"/>
							<String ID="string_318" HPOS="147" VPOS="1105" WIDTH="35" HEIGHT="20" WC="0.95" CONTENT="för"/><SP WIDTH="11" VPOS="1105" HPOS="182"/>
							<String ID="string_319" HPOS="193" VPOS="1105" WIDTH="94" HEIGHT="20" WC="0.96" CONTENT="Finland"/><SP WIDTH="12" VPOS="1105" HPOS="287"/>
							<String ID="string_320" HPOS="299" VPOS="1107" WIDTH="82" HEIGHT="24" WC="0.93" CONTENT="ytterst"/><SP WIDTH="11" VPOS="1107" HPOS="381"/>
							<String ID="string_321" HPOS="392" VPOS="1105" WIDTH="83" HEIGHT="26" WC="0.91" CONTENT="vigtiga"/><SP WIDTH="13" VPOS="1105" HPOS="475"/>
							<String ID="string_322" HPOS="488" VPOS="1105" WIDTH="176" HEIGHT="26" WC="0.88" CONTENT="medgifvanden."/><SP WIDTH="25" VPOS="1105" HPOS="664"/>
							<String ID="string_323" HPOS="689" VPOS="1105" WIDTH="42" HEIGHT="26" WC="0.96" CONTENT="Jag"/><SP WIDTH="13" VPOS="1105" HPOS="731"/>
							<String ID="string_324" HPOS="744" VPOS="1105" WIDTH="39" HEIGHT="19" WC="0.96" CONTENT="har"/><SP WIDTH="12" VPOS="1105" HPOS="783"/>
							<String ID="string_325" HPOS="795" VPOS="1105" WIDTH="23" HEIGHT="19" WC="0.93" CONTENT="så"/><SP WIDTH="13" VPOS="1105" HPOS="818"/>
							<String ID="string_326" HPOS="831" VPOS="1109" WIDTH="59" HEIGHT="21" WC="0.92" CONTENT="myc-"/>
						</TextLine>
						<TextLine ID="line_32" HPOS="65" VPOS="1134" WIDTH="825" HEIGHT="27">
							<String ID="string_327" HPOS="65" VPOS="1135" WIDTH="40" HEIGHT="20" WC="0.95" CONTENT="ket"/><SP WIDTH="9" VPOS="1135" HPOS="105"/>
							<String ID="string_328" HPOS="114" VPOS="1135" WIDTH="85" HEIGHT="20" WC="0.96" CONTENT="mindre"/><SP WIDTH="9" VPOS="1135" HPOS="199"/>
							<String ID="string_329" HPOS="208" VPOS="1136" WIDTH="46" HEIGHT="19" WC="0.96" CONTENT="rätt"/><SP WIDTH="9" VPOS="1136" HPOS="254"/>
							<String ID="string_330" HPOS="263" VPOS="1136" WIDTH="34" HEIGHT="19" WC="0.93" CONTENT="att"/><SP WIDTH="10" VPOS="1136" HPOS="297"/>
							<String ID="string_331" HPOS="307" VPOS="1135" WIDTH="92" HEIGHT="20" WC="0.91" CONTENT="klandra"/><SP WIDTH="10" VPOS="1135" HPOS="399"/>
							<String ID="string_332" HPOS="409" VPOS="1136" WIDTH="49" HEIGHT="19" WC="0.96" CONTENT="dem"/><SP WIDTH="9" VPOS="1136" HPOS="458"/>
							<String ID="string_333" HPOS="467" VPOS="1135" WIDTH="34" HEIGHT="20" WC="0.96" CONTENT="för"/><SP WIDTH="10" VPOS="1135" HPOS="501"/>
							<String ID="string_334" HPOS="511" VPOS="1135" WIDTH="62" HEIGHT="20" WC="0.93" CONTENT="deras"/><SP WIDTH="9" VPOS="1135" HPOS="573"/>
							<String ID="string_335" HPOS="582" VPOS="1135" WIDTH="139" HEIGHT="26" WC="0.91" CONTENT="sangviniska"/><SP WIDTH="10" VPOS="1135" HPOS="721"/>
							<String ID="string_336" HPOS="731" VPOS="1135" WIDTH="58" HEIGHT="20" WC="0.96" CONTENT="anda"/><SP WIDTH="9" VPOS="1135" HPOS="789"/>
							<String ID="string_337" HPOS="798" VPOS="1140" WIDTH="47" HEIGHT="14" WC="0.95" CONTENT="som"/><SP WIDTH="9" VPOS="1140" HPOS="845"/>
							<String ID="string_338" HPOS="854" VPOS="1134" WIDTH="36" HEIGHT="25" WC="0.96" CONTENT="jag"/>
						</TextLine>
						<TextLine ID="line_33" HPOS="64" VPOS="1163" WIDTH="826" HEIGHT="28">
							<String ID="string_339" HPOS="64" VPOS="1164" WIDTH="53" HEIGHT="27" WC="0.96" CONTENT="sjelf"/><SP WIDTH="11" VPOS="1164" HPOS="117"/>
							<String ID="string_340" HPOS="128" VPOS="1165" WIDTH="91" HEIGHT="26" WC="0.96" CONTENT="deltog"/><SP WIDTH="-9" VPOS="1165" HPOS="219"/>
							<String ID="string_341" HPOS="210" VPOS="1159" WIDTH="12" HEIGHT="36" WC="0.93" CONTENT="i"/><SP WIDTH="8" VPOS="1159" HPOS="222"/>
							<String ID="string_342" HPOS="230" VPOS="1165" WIDTH="131" HEIGHT="20" WC="0.91" CONTENT="voterandet"/><SP WIDTH="11" VPOS="1165" HPOS="361"/>
							<String ID="string_343" HPOS="372" VPOS="1165" WIDTH="23" HEIGHT="20" WC="0.96" CONTENT="af"/><SP WIDTH="6" VPOS="1165" HPOS="395"/>
							<String ID="string_344" HPOS="401" VPOS="1166" WIDTH="62" HEIGHT="19" WC="0.96" CONTENT="dessa"/><SP WIDTH="8" VPOS="1166" HPOS="463"/>
							<String ID="string_345" HPOS="471" VPOS="1166" WIDTH="28" HEIGHT="25" WC="0.96" CONTENT="$$,"/><SP WIDTH="11" VPOS="1166" HPOS="499"/>
							<String ID="string_346" HPOS="510" VPOS="1165" WIDTH="4" HEIGHT="20" WC="0.96" CONTENT="i"/><SP WIDTH="7" VPOS="1165" HPOS="514"/>
							<String ID="string_347" HPOS="521" VPOS="1165" WIDTH="74" HEIGHT="26" WC="0.95" CONTENT="hvilka"/><SP WIDTH="12" VPOS="1165" HPOS="595"/>
							<String ID="string_348" HPOS="607" VPOS="1165" WIDTH="96" HEIGHT="20" WC="0.96" CONTENT="nämnda"/><SP WIDTH="11" VPOS="1165" HPOS="703"/>
							<String ID="string_349" HPOS="714" VPOS="1165" WIDTH="58" HEIGHT="19" WC="0.96" CONTENT="anda"/><SP WIDTH="11" VPOS="1165" HPOS="772"/>
							<String ID="string_350" HPOS="783" VPOS="1164" WIDTH="57" HEIGHT="26" WC="0.95" CONTENT="tagit"/><SP WIDTH="12" VPOS="1164" HPOS="840"/>
							<String ID="string_351" HPOS="852" VPOS="1163" WIDTH="38" HEIGHT="20" WC="0.96" CONTENT="sitt"/>
						</TextLine>
						<TextLine ID="line_34" HPOS="66" VPOS="1194" WIDTH="296" HEIGHT="27">
							<String ID="string_352" HPOS="66" VPOS="1194" WIDTH="172" HEIGHT="27" WC="0.90" CONTENT="hufvudsakliga"/><SP WIDTH="27" VPOS="1194" HPOS="238"/>
							<String ID="string_353" HPOS="265" VPOS="1195" WIDTH="97" HEIGHT="26" WC="0.87" CONTENT="uttryck."/>
						</TextLine>
					</TextBlock>
					<TextBlock ID="block_4" HPOS="64" VPOS="1224" WIDTH="828" HEIGHT="203">
						<TextLine ID="line_35" HPOS="110" VPOS="1224" WIDTH="781" HEIGHT="27">
							<String ID="string_354" HPOS="110" VPOS="1225" WIDTH="50" HEIGHT="19" WC="0.93" CONTENT="Men"/><SP WIDTH="14" VPOS="1225" HPOS="160"/>
							<String ID="string_355" HPOS="174" VPOS="1225" WIDTH="128" HEIGHT="20" WC="0.89" CONTENT="menniskan"/><SP WIDTH="13" VPOS="1225" HPOS="302"/>
							<String ID="string_356" HPOS="315" VPOS="1225" WIDTH="32" HEIGHT="20" WC="0.95" CONTENT="lär"/><SP WIDTH="13" VPOS="1225" HPOS="347"/>
							<String ID="string_357" HPOS="360" VPOS="1225" WIDTH="23" HEIGHT="20" WC="0.96" CONTENT="så"/><SP WIDTH="14" VPOS="1225" HPOS="383"/>
							<String ID="string_358" HPOS="397" VPOS="1225" WIDTH="62" HEIGHT="26" WC="0.96" CONTENT="länge"/><SP WIDTH="14" VPOS="1225" HPOS="459"/>
							<String ID="string_359" HPOS="473" VPOS="1225" WIDTH="43" HEIGHT="20" WC="0.93" CONTENT="hon"/><SP WIDTH="13" VPOS="1225" HPOS="516"/>
							<String ID="string_360" HPOS="529" VPOS="1225" WIDTH="74" HEIGHT="23" WC="0.91" CONTENT="lefver,"/><SP WIDTH="14" VPOS="1225" HPOS="603"/>
							<String ID="string_361" HPOS="617" VPOS="1225" WIDTH="41" HEIGHT="20" WC="0.96" CONTENT="och"/><SP WIDTH="12" VPOS="1225" HPOS="658"/>
							<String ID="string_362" HPOS="670" VPOS="1225" WIDTH="34" HEIGHT="20" WC="0.96" CONTENT="för"/><SP WIDTH="13" VPOS="1225" HPOS="704"/>
							<String ID="string_363" HPOS="717" VPOS="1224" WIDTH="138" HEIGHT="21" WC="0.96" CONTENT="närvarande"/><SP WIDTH="13" VPOS="1224" HPOS="855"/>
							<String ID="string_364" HPOS="868" VPOS="1225" WIDTH="23" HEIGHT="19" WC="0.96" CONTENT="är"/>
						</TextLine>
						<TextLine ID="line_36" HPOS="64" VPOS="1254" WIDTH="826" HEIGHT="26">
							<String ID="string_365" HPOS="64" VPOS="1255" WIDTH="40" HEIGHT="25" WC="0.94" CONTENT="jag"/><SP WIDTH="14" VPOS="1255" HPOS="104"/>
							<String ID="string_366" HPOS="118" VPOS="1254" WIDTH="23" HEIGHT="20" WC="0.96" CONTENT="af"/><SP WIDTH="13" VPOS="1254" HPOS="141"/>
							<String ID="string_367" HPOS="154" VPOS="1255" WIDTH="42" HEIGHT="19" WC="0.93" CONTENT="den"/><SP WIDTH="14" VPOS="1255" HPOS="196"/>
							<String ID="string_368" HPOS="210" VPOS="1254" WIDTH="160" HEIGHT="26" WC="0.92" CONTENT="öfvertygelsen"/><SP WIDTH="14" VPOS="1254" HPOS="370"/>
							<String ID="string_369" HPOS="384" VPOS="1256" WIDTH="39" HEIGHT="19" WC="0.96" CONTENT="att"/><SP WIDTH="10" VPOS="1256" HPOS="423"/>
							<String ID="string_370" HPOS="433" VPOS="1255" WIDTH="37" HEIGHT="20" WC="0.96" CONTENT="det"/><SP WIDTH="13" VPOS="1255" HPOS="470"/>
							<String ID="string_371" HPOS="483" VPOS="1255" WIDTH="35" HEIGHT="20" WC="0.96" CONTENT="för"/><SP WIDTH="13" VPOS="1255" HPOS="518"/>
							<String ID="string_372" HPOS="531" VPOS="1255" WIDTH="92" HEIGHT="20" WC="0.96" CONTENT="Finland"/><SP WIDTH="14" VPOS="1255" HPOS="623"/>
							<String ID="string_373" HPOS="637" VPOS="1255" WIDTH="56" HEIGHT="20" WC="0.96" CONTENT="hade"/><SP WIDTH="13" VPOS="1255" HPOS="693"/>
							<String ID="string_374" HPOS="706" VPOS="1254" WIDTH="59" HEIGHT="21" WC="0.96" CONTENT="varit"/><SP WIDTH="14" VPOS="1254" HPOS="765"/>
							<String ID="string_375" HPOS="779" VPOS="1261" WIDTH="26" HEIGHT="13" WC="0.96" CONTENT="en"/><SP WIDTH="14" VPOS="1261" HPOS="805"/>
							<String ID="string_376" HPOS="819" VPOS="1254" WIDTH="71" HEIGHT="26" WC="0.96" CONTENT="lycka,"/>
						</TextLine>
						<TextLine ID="line_37" HPOS="66" VPOS="1284" WIDTH="826" HEIGHT="26">
							<String ID="string_377" HPOS="66" VPOS="1290" WIDTH="38" HEIGHT="14" WC="0.95" CONTENT="om"/><SP WIDTH="10" VPOS="1290" HPOS="104"/>
							<String ID="string_378" HPOS="114" VPOS="1284" WIDTH="27" HEIGHT="20" WC="0.96" CONTENT="då"/><SP WIDTH="9" VPOS="1284" HPOS="141"/>
							<String ID="string_379" HPOS="150" VPOS="1284" WIDTH="48" HEIGHT="20" WC="0.96" CONTENT="icke"/><SP WIDTH="7" VPOS="1284" HPOS="198"/>
							<String ID="string_380" HPOS="205" VPOS="1284" WIDTH="25" HEIGHT="20" WC="0.96" CONTENT="så"/><SP WIDTH="9" VPOS="1284" HPOS="230"/>
							<String ID="string_381" HPOS="239" VPOS="1285" WIDTH="90" HEIGHT="25" WC="0.96" CONTENT="mycket"/><SP WIDTH="9" VPOS="1285" HPOS="329"/>
							<String ID="string_382" HPOS="338" VPOS="1285" WIDTH="56" HEIGHT="19" WC="0.96" CONTENT="hade"/><SP WIDTH="9" VPOS="1285" HPOS="394"/>
							<String ID="string_383" HPOS="403" VPOS="1284" WIDTH="98" HEIGHT="21" WC="0.94" CONTENT="vunnits,"/><SP WIDTH="8" VPOS="1284" HPOS="501"/>
							<String ID="string_384" HPOS="509" VPOS="1290" WIDTH="47" HEIGHT="14" WC="0.96" CONTENT="som"/><SP WIDTH="7" VPOS="1290" HPOS="556"/>
							<String ID="string_385" HPOS="563" VPOS="1290" WIDTH="77" HEIGHT="18" WC="0.96" CONTENT="vanns,"/><SP WIDTH="8" VPOS="1290" HPOS="640"/>
							<String ID="string_386" HPOS="648" VPOS="1284" WIDTH="40" HEIGHT="20" WC="0.96" CONTENT="och"/><SP WIDTH="10" VPOS="1284" HPOS="688"/>
							<String ID="string_387" HPOS="698" VPOS="1290" WIDTH="35" HEIGHT="14" WC="0.96" CONTENT="om"/><SP WIDTH="10" VPOS="1290" HPOS="733"/>
							<String ID="string_388" HPOS="743" VPOS="1284" WIDTH="48" HEIGHT="20" WC="0.96" CONTENT="icke"/><SP WIDTH="9" VPOS="1284" HPOS="791"/>
							<String ID="string_389" HPOS="800" VPOS="1284" WIDTH="23" HEIGHT="19" WC="0.96" CONTENT="så"/><SP WIDTH="10" VPOS="1284" HPOS="823"/>
							<String ID="string_390" HPOS="833" VPOS="1284" WIDTH="59" HEIGHT="19" WC="0.96" CONTENT="stora"/>
						</TextLine>
						<TextLine ID="line_38" HPOS="68" VPOS="1313" WIDTH="824" HEIGHT="27">
							<String ID="string_391" HPOS="68" VPOS="1314" WIDTH="170" HEIGHT="26" WC="0.91" CONTENT="medgifvanden"/><SP WIDTH="13" VPOS="1314" HPOS="238"/>
							<String ID="string_392" HPOS="251" VPOS="1314" WIDTH="56" HEIGHT="20" WC="0.96" CONTENT="hade"/><SP WIDTH="13" VPOS="1314" HPOS="307"/>
							<String ID="string_393" HPOS="320" VPOS="1315" WIDTH="92" HEIGHT="19" WC="0.96" CONTENT="skänkts"/><SP WIDTH="13" VPOS="1315" HPOS="412"/>
							<String ID="string_394" HPOS="425" VPOS="1320" WIDTH="40" HEIGHT="14" WC="0.93" CONTENT="oss."/><SP WIDTH="14" VPOS="1320" HPOS="465"/>
							<String ID="string_395" HPOS="479" VPOS="1314" WIDTH="34" HEIGHT="26" WC="0.96" CONTENT="Ty"/><SP WIDTH="12" VPOS="1314" HPOS="513"/>
							<String ID="string_396" HPOS="525" VPOS="1314" WIDTH="109" HEIGHT="26" WC="0.96" CONTENT="åtskilliga"/><SP WIDTH="13" VPOS="1314" HPOS="634"/>
							<String ID="string_397" HPOS="647" VPOS="1314" WIDTH="22" HEIGHT="20" WC="0.96" CONTENT="af"/><SP WIDTH="13" VPOS="1314" HPOS="669"/>
							<String ID="string_398" HPOS="682" VPOS="1314" WIDTH="62" HEIGHT="20" WC="0.93" CONTENT="dessa"/><SP WIDTH="12" VPOS="1314" HPOS="744"/>
							<String ID="string_399" HPOS="756" VPOS="1313" WIDTH="136" HEIGHT="26" WC="0.92" CONTENT="medgifvan-"/>
						</TextLine>
						<TextLine ID="line_39" HPOS="70" VPOS="1344" WIDTH="822" HEIGHT="26">
							<String ID="string_400" HPOS="70" VPOS="1344" WIDTH="41" HEIGHT="19" WC="0.93" CONTENT="den"/><SP WIDTH="11" VPOS="1344" HPOS="111"/>
							<String ID="string_401" HPOS="122" VPOS="1355" WIDTH="28" HEIGHT="3" WC="0.90" CONTENT="—"/><SP WIDTH="11" VPOS="1355" HPOS="150"/>
							<String ID="string_402" HPOS="161" VPOS="1344" WIDTH="41" HEIGHT="20" WC="0.96" CONTENT="och"/><SP WIDTH="10" VPOS="1344" HPOS="202"/>
							<String ID="string_403" HPOS="212" VPOS="1344" WIDTH="33" HEIGHT="20" WC="0.95" CONTENT="till"/><SP WIDTH="12" VPOS="1344" HPOS="245"/>
							<String ID="string_404" HPOS="257" VPOS="1344" WIDTH="49" HEIGHT="20" WC="0.96" CONTENT="dem"/><SP WIDTH="11" VPOS="1344" HPOS="306"/>
							<String ID="string_405" HPOS="317" VPOS="1345" WIDTH="81" HEIGHT="19" WC="0.96" CONTENT="räknar"/><SP WIDTH="10" VPOS="1345" HPOS="398"/>
							<String ID="string_406" HPOS="408" VPOS="1344" WIDTH="37" HEIGHT="26" WC="0.96" CONTENT="jag"/><SP WIDTH="11" VPOS="1344" HPOS="445"/>
							<String ID="string_407" HPOS="456" VPOS="1344" WIDTH="104" HEIGHT="20" WC="0.96" CONTENT="särskildt"/><SP WIDTH="11" VPOS="1344" HPOS="560"/>
							<String ID="string_408" HPOS="571" VPOS="1344" WIDTH="44" HEIGHT="23" WC="0.96" CONTENT="det,"/><SP WIDTH="12" VPOS="1344" HPOS="615"/>
							<String ID="string_409" HPOS="627" VPOS="1350" WIDTH="47" HEIGHT="14" WC="0.93" CONTENT="som"/><SP WIDTH="10" VPOS="1350" HPOS="674"/>
							<String ID="string_410" HPOS="684" VPOS="1344" WIDTH="48" HEIGHT="26" WC="0.90" CONTENT="gafs"/><SP WIDTH="11" VPOS="1344" HPOS="732"/>
							<String ID="string_411" HPOS="743" VPOS="1344" WIDTH="7" HEIGHT="19" WC="0.96" CONTENT="i"/><SP WIDTH="12" VPOS="1344" HPOS="750"/>
							<String ID="string_412" HPOS="762" VPOS="1344" WIDTH="38" HEIGHT="19" WC="0.95" CONTENT="och"/><SP WIDTH="13" VPOS="1344" HPOS="800"/>
							<String ID="string_413" HPOS="813" VPOS="1348" WIDTH="79" HEIGHT="21" WC="0.96" CONTENT="genom"/>
						</TextLine>
						<TextLine ID="line_40" HPOS="69" VPOS="1372" WIDTH="823" HEIGHT="28">
							<String ID="string_414" HPOS="69" VPOS="1373" WIDTH="131" HEIGHT="20" WC="0.91" CONTENT="sanktionen"/><SP WIDTH="12" VPOS="1373" HPOS="200"/>
							<String ID="string_415" HPOS="212" VPOS="1374" WIDTH="23" HEIGHT="19" WC="0.96" CONTENT="af"/><SP WIDTH="12" VPOS="1374" HPOS="235"/>
							<String ID="string_416" HPOS="247" VPOS="1374" WIDTH="8" HEIGHT="20" WC="0.89" CONTENT="1"/><SP WIDTH="15" VPOS="1374" HPOS="255"/>
							<String ID="string_417" HPOS="270" VPOS="1375" WIDTH="10" HEIGHT="25" WC="0.89" CONTENT="$"/><SP WIDTH="11" VPOS="1375" HPOS="280"/>
							<String ID="string_418" HPOS="291" VPOS="1386" WIDTH="28" HEIGHT="2" WC="0.89" CONTENT="—"/><SP WIDTH="10" VPOS="1386" HPOS="319"/>
							<String ID="string_419" HPOS="329" VPOS="1374" WIDTH="40" HEIGHT="20" WC="0.96" CONTENT="har"/><SP WIDTH="11" VPOS="1374" HPOS="369"/>
							<String ID="string_420" HPOS="380" VPOS="1376" WIDTH="55" HEIGHT="18" WC="0.96" CONTENT="utan"/><SP WIDTH="12" VPOS="1376" HPOS="435"/>
							<String ID="string_421" HPOS="447" VPOS="1374" WIDTH="40" HEIGHT="20" WC="0.93" CONTENT="allt"/><SP WIDTH="11" VPOS="1374" HPOS="487"/>
							<String ID="string_422" HPOS="498" VPOS="1374" WIDTH="78" HEIGHT="20" WC="0.91" CONTENT="tvifvel"/><SP WIDTH="11" VPOS="1374" HPOS="576"/>
							<String ID="string_423" HPOS="587" VPOS="1374" WIDTH="119" HEIGHT="25" WC="0.96" CONTENT="väsentligt"/><SP WIDTH="11" VPOS="1374" HPOS="706"/>
							<String ID="string_424" HPOS="717" VPOS="1373" WIDTH="131" HEIGHT="20" WC="0.96" CONTENT="medverkat"/><SP WIDTH="11" VPOS="1373" HPOS="848"/>
							<String ID="string_425" HPOS="859" VPOS="1372" WIDTH="33" HEIGHT="20" WC="0.96" CONTENT="till"/>
						</TextLine>
						<TextLine ID="line_41" HPOS="69" VPOS="1403" WIDTH="607" HEIGHT="24">
							<String ID="string_426" HPOS="69" VPOS="1404" WIDTH="35" HEIGHT="18" WC="0.96" CONTENT="att"/><SP WIDTH="12" VPOS="1404" HPOS="104"/>
							<String ID="string_427" HPOS="116" VPOS="1403" WIDTH="115" HEIGHT="21" WC="0.96" CONTENT="framkalla"/><SP WIDTH="12" VPOS="1403" HPOS="231"/>
							<String ID="string_428" HPOS="243" VPOS="1404" WIDTH="41" HEIGHT="20" WC="0.96" CONTENT="den"/><SP WIDTH="13" VPOS="1404" HPOS="284"/>
							<String ID="string_429" HPOS="297" VPOS="1404" WIDTH="106" HEIGHT="23" WC="0.96" CONTENT="reaktion,"/><SP WIDTH="14" VPOS="1404" HPOS="403"/>
							<String ID="string_430" HPOS="417" VPOS="1404" WIDTH="22" HEIGHT="20" WC="0.96" CONTENT="af"/><SP WIDTH="11" VPOS="1404" HPOS="439"/>
							<String ID="string_431" HPOS="450" VPOS="1404" WIDTH="90" HEIGHT="20" WC="0.96" CONTENT="hvilken"/><SP WIDTH="11" VPOS="1404" HPOS="540"/>
							<String ID="string_432" HPOS="551" VPOS="1404" WIDTH="22" HEIGHT="19" WC="0.96" CONTENT="vi"/><SP WIDTH="12" VPOS="1404" HPOS="573"/>
							<String ID="string_433" HPOS="585" VPOS="1410" WIDTH="29" HEIGHT="13" WC="0.96" CONTENT="nu"/><SP WIDTH="12" VPOS="1410" HPOS="614"/>
							<String ID="string_434" HPOS="626" VPOS="1404" WIDTH="50" HEIGHT="19" WC="0.96" CONTENT="lida."/>
						</TextLine>
					</TextBlock>
				</ComposedBlock>
				<ComposedBlock ID="cblock_5" HPOS="106" VPOS="1467" WIDTH="691" HEIGHT="21">
					<TextBlock ID="block_5" HPOS="106" VPOS="1467" WIDTH="691" HEIGHT="21">
						<TextLine ID="line_42" HPOS="106" VPOS="1467" WIDTH="691" HEIGHT="21">
							<String ID="string_435" HPOS="106" VPOS="1467" WIDTH="14" HEIGHT="21" WC="0.61" CONTENT="1)"/><SP WIDTH="10" VPOS="1467" HPOS="120"/>
							<String ID="string_436" HPOS="130" VPOS="1468" WIDTH="108" HEIGHT="20" WC="0.92" CONTENT="Stenogram"/><SP WIDTH="7" VPOS="1468" HPOS="238"/>
							<String ID="string_437" HPOS="245" VPOS="1468" WIDTH="70" HEIGHT="16" WC="0.96" CONTENT="saknas"/><SP WIDTH="8" VPOS="1468" HPOS="315"/>
							<String ID="string_438" HPOS="323" VPOS="1468" WIDTH="36" HEIGHT="16" WC="0.96" CONTENT="och"/><SP WIDTH="8" VPOS="1468" HPOS="359"/>
							<String ID="string_439" HPOS="367" VPOS="1468" WIDTH="99" HEIGHT="20" WC="0.96" CONTENT="yttrandet"/><SP WIDTH="10" VPOS="1468" HPOS="466"/>
							<String ID="string_440" HPOS="476" VPOS="1468" WIDTH="21" HEIGHT="16" WC="0.96" CONTENT="är"/><SP WIDTH="8" VPOS="1468" HPOS="497"/>
							<String ID="string_441" HPOS="505" VPOS="1468" WIDTH="40" HEIGHT="16" WC="0.93" CONTENT="icke"/><SP WIDTH="9" VPOS="1468" HPOS="545"/>
							<String ID="string_442" HPOS="554" VPOS="1467" WIDTH="99" HEIGHT="21" WC="0.92" CONTENT="återgifvet"/><SP WIDTH="12" VPOS="1467" HPOS="653"/>
							<String ID="string_443" HPOS="665" VPOS="1468" WIDTH="2" HEIGHT="15" WC="0.93" CONTENT="i"/><SP WIDTH="10" VPOS="1468" HPOS="667"/>
							<String ID="string_444" HPOS="677" VPOS="1467" WIDTH="120" HEIGHT="16" WC="0.92" CONTENT="memorialet."/>
						</TextLine>
					</TextBlock>
				</ComposedBlock>
			</PrintSpace>
		</Page>
	</Layout>
</alto>
