1111 1739
283 118 30 22 34
500 117 20 22 U.
537 117 20 22 B.
573 129 28 3 —
618 117 58 27 Prop.
693 117 35 22 N:o
743 117 22 22 8.

252 187 43 21 het
316 185 107 29 stadgadt
439 185 7 21 i
462 186 27 21 62
505 186 21 26 $,
541 187 56 20 utan
614 185 45 21 ock
682 185 111 22 särskildt
817 186 148 21 omförmäldt
979 186 39 21 be-

252 220 118 22 träffande
385 220 62 21 vissa
462 219 37 22 till
515 221 79 20 ämnet
608 219 104 22 hörande
728 220 105 29 detaljer.
864 221 104 22 Sålunda
978 228 40 14 an-

252 255 94 22 komme
362 255 13 20 &å
389 254 100 21 Senaten
512 253 74 29 enligt
602 255 25 20 11
644 255 14 25 &
674 256 35 19 att
724 254 111 22 förordna
858 261 38 15 om
912 255 40 21 det
967 262 51 14 suc-

251 289 93 21 cessiva
359 287 144 23 inrättandet
517 288 27 21 af
556 288 265 29 notariatbefattningar
831 289 9 21 i
851 289 92 21 landets
954 289 64 22 olika

252 323 67 21 delar
342 322 42 21 och
405 324 35 19 att
455 322 127 21 bestämma
598 322 240 22 notariatområdenas
854 323 87 21 storlek
957 326 60 19 samt

252 357 77 28 enligt
343 357 28 21 55
387 357 13 26 &
416 359 33 18 att
464 356 116 21 fastställa
590 358 54 19 taxa
656 356 36 21 för
702 357 313 28 notariatförrättningarna.

251 392 35 21 På
310 391 40 21 det
372 391 81 28 dylika
472 390 146 22 föreskrifter
633 391 37 20 må
686 390 81 22 kunna
781 391 117 21 meddelas
915 391 50 22 med
983 399 33 14 er-

251 425 115 28 forderlig
381 425 130 21 kännedom
526 432 38 14 om
578 424 130 22 rättslifvet
723 425 9 21 i
746 425 80 21 landet
842 425 36 21 får
892 425 125 22 Utskottet

251 460 89 22 föreslå
349 461 34 19 att
395 459 129 22 Ständerna
530 459 73 21 ville
596 454 15 37 i
614 458 46 22 den
670 458 161 29 underdåniga
842 459 175 22 svarsskrifvel-

252 502 41 14 sen
311 494 92 21 anhålla
419 495 34 20 att
468 493 152 22 utfärdandet
635 493 27 21 af
673 493 179 28 ifrågavarande
868 494 149 22 föreskrifter

251 530 75 20 måtte
341 528 131 29 uppdragas
487 528 24 21 åt
526 528 136 28 Kejserliga
678 527 113 23 Senatens
806 528 208 29 Justitiedeparte-

251 565 73 19 ment.

322 775 77 22 Jemte
422 774 113 29 förslaget
553 774 37 22 till
605 774 143 28 notariatlag
763 774 42 22 har
819 774 38 22 till
873 775 142 22 Ständernas

252 810 133 28 antagande
407 809 87 29 jemväl
517 809 166 21 öfverlemnats
705 809 89 28 förslag
815 809 39 22 till
877 810 138 28 förordning

251 852 39 15 om
306 844 101 28 ändring
422 844 25 21 af
460 844 14 22 2
489 844 13 26 $
519 844 26 21 12
560 843 52 29 kap.
641 838 166 27 Ärfdabalken.

322 878 83 28 Enligt
427 877 108 29 gällande
558 880 47 19 rätt
620 881 40 18 äro
676 877 137 29 delegarene
829 878 7 21 i
853 878 88 22 dödsbo
957 878 58 22 eller

251 915 9 21 i
276 916 75 20 annat
365 913 93 28 bo,som
473 913 61 21 skall
549 912 106 29 undergä
670 912 79 29 skifte,
765 912 147 29 berättigade
927 915 35 19 att
976 913 39 21 till

252 949 141 21 skiftesman
415 948 64 28 välja
494 948 96 21 hvilken
606 954 85 21 person
706 947 28 21 de
749 947 64 28 vilja.
843 948 69 21 Olika
927 948 88 21 menin-

252 991 43 20 gar
318 983 71 21 hafva
412 982 60 22 dock
495 982 114 29 försports
630 981 78 22 derom
724 981 116 22 huruvida
856 982 77 21 denna
947 982 66 28 regel

251 1018 77 29 gäller
348 1017 111 28 jemväli
474 1016 69 28 fråga
564 1023 38 14 om
624 1015 127 22 arfskiften
766 1016 8 21 i
789 1016 51 21 stad
864 1016 60 21 efter
943 1016 72 22 andra

251 1059 112 22 personer
378 1055 29 17 än
422 1051 119 21 adelsmän
556 1050 44 22 och
610 1052 91 27 prester
711 1050 57 21 eller
779 1057 36 14 om
827 1050 140 29 delegarena
978 1051 37 22 för

252 1085 127 23 utförande
395 1085 26 22 af
441 1085 60 21 slika
523 1085 88 21 skiften
627 1088 39 17 äro
682 1084 109 29 skyldiga
807 1087 35 19 att
857 1085 73 21 anlita
945 1085 70 29 borg-

252 1123 101 19 mästare
369 1119 42 22 och
429 1119 48 22 räd.
507 1119 46 22 Det
568 1119 162 28 föreliggande
746 1119 113 28 förslaget
870 1119 38 22 till
916 1119 99 29 ändring

252 1156 26 21 af
300 1156 13 21 2
337 1156 13 26 &
368 1155 25 21 12
417 1155 51 28 kap.
492 1149 161 26 Ärfdabalken
678 1153 62 22 afser
762 1156 35 19 att
819 1154 128 21 inskränka
969 1154 47 21 den

252 1189 175 22 ofvannämnda
449 1189 117 21 allmänna
588 1188 82 29 regeln
692 1187 99 22 sälunda
813 1190 41 26 att,
875 1188 8 22 i
904 1188 44 22 fall
971 1189 46 21 arf-

252 1225 74 21 skifte
350 1223 55 22 eller
427 1225 71 20 annat
521 1223 102 21 boskifte
648 1223 66 21 berör
738 1223 122 28 omyndigs
880 1222 55 22 eller
951 1225 66 20 utom

252 1259 104 22 Finland
371 1258 109 28 befintlig
495 1265 96 21 persons
606 1259 54 23 rätt,
677 1257 82 22 skiftet
773 1257 61 28 finge
849 1257 111 22 förrättas
977 1265 39 13 en-

253 1294 53 21 dast
322 1293 26 22 af
360 1293 107 22 notarien
483 1293 56 21 eller
555 1300 78 13 annan
650 1292 25 21 af
688 1294 77 19 rätten
781 1292 56 21 eller
852 1292 110 21 domaren
971 1292 45 21 för-

252 1328 91 22 ordnad
359 1327 139 28 sakkunnig.
529 1326 90 22 Härvid
636 1326 69 22 hafva
720 1326 73 21 likväl
803 1327 152 27 undantagits
967 1326 49 22 dels

252 1363 89 22 sädana
364 1362 43 22 fall
429 1362 29 21 dä
475 1362 54 21 boet
545 1365 25 18 är
585 1361 87 28 fattigt
687 1361 44 21 och
745 1361 76 28 ringa,
837 1361 51 21 dels
904 1361 27 21 de
947 1361 70 21 döds-

253 1398 53 27 bon,
332 1397 8 22 i
366 1397 81 22 hvilka
472 1396 95 21 skiftets
593 1395 146 22 förrättande
765 1395 121 22 ankomme
910 1396 14 20 ä
947 1395 69 28 borg-

252 1435 100 19 mästare
375 1431 42 22 och
440 1431 48 27 råd,
511 1431 26 21 af
556 1430 92 21 hvilket
671 1437 80 14 senare
773 1429 122 29 undantag
910 1429 103 29 framgår
