1111 1767
188 542 22 16 45
223 541 17 23 &.

292 130 28 21 14
511 130 19 20 U.
547 129 20 21 B.
583 141 27 3 —
627 128 57 27 Prop.
701 128 34 21 N:o
751 128 20 21 8.

262 198 89 27 tillägg
373 197 43 21 och
438 197 114 21 likaledes
574 197 50 27 alla,
642 197 71 21 äfven
734 196 143 29 obetydliga,
894 197 135 28 ändringar,

263 239 50 14 som
338 231 105 21 befinnas
463 238 57 15 vara
543 231 26 21 af
581 231 78 21 nöden
675 229 55 28 efter
746 231 37 21 det
797 231 112 28 sakegare
933 231 42 22 och
991 232 38 21 öf-

262 266 53 27 riga
338 265 172 22 medverkande
532 264 170 22 undertecknat
723 265 133 26 urkunden,
881 265 55 21 böra
957 265 71 22 sedan

264 300 28 21 de
308 299 147 28 antecknats,
472 299 27 21 af
512 299 100 21 nämnda
627 305 110 22 personer
748 299 60 28 änyo
819 299 53 21 med
882 299 148 22 underskrif-

263 337 35 18 ter
313 334 132 28 bestyrkas.
475 335 9 20 I
500 333 127 28 anledning
651 333 68 21 häraf
732 333 42 22 har
788 333 123 22 Utskottet
926 333 7 21 i
949 333 80 22 denna

262 368 115 29 upptagit
392 370 34 19 ett
441 370 53 26 nytt
509 367 129 29 stadgande
652 367 38 21 för
701 369 78 20 senast
788 368 102 21 nämnda
900 367 128 22 händelser.

335 402 228 28 Omformuleringen
577 402 27 21 af
617 403 28 20 42
656 403 13 26 8
679 402 35 27 (41
727 403 13 25 $
751 401 8 22 i
770 403 72 27 prop.)
854 402 62 21 afser
925 401 104 22 hufvud-

263 437 109 28 sakligen
391 439 35 19 att
442 436 68 21 ställa
526 435 177 22 föreskrifterna
719 443 36 14 om
770 435 207 22 notariaturkunds
993 436 36 21 af-

264 471 111 22 slutande
391 471 8 21 i
414 478 29 14 en
467 470 38 21 det
528 470 105 21 faktiska
655 469 117 29 förloppet
793 470 163 22 motsvarande
977 471 52 21 ord-

263 505 141 29 ningsföljd.

334 540 71 23 Säväl
419 540 41 21 vid
475 539 156 29 upprättande
647 539 26 21 af
687 539 227 28 notariatprotokoll,
929 547 49 14 som
987 540 41 21 vid

263 575 160 28 bestyrkande
446 574 26 22 af
485 573 218 22 namnunderskrift
718 573 74 22 under
807 581 28 14 en
851 574 100 26 urkund,
968 574 60 22 hvil-

264 610 46 21 ken
326 609 8 21 i
351 609 64 22 detta
430 609 62 28 syfte
502 608 42 22 hos
559 608 90 21 notarie
665 608 93 26 företes,
775 609 45 21 kan
837 608 39 21 det
893 608 83 27 hända,
993 611 36 19 att

263 645 114 27 sakegare
399 647 25 17 är
447 643 77 22 okänd
546 643 36 21 för
603 643 109 21 notarien
735 643 43 21 och
799 645 35 19 att
849 643 75 21 denne
939 643 89 27 nödgas

263 686 38 14 om
324 678 60 21 hans
407 678 111 21 identitet
537 677 79 21 fordra
631 676 102 22 särskild
748 677 134 28 utredning,
898 679 15 19 t.
929 685 36 15 ex.
980 678 47 21 till-

263 712 108 22 kallande
387 712 26 21 af
424 718 116 22 personer,
556 718 49 14 som
621 711 78 21 känna
714 711 129 28 sakegaren
854 711 43 22 och
907 712 30 28 pä
945 712 83 21 hvilka

263 747 109 22 notarien
387 746 46 22 kan
448 746 48 22 lita.
517 746 40 22 Uti
568 747 27 21 38
611 747 10 25 $
637 746 36 28 (37
690 747 13 25 $
718 746 9 21 i
737 746 74 28 prop.)
823 746 41 21 har
874 746 68 22 äfven
950 746 76 22 förut-

264 783 58 20 setts
338 781 65 21 detta
418 780 52 28 fall;
489 788 53 14 men
557 787 49 15 som
621 780 77 21 denna
713 782 12 25 $
741 780 83 22 hänför
839 781 37 28 sig
891 780 82 22 endast
989 781 38 21 till

263 815 157 30 upprättande
435 815 27 21 af
476 814 213 28 notariatprotokoll,
706 814 42 22 har
763 815 8 21 i
786 816 27 21 45
829 817 12 25 &
858 815 74 29 (44
902 810 28 39 $i
941 816 85 28 prop.),

263 858 49 14 som
329 850 72 28 angår
416 849 158 29 bestyrkande
590 849 27 21 af
629 848 232 29 namnunder-skrift,
878 851 34 19 ett
926 851 101 21 motsva-

262 885 74 21 rande
352 884 129 28 stadgande
497 884 106 28 intagits.

334 919 47 21 För
403 918 73 28 öfrigt
490 918 42 22 har
552 918 7 21 i
579 918 122 22 Utskottet
713 918 87 28 jemväl
814 918 89 28 yrkats,
919 920 34 20 att
967 920 28 20 45
1012 921 13 25 &

263 954 73 22 borde
360 952 176 22 omformuleras
558 952 26 22 sä
607 954 35 20 att
665 952 68 21 deraf
746 952 116 29 tydligare
878 956 29 18 än
922 960 32 14 nu
969 960 57 14 vore

263 989 69 21 fallet
354 987 132 29 framginge
507 989 40 26 att,
564 987 29 21 dä
608 986 248 22 namnunderskriften
872 987 52 22 icke
938 988 63 21 skett
1019 988 8 21 i

263 1023 122 23 notariens
408 1026 106 24 närvaro,
538 1023 58 20 utan
619 1021 52 22 dess
695 1021 114 29 riktighet
828 1022 60 21 skall
904 1022 123 29 bestyrkas

264 1058 84 22 endast
377 1057 29 29 pä
426 1056 77 28 grund
526 1056 26 22 af
573 1056 123 28 sakegares
716 1056 157 26 erkännande,
888 1057 64 21 detta
975 1057 52 21 sak-

263 1091 149 23 förhällande
435 1091 71 22 borde
529 1091 9 21 i
559 1090 197 28 notariatintyget
778 1091 112 21 särskildt
904 1093 123 26 upptagas.

263 1127 124 22 Utskottet
401 1133 69 14 anser
485 1125 130 21 emellertid
631 1132 29 14 en
675 1124 73 22 sådan
763 1125 193 29 omformulering
971 1133 56 14 vara

264 1161 147 28 öfverflödig.
442 1160 32 21 Af
488 1161 50 26 8:ns
553 1159 95 28 lydelse,
667 1159 100 28 jemförd
784 1159 51 22 med
852 1161 26 20 12
894 1161 13 26 $
924 1162 9 20 1
950 1167 75 20 mom,

263 1203 51 15 som
337 1195 95 28 stadgar
454 1196 34 20 att
510 1194 107 21 notarien
640 1193 47 22 kan
703 1194 89 27 afgifva
807 1195 69 28 intyg
891 1195 83 21 endast
989 1202 37 15 om

264 1229 214 26 sakförhållanden,
501 1236 37 14 om
560 1228 81 22 hvilka
664 1228 47 21 han
733 1236 53 21 eger
804 1229 120 28 personlig
939 1229 88 22 känne-

264 1265 62 27 dom,
351 1264 103 28 framgår
476 1263 119 28 nemligen
617 1263 141 28 otvetydigt,
775 1265 35 20 att
832 1264 105 21 notarien
958 1264 8 21 i
987 1264 40 21 det

264 1299 49 28 fall,
333 1299 97 22 hvarom
452 1305 32 14 nu
501 1301 25 18 är
541 1297 72 29 fråga,
629 1297 43 22 bör
687 1298 9 21 i
711 1298 91 28 intyget
816 1300 104 27 upptaga
935 1301 34 19 att
985 1299 41 21 be-

264 1333 140 29 styrkandet
425 1333 54 22 sker
494 1333 30 28 på
539 1332 77 29 grund
633 1332 26 21 af
673 1332 137 29 sakegarens
826 1333 157 22 erkännande.
1013 1334 13 21 I

263 1369 82 29 regeln
361 1368 67 22 äskas
444 1367 83 29 dylika
542 1367 174 28 bestyrkanden
731 1367 35 21 för
776 1367 247 28 namnunderskrifter,

264 1411 50 15 som
337 1403 62 21 skett
418 1403 14 21 å
447 1410 29 13 en
492 1402 101 28 tidigare
609 1402 54 27 dag,
679 1401 44 22 och
739 1401 29 22 då
783 1402 107 22 notarien
911 1405 8 18 i
934 1402 43 21 sitt
991 1402 35 21 in-

264 1441 44 26 tyg
323 1438 74 21 måste
411 1439 104 26 upptaga
531 1436 76 29 dagen
621 1439 43 19 när
679 1436 40 22 det
733 1436 106 29 afgifves,
855 1437 47 22 kan
917 1437 46 22 han
973 1437 53 21 icke
