1109 1764
255 122 29 21 42
561 121 40 21 N:o
618 121 26 22 17

581 190 47 27 38

295 231 54 21 Den
363 230 8 21 i
386 229 137 29 föregående
538 231 13 26 $
567 229 137 22 omnämnda
718 229 122 30 dagboken
851 230 60 22 skall
921 231 63 22 inom

226 265 40 22 två
285 265 86 21 veckor
389 263 57 22 efter
463 265 118 27 utgången
600 263 23 22 af
641 263 44 22 den
701 263 41 29 tid,
758 271 49 15 som
822 265 9 20 i
845 264 80 29 hvarje
941 268 45 19 sär-

226 299 72 22 skildt
317 298 43 23 fall
378 298 36 22 för
434 298 51 22 dess
502 298 151 29 begagnande
671 298 61 21 varit
749 298 114 29 faststäld,
883 299 26 21 af
928 299 58 22 före-

226 333 108 22 ståndare
358 332 36 23 för
416 332 159 29 skjutsanstalt
598 332 107 22 aflemnas
723 333 9 20 i
747 333 51 22 stad
812 333 37 22 till
865 333 121 29 magistra-

226 370 39 19 ten
289 368 57 21 eller
369 367 175 28 stadsstyrelsen
566 367 43 21 och
631 367 13 21 &
666 367 79 21 landet
763 367 37 22 till
815 367 171 23 vederbörande

226 403 180 21 kronolänsman
428 401 36 22 för
485 404 35 19 att
542 401 26 22 af
588 401 51 22 dem
660 401 37 21 till
720 401 76 22 förvar
811 402 123 29 befordras,
950 402 36 23 för

226 437 108 22 städerna
354 437 36 21 till
409 439 143 26 guvernören
572 437 42 21 och
629 436 36 22 för
679 436 81 22 landet
774 437 36 21 till
826 437 160 29 kronofogden

226 472 8 21 i
250 474 70 19 orten.

580 516 47 28 48.

296 556 176 23 Vederbörande
490 556 160 29 kronobetjent
669 557 14 20 å
697 555 79 23 landet
791 557 42 22 och
849 557 137 29 myndighet

226 592 9 22 i
250 592 52 21 stad
324 591 90 29 åligger
436 593 34 20 att
492 591 70 22 minst
585 599 29 14 en
634 591 63 28 gång
716 591 9 21 i
740 591 113 22 månaden
869 592 61 27 eller,
947 592 39 21 der

226 629 146 26 guvernören
394 625 92 28 pröfvar
508 625 38 21 det
568 625 88 28 nödigt,
682 625 68 22 äfven
773 625 73 22 oftare
869 625 117 30 besigtiga

227 659 167 30 skjutsanstalt.
424 659 43 22 Om
491 659 160 28 besigtningen
674 659 58 22 skall
751 659 141 29 anteckning
907 660 9 21 i
931 660 55 29 dag-

227 695 75 21 boken
322 696 68 26 göras
406 696 65 26 samt,
488 701 36 14 om
540 693 51 22 skäl
605 693 37 22 till
658 694 152 29 anmärkning
825 694 159 29 förekommer,

226 729 9 21 i
250 729 70 22 saken
343 728 96 21 förfaras
461 729 30 27 pä
509 730 47 19 sätt
570 728 9 21 i
593 728 28 21 59
637 728 43 21 och
695 728 27 21 61
738 729 28 26 $&
783 728 22 22 af
819 728 167 29 förordningen

227 763 119 28 angående
362 762 184 29 skjutsväsendet
560 761 108 30 stadgadt
684 765 29 19 är.

582 808 48 27 58

296 842 22 29 Ä
340 848 160 29 skjutsanstalt
514 848 9 21 i
538 848 52 21 stad
612 848 44 22 och
678 849 30 27 på
729 848 79 22 landet
828 849 65 22 skola
912 849 74 22 denna

229 883 139 29 kungörelse
388 886 59 18 samt
466 883 67 22 ofvan
550 882 152 22 omförmälda
716 883 136 28 förordning
868 884 117 28 angäende

227 917 185 29 skjutsväsendet
427 917 30 28 pä
471 917 75 28 ryska,
562 917 98 21 svenska
676 917 43 21 och
734 917 74 22 finska
822 918 99 28 spräken
931 925 55 15 vara

226 952 36 22 för
276 952 29 21 de
320 951 94 22 resande
430 951 154 29 tillgängliga.

296 979 22 29 Ä
333 985 160 29 skjutsanstalt
507 985 9 22 i
531 985 51 22 stad
597 985 41 22 bör
654 985 67 22 äfven
737 986 73 21 finnas
826 989 34 19 att
874 987 68 28 tillgå
952 989 34 20 ett

227 1021 117 28 exemplar
360 1019 25 22 af
397 1020 29 21 de
440 1019 148 28 föreskrifter,
603 1027 48 14 som
667 1020 142 22 beträffande
824 1020 161 29 skjutsningen

227 1055 43 22 och
292 1055 145 22 underhället
460 1055 23 22 af
498 1055 160 28 skjutsanstalt
680 1055 79 22 blifvit
779 1055 23 22 af
816 1055 170 22 vederbörande

226 1090 139 29 myndighet
379 1089 36 22 för
430 1089 80 22 staden
526 1089 109 22 särskildt
650 1089 128 22 faststälda.

583 1171 13 21 6
612 1172 18 26 8.

296 1210 76 23 Sedan
387 1210 65 22 dessa
467 1210 171 29 bestämningar
648 1209 62 22 trädt
720 1210 8 21 i
738 1211 107 28 gällande
855 1210 62 22 kraft
927 1211 58 21 skall

226 1245 155 29 kungörelsen
399 1244 23 22 af
440 1243 44 23 den
499 1245 29 22 20
542 1244 126 22 December
689 1245 61 28 1888,
766 1244 158 23 innefattande
940 1248 45 19 sär-

227 1279 75 23 skilda
320 1278 144 23 föreskrifter
483 1279 8 21 i
510 1278 106 23 afseende
636 1279 13 21 &
670 1278 191 30 skjutsväsendet,
881 1279 104 29 upphöra

227 1316 34 20 att
276 1314 68 29 gälla.
