1109 1767
464 137 40 21 N:o
521 137 26 21 17
827 138 27 22 31

194 206 46 21 För
259 204 114 22 halftäckt
390 212 62 21 vagn
470 205 23 21 af
511 206 82 20 lättare
607 205 160 22 beskaffenhet
782 213 54 15 vare
850 214 35 14 re-

127 240 75 28 sande,
218 240 30 21 då
262 240 140 27 persontalet
418 239 43 21 och
470 239 111 28 bagagets
591 239 53 29 vigt
655 239 19 29 ej
688 240 126 29 öfverstiga
823 240 61 22 hvad

126 276 42 20 här
190 274 70 22 ofvan
282 274 9 20 i
313 273 74 28 punkt
406 273 11 22 b
436 273 108 29 stadgats,
560 274 50 21 icke
626 274 88 28 pligtig
729 276 34 20 att
778 274 107 29 begagna

126 309 53 21 flere
202 312 30 18 än
254 308 40 22 två
312 307 84 28 hästar,
416 315 52 14 men
486 308 36 21 för
536 310 84 26 tyngre
636 308 114 22 halftäckt
766 308 118 22 äfvensom

127 343 35 22 för
183 342 104 22 heltäckt
309 349 61 21 vagn
388 342 47 28 bör,
455 342 40 21 der
514 342 44 21 den
579 342 134 28 skjutsande
733 343 39 21 det
786 343 99 28 påyrkar

128 380 58 19 samt
204 377 28 21 de
251 376 107 22 resandes
378 377 62 21 antal
456 377 55 21 eller
525 377 112 27 bagagets
652 377 52 28 vigt
720 377 81 21 sådant
816 377 69 22 erfor-

128 412 57 28 drar,
201 415 34 18 tre
251 411 56 21 eller
320 410 54 22 flere
389 411 78 21 hästar
482 414 104 25 spännas.

196 446 12 21 I
230 446 28 20 de
281 444 41 22 fall
344 444 35 22 för
400 445 89 28 hvilka,
505 445 73 29 enligt
596 446 76 27 punkt
691 446 17 27 b,
728 446 32 22 tio
779 448 105 26 procents

128 480 133 29 förhöjning
284 479 23 21 af
328 479 142 29 skjutslegan
490 482 24 19 är
532 479 159 29 föreskrifven,
706 480 60 22 skall
780 480 45 22 den
840 480 45 22 för-

129 515 67 29 höjda
212 514 142 28 skjutslegan
373 514 105 28 erläggas
494 514 68 22 äfven
578 522 36 14 om
630 514 46 22 den
690 515 96 21 resande
799 515 86 28 begag-

128 557 41 14 nar
184 551 53 27 eget
252 548 81 22 åkdon.

198 585 22 27 d)
243 583 50 21 Två
311 582 126 22 halfvuxna
455 590 108 21 personer
578 590 66 14 anses
659 583 48 22 lika
722 584 52 21 med
790 592 28 13 en
832 584 53 21 full-

129 626 80 14 vuxen.
238 618 64 22 Barn
316 617 73 22 under
403 617 51 29 fyra
470 618 24 21 år
508 620 66 26 tages
589 618 51 20 icke
655 618 9 20 i
678 618 134 28 beräkning.

198 652 80 22 Såsom
300 651 125 22 halfvuxen
448 659 64 14 anses
535 659 82 21 person
639 652 53 21 från
713 652 51 29 fyra
786 652 37 22 till
842 652 46 22 tolf

129 689 36 20 års
180 688 67 20 ålder.

197 722 13 21 I
232 722 38 21 det
292 720 70 22 ofvan
383 720 119 22 bestämda
520 721 142 27 persontalet
680 724 24 18 är
719 721 93 28 tjenare,
827 721 59 21 hvil-

130 757 44 21 ken
196 757 74 21 såsom
292 755 60 21 kusk
372 754 90 29 åtföljer
480 755 45 21 den
539 755 102 28 resande,
656 763 53 14 men
725 755 19 29 ej
761 756 125 28 skjutskar-

129 792 44 27 len,
187 790 142 28 inbegripen.

198 826 21 23 e)
238 824 124 22 Användes
382 824 126 28 skjutshäst
523 824 145 22 uteslutande
682 824 37 22 för
733 826 116 27 transport
864 824 23 22 af

130 860 95 28 bagage,
248 858 35 22 får
304 859 31 27 på
357 858 63 22 släde
442 858 56 22 eller
519 859 176 21 sommaråkdon
710 859 57 21 efter
782 866 28 14 en
827 859 58 28 häst,

130 894 154 28 skjutskarlen
304 892 136 28 oberäknad,
458 893 82 28 läggas
558 893 60 21 ända
632 893 37 21 till
685 893 201 22 etthundratrettio

130 928 120 28 kilogram,
272 927 95 21 hvilken
388 927 75 29 tyngd
482 926 36 22 för
536 927 79 28 hvarje
634 927 54 22 häst
707 928 131 22 derutöfver
852 927 35 22 får

131 963 55 21 ökas
200 962 52 22 med
267 962 48 21 lika
330 963 47 20 stor
391 962 57 28 vigt.

198 996 20 28 f)
237 996 130 28 Kejserliga
382 995 99 22 Senaten
496 996 36 21 för
546 996 100 21 Finland
665 1004 54 20 eger
737 998 30 27 på
786 997 101 21 ansökan

130 1031 104 22 meddela
256 1030 91 28 sådana,
365 1030 60 21 ifrån
443 1030 157 28 stadgandena
616 1030 9 21 i
640 1030 75 22 denna
737 1033 13 25 8
765 1031 121 22 afvikande

130 1066 177 27 bestämmelser,
316 1072 49 14 som
373 1064 111 22 särskilda
493 1064 207 22 ortsförhållanden
707 1066 78 21 kunna
790 1066 97 28 påkalla.

478 1152 29 20 54
522 1153 18 26 8.

200 1204 112 28 Resande,
335 1211 49 14 som
406 1204 118 28 begagnar
546 1203 80 29 skjuts,
649 1211 54 14 vare
721 1203 20 29 ej
757 1204 131 28 berättigad

133 1242 33 19 att
188 1238 135 22 framfärdas
343 1238 53 21 med
415 1240 72 19 större
505 1238 116 28 hastighet
636 1241 30 18 än
682 1246 28 13 en
724 1238 120 22 kilometer
858 1239 30 28 på

132 1281 40 14 sex
189 1273 105 27 minuter,
312 1272 45 22 den
374 1272 42 28 tid,
432 1279 48 15 som
495 1272 36 22 för
545 1272 147 29 hästombyte
707 1272 117 29 erfordras,
840 1273 48 21 deri

132 1308 51 22 icke
204 1307 147 22 inberäknad.
380 1307 54 28 Der,
452 1309 66 19 utom
536 1306 160 29 skjutskarlen,
714 1308 40 21 två
768 1307 121 22 fullvuxna

132 1350 107 21 personer
261 1342 43 21 åka
321 1341 58 21 efter
398 1349 29 13 en
445 1341 59 28 häst,
520 1341 58 21 skall
593 1341 146 29 hastigheten
753 1342 135 22 inskränkas

132 1377 37 21 till
185 1384 27 14 en
227 1376 120 22 kilometer
361 1376 31 28 på
407 1376 48 21 åtta
469 1376 105 21 minuter.
603 1376 46 21 Vid
664 1376 102 22 menföre
781 1376 55 22 eller
851 1384 37 14 om

133 1414 75 25 vägen
224 1414 24 18 är
262 1410 84 28 backig
361 1410 55 21 eller
432 1410 115 21 afståndet
562 1410 98 21 emellan
674 1410 215 28 skjutsanstalterna

131 1445 165 29 jemförelsevis
315 1445 72 28 långt,
408 1444 101 22 minskas
529 1444 75 22 denna
622 1444 123 29 hastighet,
761 1445 58 21 efter
833 1448 56 25 väg-
