1111 1764
337 125 20 20 U.
373 125 22 21 B.
411 137 25 2 —
454 125 58 27 Prop.
529 125 34 21 N:o
579 125 20 21 8.
800 127 28 20 25

93 193 215 28 häradshöfdingen
332 192 77 21 derom
424 192 9 21 i
448 192 125 27 hofrätten,
597 192 99 22 hvilken
719 200 53 21 eger
796 194 60 20 sätta

94 227 139 22 notariatets
255 226 141 29 handlingar
416 226 75 22 under
506 226 104 22 värdnad
625 227 29 21 af
667 234 78 15 annan
760 227 97 27 notarie,

94 261 182 25 rädstufvurätt,
299 259 183 30 häradshöfding
506 260 55 21 eller
582 260 37 21 för
642 261 86 22 sädant
751 261 106 22 ändamäl

95 295 111 22 särskildt
220 295 127 21 förordnad
362 301 89 22 person.

163 329 91 22 Varder
275 329 91 22 notarie
388 329 37 21 för
444 329 48 21 viss
507 329 35 21 tid
557 329 54 21 från
625 329 106 28 sysslans
747 329 111 28 utöfning

96 363 69 28 skild,
183 363 121 22 ankomme
318 363 87 28 jemväl
421 364 13 20 ä
449 363 118 22 hofrätten
582 365 35 20 att
627 363 100 28 vidtega
738 363 120 22 enahanda

95 398 89 29 åtgärd.

445 433 27 20 26
488 433 19 26 8.

165 465 117 35 Åtnjuter
297 472 90 21 notarie
403 471 107 28 ledighet
525 471 56 22 eller
597 475 24 18 är
637 471 48 22 han
701 479 84 21 genom
796 472 62 29 sjuk-

96 507 54 21 dom
173 506 56 21 eller
252 506 69 28 eljest
341 506 100 21 hindrad
464 508 35 19 att
522 506 67 21 sköta
611 506 37 22 sin
664 507 136 28 befattning
815 507 43 22 och

96 541 75 22 finnes
195 541 21 28 ej
240 540 199 22 ställföreträdare
462 541 36 21 för
520 541 105 21 notarien
642 541 93 28 utsedd,
751 548 55 14 vare
822 548 36 14 om

96 575 118 22 vårdande
230 575 26 22 af
273 575 138 22 notariatets
428 575 139 28 handlingar
582 575 76 22 under
673 575 66 22 tiden
754 575 40 29 lag
810 583 48 14 som

99 611 7 20 i
122 611 29 20 25
165 611 14 27 $
194 613 74 25 säges.

446 650 25 21 27
488 651 20 25 $.

166 685 48 27 Äro
237 690 59 21 visst
311 690 113 21 notariats
440 689 140 29 handlingar
595 689 26 21 af
635 689 92 22 hofrätt
742 692 61 19 satta
817 697 42 14 un-

98 725 41 21 der
159 724 105 22 vårdnad
280 724 25 21 af
318 731 77 14 annan
411 724 91 22 notarie
518 724 56 21 eller
589 724 44 21 ock
649 724 26 22 af
688 724 172 22 rädstufvurätt

98 760 57 21 eller
177 758 179 28 häradshöfding
379 758 55 22 eller
457 758 36 22 för
516 758 83 22 sådant
621 759 108 29 uppdrag
749 759 111 21 särskildt

97 794 125 21 förordnad
250 800 91 22 person,
368 793 65 21 skola
458 793 143 21 beträffande
625 793 138 22 utskrifters
788 793 71 21 utfär-

99 828 75 22 dande
189 828 8 21 i
213 830 26 26 ty
255 827 41 21 fall
312 827 119 29 tillämpas
447 827 29 21 de
491 828 36 20 uti
544 828 76 21 denna
635 828 40 28 lag
691 828 8 21 i
715 831 78 18 ämnet
803 828 56 21 fast-

99 862 76 22 stälda
189 862 182 28 bestämningar.

451 926 27 21 28
494 927 20 25 S.

168 960 143 28 Äsidosätter
336 965 91 22 notarie
452 966 73 28 något
548 966 21 21 af
593 966 62 21 hvad
677 966 85 21 honom
786 966 75 28 enligt

101 1001 76 21 denna
198 1001 40 28 lag
261 1000 90 28 äligger
373 1000 58 22 eller
453 1000 73 28 begär
548 1000 46 22 han
610 1000 69 29 eljest
695 1000 33 22 fel
744 1000 57 22 eller
816 1001 44 21 för-

99 1035 122 21 summelse
244 1035 8 21 i
274 1034 141 29 utöfningen
435 1034 26 22 af
475 1034 36 22 sin
527 1034 144 29 befattning,
687 1035 79 21 dömes
783 1034 79 22 derför

101 1070 82 26 (utesl.)
206 1070 76 20 såsom
304 1069 8 21 i
336 1069 85 21 allmän
444 1070 39 27 lag
506 1076 35 14 om
565 1069 64 21 brott
650 1069 27 21 af
696 1069 164 29 tjensteman
846 1065 17 37 i

100 1104 102 29 tjensten
225 1107 25 18 är
271 1103 121 29 stadgadt;
414 1105 86 20 ersätte
516 1103 44 22 ock
576 1103 79 27 skada,
671 1110 50 15 som
737 1104 25 21 af
776 1103 86 22 honom

99 1138 91 22 vällats.

434 1225 13 21 3
463 1224 66 28 kap.

181 1271 35 22 Om
231 1271 128 21 förfarandet
373 1271 32 21 vid
423 1271 202 22 notariaturkunders
643 1270 141 29 upprättande.

454 1323 28 21 29
498 1324 20 25 5.

170 1362 209 28 Notariaturkund,
403 1369 50 14 som
473 1362 22 28 ej
518 1362 129 21 innefattar
667 1362 155 27 bestyrkande
838 1362 26 21 af

101 1397 96 22 afskrift
220 1397 57 21 eller
300 1397 27 20 af
345 1396 219 22 namnunderskrift
580 1396 56 21 eller
652 1403 77 15 annan
745 1396 69 21 enkel
828 1396 34 21 in-

105 1435 80 26 tygan,
200 1431 71 22 varde
286 1431 127 28 upprättad
428 1431 8 21 i
452 1431 59 21 form
528 1431 26 22 af
566 1431 125 28 protokoll.
