1095 1764
359 127 19 20 U.
394 127 22 20 B.
432 139 26 2 -—
475 126 58 27 Prop.
549 126 34 21 N:o
599 125 21 20 8.
830 126 12 20 7

181 195 71 21 Ordet
265 193 108 27 ,endast*
389 194 7 21 i
419 195 5 20 2
440 201 66 14 mom.
523 193 42 22 har
580 193 126 22 Utskottet
721 193 79 21 funnit
816 193 57 21 böra

111 229 66 28 utgä,
192 232 56 18 enär
263 241 28 2 —
307 235 36 14 om
358 228 94 28 engäng
467 228 44 21 den
527 227 157 28 grundsatsen
692 227 135 28 godkännes
838 229 36 19 att

112 262 248 28 notariatförrättning
382 262 51 21 icke
456 265 25 18 är
503 261 84 29 ogiltig
609 261 80 22 derför
704 263 35 20 att
753 261 45 22 den
813 261 59 22 före-

112 297 72 29 tagits
200 301 63 18 utom
279 297 119 21 notariens
416 296 255 21 verksamhetsomräde
683 309 26 3 —
719 295 155 23 nästnämnda

112 331 190 22 sakförhällande
326 331 52 20 icke
404 331 46 21 kan
475 337 56 15 vara
556 331 89 28 egnadt
670 333 35 19 att
726 331 97 21 inverka
843 331 31 28 pä

113 366 142 29 pröfningen
272 365 27 21 af
312 365 82 28 frägan
410 365 116 21 huruvida
541 365 157 21 rättsärendet
715 365 158 28 tilläfventyrs

112 401 32 28 pä
158 407 77 15 annan
250 399 77 28 grund
342 403 25 17 är
382 399 101 28 ogiltigt.

182 435 50 20 Den
249 433 91 28 sakliga
356 433 129 28 ändringen
502 433 25 21 af
540 434 13 21 9
569 434 12 26 $
598 433 126 22 motiveras
739 433 25 22 af
778 433 27 22 de
816 433 74 26 skäl,9
903 435 82 24 0.1188.

113 469 81 21 hvilka
209 468 122 22 Utskottet
345 468 41 21 vid
401 469 14 20 4
430 469 13 26 S
454 467 89 27 anfört;
560 467 43 22 och
618 468 222 28 omformuleringen
851 469 23 20 at

115 505 25 20 11
164 505 12 26 &
200 507 25 18 är
247 502 50 22 dels
313 502 27 21 af
355 502 155 21 redaktionell
526 504 43 25 art,
585 502 50 21 dels
651 509 28 14 en
695 502 57 27 följd
767 502 25 22 af
806 502 44 21 den
866 502 8 21 i

116 541 9 18 1
143 539 13 26 $
172 538 113 27 vidtagna
301 537 106 28 ändring.

447 648 13 21 2
475 646 66 29 kap.

183 711 42 21 Uti
243 711 25 21 12
284 711 13 26 S
312 710 122 22 afhandlas
456 710 119 22 notariens
598 709 125 29 uppgifter.
753 709 51 22 Den
823 709 53 22 huf-
912 711 49 22 128.

116 745 175 28 vudsakligaste
312 745 26 21 af
358 745 67 22 dessa
448 748 31 25 är,
502 745 75 21 såsom
598 744 74 21 redan
693 744 70 21 ofvan
779 744 96 27 anförts,

114 779 169 29 upprättandet
305 779 27 21 af
352 779 119 28 skriftliga
489 779 119 21 urkunder
629 780 65 20 öfver
716 778 160 22 rättsärenden

113 813 79 29 (aftal,
214 815 154 20 testamenten
391 821 29 14 m.
442 814 46 29 m.),
503 821 48 14 som
574 813 64 21 inför
653 813 86 22 honom
753 813 124 28 företagas.

116 849 56 21 Men
187 849 110 28 derjemte
311 848 43 21 har
368 848 107 21 notarien
491 850 34 19 att
539 848 31 28 pä
585 847 102 28 begäran
697 847 90 28 afgifva
798 847 79 22 skrift-

116 884 48 28 liga
187 883 67 28 intyg
275 883 67 21 öfver
359 883 72 21 andra
446 882 205 23 sakförhållanden
668 882 24 21 af
704 882 91 28 rättslig
811 882 65 29 bety-

117 918 70 27 delse,
210 925 37 14 om
267 917 81 22 hvilka
369 917 47 22 han
432 917 41 22 har
489 917 121 28 personlig
625 917 142 26 kännedom;
784 917 35 21 hit
834 917 43 21 hör

117 955 18 19 t.
151 960 34 13 ex.
200 951 158 29 bestyrkande
375 952 25 21 af
415 951 254 22 namnunderskrifters
688 951 119 29 riktighet.
837 951 41 22 Vi-

116 987 56 21 dare
196 987 42 21 har
260 987 106 20 notarien
388 988 36 19 att
440 986 36 21 till
491 986 123 28 förvaring
629 986 44 21 och
689 986 56 22 värd
761 987 117 28 emottaga

116 1023 157 20 testamenten
289 1020 42 21 och
348 1020 72 22 andra
436 1020 140 29 handlingar
592 1023 59 20 sarct
660 1022 34 20 att
702 1020 93 22 utfärda
804 1027 74 15 exem-

117 1057 56 28 plar,
196 1055 120 22 afskrifter
339 1055 43 21 och
401 1055 86 28 utdrag
509 1055 71 29 (eller,
603 1055 76 22 säsom
695 1055 67 21 dessa
777 1055 52 21 med
844 1057 34 19 ett

118 1092 145 27 gemensamt
285 1096 71 15 namn
378 1089 133 26 betecknas,
534 1089 134 28 utskrifter)
692 1089 26 22 af
737 1089 28 21 de
786 1089 9 21 i
820 1090 58 21 hans

117 1125 80 21 förvar
212 1123 121 29 befintliga
348 1123 125 22 urkunder.
504 1123 118 29 Slutligen
637 1127 26 18 är
677 1124 90 21 notarie
782 1124 97 29 behörig

119 1161 36 20 att
169 1159 52 21 med
237 1165 86 15 samma
338 1158 88 21 verkan
446 1165 48 14 som
510 1159 104 21 notarius
629 1159 108 28 publicus
753 1159 127 22 verkställa

118 1193 183 28 vexelprotester
324 1193 35 28 (13
382 1194 30 26 $),
436 1193 129 28 hvarjemte
588 1193 86 22 honom
697 1193 87 29 åligger
800 1195 34 20 att
848 1194 31 28 pä

119 1229 102 27 begäran
243 1227 97 22 förrätta
363 1227 219 29 bouppteckningar
597 1230 60 19 samt
673 1228 46 21 arf-
735 1228 43 21 och
792 1228 86 21 boskif-

119 1265 47 24 ten,
182 1261 77 22 sävidt
274 1261 20 28 ej
311 1261 67 28 dylik
393 1262 144 28 förrättning
552 1262 8 21 i
576 1261 51 22 stad
643 1262 134 21 ankommer
792 1264 8 19 ä
813 1262 67 22 värd-

119 1296 47 23 nad
182 1297 26 20 af
221 1296 157 29 borgmästare
393 1296 44 21 och
451 1296 42 21 råd
508 1297 37 28 (14
561 1297 28 26 8).

189 1331 70 22 Hvad
281 1331 163 21 rättsärenden
459 1331 118 26 beträffar,
593 1331 42 22 bör
651 1331 65 22 öfver
731 1331 67 22 dessa
812 1331 68 22 alltid

119 1368 37 19 ett
170 1365 116 29 protokoll
301 1367 122 26 upprättas
440 1366 36 27 (29
491 1365 23 28 $)
530 1367 59 20 samt
604 1366 176 21 underskrifvas
796 1367 23 20 af
830 1366 50 22 sak-

120 1408 70 21 egare
206 1400 120 21 äfvensom
342 1400 26 21 af
381 1401 99 26 vittnen,
497 1400 40 21 der
551 1401 148 22 tillkallande
715 1401 26 22 af
754 1401 86 22 sädana
856 1405 25 18 är

121 1436 28 21 af
162 1435 76 22 nöden
254 1435 56 21 eller
326 1435 26 21 af
365 1435 111 27 sakegare
491 1435 102 27 önskats,
609 1437 60 20 samt
677 1435 111 29 slutligen
794 1436 87 29 jemväl
