1111 1770
334 141 19 21 U.
370 141 20 21 B.
407 153 26 2 —
450 141 57 26 Prop.
524 141 34 21 N:o
573 141 33 20 13.
809 141 14 20 5

159 209 143 22 beträffande
326 210 40 21 184
387 209 14 28 &
423 211 39 23 att,
487 208 155 29 ,gudstjenst*
661 208 123 22 öfversatts
799 209 52 21 med

92 245 195 27 ykirkonmenot*,
303 243 82 21 medan
401 245 12 19 &
428 243 70 21 andra
514 243 81 21 ställen
610 243 102 28 nyttjats
732 243 118 28 uttrycket

94 277 240 31 vjumalanpalvelus*;

160 311 141 24 beträffande
323 313 42 20 222
386 311 20 29 8,
429 314 34 19 att
487 311 122 28 ,ljudligen
629 313 131 27 uppropas*
778 311 73 22 öfver-

91 350 57 19 satts
163 347 52 22 med
233 345 221 28 ,esiinhuudetaan*,
470 345 82 22 medan
566 345 7 21 i
589 347 43 20 220
652 345 14 29 8
682 345 77 28 ,gifve
775 345 75 28 ljudli-

90 390 46 21 gen
151 381 125 22 tillkänna*
301 379 127 29 ätergifvits
445 380 51 21 med
513 379 153 28 ,julistakoon
681 393 29 2 —
726 393 26 2 —
769 380 80 21 kuulu-

90 417 62 21 valla
167 415 108 26 äänellä",
291 414 89 22 hvilket
394 414 50 21 icke
459 421 67 22 synes
542 414 54 21 fullt
610 414 151 29 följdriktigt;

160 448 141 24 beträffande
329 450 41 20 389
392 448 20 29 8,
435 451 35 19 att
492 448 127 26 ,lakimies"
646 448 52 22 icke
714 456 68 21 synes
798 448 53 22 fullt

89 488 117 18 motsvara
221 483 71 22 orden
308 490 66 19 ,man
388 483 52 21 med
454 483 98 27 juridisk
567 482 128 29 bildning".

159 518 65 22 Dock
239 517 74 22 skulle
328 517 64 21 dessa
407 524 31 14 nu
453 516 81 29 gjorda
550 517 179 28 anmärkningar
743 518 50 21 icke
802 518 49 21 hin-

90 553 51 21 drat
163 552 120 22 Utskottet
305 554 33 19 att
361 552 115 28 tillstyrka
498 552 44 21 den
563 551 86 29 nådiga
664 552 185 28 propositionens

91 587 134 28 antagande.

159 621 52 22 Med
234 620 107 22 afseende
363 622 13 20 å
390 620 61 22 hvad
473 620 120 22 Utskottet
620 620 104 23 deremot
753 621 96 22 rörande

91 657 42 21 223
150 656 42 21 och
207 656 42 21 373
263 655 28 29 $$
307 655 76 22 anfört
398 655 34 21 får
446 655 120 22 Utskottet
581 655 119 22 vördsamt
715 655 94 22 föreslå:

298 719 33 20 att
345 717 129 22 Ständerna
488 718 8 21 i
512 718 144 29 underdånig
667 719 180 27 svarsskrifvelse

229 753 50 21 ville
302 753 92 21 anmäla
417 754 33 20 att
472 753 42 21 den
542 752 8 21 i
572 752 86 29 nådiga
676 753 170 28 propositionen

228 787 130 27 föreslagna
372 793 47 21 nya
433 786 75 27 finska
524 788 75 21 texten
609 787 33 22 till
653 788 138 29 kyrkolagen
802 788 47 22 icke

229 822 90 21 kunnat
335 821 28 27 af
374 821 131 22 Ständerna
518 822 142 27 godkännas.

136 1460 119 24 Helsingfors,
267 1460 16 18 J.
296 1460 68 18 Simelii
376 1460 102 23 arfvingars
491 1461 114 23 boktryckeri
617 1461 109 23 aktiebolag,
739 1463 53 17 1905.
