1106 1764
332 130 22 21 U.
372 130 20 21 B.
411 143 23 2 —
453 131 58 26 Prop.
528 131 34 20 N:o
578 131 20 20 8.
801 132 25 21 17

82 201 54 21 dets
152 198 118 23 anseende
286 197 154 22 nedsättande
456 198 147 22 förhållande
619 201 67 19 utom
697 199 102 28 tjensten
809 199 47 22 kan

83 234 72 25 straff
171 234 76 28 enligt
268 233 140 28 strafflagen
423 233 52 22 icke
491 233 100 28 ådömas,
607 233 100 22 såframt
723 234 20 29 ej
761 234 96 22 allmänt

84 269 66 21 brott
160 267 78 22 tillika
248 267 124 22 föröfvats.
391 266 69 23 Hvad
474 267 49 21 åter
534 267 111 22 beträffar
656 268 88 29 nådiga
752 268 103 29 proposi-

85 303 95 22 tionens
192 301 148 28 bestämning
353 303 35 20 att
396 302 91 21 notarie
495 301 72 22 borde
575 301 100 22 tilltalas
684 302 8 21 i
701 302 89 22 hofrätt
798 303 8 21 i
814 302 42 22 fall

86 337 128 28 utredning
230 337 8 20 i
255 336 73 21 saken
346 335 78 22 blefve
441 336 26 21 af
480 336 84 27 nöden,
577 336 25 21 så
613 336 48 22 kan
673 337 76 28 enligt
760 337 95 22 Utskot-

84 375 48 19 tets
155 371 76 28 tanke,
253 371 29 20 då
304 370 46 21 den
366 370 149 29 disciplinära
531 371 147 22 straffrätten
694 371 27 22 af
733 371 124 23 Utskottet

84 405 137 23 inskränkts
244 405 38 21 till
304 404 154 22 meddelande
481 405 26 21 af
524 405 107 28 varning,
648 405 25 22 åt
688 405 168 22 notariatkam-

86 448 80 14 maren
189 439 129 29 lämpligen
335 439 155 22 öfverlemnas
512 441 35 20 att
561 439 8 22 i
585 439 46 22 alla
651 440 50 25 fall,
717 440 30 22 då
762 441 45 21 den
822 441 33 21 fe-

85 475 71 22 lande
179 481 67 15 anses
262 474 20 28 ej
300 473 72 22 hafva
393 473 102 29 förskylt
510 474 93 24 svårare
619 474 72 21 straff
703 477 30 19 än
747 475 107 33 varning,

86 509 114 28 slutligen
215 509 81 28 afgöra
312 508 71 21 saken
399 508 59 21 efter
473 508 32 21 fri
521 508 111 29 pröfning
649 509 25 20 af
689 509 28 21 de
733 509 58 27 skäl,
806 517 49 14 som

85 544 94 28 inlupit.
218 543 110 21 Deremot
351 549 66 14 anser
439 542 123 22 Utskottet
585 542 130 29 anledning
730 543 125 22 förefinnas

85 580 36 19 att
136 577 88 29 tydligt
244 578 83 26 utsäga
342 578 42 24 att,
400 576 41 22 der
457 577 142 21 skadestånd
613 577 8 21 i
638 577 130 29 anledning
783 578 25 21 af
821 579 34 21 ett

85 612 122 29 tjenstefel
223 611 98 27 fordras,
338 611 71 21 saken
424 611 69 21 alltid
509 611 60 21 skall
583 611 38 21 till
633 611 102 22 domstol
746 612 109 29 hänskju.

85 649 36 19 tas
137 660 28 2 —
180 654 28 14 en
231 645 133 29 grundsats,
388 652 49 14 som
449 645 88 28 jemväl
553 645 80 21 funnit
647 646 98 28 uttryck
760 646 8 22 i
783 654 72 21 nyare

85 680 159 29 reglementen
274 680 36 21 för
340 679 116 22 särskilda
479 680 152 21 embetsverk.
667 680 55 22 Med
745 680 110 22 afseende

87 715 57 21 härå
160 715 41 21 har
216 714 122 22 Utskottet
354 714 84 21 ändrat
453 714 179 28 ifrågavarande
649 717 104 19 moment
768 715 87 22 derhän

86 752 35 19 att
145 749 47 22 åtal
207 749 7 21 i
231 749 89 21 hofrätt
341 748 60 22 skall
423 755 43 21 ega
481 755 58 21 rum,
555 748 41 22 der
610 749 121 21 notariens
746 750 109 22 förseelse

89 784 130 22 innefattar
241 782 129 29 tjenstefel,
392 790 48 14 som
465 783 21 28 ej
511 790 64 14 anses
591 782 82 22 kunna
688 784 52 21 med
756 784 99 29 varning

86 818 77 29 aflöpa
178 818 56 21 eller
250 818 8 20 i
274 817 128 28 anledning
416 817 87 21 hvaraf
516 817 143 21 skadestånd
674 818 97 22 fordras.

159 852 144 28 Stadgandet
308 851 44 23 53
341 847 14 38 i
361 853 13 25 $
384 852 22 21 af
415 852 45 21 den
467 851 86 29 nådiga
561 852 178 28 propositionen
748 853 61 21 afser
817 854 37 27 pä-

90 887 107 29 tagligen
228 888 34 20 att
291 886 232 22 notariatkammares
553 886 78 21 beslut
658 886 8 22 i
687 887 72 21 sådan
789 888 64 26 tvist,

88 922 97 22 hvarom
200 922 8 20 i
224 922 37 26 &:n
285 920 116 26 förmäles,
417 920 61 22 skall
501 928 42 21 ega
566 920 137 28 skiljedoms
719 921 69 29 kraft,
803 922 52 22 ifall

87 957 112 27 sakegare
215 955 135 29 skriftligen
366 955 56 21 eller
437 955 64 21 inför
515 955 236 23 notariatkammaren
761 957 94 21 muntli-

86 999 47 21 gen
148 991 116 28 samtyckt
280 992 34 19 att
330 990 48 21 läta
392 990 89 22 tvisten
497 990 92 28 afgöras
601 990 26 21 af
636 990 141 22 kammaren.
793 991 62 23 Slut-

88 1026 71 22 orden
174 1026 8 21 i
198 1026 35 28 &:n
257 1025 78 21 kunde
358 1024 75 22 likväl
455 1025 66 28 gifva
542 1025 130 29 anledning
687 1025 38 22 till
741 1026 46 21 den
801 1026 53 28 tyd-

87 1061 65 28 ning,
169 1063 34 19 att
219 1060 41 22 här
275 1059 101 22 nämnda
392 1059 77 21 beslut
483 1059 80 22 kunde
571 1059 139 22 verkställas
721 1060 83 22 endast
813 1068 42 15 un-

87 1096 41 21 der
144 1095 44 21 den
204 1095 8 21 i
227 1094 217 28 Utsökningslagen
459 1094 38 22 för
512 1094 123 28 skiljedom
652 1094 8 21 i
672 1090 115 38 allmänhet
801 1090 53 38 gäl.

87 1130 69 21 lande
178 1128 170 28 förutsättning
372 1130 34 20 att
429 1130 108 27 parterne
559 1128 136 29 skriftligen
711 1129 92 22 förenat
819 1130 36 28 sig

87 1171 38 15 om
141 1166 34 19 att
190 1162 142 22 underkasta
348 1162 71 22 saken
430 1162 301 29 skiljemannaförfarande.
752 1164 103 22 Berörda

90 1198 91 22 slutord
197 1198 69 22 hafva
282 1197 78 22 derför
375 1197 9 22 i
398 1198 29 21 54
442 1198 13 26 $
471 1198 27 21 af
511 1197 134 22 Utskottets
657 1198 89 29 förslag
757 1199 8 21 i
776 1200 79 28 någon

88 1233 54 21 män
158 1232 192 22 omformulerats.

431 1307 14 21 5
460 1307 53 29 kap.

158 1371 79 22 Såsom
256 1370 100 29 tidigare
375 1369 142 22 framhållits
532 1370 42 21 har
589 1371 215 22 notariatväsendet
819 1372 36 21 öf-

88 1405 84 22 verallt
194 1405 156 28 organiserats
373 1405 31 28 sä,
427 1407 36 20 att
485 1405 98 22 arvodet
605 1405 36 22 för
655 1407 198 22 notariatförrätt-

88 1440 84 29 ningar
194 1439 8 22 i
218 1439 80 28 regeln
320 1439 70 29 utgår
413 1439 60 22 efter
494 1441 61 20 taxa.
585 1439 94 23 Jemväl
702 1441 151 22 förevarande

787 1488 10 17 2

878 1374 21 17 55
913 1374 16 23 &.
