<?xml version="1.0" encoding="UTF-8"?>
<alto xmlns="http://www.loc.gov/standards/alto/ns-v3#" xmlns:xlink="http://www.w3.org/1999/xlink" xmlns:xsi="http://www.w3.org/2001/XMLSchema-instance" xsi:schemaLocation="http://www.loc.gov/standards/alto/ns-v3# http://www.loc.gov/alto/v3/alto-3-0.xsd">
	<Description>
		<MeasurementUnit>pixel</MeasurementUnit>
		<sourceImageInformation>
			<fileName>/tmp/tess_om51gbvp_input.PNG</fileName>
		</sourceImageInformation>
		<OCRProcessing ID="OCR_0">
			<ocrProcessingStep>
				<processingSoftware>
					<softwareName>tesseract 5.3.4</softwareName>
				</processingSoftware>
			</ocrProcessingStep>
		</OCRProcessing>
	</Description>
	<Layout>
		<Page WIDTH="1056" HEIGHT="1673" PHYSICAL_IMG_NR="0" ID="page_0">
			<PrintSpace HPOS="0" VPOS="0" WIDTH="1056" HEIGHT="1673">
				<ComposedBlock ID="cblock_0" HPOS="178" VPOS="135" WIDTH="523" HEIGHT="28">
					<TextBlock ID="block_0" HPOS="178" VPOS="135" WIDTH="523" HEIGHT="28">
						<TextLine ID="line_0" HPOS="178" VPOS="135" WIDTH="523" HEIGHT="28">
							<String ID="string_0" HPOS="178" VPOS="139" WIDTH="12" HEIGHT="19" WC="0.96" CONTENT="8"/><SP WIDTH="232" VPOS="139" HPOS="190"/>
							<String ID="string_1" HPOS="422" VPOS="135" WIDTH="22" HEIGHT="22" WC="0.92" CONTENT="U."/><SP WIDTH="17" VPOS="135" HPOS="444"/>
							<String ID="string_2" HPOS="461" VPOS="135" WIDTH="22" HEIGHT="22" WC="0.92" CONTENT="B."/><SP WIDTH="15" VPOS="135" HPOS="483"/>
							<String ID="string_3" HPOS="498" VPOS="148" WIDTH="28" HEIGHT="3" WC="0.92" CONTENT="—"/><SP WIDTH="16" VPOS="148" HPOS="526"/>
							<String ID="string_4" HPOS="542" VPOS="135" WIDTH="61" HEIGHT="28" WC="0.96" CONTENT="Prop."/><SP WIDTH="17" VPOS="135" HPOS="603"/>
							<String ID="string_5" HPOS="620" VPOS="135" WIDTH="35" HEIGHT="22" WC="0.96" CONTENT="N:o"/><SP WIDTH="15" VPOS="135" HPOS="655"/>
							<String ID="string_6" HPOS="670" VPOS="135" WIDTH="31" HEIGHT="22" WC="0.95" CONTENT="16."/>
						</TextLine>
					</TextBlock>
				</ComposedBlock>
				<ComposedBlock ID="cblock_1" HPOS="177" VPOS="197" WIDTH="765" HEIGHT="1303">
					<TextBlock ID="block_1" HPOS="177" VPOS="197" WIDTH="765" HEIGHT="750">
						<TextLine ID="line_1" HPOS="246" VPOS="197" WIDTH="693" HEIGHT="30">
							<String ID="string_7" HPOS="246" VPOS="199" WIDTH="12" HEIGHT="22" WC="0.96" CONTENT="I"/><SP WIDTH="14" VPOS="199" HPOS="258"/>
							<String ID="string_8" HPOS="272" VPOS="199" WIDTH="90" HEIGHT="22" WC="0.95" CONTENT="landets"/><SP WIDTH="20" VPOS="199" HPOS="362"/>
							<String ID="string_9" HPOS="382" VPOS="198" WIDTH="102" HEIGHT="29" WC="0.96" CONTENT="bagerier"/><SP WIDTH="14" VPOS="198" HPOS="484"/>
							<String ID="string_10" HPOS="498" VPOS="197" WIDTH="153" HEIGHT="22" WC="0.96" CONTENT="förekommer"/><SP WIDTH="15" VPOS="197" HPOS="651"/>
							<String ID="string_11" HPOS="666" VPOS="197" WIDTH="96" HEIGHT="22" WC="0.96" CONTENT="sålunda"/><SP WIDTH="14" VPOS="197" HPOS="762"/>
							<String ID="string_12" HPOS="776" VPOS="205" WIDTH="30" HEIGHT="14" WC="0.96" CONTENT="en"/><SP WIDTH="16" VPOS="205" HPOS="806"/>
							<String ID="string_13" HPOS="822" VPOS="198" WIDTH="117" HEIGHT="26" WC="0.96" CONTENT="arbetstid,"/>
						</TextLine>
						<TextLine ID="line_2" HPOS="178" VPOS="231" WIDTH="761" HEIGHT="30">
							<String ID="string_14" HPOS="178" VPOS="234" WIDTH="93" HEIGHT="22" WC="0.96" CONTENT="hvilken"/><SP WIDTH="19" VPOS="234" HPOS="271"/>
							<String ID="string_15" HPOS="290" VPOS="236" WIDTH="24" HEIGHT="18" WC="0.96" CONTENT="är"/><SP WIDTH="24" VPOS="236" HPOS="314"/>
							<String ID="string_16" HPOS="338" VPOS="233" WIDTH="80" HEIGHT="28" WC="0.96" CONTENT="längre"/><SP WIDTH="15" VPOS="233" HPOS="418"/>
							<String ID="string_17" HPOS="433" VPOS="235" WIDTH="29" HEIGHT="18" WC="0.96" CONTENT="än"/><SP WIDTH="16" VPOS="235" HPOS="462"/>
							<String ID="string_18" HPOS="478" VPOS="232" WIDTH="43" HEIGHT="21" WC="0.96" CONTENT="den"/><SP WIDTH="15" VPOS="232" HPOS="521"/>
							<String ID="string_19" HPOS="536" VPOS="232" WIDTH="62" HEIGHT="21" WC="0.93" CONTENT="inom"/><SP WIDTH="15" VPOS="232" HPOS="598"/>
							<String ID="string_20" HPOS="613" VPOS="231" WIDTH="204" HEIGHT="22" WC="0.92" CONTENT="fabriksindustrin"/><SP WIDTH="14" VPOS="231" HPOS="817"/>
							<String ID="string_21" HPOS="831" VPOS="233" WIDTH="108" HEIGHT="25" WC="0.96" CONTENT="rådande,"/>
						</TextLine>
						<TextLine ID="line_3" HPOS="178" VPOS="265" WIDTH="760" HEIGHT="30">
							<String ID="string_22" HPOS="178" VPOS="270" WIDTH="33" HEIGHT="19" WC="0.96" CONTENT="ett"/><SP WIDTH="14" VPOS="270" HPOS="211"/>
							<String ID="string_23" HPOS="225" VPOS="267" WIDTH="130" HEIGHT="22" WC="0.96" CONTENT="nattarbete"/><SP WIDTH="15" VPOS="267" HPOS="355"/>
							<String ID="string_24" HPOS="370" VPOS="267" WIDTH="8" HEIGHT="21" WC="0.96" CONTENT="i"/><SP WIDTH="14" VPOS="267" HPOS="378"/>
							<String ID="string_25" HPOS="392" VPOS="266" WIDTH="50" HEIGHT="21" WC="0.96" CONTENT="icke"/><SP WIDTH="10" VPOS="266" HPOS="442"/>
							<String ID="string_26" HPOS="452" VPOS="266" WIDTH="66" HEIGHT="28" WC="0.96" CONTENT="ringa"/><SP WIDTH="10" VPOS="266" HPOS="518"/>
							<String ID="string_27" HPOS="528" VPOS="265" WIDTH="160" HEIGHT="29" WC="0.96" CONTENT="utsträckning"/><SP WIDTH="11" VPOS="265" HPOS="688"/>
							<String ID="string_28" HPOS="699" VPOS="266" WIDTH="43" HEIGHT="21" WC="0.93" CONTENT="och"/><SP WIDTH="11" VPOS="266" HPOS="742"/>
							<String ID="string_29" HPOS="753" VPOS="266" WIDTH="185" HEIGHT="29" WC="0.90" CONTENT="söndagsarbete."/>
						</TextLine>
						<TextLine ID="line_4" HPOS="177" VPOS="298" WIDTH="763" HEIGHT="31">
							<String ID="string_30" HPOS="177" VPOS="303" WIDTH="12" HEIGHT="20" WC="0.96" CONTENT="I"/><SP WIDTH="16" VPOS="303" HPOS="189"/>
							<String ID="string_31" HPOS="205" VPOS="298" WIDTH="149" HEIGHT="25" WC="0.96" CONTENT="betraktande"/><SP WIDTH="22" VPOS="298" HPOS="354"/>
							<String ID="string_32" HPOS="376" VPOS="300" WIDTH="68" HEIGHT="22" WC="0.96" CONTENT="häraf"/><SP WIDTH="20" VPOS="300" HPOS="444"/>
							<String ID="string_33" HPOS="464" VPOS="300" WIDTH="45" HEIGHT="21" WC="0.96" CONTENT="kan"/><SP WIDTH="23" VPOS="300" HPOS="509"/>
							<String ID="string_34" HPOS="532" VPOS="300" WIDTH="39" HEIGHT="21" WC="0.96" CONTENT="det"/><SP WIDTH="17" VPOS="300" HPOS="571"/>
							<String ID="string_35" HPOS="588" VPOS="300" WIDTH="50" HEIGHT="21" WC="0.96" CONTENT="icke"/><SP WIDTH="15" VPOS="300" HPOS="638"/>
							<String ID="string_36" HPOS="653" VPOS="300" WIDTH="103" HEIGHT="26" WC="0.96" CONTENT="förvåna,"/><SP WIDTH="16" VPOS="300" HPOS="756"/>
							<String ID="string_37" HPOS="772" VPOS="303" WIDTH="34" HEIGHT="19" WC="0.96" CONTENT="att"/><SP WIDTH="15" VPOS="303" HPOS="806"/>
							<String ID="string_38" HPOS="821" VPOS="301" WIDTH="119" HEIGHT="28" WC="0.96" CONTENT="missnöjet"/>
						</TextLine>
						<TextLine ID="line_5" HPOS="178" VPOS="334" WIDTH="761" HEIGHT="29">
							<String ID="string_39" HPOS="178" VPOS="336" WIDTH="53" HEIGHT="21" WC="0.96" CONTENT="med"/><SP WIDTH="23" VPOS="336" HPOS="231"/>
							<String ID="string_40" HPOS="254" VPOS="335" WIDTH="28" HEIGHT="22" WC="0.95" CONTENT="de"/><SP WIDTH="22" VPOS="335" HPOS="282"/>
							<String ID="string_41" HPOS="304" VPOS="335" WIDTH="101" HEIGHT="22" WC="0.94" CONTENT="rådande"/><SP WIDTH="21" VPOS="335" HPOS="405"/>
							<String ID="string_42" HPOS="426" VPOS="334" WIDTH="174" HEIGHT="22" WC="0.94" CONTENT="förhållandena"/><SP WIDTH="18" VPOS="334" HPOS="600"/>
							<String ID="string_43" HPOS="618" VPOS="337" WIDTH="24" HEIGHT="18" WC="0.96" CONTENT="är"/><SP WIDTH="16" VPOS="337" HPOS="642"/>
							<String ID="string_44" HPOS="658" VPOS="334" WIDTH="93" HEIGHT="21" WC="0.96" CONTENT="allmänt"/><SP WIDTH="16" VPOS="334" HPOS="751"/>
							<String ID="string_45" HPOS="767" VPOS="335" WIDTH="69" HEIGHT="21" WC="0.90" CONTENT="bland"/><SP WIDTH="16" VPOS="335" HPOS="836"/>
							<String ID="string_46" HPOS="852" VPOS="335" WIDTH="87" HEIGHT="28" WC="0.90" CONTENT="bageri-"/>
						</TextLine>
						<TextLine ID="line_6" HPOS="178" VPOS="368" WIDTH="762" HEIGHT="28">
							<String ID="string_47" HPOS="178" VPOS="370" WIDTH="132" HEIGHT="22" WC="0.91" CONTENT="arbetarene"/><SP WIDTH="24" VPOS="370" HPOS="310"/>
							<String ID="string_48" HPOS="334" VPOS="369" WIDTH="43" HEIGHT="22" WC="0.95" CONTENT="och"/><SP WIDTH="23" VPOS="369" HPOS="377"/>
							<String ID="string_49" HPOS="400" VPOS="371" WIDTH="33" HEIGHT="19" WC="0.95" CONTENT="att"/><SP WIDTH="22" VPOS="371" HPOS="433"/>
							<String ID="string_50" HPOS="455" VPOS="369" WIDTH="106" HEIGHT="21" WC="0.93" CONTENT="särskildt"/><SP WIDTH="22" VPOS="369" HPOS="561"/>
							<String ID="string_51" HPOS="583" VPOS="368" WIDTH="133" HEIGHT="22" WC="0.92" CONTENT="arbetarene"/><SP WIDTH="19" VPOS="368" HPOS="716"/>
							<String ID="string_52" HPOS="735" VPOS="369" WIDTH="7" HEIGHT="21" WC="0.97" CONTENT="i"/><SP WIDTH="20" VPOS="369" HPOS="742"/>
							<String ID="string_53" HPOS="762" VPOS="369" WIDTH="113" HEIGHT="27" WC="0.96" CONTENT="städerna,"/><SP WIDTH="24" VPOS="369" HPOS="875"/>
							<String ID="string_54" HPOS="899" VPOS="369" WIDTH="41" HEIGHT="22" WC="0.96" CONTENT="där"/>
						</TextLine>
						<TextLine ID="line_7" HPOS="178" VPOS="402" WIDTH="762" HEIGHT="29">
							<String ID="string_55" HPOS="178" VPOS="404" WIDTH="139" HEIGHT="22" WC="0.96" CONTENT="arbetstiden"/><SP WIDTH="23" VPOS="404" HPOS="317"/>
							<String ID="string_56" HPOS="340" VPOS="406" WIDTH="25" HEIGHT="19" WC="0.96" CONTENT="är"/><SP WIDTH="23" VPOS="406" HPOS="365"/>
							<String ID="string_57" HPOS="388" VPOS="403" WIDTH="79" HEIGHT="28" WC="0.96" CONTENT="längre"/><SP WIDTH="22" VPOS="403" HPOS="467"/>
							<String ID="string_58" HPOS="489" VPOS="403" WIDTH="43" HEIGHT="21" WC="0.96" CONTENT="och"/><SP WIDTH="22" VPOS="403" HPOS="532"/>
							<String ID="string_59" HPOS="554" VPOS="402" WIDTH="128" HEIGHT="22" WC="0.81" CONTENT="nattarbete"/><SP WIDTH="15" VPOS="402" HPOS="682"/>
							<String ID="string_60" HPOS="697" VPOS="403" WIDTH="73" HEIGHT="22" WC="0.96" CONTENT="oftare"/><SP WIDTH="15" VPOS="403" HPOS="770"/>
							<String ID="string_61" HPOS="785" VPOS="403" WIDTH="155" HEIGHT="22" WC="0.96" CONTENT="förekommer"/>
						</TextLine>
						<TextLine ID="line_8" HPOS="178" VPOS="437" WIDTH="760" HEIGHT="30">
							<String ID="string_62" HPOS="178" VPOS="442" WIDTH="30" HEIGHT="18" WC="0.96" CONTENT="än"/><SP WIDTH="17" VPOS="442" HPOS="208"/>
							<String ID="string_63" HPOS="225" VPOS="440" WIDTH="29" HEIGHT="27" WC="0.93" CONTENT="på"/><SP WIDTH="22" VPOS="440" HPOS="254"/>
							<String ID="string_64" HPOS="276" VPOS="437" WIDTH="183" HEIGHT="29" WC="0.91" CONTENT="landsbyggden,"/><SP WIDTH="18" VPOS="437" HPOS="459"/>
							<String ID="string_65" HPOS="477" VPOS="437" WIDTH="51" HEIGHT="21" WC="0.96" CONTENT="med"/><SP WIDTH="16" VPOS="437" HPOS="528"/>
							<String ID="string_66" HPOS="544" VPOS="437" WIDTH="70" HEIGHT="21" WC="0.93" CONTENT="sådan"/><SP WIDTH="16" VPOS="437" HPOS="614"/>
							<String ID="string_67" HPOS="630" VPOS="437" WIDTH="130" HEIGHT="28" WC="0.91" CONTENT="ihärdighet"/><SP WIDTH="14" VPOS="437" HPOS="760"/>
							<String ID="string_68" HPOS="774" VPOS="437" WIDTH="59" HEIGHT="29" WC="0.96" CONTENT="yrka"/><SP WIDTH="17" VPOS="437" HPOS="833"/>
							<String ID="string_69" HPOS="850" VPOS="439" WIDTH="28" HEIGHT="27" WC="0.93" CONTENT="på"/><SP WIDTH="15" VPOS="439" HPOS="878"/>
							<String ID="string_70" HPOS="893" VPOS="437" WIDTH="45" HEIGHT="22" WC="0.93" CONTENT="för-"/>
						</TextLine>
						<TextLine ID="line_9" HPOS="178" VPOS="471" WIDTH="761" HEIGHT="30">
							<String ID="string_71" HPOS="178" VPOS="473" WIDTH="110" HEIGHT="28" WC="0.92" CONTENT="kortning"/><SP WIDTH="15" VPOS="473" HPOS="288"/>
							<String ID="string_72" HPOS="303" VPOS="473" WIDTH="8" HEIGHT="20" WC="0.96" CONTENT="i"/><SP WIDTH="15" VPOS="473" HPOS="311"/>
							<String ID="string_73" HPOS="326" VPOS="471" WIDTH="139" HEIGHT="22" WC="0.96" CONTENT="arbetstiden"/><SP WIDTH="23" VPOS="471" HPOS="465"/>
							<String ID="string_74" HPOS="488" VPOS="471" WIDTH="43" HEIGHT="22" WC="0.93" CONTENT="och"/><SP WIDTH="18" VPOS="471" HPOS="531"/>
							<String ID="string_75" HPOS="549" VPOS="471" WIDTH="150" HEIGHT="22" WC="0.90" CONTENT="nattarbetets"/><SP WIDTH="17" VPOS="471" HPOS="699"/>
							<String ID="string_76" HPOS="716" VPOS="471" WIDTH="150" HEIGHT="22" WC="0.89" CONTENT="afskaffande."/><SP WIDTH="31" VPOS="471" HPOS="866"/>
							<String ID="string_77" HPOS="897" VPOS="471" WIDTH="42" HEIGHT="23" WC="0.91" CONTENT="Ut-"/>
						</TextLine>
						<TextLine ID="line_10" HPOS="178" VPOS="505" WIDTH="760" HEIGHT="26">
							<String ID="string_78" HPOS="178" VPOS="507" WIDTH="86" HEIGHT="22" WC="0.96" CONTENT="skottet"/><SP WIDTH="18" VPOS="507" HPOS="264"/>
							<String ID="string_79" HPOS="282" VPOS="507" WIDTH="42" HEIGHT="21" WC="0.96" CONTENT="har"/><SP WIDTH="24" VPOS="507" HPOS="324"/>
							<String ID="string_80" HPOS="348" VPOS="506" WIDTH="68" HEIGHT="21" WC="0.96" CONTENT="också"/><SP WIDTH="22" VPOS="506" HPOS="416"/>
							<String ID="string_81" HPOS="438" VPOS="505" WIDTH="60" HEIGHT="22" WC="0.96" CONTENT="varit"/><SP WIDTH="22" VPOS="505" HPOS="498"/>
							<String ID="string_82" HPOS="520" VPOS="513" WIDTH="53" HEIGHT="14" WC="0.96" CONTENT="ense"/><SP WIDTH="23" VPOS="513" HPOS="573"/>
							<String ID="string_83" HPOS="596" VPOS="505" WIDTH="84" HEIGHT="26" WC="0.96" CONTENT="därom,"/><SP WIDTH="16" VPOS="505" HPOS="680"/>
							<String ID="string_84" HPOS="696" VPOS="508" WIDTH="34" HEIGHT="19" WC="0.96" CONTENT="att"/><SP WIDTH="15" VPOS="508" HPOS="730"/>
							<String ID="string_85" HPOS="745" VPOS="505" WIDTH="44" HEIGHT="22" WC="0.96" CONTENT="den"/><SP WIDTH="15" VPOS="505" HPOS="789"/>
							<String ID="string_86" HPOS="804" VPOS="506" WIDTH="134" HEIGHT="22" WC="0.96" CONTENT="nuvarande"/>
						</TextLine>
						<TextLine ID="line_11" HPOS="178" VPOS="539" WIDTH="761" HEIGHT="30">
							<String ID="string_87" HPOS="178" VPOS="541" WIDTH="205" HEIGHT="28" WC="0.96" CONTENT="arbetsordningen"/><SP WIDTH="19" VPOS="541" HPOS="383"/>
							<String ID="string_88" HPOS="402" VPOS="541" WIDTH="61" HEIGHT="21" WC="0.93" CONTENT="inom"/><SP WIDTH="23" VPOS="541" HPOS="463"/>
							<String ID="string_89" HPOS="486" VPOS="540" WIDTH="132" HEIGHT="28" WC="0.92" CONTENT="bagerierna"/><SP WIDTH="23" VPOS="540" HPOS="618"/>
							<String ID="string_90" HPOS="641" VPOS="539" WIDTH="88" HEIGHT="22" WC="0.96" CONTENT="medför"/><SP WIDTH="23" VPOS="539" HPOS="729"/>
							<String ID="string_91" HPOS="752" VPOS="540" WIDTH="35" HEIGHT="21" WC="0.93" CONTENT="för"/><SP WIDTH="19" VPOS="540" HPOS="787"/>
							<String ID="string_92" HPOS="806" VPOS="540" WIDTH="133" HEIGHT="23" WC="0.91" CONTENT="arbetarene"/>
						</TextLine>
						<TextLine ID="line_12" HPOS="178" VPOS="574" WIDTH="761" HEIGHT="29">
							<String ID="string_93" HPOS="178" VPOS="576" WIDTH="157" HEIGHT="21" WC="0.95" CONTENT="allvarsamma"/><SP WIDTH="21" VPOS="576" HPOS="335"/>
							<String ID="string_94" HPOS="356" VPOS="575" WIDTH="145" HEIGHT="28" WC="0.95" CONTENT="olägenheter"/><SP WIDTH="19" VPOS="575" HPOS="501"/>
							<String ID="string_95" HPOS="520" VPOS="574" WIDTH="43" HEIGHT="22" WC="0.96" CONTENT="och"/><SP WIDTH="15" VPOS="574" HPOS="563"/>
							<String ID="string_96" HPOS="578" VPOS="574" WIDTH="78" HEIGHT="22" WC="0.96" CONTENT="därför"/><SP WIDTH="15" VPOS="574" HPOS="656"/>
							<String ID="string_97" HPOS="671" VPOS="576" WIDTH="72" HEIGHT="19" WC="0.96" CONTENT="måste"/><SP WIDTH="16" VPOS="576" HPOS="743"/>
							<String ID="string_98" HPOS="759" VPOS="577" WIDTH="96" HEIGHT="19" WC="0.96" CONTENT="ersättas"/><SP WIDTH="16" VPOS="577" HPOS="855"/>
							<String ID="string_99" HPOS="871" VPOS="575" WIDTH="26" HEIGHT="22" WC="0.96" CONTENT="af"/><SP WIDTH="13" VPOS="575" HPOS="897"/>
							<String ID="string_100" HPOS="910" VPOS="583" WIDTH="29" HEIGHT="14" WC="0.96" CONTENT="en"/>
						</TextLine>
						<TextLine ID="line_13" HPOS="178" VPOS="608" WIDTH="761" HEIGHT="31">
							<String ID="string_101" HPOS="178" VPOS="617" WIDTH="38" HEIGHT="22" WC="0.95" CONTENT="ny,"/><SP WIDTH="21" VPOS="617" HPOS="216"/>
							<String ID="string_102" HPOS="237" VPOS="617" WIDTH="48" HEIGHT="14" WC="0.96" CONTENT="som"/><SP WIDTH="22" VPOS="617" HPOS="285"/>
							<String ID="string_103" HPOS="307" VPOS="616" WIDTH="63" HEIGHT="15" WC="0.96" CONTENT="mera"/><SP WIDTH="16" VPOS="616" HPOS="370"/>
							<String ID="string_104" HPOS="386" VPOS="609" WIDTH="133" HEIGHT="28" WC="0.93" CONTENT="tillgodoser"/><SP WIDTH="15" VPOS="609" HPOS="519"/>
							<String ID="string_105" HPOS="534" VPOS="608" WIDTH="144" HEIGHT="22" WC="0.92" CONTENT="arbetarenes"/><SP WIDTH="15" VPOS="608" HPOS="678"/>
							<String ID="string_106" HPOS="693" VPOS="608" WIDTH="73" HEIGHT="22" WC="0.92" CONTENT="behof"/><SP WIDTH="12" VPOS="608" HPOS="766"/>
							<String ID="string_107" HPOS="778" VPOS="608" WIDTH="27" HEIGHT="22" WC="0.93" CONTENT="af"/><SP WIDTH="13" VPOS="608" HPOS="805"/>
							<String ID="string_108" HPOS="818" VPOS="609" WIDTH="61" HEIGHT="22" WC="0.91" CONTENT="hvila"/><SP WIDTH="16" VPOS="609" HPOS="879"/>
							<String ID="string_109" HPOS="895" VPOS="609" WIDTH="44" HEIGHT="22" WC="0.96" CONTENT="och"/>
						</TextLine>
						<TextLine ID="line_14" HPOS="178" VPOS="643" WIDTH="761" HEIGHT="28">
							<String ID="string_110" HPOS="178" VPOS="644" WIDTH="86" HEIGHT="22" WC="0.91" CONTENT="lemnar"/><SP WIDTH="20" VPOS="644" HPOS="264"/>
							<String ID="string_111" HPOS="284" VPOS="644" WIDTH="52" HEIGHT="21" WC="0.96" CONTENT="dem"/><SP WIDTH="22" VPOS="644" HPOS="336"/>
							<String ID="string_112" HPOS="358" VPOS="645" WIDTH="72" HEIGHT="20" WC="0.96" CONTENT="större"/><SP WIDTH="18" VPOS="645" HPOS="430"/>
							<String ID="string_113" HPOS="448" VPOS="643" WIDTH="89" HEIGHT="21" WC="0.95" CONTENT="tillfälle"/><SP WIDTH="15" VPOS="643" HPOS="537"/>
							<String ID="string_114" HPOS="552" VPOS="643" WIDTH="35" HEIGHT="21" WC="0.96" CONTENT="till"/><SP WIDTH="16" VPOS="643" HPOS="587"/>
							<String ID="string_115" HPOS="603" VPOS="643" WIDTH="91" HEIGHT="28" WC="0.93" CONTENT="andliga"/><SP WIDTH="15" VPOS="643" HPOS="694"/>
							<String ID="string_116" HPOS="709" VPOS="643" WIDTH="149" HEIGHT="22" WC="0.91" CONTENT="förströelser."/><SP WIDTH="32" VPOS="643" HPOS="858"/>
							<String ID="string_117" HPOS="890" VPOS="643" WIDTH="49" HEIGHT="23" WC="0.96" CONTENT="Och"/>
						</TextLine>
						<TextLine ID="line_15" HPOS="179" VPOS="677" WIDTH="760" HEIGHT="29">
							<String ID="string_118" HPOS="179" VPOS="686" WIDTH="48" HEIGHT="14" WC="0.96" CONTENT="som"/><SP WIDTH="23" VPOS="686" HPOS="227"/>
							<String ID="string_119" HPOS="250" VPOS="679" WIDTH="44" HEIGHT="21" WC="0.95" CONTENT="den"/><SP WIDTH="22" VPOS="679" HPOS="294"/>
							<String ID="string_120" HPOS="316" VPOS="678" WIDTH="70" HEIGHT="28" WC="0.95" CONTENT="långa"/><SP WIDTH="17" VPOS="678" HPOS="386"/>
							<String ID="string_121" HPOS="403" VPOS="677" WIDTH="97" HEIGHT="29" WC="0.96" CONTENT="kampen"/><SP WIDTH="23" VPOS="677" HPOS="500"/>
							<String ID="string_122" HPOS="523" VPOS="677" WIDTH="96" HEIGHT="22" WC="0.91" CONTENT="emellan"/><SP WIDTH="18" VPOS="677" HPOS="619"/>
							<String ID="string_123" HPOS="637" VPOS="677" WIDTH="165" HEIGHT="28" WC="0.91" CONTENT="arbetsgifvare"/><SP WIDTH="16" VPOS="677" HPOS="802"/>
							<String ID="string_124" HPOS="818" VPOS="678" WIDTH="43" HEIGHT="21" WC="0.93" CONTENT="och"/><SP WIDTH="16" VPOS="678" HPOS="861"/>
							<String ID="string_125" HPOS="877" VPOS="678" WIDTH="62" HEIGHT="21" WC="0.92" CONTENT="arbe-"/>
						</TextLine>
						<TextLine ID="line_16" HPOS="178" VPOS="711" WIDTH="764" HEIGHT="30">
							<String ID="string_126" HPOS="178" VPOS="716" WIDTH="49" HEIGHT="18" WC="0.96" CONTENT="tare"/><SP WIDTH="22" VPOS="716" HPOS="227"/>
							<String ID="string_127" HPOS="249" VPOS="714" WIDTH="107" HEIGHT="27" WC="0.93" CONTENT="nogsamt"/><SP WIDTH="22" VPOS="714" HPOS="356"/>
							<String ID="string_128" HPOS="378" VPOS="711" WIDTH="69" HEIGHT="29" WC="0.93" CONTENT="gifvit"/><SP WIDTH="20" VPOS="711" HPOS="447"/>
							<String ID="string_129" HPOS="467" VPOS="711" WIDTH="39" HEIGHT="22" WC="0.96" CONTENT="vid"/><SP WIDTH="22" VPOS="711" HPOS="506"/>
							<String ID="string_130" HPOS="528" VPOS="711" WIDTH="98" HEIGHT="26" WC="0.96" CONTENT="handen,"/><SP WIDTH="23" VPOS="711" HPOS="626"/>
							<String ID="string_131" HPOS="649" VPOS="713" WIDTH="33" HEIGHT="19" WC="0.96" CONTENT="att"/><SP WIDTH="22" VPOS="713" HPOS="682"/>
							<String ID="string_132" HPOS="704" VPOS="713" WIDTH="77" HEIGHT="27" WC="0.96" CONTENT="någon"/><SP WIDTH="23" VPOS="713" HPOS="781"/>
							<String ID="string_133" HPOS="804" VPOS="712" WIDTH="91" HEIGHT="29" WC="0.96" CONTENT="lösning"/><SP WIDTH="20" VPOS="712" HPOS="895"/>
							<String ID="string_134" HPOS="915" VPOS="712" WIDTH="27" HEIGHT="22" WC="0.96" CONTENT="af"/>
						</TextLine>
						<TextLine ID="line_17" HPOS="178" VPOS="746" WIDTH="761" HEIGHT="30">
							<String ID="string_135" HPOS="178" VPOS="747" WIDTH="82" HEIGHT="29" WC="0.96" CONTENT="frågan"/><SP WIDTH="15" VPOS="747" HPOS="260"/>
							<String ID="string_136" HPOS="275" VPOS="747" WIDTH="51" HEIGHT="21" WC="0.96" CONTENT="icke"/><SP WIDTH="16" VPOS="747" HPOS="326"/>
							<String ID="string_137" HPOS="342" VPOS="747" WIDTH="45" HEIGHT="21" WC="0.96" CONTENT="kan"/><SP WIDTH="15" VPOS="747" HPOS="387"/>
							<String ID="string_138" HPOS="402" VPOS="746" WIDTH="80" HEIGHT="22" WC="0.96" CONTENT="vinnas"/><SP WIDTH="16" VPOS="746" HPOS="482"/>
							<String ID="string_139" HPOS="498" VPOS="753" WIDTH="83" HEIGHT="21" WC="0.95" CONTENT="genom"/><SP WIDTH="15" VPOS="753" HPOS="581"/>
							<String ID="string_140" HPOS="596" VPOS="746" WIDTH="96" HEIGHT="28" WC="0.93" CONTENT="frivillig"/><SP WIDTH="16" VPOS="746" HPOS="692"/>
							<String ID="string_141" HPOS="708" VPOS="746" WIDTH="231" HEIGHT="22" WC="0.91" CONTENT="öfverenskommelse"/>
						</TextLine>
						<TextLine ID="line_18" HPOS="178" VPOS="780" WIDTH="762" HEIGHT="30">
							<String ID="string_142" HPOS="178" VPOS="782" WIDTH="83" HEIGHT="21" WC="0.93" CONTENT="mellan"/><SP WIDTH="22" VPOS="782" HPOS="261"/>
							<String ID="string_143" HPOS="283" VPOS="784" WIDTH="113" HEIGHT="26" WC="0.92" CONTENT="parterne,"/><SP WIDTH="24" VPOS="784" HPOS="396"/>
							<String ID="string_144" HPOS="420" VPOS="780" WIDTH="42" HEIGHT="22" WC="0.93" CONTENT="och"/><SP WIDTH="18" VPOS="780" HPOS="462"/>
							<String ID="string_145" HPOS="480" VPOS="780" WIDTH="132" HEIGHT="22" WC="0.92" CONTENT="arbetarene"/><SP WIDTH="19" VPOS="780" HPOS="612"/>
							<String ID="string_146" HPOS="631" VPOS="780" WIDTH="59" HEIGHT="22" WC="0.96" CONTENT="visat"/><SP WIDTH="22" VPOS="780" HPOS="690"/>
							<String ID="string_147" HPOS="712" VPOS="780" WIDTH="36" HEIGHT="28" WC="0.96" CONTENT="sig"/><SP WIDTH="18" VPOS="780" HPOS="748"/>
							<String ID="string_148" HPOS="766" VPOS="780" WIDTH="36" HEIGHT="22" WC="0.96" CONTENT="för"/><SP WIDTH="17" VPOS="780" HPOS="802"/>
							<String ID="string_149" HPOS="819" VPOS="788" WIDTH="71" HEIGHT="22" WC="0.96" CONTENT="svaga"/><SP WIDTH="16" VPOS="788" HPOS="890"/>
							<String ID="string_150" HPOS="906" VPOS="783" WIDTH="34" HEIGHT="20" WC="0.96" CONTENT="att"/>
						</TextLine>
						<TextLine ID="line_19" HPOS="178" VPOS="814" WIDTH="761" HEIGHT="31">
							<String ID="string_151" HPOS="178" VPOS="823" WIDTH="84" HEIGHT="22" WC="0.96" CONTENT="genom"/><SP WIDTH="20" VPOS="823" HPOS="262"/>
							<String ID="string_152" HPOS="282" VPOS="815" WIDTH="204" HEIGHT="29" WC="0.96" CONTENT="sammanslutning"/><SP WIDTH="22" VPOS="815" HPOS="486"/>
							<String ID="string_153" HPOS="508" VPOS="815" WIDTH="80" HEIGHT="28" WC="0.93" CONTENT="tvinga"/><SP WIDTH="21" VPOS="815" HPOS="588"/>
							<String ID="string_154" HPOS="609" VPOS="814" WIDTH="194" HEIGHT="29" WC="0.92" CONTENT="arbetsgifvarene"/><SP WIDTH="18" VPOS="814" HPOS="803"/>
							<String ID="string_155" HPOS="821" VPOS="816" WIDTH="34" HEIGHT="21" WC="0.93" CONTENT="till"/><SP WIDTH="16" VPOS="816" HPOS="855"/>
							<String ID="string_156" HPOS="871" VPOS="816" WIDTH="68" HEIGHT="22" WC="0.92" CONTENT="efter-"/>
						</TextLine>
						<TextLine ID="line_20" HPOS="179" VPOS="849" WIDTH="760" HEIGHT="30">
							<String ID="string_157" HPOS="179" VPOS="851" WIDTH="50" HEIGHT="28" WC="0.96" CONTENT="gift,"/><SP WIDTH="19" VPOS="851" HPOS="229"/>
							<String ID="string_158" HPOS="248" VPOS="851" WIDTH="40" HEIGHT="21" WC="0.96" CONTENT="har"/><SP WIDTH="15" VPOS="851" HPOS="288"/>
							<String ID="string_159" HPOS="303" VPOS="850" WIDTH="119" HEIGHT="23" WC="0.96" CONTENT="Utskottet"/><SP WIDTH="15" VPOS="850" HPOS="422"/>
							<String ID="string_160" HPOS="437" VPOS="849" WIDTH="111" HEIGHT="29" WC="0.96" CONTENT="enhälligt"/><SP WIDTH="16" VPOS="849" HPOS="548"/>
							<String ID="string_161" HPOS="564" VPOS="849" WIDTH="43" HEIGHT="22" WC="0.96" CONTENT="och"/><SP WIDTH="14" VPOS="849" HPOS="607"/>
							<String ID="string_162" HPOS="621" VPOS="852" WIDTH="56" HEIGHT="19" WC="0.96" CONTENT="utan"/><SP WIDTH="15" VPOS="852" HPOS="677"/>
							<String ID="string_163" HPOS="692" VPOS="850" WIDTH="85" HEIGHT="21" WC="0.96" CONTENT="tvekan"/><SP WIDTH="15" VPOS="850" HPOS="777"/>
							<String ID="string_164" HPOS="792" VPOS="850" WIDTH="95" HEIGHT="22" WC="0.96" CONTENT="anslutit"/><SP WIDTH="16" VPOS="850" HPOS="887"/>
							<String ID="string_165" HPOS="903" VPOS="851" WIDTH="36" HEIGHT="28" WC="0.96" CONTENT="sig"/>
						</TextLine>
						<TextLine ID="line_21" HPOS="179" VPOS="884" WIDTH="759" HEIGHT="29">
							<String ID="string_166" HPOS="179" VPOS="885" WIDTH="34" HEIGHT="21" WC="0.96" CONTENT="till"/><SP WIDTH="19" VPOS="885" HPOS="213"/>
							<String ID="string_167" HPOS="232" VPOS="885" WIDTH="44" HEIGHT="22" WC="0.96" CONTENT="den"/><SP WIDTH="16" VPOS="885" HPOS="276"/>
							<String ID="string_168" HPOS="292" VPOS="885" WIDTH="7" HEIGHT="21" WC="0.96" CONTENT="i"/><SP WIDTH="14" VPOS="885" HPOS="299"/>
							<String ID="string_169" HPOS="313" VPOS="884" WIDTH="171" HEIGHT="29" WC="0.96" CONTENT="propositionen"/><SP WIDTH="22" VPOS="884" HPOS="484"/>
							<String ID="string_170" HPOS="506" VPOS="884" WIDTH="102" HEIGHT="21" WC="0.95" CONTENT="uttalade"/><SP WIDTH="14" VPOS="884" HPOS="608"/>
							<String ID="string_171" HPOS="622" VPOS="884" WIDTH="86" HEIGHT="21" WC="0.96" CONTENT="tanken"/><SP WIDTH="15" VPOS="884" HPOS="708"/>
							<String ID="string_172" HPOS="723" VPOS="886" WIDTH="33" HEIGHT="19" WC="0.96" CONTENT="att"/><SP WIDTH="15" VPOS="886" HPOS="756"/>
							<String ID="string_173" HPOS="771" VPOS="885" WIDTH="53" HEIGHT="20" WC="0.96" CONTENT="med"/><SP WIDTH="15" VPOS="885" HPOS="824"/>
							<String ID="string_174" HPOS="839" VPOS="884" WIDTH="99" HEIGHT="29" WC="0.96" CONTENT="tillhjälp"/>
						</TextLine>
						<TextLine ID="line_22" HPOS="179" VPOS="918" WIDTH="680" HEIGHT="29">
							<String ID="string_175" HPOS="179" VPOS="919" WIDTH="26" HEIGHT="22" WC="0.96" CONTENT="af"/><SP WIDTH="12" VPOS="919" HPOS="205"/>
							<String ID="string_176" HPOS="217" VPOS="919" WIDTH="177" HEIGHT="28" WC="0.95" CONTENT="lagstiftningen"/><SP WIDTH="14" VPOS="919" HPOS="394"/>
							<String ID="string_177" HPOS="408" VPOS="918" WIDTH="24" HEIGHT="22" WC="0.96" CONTENT="få"/><SP WIDTH="16" VPOS="918" HPOS="432"/>
							<String ID="string_178" HPOS="448" VPOS="919" WIDTH="96" HEIGHT="21" WC="0.95" CONTENT="berörda"/><SP WIDTH="14" VPOS="919" HPOS="544"/>
							<String ID="string_179" HPOS="558" VPOS="918" WIDTH="148" HEIGHT="29" WC="0.93" CONTENT="olägenheter"/><SP WIDTH="16" VPOS="918" HPOS="706"/>
							<String ID="string_180" HPOS="722" VPOS="918" WIDTH="137" HEIGHT="29" WC="0.91" CONTENT="aflägsnade."/>
						</TextLine>
					</TextBlock>
					<TextBlock ID="block_2" HPOS="178" VPOS="953" WIDTH="762" HEIGHT="512">
						<TextLine ID="line_23" HPOS="247" VPOS="953" WIDTH="693" HEIGHT="30">
							<String ID="string_181" HPOS="247" VPOS="954" WIDTH="49" HEIGHT="21" WC="0.96" CONTENT="För"/><SP WIDTH="12" VPOS="954" HPOS="296"/>
							<String ID="string_182" HPOS="308" VPOS="953" WIDTH="114" HEIGHT="22" WC="0.96" CONTENT="vinnande"/><SP WIDTH="16" VPOS="953" HPOS="422"/>
							<String ID="string_183" HPOS="438" VPOS="953" WIDTH="25" HEIGHT="22" WC="0.96" CONTENT="af"/><SP WIDTH="14" VPOS="953" HPOS="463"/>
							<String ID="string_184" HPOS="477" VPOS="953" WIDTH="63" HEIGHT="21" WC="0.96" CONTENT="detta"/><SP WIDTH="16" VPOS="953" HPOS="540"/>
							<String ID="string_185" HPOS="556" VPOS="953" WIDTH="105" HEIGHT="21" WC="0.96" CONTENT="ändamål"/><SP WIDTH="15" VPOS="953" HPOS="661"/>
							<String ID="string_186" HPOS="676" VPOS="953" WIDTH="94" HEIGHT="22" WC="0.96" CONTENT="föreslås"/><SP WIDTH="12" VPOS="953" HPOS="770"/>
							<String ID="string_187" HPOS="782" VPOS="953" WIDTH="7" HEIGHT="22" WC="0.96" CONTENT="i"/><SP WIDTH="11" VPOS="953" HPOS="789"/>
							<String ID="string_188" HPOS="800" VPOS="953" WIDTH="45" HEIGHT="22" WC="0.96" CONTENT="den"/><SP WIDTH="10" VPOS="953" HPOS="845"/>
							<String ID="string_189" HPOS="855" VPOS="954" WIDTH="85" HEIGHT="29" WC="0.96" CONTENT="nådiga"/>
						</TextLine>
						<TextLine ID="line_24" HPOS="178" VPOS="987" WIDTH="761" HEIGHT="30">
							<String ID="string_190" HPOS="178" VPOS="989" WIDTH="179" HEIGHT="28" WC="0.96" CONTENT="propositionen,"/><SP WIDTH="15" VPOS="989" HPOS="357"/>
							<String ID="string_191" HPOS="372" VPOS="989" WIDTH="34" HEIGHT="20" WC="0.96" CONTENT="att"/><SP WIDTH="10" VPOS="989" HPOS="406"/>
							<String ID="string_192" HPOS="416" VPOS="987" WIDTH="28" HEIGHT="22" WC="0.97" CONTENT="de"/><SP WIDTH="10" VPOS="987" HPOS="444"/>
							<String ID="string_193" HPOS="454" VPOS="987" WIDTH="36" HEIGHT="22" WC="0.93" CONTENT="för"/><SP WIDTH="11" VPOS="987" HPOS="490"/>
							<String ID="string_194" HPOS="501" VPOS="987" WIDTH="73" HEIGHT="22" WC="0.92" CONTENT="afsalu"/><SP WIDTH="12" VPOS="987" HPOS="574"/>
							<String ID="string_195" HPOS="586" VPOS="987" WIDTH="122" HEIGHT="22" WC="0.93" CONTENT="arbetande"/><SP WIDTH="13" VPOS="987" HPOS="708"/>
							<String ID="string_196" HPOS="721" VPOS="987" WIDTH="132" HEIGHT="29" WC="0.90" CONTENT="bagerierna"/><SP WIDTH="13" VPOS="987" HPOS="853"/>
							<String ID="string_197" HPOS="866" VPOS="989" WIDTH="73" HEIGHT="22" WC="0.96" CONTENT="skulle"/>
						</TextLine>
						<TextLine ID="line_25" HPOS="179" VPOS="1021" WIDTH="760" HEIGHT="30">
							<String ID="string_198" HPOS="179" VPOS="1023" WIDTH="71" HEIGHT="22" WC="0.96" CONTENT="hållas"/><SP WIDTH="23" VPOS="1023" HPOS="250"/>
							<String ID="string_199" HPOS="273" VPOS="1023" WIDTH="98" HEIGHT="28" WC="0.96" CONTENT="stängda"/><SP WIDTH="21" VPOS="1023" HPOS="371"/>
							<String ID="string_200" HPOS="392" VPOS="1022" WIDTH="74" HEIGHT="22" WC="0.96" CONTENT="under"/><SP WIDTH="22" VPOS="1022" HPOS="466"/>
							<String ID="string_201" HPOS="488" VPOS="1029" WIDTH="28" HEIGHT="14" WC="0.95" CONTENT="en"/><SP WIDTH="23" VPOS="1029" HPOS="516"/>
							<String ID="string_202" HPOS="539" VPOS="1022" WIDTH="37" HEIGHT="21" WC="0.95" CONTENT="del"/><SP WIDTH="18" VPOS="1022" HPOS="576"/>
							<String ID="string_203" HPOS="594" VPOS="1021" WIDTH="26" HEIGHT="22" WC="0.96" CONTENT="af"/><SP WIDTH="13" VPOS="1021" HPOS="620"/>
							<String ID="string_204" HPOS="633" VPOS="1024" WIDTH="79" HEIGHT="19" WC="0.94" CONTENT="natten"/><SP WIDTH="16" VPOS="1024" HPOS="712"/>
							<String ID="string_205" HPOS="728" VPOS="1023" WIDTH="54" HEIGHT="21" WC="0.96" CONTENT="eller"/><SP WIDTH="15" VPOS="1023" HPOS="782"/>
							<String ID="string_206" HPOS="797" VPOS="1023" WIDTH="53" HEIGHT="21" WC="0.96" CONTENT="från"/><SP WIDTH="15" VPOS="1023" HPOS="850"/>
							<String ID="string_207" HPOS="865" VPOS="1023" WIDTH="30" HEIGHT="22" WC="0.96" CONTENT="kl."/><SP WIDTH="18" VPOS="1023" HPOS="895"/>
							<String ID="string_208" HPOS="913" VPOS="1025" WIDTH="26" HEIGHT="20" WC="0.96" CONTENT="12"/>
						</TextLine>
						<TextLine ID="line_26" HPOS="179" VPOS="1056" WIDTH="761" HEIGHT="30">
							<String ID="string_209" HPOS="179" VPOS="1057" WIDTH="35" HEIGHT="22" WC="0.95" CONTENT="till"/><SP WIDTH="21" VPOS="1057" HPOS="214"/>
							<String ID="string_210" HPOS="235" VPOS="1057" WIDTH="31" HEIGHT="22" WC="0.93" CONTENT="kl."/><SP WIDTH="24" VPOS="1057" HPOS="266"/>
							<String ID="string_211" HPOS="290" VPOS="1059" WIDTH="20" HEIGHT="24" WC="0.95" CONTENT="6,"/><SP WIDTH="22" VPOS="1059" HPOS="310"/>
							<String ID="string_212" HPOS="332" VPOS="1056" WIDTH="127" HEIGHT="29" WC="0.96" CONTENT="hvarjämte"/><SP WIDTH="23" VPOS="1056" HPOS="459"/>
							<String ID="string_213" HPOS="482" VPOS="1056" WIDTH="88" HEIGHT="22" WC="0.96" CONTENT="arbetet"/><SP WIDTH="20" VPOS="1056" HPOS="570"/>
							<String ID="string_214" HPOS="590" VPOS="1057" WIDTH="7" HEIGHT="20" WC="0.96" CONTENT="i"/><SP WIDTH="19" VPOS="1057" HPOS="597"/>
							<String ID="string_215" HPOS="616" VPOS="1056" WIDTH="101" HEIGHT="29" WC="0.96" CONTENT="bageriet"/><SP WIDTH="22" VPOS="1056" HPOS="717"/>
							<String ID="string_216" HPOS="739" VPOS="1057" WIDTH="74" HEIGHT="21" WC="0.96" CONTENT="skulle"/><SP WIDTH="22" VPOS="1057" HPOS="813"/>
							<String ID="string_217" HPOS="835" VPOS="1057" WIDTH="105" HEIGHT="29" WC="0.96" CONTENT="upphöra"/>
						</TextLine>
						<TextLine ID="line_27" HPOS="179" VPOS="1091" WIDTH="761" HEIGHT="29">
							<String ID="string_218" HPOS="179" VPOS="1092" WIDTH="70" HEIGHT="21" WC="0.96" CONTENT="redan"/><SP WIDTH="15" VPOS="1092" HPOS="249"/>
							<String ID="string_219" HPOS="264" VPOS="1092" WIDTH="29" HEIGHT="21" WC="0.95" CONTENT="kl."/><SP WIDTH="17" VPOS="1092" HPOS="293"/>
							<String ID="string_220" HPOS="310" VPOS="1094" WIDTH="13" HEIGHT="19" WC="0.96" CONTENT="6"/><SP WIDTH="16" VPOS="1094" HPOS="323"/>
							<String ID="string_221" HPOS="339" VPOS="1093" WIDTH="30" HEIGHT="27" WC="0.96" CONTENT="på"/><SP WIDTH="15" VPOS="1093" HPOS="369"/>
							<String ID="string_222" HPOS="384" VPOS="1091" WIDTH="94" HEIGHT="22" WC="0.96" CONTENT="aftonen"/><SP WIDTH="16" VPOS="1091" HPOS="478"/>
							<String ID="string_223" HPOS="494" VPOS="1091" WIDTH="75" HEIGHT="28" WC="0.96" CONTENT="dagen"/><SP WIDTH="15" VPOS="1091" HPOS="569"/>
							<String ID="string_224" HPOS="584" VPOS="1091" WIDTH="50" HEIGHT="22" WC="0.93" CONTENT="före"/><SP WIDTH="15" VPOS="1091" HPOS="634"/>
							<String ID="string_225" HPOS="649" VPOS="1093" WIDTH="51" HEIGHT="20" WC="0.93" CONTENT="sön-"/><SP WIDTH="15" VPOS="1093" HPOS="700"/>
							<String ID="string_226" HPOS="715" VPOS="1091" WIDTH="54" HEIGHT="22" WC="0.95" CONTENT="eller"/><SP WIDTH="15" VPOS="1091" HPOS="769"/>
							<String ID="string_227" HPOS="784" VPOS="1091" WIDTH="102" HEIGHT="29" WC="0.96" CONTENT="helgdag"/><SP WIDTH="11" VPOS="1091" HPOS="886"/>
							<String ID="string_228" HPOS="897" VPOS="1092" WIDTH="43" HEIGHT="22" WC="0.96" CONTENT="och"/>
						</TextLine>
						<TextLine ID="line_28" HPOS="180" VPOS="1125" WIDTH="759" HEIGHT="30">
							<String ID="string_229" HPOS="180" VPOS="1126" WIDTH="101" HEIGHT="29" WC="0.96" CONTENT="bageriet"/><SP WIDTH="18" VPOS="1126" HPOS="281"/>
							<String ID="string_230" HPOS="299" VPOS="1126" WIDTH="71" HEIGHT="29" WC="0.96" CONTENT="därpå"/><SP WIDTH="19" VPOS="1126" HPOS="370"/>
							<String ID="string_231" HPOS="389" VPOS="1125" WIDTH="71" HEIGHT="22" WC="0.93" CONTENT="hållas"/><SP WIDTH="15" VPOS="1125" HPOS="460"/>
							<String ID="string_232" HPOS="475" VPOS="1125" WIDTH="93" HEIGHT="28" WC="0.91" CONTENT="stängdt"/><SP WIDTH="16" VPOS="1125" HPOS="568"/>
							<String ID="string_233" HPOS="584" VPOS="1127" WIDTH="33" HEIGHT="20" WC="0.96" CONTENT="ett"/><SP WIDTH="15" VPOS="1127" HPOS="617"/>
							<String ID="string_234" HPOS="632" VPOS="1125" WIDTH="48" HEIGHT="22" WC="0.96" CONTENT="helt"/><SP WIDTH="15" VPOS="1125" HPOS="680"/>
							<String ID="string_235" HPOS="695" VPOS="1125" WIDTH="70" HEIGHT="29" WC="0.96" CONTENT="dygn."/><SP WIDTH="32" VPOS="1125" HPOS="765"/>
							<String ID="string_236" HPOS="797" VPOS="1125" WIDTH="78" HEIGHT="23" WC="0.92" CONTENT="Under"/><SP WIDTH="15" VPOS="1125" HPOS="875"/>
							<String ID="string_237" HPOS="890" VPOS="1129" WIDTH="49" HEIGHT="19" WC="0.91" CONTENT="nat-"/>
						</TextLine>
						<TextLine ID="line_29" HPOS="179" VPOS="1159" WIDTH="761" HEIGHT="30">
							<String ID="string_238" HPOS="179" VPOS="1163" WIDTH="39" HEIGHT="19" WC="0.96" CONTENT="ten"/><SP WIDTH="15" VPOS="1163" HPOS="218"/>
							<String ID="string_239" HPOS="233" VPOS="1160" WIDTH="58" HEIGHT="22" WC="0.93" CONTENT="efter"/><SP WIDTH="15" VPOS="1160" HPOS="291"/>
							<String ID="string_240" HPOS="306" VPOS="1163" WIDTH="51" HEIGHT="20" WC="0.92" CONTENT="sön-"/><SP WIDTH="15" VPOS="1163" HPOS="357"/>
							<String ID="string_241" HPOS="372" VPOS="1160" WIDTH="54" HEIGHT="22" WC="0.96" CONTENT="eller"/><SP WIDTH="15" VPOS="1160" HPOS="426"/>
							<String ID="string_242" HPOS="441" VPOS="1160" WIDTH="107" HEIGHT="28" WC="0.96" CONTENT="helgdag,"/><SP WIDTH="11" VPOS="1160" HPOS="548"/>
							<String ID="string_243" HPOS="559" VPOS="1167" WIDTH="55" HEIGHT="14" WC="0.96" CONTENT="vare"/><SP WIDTH="14" VPOS="1167" HPOS="614"/>
							<String ID="string_244" HPOS="628" VPOS="1160" WIDTH="35" HEIGHT="28" WC="0.96" CONTENT="sig"/><SP WIDTH="10" VPOS="1160" HPOS="663"/>
							<String ID="string_245" HPOS="673" VPOS="1159" WIDTH="102" HEIGHT="29" WC="0.96" CONTENT="följande"/><SP WIDTH="11" VPOS="1159" HPOS="775"/>
							<String ID="string_246" HPOS="786" VPOS="1160" WIDTH="46" HEIGHT="29" WC="0.96" CONTENT="dag"/><SP WIDTH="11" VPOS="1160" HPOS="832"/>
							<String ID="string_247" HPOS="843" VPOS="1163" WIDTH="24" HEIGHT="18" WC="0.93" CONTENT="är"/><SP WIDTH="10" VPOS="1163" HPOS="867"/>
							<String ID="string_248" HPOS="877" VPOS="1161" WIDTH="63" HEIGHT="28" WC="0.92" CONTENT="helg-"/>
						</TextLine>
						<TextLine ID="line_30" HPOS="180" VPOS="1195" WIDTH="759" HEIGHT="28">
							<String ID="string_249" HPOS="180" VPOS="1195" WIDTH="53" HEIGHT="22" WC="0.93" CONTENT="eller"/><SP WIDTH="15" VPOS="1195" HPOS="233"/>
							<String ID="string_250" HPOS="248" VPOS="1195" WIDTH="138" HEIGHT="28" WC="0.93" CONTENT="söcknedag,"/><SP WIDTH="15" VPOS="1195" HPOS="386"/>
							<String ID="string_251" HPOS="401" VPOS="1202" WIDTH="55" HEIGHT="15" WC="0.96" CONTENT="vore"/><SP WIDTH="15" VPOS="1202" HPOS="456"/>
							<String ID="string_252" HPOS="471" VPOS="1195" WIDTH="76" HEIGHT="21" WC="0.96" CONTENT="arbete"/><SP WIDTH="15" VPOS="1195" HPOS="547"/>
							<String ID="string_253" HPOS="562" VPOS="1195" WIDTH="71" HEIGHT="21" WC="0.96" CONTENT="likväl"/><SP WIDTH="11" VPOS="1195" HPOS="633"/>
							<String ID="string_254" HPOS="644" VPOS="1195" WIDTH="88" HEIGHT="25" WC="0.96" CONTENT="tillåtet,"/><SP WIDTH="12" VPOS="1195" HPOS="732"/>
							<String ID="string_255" HPOS="744" VPOS="1195" WIDTH="43" HEIGHT="22" WC="0.97" CONTENT="och"/><SP WIDTH="10" VPOS="1195" HPOS="787"/>
							<String ID="string_256" HPOS="797" VPOS="1195" WIDTH="72" HEIGHT="22" WC="0.93" CONTENT="likaså"/><SP WIDTH="10" VPOS="1195" HPOS="869"/>
							<String ID="string_257" HPOS="879" VPOS="1196" WIDTH="60" HEIGHT="21" WC="0.91" CONTENT="med-"/>
						</TextLine>
						<TextLine ID="line_31" HPOS="180" VPOS="1229" WIDTH="760" HEIGHT="29">
							<String ID="string_258" HPOS="180" VPOS="1229" WIDTH="73" HEIGHT="29" WC="0.91" CONTENT="gifver"/><SP WIDTH="22" VPOS="1229" HPOS="253"/>
							<String ID="string_259" HPOS="275" VPOS="1229" WIDTH="261" HEIGHT="29" WC="0.91" CONTENT="författningsförslaget"/><SP WIDTH="20" VPOS="1229" HPOS="536"/>
							<String ID="string_260" HPOS="556" VPOS="1229" WIDTH="130" HEIGHT="22" WC="0.96" CONTENT="nattarbete"/><SP WIDTH="16" VPOS="1229" HPOS="686"/>
							<String ID="string_261" HPOS="702" VPOS="1229" WIDTH="51" HEIGHT="22" WC="0.96" CONTENT="med"/><SP WIDTH="15" VPOS="1229" HPOS="753"/>
							<String ID="string_262" HPOS="768" VPOS="1229" WIDTH="172" HEIGHT="23" WC="0.96" CONTENT="vederbörande"/>
						</TextLine>
						<TextLine ID="line_32" HPOS="179" VPOS="1263" WIDTH="760" HEIGHT="30">
							<String ID="string_263" HPOS="179" VPOS="1264" WIDTH="195" HEIGHT="29" WC="0.91" CONTENT="ortsmyndighets"/><SP WIDTH="22" VPOS="1264" HPOS="374"/>
							<String ID="string_264" HPOS="396" VPOS="1263" WIDTH="102" HEIGHT="22" WC="0.96" CONTENT="tillstånd"/><SP WIDTH="24" VPOS="1263" HPOS="498"/>
							<String ID="string_265" HPOS="522" VPOS="1263" WIDTH="73" HEIGHT="22" WC="0.96" CONTENT="under"/><SP WIDTH="19" VPOS="1263" HPOS="595"/>
							<String ID="string_266" HPOS="614" VPOS="1263" WIDTH="70" HEIGHT="29" WC="0.96" CONTENT="högst"/><SP WIDTH="15" VPOS="1263" HPOS="684"/>
							<String ID="string_267" HPOS="699" VPOS="1265" WIDTH="27" HEIGHT="20" WC="0.96" CONTENT="25"/><SP WIDTH="16" VPOS="1265" HPOS="726"/>
							<String ID="string_268" HPOS="742" VPOS="1266" WIDTH="75" HEIGHT="19" WC="0.96" CONTENT="nätter"/><SP WIDTH="16" VPOS="1266" HPOS="817"/>
							<String ID="string_269" HPOS="833" VPOS="1271" WIDTH="36" HEIGHT="15" WC="0.96" CONTENT="om"/><SP WIDTH="16" VPOS="1271" HPOS="869"/>
							<String ID="string_270" HPOS="885" VPOS="1266" WIDTH="54" HEIGHT="21" WC="0.96" CONTENT="året."/>
						</TextLine>
						<TextLine ID="line_33" HPOS="178" VPOS="1297" WIDTH="762" HEIGHT="29">
							<String ID="string_271" HPOS="178" VPOS="1298" WIDTH="146" HEIGHT="22" WC="0.92" CONTENT="Arbetstiden"/><SP WIDTH="20" VPOS="1298" HPOS="324"/>
							<String ID="string_272" HPOS="344" VPOS="1298" WIDTH="72" HEIGHT="22" WC="0.96" CONTENT="under"/><SP WIDTH="20" VPOS="1298" HPOS="416"/>
							<String ID="string_273" HPOS="436" VPOS="1300" WIDTH="32" HEIGHT="19" WC="0.96" CONTENT="ett"/><SP WIDTH="14" VPOS="1300" HPOS="468"/>
							<String ID="string_274" HPOS="482" VPOS="1298" WIDTH="44" HEIGHT="21" WC="0.96" CONTENT="och"/><SP WIDTH="15" VPOS="1298" HPOS="526"/>
							<String ID="string_275" HPOS="541" VPOS="1305" WIDTH="86" HEIGHT="14" WC="0.95" CONTENT="samma"/><SP WIDTH="17" VPOS="1305" HPOS="627"/>
							<String ID="string_276" HPOS="644" VPOS="1297" WIDTH="64" HEIGHT="29" WC="0.96" CONTENT="dygn"/><SP WIDTH="14" VPOS="1297" HPOS="708"/>
							<String ID="string_277" HPOS="722" VPOS="1297" WIDTH="62" HEIGHT="29" WC="0.96" CONTENT="finge"/><SP WIDTH="14" VPOS="1297" HPOS="784"/>
							<String ID="string_278" HPOS="798" VPOS="1298" WIDTH="52" HEIGHT="22" WC="0.93" CONTENT="icke"/><SP WIDTH="16" VPOS="1298" HPOS="850"/>
							<String ID="string_279" HPOS="866" VPOS="1299" WIDTH="74" HEIGHT="22" WC="0.92" CONTENT="öfver-"/>
						</TextLine>
						<TextLine ID="line_34" HPOS="179" VPOS="1332" WIDTH="761" HEIGHT="29">
							<String ID="string_280" HPOS="179" VPOS="1333" WIDTH="59" HEIGHT="28" WC="0.96" CONTENT="stiga"/><SP WIDTH="16" VPOS="1333" HPOS="238"/>
							<String ID="string_281" HPOS="254" VPOS="1335" WIDTH="26" HEIGHT="19" WC="0.96" CONTENT="12"/><SP WIDTH="15" VPOS="1335" HPOS="280"/>
							<String ID="string_282" HPOS="295" VPOS="1333" WIDTH="97" HEIGHT="25" WC="0.95" CONTENT="timmar,"/><SP WIDTH="17" VPOS="1333" HPOS="392"/>
							<String ID="string_283" HPOS="409" VPOS="1332" WIDTH="115" HEIGHT="29" WC="0.93" CONTENT="tillfälliga"/><SP WIDTH="20" VPOS="1332" HPOS="524"/>
							<String ID="string_284" HPOS="544" VPOS="1332" WIDTH="90" HEIGHT="22" WC="0.92" CONTENT="afbrott"/><SP WIDTH="15" VPOS="1332" HPOS="634"/>
							<String ID="string_285" HPOS="649" VPOS="1332" WIDTH="8" HEIGHT="21" WC="0.96" CONTENT="i"/><SP WIDTH="15" VPOS="1332" HPOS="657"/>
							<String ID="string_286" HPOS="672" VPOS="1332" WIDTH="93" HEIGHT="26" WC="0.96" CONTENT="arbetet,"/><SP WIDTH="15" VPOS="1332" HPOS="765"/>
							<String ID="string_287" HPOS="780" VPOS="1340" WIDTH="53" HEIGHT="14" WC="0.96" CONTENT="men"/><SP WIDTH="16" VPOS="1340" HPOS="833"/>
							<String ID="string_288" HPOS="849" VPOS="1333" WIDTH="20" HEIGHT="28" WC="0.93" CONTENT="ej"/><SP WIDTH="17" VPOS="1333" HPOS="869"/>
							<String ID="string_289" HPOS="886" VPOS="1333" WIDTH="54" HEIGHT="22" WC="0.92" CONTENT="mål-"/>
						</TextLine>
						<TextLine ID="line_35" HPOS="179" VPOS="1366" WIDTH="760" HEIGHT="30">
							<String ID="string_290" HPOS="179" VPOS="1368" WIDTH="117" HEIGHT="21" WC="0.92" CONTENT="tidsraster"/><SP WIDTH="15" VPOS="1368" HPOS="296"/>
							<String ID="string_291" HPOS="311" VPOS="1367" WIDTH="49" HEIGHT="22" WC="0.96" CONTENT="däri"/><SP WIDTH="18" VPOS="1367" HPOS="360"/>
							<String ID="string_292" HPOS="378" VPOS="1367" WIDTH="133" HEIGHT="22" WC="0.96" CONTENT="inräknade."/><SP WIDTH="31" VPOS="1367" HPOS="511"/>
							<String ID="string_293" HPOS="542" VPOS="1366" WIDTH="50" HEIGHT="22" WC="0.96" CONTENT="Och"/><SP WIDTH="15" VPOS="1366" HPOS="592"/>
							<String ID="string_294" HPOS="607" VPOS="1368" WIDTH="30" HEIGHT="27" WC="0.96" CONTENT="på"/><SP WIDTH="15" VPOS="1368" HPOS="637"/>
							<String ID="string_295" HPOS="652" VPOS="1367" WIDTH="37" HEIGHT="21" WC="0.96" CONTENT="det"/><SP WIDTH="17" VPOS="1367" HPOS="689"/>
							<String ID="string_296" HPOS="706" VPOS="1369" WIDTH="32" HEIGHT="19" WC="0.96" CONTENT="att"/><SP WIDTH="16" VPOS="1369" HPOS="738"/>
							<String ID="string_297" HPOS="754" VPOS="1367" WIDTH="65" HEIGHT="22" WC="0.93" CONTENT="dessa"/><SP WIDTH="15" VPOS="1367" HPOS="819"/>
							<String ID="string_298" HPOS="834" VPOS="1368" WIDTH="105" HEIGHT="28" WC="0.91" CONTENT="stadgan-"/>
						</TextLine>
						<TextLine ID="line_36" HPOS="180" VPOS="1401" WIDTH="760" HEIGHT="29">
							<String ID="string_299" HPOS="180" VPOS="1402" WIDTH="44" HEIGHT="22" WC="0.96" CONTENT="den"/><SP WIDTH="22" VPOS="1402" HPOS="224"/>
							<String ID="string_300" HPOS="246" VPOS="1402" WIDTH="50" HEIGHT="22" WC="0.96" CONTENT="icke"/><SP WIDTH="22" VPOS="1402" HPOS="296"/>
							<String ID="string_301" HPOS="318" VPOS="1403" WIDTH="71" HEIGHT="21" WC="0.93" CONTENT="måtte"/><SP WIDTH="22" VPOS="1403" HPOS="389"/>
							<String ID="string_302" HPOS="411" VPOS="1401" WIDTH="106" HEIGHT="22" WC="0.92" CONTENT="illuderas"/><SP WIDTH="30" VPOS="1401" HPOS="517"/>
							<String ID="string_303" HPOS="547" VPOS="1402" WIDTH="83" HEIGHT="28" WC="0.52" CONTENT="genb6m"/><SP WIDTH="25" VPOS="1402" HPOS="630"/>
							<String ID="string_304" HPOS="655" VPOS="1401" WIDTH="55" HEIGHT="22" WC="0.92" CONTENT="aftal"/><SP WIDTH="26" VPOS="1401" HPOS="710"/>
							<String ID="string_305" HPOS="736" VPOS="1402" WIDTH="95" HEIGHT="22" WC="0.93" CONTENT="emellan"/><SP WIDTH="25" VPOS="1402" HPOS="831"/>
							<String ID="string_306" HPOS="856" VPOS="1402" WIDTH="84" HEIGHT="22" WC="0.91" CONTENT="arbets-"/>
						</TextLine>
						<TextLine ID="line_37" HPOS="180" VPOS="1435" WIDTH="760" HEIGHT="30">
							<String ID="string_307" HPOS="180" VPOS="1436" WIDTH="88" HEIGHT="29" WC="0.92" CONTENT="gifvare"/><SP WIDTH="18" VPOS="1436" HPOS="268"/>
							<String ID="string_308" HPOS="286" VPOS="1436" WIDTH="41" HEIGHT="22" WC="0.96" CONTENT="och"/><SP WIDTH="17" VPOS="1436" HPOS="327"/>
							<String ID="string_309" HPOS="344" VPOS="1436" WIDTH="102" HEIGHT="22" WC="0.96" CONTENT="arbetare"/><SP WIDTH="16" VPOS="1436" HPOS="446"/>
							<String ID="string_310" HPOS="462" VPOS="1442" WIDTH="37" HEIGHT="15" WC="0.93" CONTENT="om"/><SP WIDTH="15" VPOS="1442" HPOS="499"/>
							<String ID="string_311" HPOS="514" VPOS="1435" WIDTH="142" HEIGHT="23" WC="0.92" CONTENT="förrättande"/><SP WIDTH="16" VPOS="1435" HPOS="656"/>
							<String ID="string_312" HPOS="672" VPOS="1436" WIDTH="26" HEIGHT="22" WC="0.96" CONTENT="af"/><SP WIDTH="14" VPOS="1436" HPOS="698"/>
							<String ID="string_313" HPOS="712" VPOS="1436" WIDTH="75" HEIGHT="22" WC="0.96" CONTENT="arbete"/><SP WIDTH="15" VPOS="1436" HPOS="787"/>
							<String ID="string_314" HPOS="802" VPOS="1436" WIDTH="73" HEIGHT="22" WC="0.96" CONTENT="under"/><SP WIDTH="15" VPOS="1436" HPOS="875"/>
							<String ID="string_315" HPOS="890" VPOS="1436" WIDTH="50" HEIGHT="22" WC="0.96" CONTENT="icke"/>
						</TextLine>
					</TextBlock>
					<TextBlock ID="block_3" HPOS="247" VPOS="1476" WIDTH="479" HEIGHT="24">
						<TextLine ID="line_38" HPOS="247" VPOS="1476" WIDTH="479" HEIGHT="24">
							<String ID="string_316" HPOS="247" VPOS="1476" WIDTH="48" HEIGHT="24" WC="0.84" CONTENT="Lag-"/><SP WIDTH="12" VPOS="1476" HPOS="295"/>
							<String ID="string_317" HPOS="307" VPOS="1476" WIDTH="32" HEIGHT="19" WC="0.93" CONTENT="och"/><SP WIDTH="11" VPOS="1476" HPOS="339"/>
							<String ID="string_318" HPOS="350" VPOS="1476" WIDTH="175" HEIGHT="18" WC="0.92" CONTENT="ekonomiutskottets"/><SP WIDTH="12" VPOS="1476" HPOS="525"/>
							<String ID="string_319" HPOS="537" VPOS="1476" WIDTH="111" HEIGHT="18" WC="0.96" CONTENT="betänkande"/><SP WIDTH="12" VPOS="1476" HPOS="648"/>
							<String ID="string_320" HPOS="660" VPOS="1476" WIDTH="36" HEIGHT="18" WC="0.96" CONTENT="N:o"/><SP WIDTH="12" VPOS="1476" HPOS="696"/>
							<String ID="string_321" HPOS="708" VPOS="1477" WIDTH="18" HEIGHT="17" WC="0.96" CONTENT="2."/>
						</TextLine>
					</TextBlock>
				</ComposedBlock>
			</PrintSpace>
		</Page>
	</Layout>
</alto>
