1114 1767
220 860 7 11 -

264 124 13 19 19

574 118 40 21 N:o
632 119 25 20 14

378 188 55 26 bete,
449 190 57 19 samt
521 189 34 19 att
569 187 34 21 för
618 187 124 21 densamma
757 186 70 22 under
842 186 70 27 sagda
922 186 79 21 finans-

378 222 74 27 period
469 221 103 27 anslagits
591 222 110 25 1,000,000
717 221 69 25 mark,
802 220 112 22 äfvensom

447 258 33 19 att
499 255 33 21 för
551 255 141 21 förenämnda
706 254 82 22 banors
803 254 135 28 beläggande
954 255 47 21 med

378 291 74 21 arbete
476 289 119 28 uppställes
615 289 70 21 säsom
707 289 69 21 vilkor
792 290 33 20 att
840 289 161 21 vederbörande

378 326 127 20 kommuner
520 324 51 21 eller
587 323 97 22 enskilda
699 330 105 20 personer
815 324 6 20 i
832 323 77 27 förväg
919 324 83 21 utfästa

379 359 32 28 sig
426 361 33 19 att
475 364 92 16 ansvara
582 358 33 21 för
631 358 36 21 det
681 358 86 27 belopp,
779 358 103 21 hvarmed
890 358 111 27 jordlösen

379 394 38 21 och
445 393 121 27 ersättning
593 393 32 20 för
653 392 22 21 af
693 392 145 27 jernvägarne
860 392 142 22 förorsakade

380 428 138 27 olägenheter
534 428 41 20 kan
592 428 84 20 komma
687 429 33 19 att
731 426 141 28 öfverskrida,
883 427 56 21 hvad
954 427 48 27 Sty-

379 462 68 22 relsen
465 463 28 26 pä
508 462 70 27 grund
595 461 22 21 af
626 461 92 21 särskild
729 462 115 26 värdering
855 462 6 20 i
873 461 87 21 anfördt
971 462 31 20 af-

380 496 79 22 seende
473 496 87 27 pröfvat
575 496 85 26 skäligt.

308 544 62 21 Hans
385 542 104 27 Majestät
505 542 103 27 Kejsaren
620 542 45 25 har,
677 542 34 20 vid
722 542 68 20 skedd
801 542 136 27 underdänig
946 542 56 21 före-

239 578 108 28 dragning
364 576 22 22 af
398 576 133 22 Ständernas
546 576 126 21 förberörda
687 575 165 28 framställning,
865 576 41 21 den
920 578 24 19 16
956 577 45 27 (29)

238 618 58 16 mars
323 613 53 20 1901
402 611 71 21 täckts
493 611 6 20 i
526 610 67 21 näder
611 610 108 21 fastställa
742 610 69 27 öfriga
826 610 48 21 däri
890 612 113 25 upptagna

239 647 77 25 beslut,
339 648 61 19 utom
415 646 7 20 i
437 644 61 28 fråga
517 651 34 15 om
567 644 120 27 beviljande
705 644 33 21 för
754 644 174 28 finansperioden
949 646 49 20 1901

239 683 85 20 —1904
344 680 24 22 af
384 680 48 21 hela
452 679 98 27 anslaget
568 679 33 21 för
619 679 196 27 Iisalmi-Kajana
832 679 102 27 jernvägs
951 680 51 26 byg-

239 716 77 28 gande,
328 716 6 20 i
347 715 37 21 det
398 714 61 22 Hans
475 714 102 27 Majestät
588 714 71 21 täckts
671 714 6 20 i
690 714 67 21 näder
767 714 111 26 förordna,
890 716 33 19 att
933 714 70 21 under

239 751 68 27 sagda
317 749 149 27 finansperiod
478 749 35 20 mä
523 748 34 21 för
566 748 80 22 sådant
657 748 100 21 ändamål
769 748 111 22 användas
892 750 111 26 1,600,000

240 785 39 21 och
302 784 48 22 icke
369 784 114 26 5,400,000
503 782 61 22 mark
583 783 70 20 säsom
674 782 123 22 Ständerna
815 783 118 27 föreslagit.
963 784 40 20 Till

239 818 139 28 fallgörande
394 817 23 22 af
431 818 72 20 denna
518 817 79 27 nädiga
611 816 117 28 befallning
743 817 40 21 har
794 817 94 22 Senaten
900 818 103 21 anmodat

240 850 172 30 Öfverstyrelsen
427 852 35 21 för
475 854 50 25 väg-
536 851 39 22 och
585 851 230 27 vattenbyggnaderna
824 852 7 21 i
842 852 81 26 landet,
934 852 70 22 under

240 888 64 22 hvars
328 887 89 27 ledning
436 886 258 27 jernvägsbyggnaderna
716 886 91 27 utföras,
833 888 34 20 att
886 887 18 27 ej
921 887 83 22 mindre

240 922 120 22 verkställa
376 921 127 27 fullständig
517 920 162 27 undersökning
695 920 23 22 af
731 920 68 28 sagda
814 921 70 21 banor
896 921 39 21 och
949 928 54 21 upp-

241 959 54 25 göra
306 956 70 26 derpä
386 955 113 28 grundade
510 955 131 27 detaljerade
657 955 186 27 kostnadsförslag
850 956 67 26 jemte
928 956 75 27 detalj-

240 991 110 27 ritningar
368 992 27 20 än
412 990 40 22 ock
467 990 110 21 inkomma
591 990 48 20 med
656 989 108 22 desamma
780 990 39 21 och
834 990 81 28 förslag
930 990 32 22 till
978 991 26 21 de

241 1026 111 27 ätgärder,
368 1030 46 16 som
429 1024 34 21 för
477 1024 94 22 nämnda
584 1024 178 27 banbyggnaders
773 1024 116 22 utförande
900 1025 104 22 befunnes

241 1060 86 28 nödiga.

311 1093 80 27 Slutlig
414 1093 163 27 undersökning
600 1092 22 22 af
644 1093 64 27 linjen
731 1092 194 29 Iisalmi
825 1088 10 37 -
843 1092 81 29 Kajana
943 1095 61 21 verk-

242 1129 81 22 stäldes
347 1134 121 15 sommaren
494 1128 61 23 1901,
571 1127 54 21 efter
648 1127 37 22 det
704 1128 196 28 ortsbefolkningen
921 1129 35 21 vid
971 1129 33 21 för

242 1162 125 24 ändamålet
390 1162 73 22 hållna
483 1164 105 19 stämmor
610 1162 92 22 lemnats
725 1162 82 22 tillfälle
823 1165 33 19 att
872 1164 70 21 uttala
956 1164 49 21 sina

242 1196 163 28 önskningsmål
424 1196 134 22 beträffande
577 1196 84 22 banans
677 1197 125 27 sträckning
816 1200 58 19 samt
889 1198 116 22 stationer-

243 1239 39 16 nas
298 1232 39 22 och
353 1231 183 27 haltpunkternas
547 1231 116 27 placering.
686 1231 40 21 Vid
738 1232 217 28 undersökningarna
965 1232 41 22 har

243 1268 101 21 beaktats
364 1265 135 22 Ständernas
515 1266 160 26 önskningsmål
693 1267 33 20 att
742 1266 149 22 åstadkomma
907 1273 25 15 en
945 1268 60 26 jern-

243 1304 41 25 väg
303 1301 49 21 med
370 1300 223 27 maximalstigningar
612 1300 23 21 af
652 1301 31 20 12:
702 1301 53 20 1000
771 1302 57 20 emot
844 1301 91 27 tidigare
950 1301 55 22 före-

243 1337 75 27 slagna
341 1336 35 20 20:
402 1336 54 20 1000
472 1334 39 22 och
528 1335 167 21 minimalradier
711 1335 32 21 för
758 1335 111 21 kurvorna
884 1336 23 21 af
920 1337 41 20 400
977 1343 28 15 m.

244 1373 44 19 mot
311 1370 42 21 300
377 1376 27 15 m.
426 1371 58 20 samt
505 1369 104 27 förslaget
632 1369 114 27 uppgjorts
761 1370 7 20 i
784 1369 222 23 öfverensstämmelse

243 1404 96 23 härmed.
370 1404 133 27 Härigenom
524 1403 63 22 hafva
603 1404 154 26 jordarbetena
779 1404 63 22 ökats
857 1404 85 22 utöfver
958 1405 26 21 de
999 1406 7 20 i

244 1441 37 20 det
303 1439 60 21 förat
385 1439 33 21 för
441 1439 71 21 banan
532 1438 123 28 uppgjorda
674 1438 102 28 förslaget
798 1439 130 27 beräknade,
945 1440 61 21 hvar-
