1073 1689
294 93 84 24 Ständ.
394 93 39 23 Sv.
450 106 27 4 —
493 94 74 27 Prop.
584 93 43 23 N:o
643 93 36 24 12.
855 96 12 20 9

176 166 47 21 Vid
248 165 191 29 granskningen
465 164 25 22 af
514 164 122 29 förslaget
659 165 134 29 angående
812 171 55 22 pro-

107 200 106 23 visionel
244 199 128 29 reglering
403 199 25 21 af
458 198 285 30 bevillningsbudgeten
773 199 40 22 för
839 199 29 22 år

108 235 66 22 1905
194 235 46 21 har
261 233 155 22 Ständernas
437 232 166 23 Statsutskott
621 233 95 22 saknat
737 233 131 29 möjlighet

108 270 36 21 att
171 268 115 23 beräkna
313 267 165 22 statsverkets
506 267 127 22 ordinarie
659 267 138 30 tillgångar
821 268 46 22 och

106 303 105 29 utgifter
241 302 81 23 under
352 301 79 29 sagda
462 301 28 22 år
518 301 45 22 och
593 303 36 20 att
657 302 33 28 på
719 302 80 22 sådan
828 302 40 22 be-

106 337 110 29 räkning
250 336 100 29 grunda
384 336 42 22 sitt
459 335 130 22 utlåtande
623 336 7 21 i
667 336 69 22 detta
765 337 101 22 ärende.

109 371 143 24 Ständerna
266 371 78 22 hafva
357 370 86 22 därför
459 370 109 29 nödgats
581 370 130 23 behandla
724 371 69 22 detta
805 371 62 22 bud-

107 406 138 30 getärende
268 407 61 19 utan
349 405 79 21 sådan
450 404 117 22 finansiel
585 405 146 29 utredning,
753 411 52 15 som
824 412 43 15 un-

108 441 45 22 der
171 439 114 23 normala
303 438 177 22 förhållanden
502 438 88 29 lägges
609 438 38 22 till
667 439 82 29 grund
769 439 39 22 för
827 439 41 23 be-

108 475 50 22 slut
177 474 132 29 angående
328 473 147 29 bevillning.
505 472 134 23 Gentemot
658 474 32 21 de
709 474 74 21 häraf
795 474 72 22 fram-

108 509 100 22 kallade
222 508 236 28 betänkligheterna
476 508 77 21 hafva
569 507 145 23 Ständerna
727 508 64 22 dock
805 509 63 28 tagit

108 544 7 22 i
134 542 174 26 betraktande,
334 544 36 20 att
394 542 42 22 det
455 542 6 21 i
480 542 171 22 förevarande
678 542 189 29 undantagsfall

108 578 54 22 icke
181 578 79 28 gäller
280 578 35 20 att
334 577 88 21 anvisa
441 583 50 21 nya
509 576 88 29 anslag
611 576 62 22 eller
686 577 117 22 anskaffa
816 584 51 21 nya

108 612 144 29 tillgångar,
270 613 62 20 utan
352 611 88 22 endast
460 612 36 20 att
509 611 167 28 provisionelt
689 611 116 29 förlänga
824 612 44 28 gil-

109 647 111 29 tigheten
246 646 26 22 af
296 646 31 22 de
346 646 43 21 vid
408 646 100 21 senaste
527 645 124 29 landtdag
670 646 96 22 fattade
785 646 83 22 beslut

108 681 109 23 rörande
237 680 111 28 anslags-
367 680 46 22 och
432 680 248 29 bevillningsfrågor.

180 715 142 23 Ständerna
341 714 77 22 hafva
438 714 137 22 emellertid
593 714 55 22 icke
667 714 98 23 kunnat
777 715 90 22 under-

108 750 51 22 låta
174 751 35 21 att
222 756 64 22 egna
302 749 126 28 allvarligt
440 748 193 29 öfvervägande
643 749 95 29 jämväl
749 750 25 21 åt
784 756 30 15 en
826 756 41 15 an-

109 792 50 15 nan
172 784 74 29 fråga
260 784 25 22 af
297 790 69 15 mera
380 783 154 22 omfattande
545 783 132 29 betydelse
687 784 32 21 än
730 784 49 22 den
790 784 77 22 ofvan

109 819 117 25 berörda,
246 818 126 29 nämligen
385 818 92 28 frågan
488 818 128 22 huruvida
628 818 143 22 Ständerna
781 818 87 22 kunna

110 854 46 22 och
174 853 62 22 böra
256 852 137 23 medverka
415 852 35 22 till
474 852 85 28 någon
581 852 226 30 budgetreglering
829 853 39 22 för

109 889 88 28 längre
210 888 60 21 eller
283 887 102 22 kortare
398 887 44 25 tid,
456 887 76 21 innan
548 887 97 22 visshet
658 887 112 22 erhållits
780 888 87 21 därom

111 924 35 21 att
164 922 191 29 grundlagarna
374 922 54 21 åter
447 921 77 28 tagits
543 921 36 22 till
595 922 142 21 rättesnöre
750 922 7 21 i
770 922 98 21 landets

110 956 112 30 styrelse.
259 956 35 22 På
319 955 205 29 lagstiftningens
549 955 104 22 område
676 956 47 21 har
741 956 48 22 den
809 955 60 23 kon-

111 991 162 22 stitutionella
301 990 141 29 ordningen
468 989 84 23 blifvit
578 990 8 21 i
615 992 52 20 stor
694 991 176 28 utsträckning

111 1026 129 23 åsidosatt.
278 1025 40 22 En
346 1024 151 23 återverkan
522 1024 74 22 häraf
615 1025 33 28 på
667 1025 42 22 det
727 1025 142 22 finansiella

110 1060 115 23 området
251 1059 47 22 har
325 1059 21 28 ej
373 1058 133 27 uteblifvit,
524 1059 33 28 på
585 1059 51 22 sätt
661 1059 113 29 framgår
792 1059 77 22 bland

112 1096 76 21 annat
213 1094 25 22 af
266 1094 49 22 den
341 1093 99 30 åtgärd,
461 1100 53 15 som
534 1093 7 22 i
559 1093 71 22 förra
649 1094 73 22 delen
743 1093 24 22 af
785 1094 84 22 denna

111 1128 176 29 underdåniga
306 1128 134 22 skrifvelse
458 1127 174 29 skärskådats,
648 1129 46 21 och
714 1128 25 22 af
757 1128 42 22 det
817 1128 53 22 fak-

112 1166 59 25 tum,
192 1165 35 20 att
246 1165 34 20 ett
294 1163 74 28 årligt
387 1163 90 28 anslag
490 1162 129 29 (omkring
633 1160 30 34 ?/,
678 1163 94 22 million
788 1163 82 28 mark)

111 1198 117 29 uppförts
255 1197 33 29 på
313 1197 99 22 landets
438 1197 97 29 budget
559 1197 40 22 för
623 1197 160 22 underhållet
801 1197 25 22 af
839 1204 31 15 en

111 1233 61 29 rysk
186 1231 178 30 gendarmkår,
384 1231 104 23 hvilken
512 1231 54 22 icke
588 1232 112 29 lagligen
719 1232 50 22 kan
788 1231 82 23 ombe-

113 1270 51 20 tros
188 1267 56 22 med
270 1266 256 29 tjensteverksamhet
544 1266 8 22 i
570 1266 108 22 Finland
705 1267 46 22 och
769 1266 54 22 icke
843 1267 28 21 är

112 1301 113 29 behöflig
248 1301 40 22 för
310 1301 156 28 ordningens
486 1301 224 28 upprätthållande
729 1301 140 22 härstädes.

181 1336 48 22 Vid
248 1335 73 23 sidan
350 1335 26 22 af
401 1335 31 22 de
458 1335 63 26 skäl,
549 1341 53 16 som
621 1335 108 22 sålunda
748 1336 61 28 göra
830 1335 42 22 det

113 1371 177 28 tvifvelaktigt,
311 1370 127 22 huruvida
466 1369 80 29 något
571 1370 140 22 anvisande
737 1370 25 22 af
786 1369 86 23 bevill-

113 1405 157 29 ningsmedel
288 1404 82 22 under
388 1404 151 22 nuvarande
557 1404 120 29 politiska
695 1404 176 23 förhållanden
