1109 1773
265 139 27 22 12
573 138 40 21 N:o
630 138 26 21 17

592 207 13 21 6
620 208 19 25 8.

304 247 48 22 Vid
374 247 39 21 det
432 247 36 21 uti
482 246 191 29 nästföregäende
689 248 13 26 8
718 246 151 23 omförmälda
884 255 113 14 samman-

234 282 66 22 träde
319 289 45 21 ega
382 281 176 22 kommunernas
574 281 85 21 ombud
673 281 96 28 besluta,
784 281 114 22 huruvida
912 282 85 29 skjuts-

234 317 64 28 laget
314 316 61 21 skall
389 317 95 26 utgöras
499 314 26 22 af
538 317 70 19 annat
623 315 91 21 område
730 318 30 19 än
775 315 100 22 häradet.

304 351 113 21 Kommer
439 350 138 28 skjutslaget
599 351 34 20 att
656 349 96 22 omfatta
775 353 69 18 annat
859 351 91 21 område
967 354 28 19 än

235 393 29 14 en
285 385 118 27 kommun,
426 384 56 21 böra
505 384 114 21 ombuden
641 383 35 22 för
698 384 78 29 hvarje
799 385 36 20 till
858 385 138 28 skjutslaget

234 419 102 22 hörande
358 419 110 21 kommun
490 418 86 29 afgöra,
599 418 113 21 huruvida
733 419 177 22 kommunernas
929 420 67 21 andel

235 453 25 22 af
280 453 154 22 kostnaderna
456 452 36 22 för
514 452 185 29 skjutsväsendet
722 453 58 21 skall
802 453 58 22 efter
875 461 76 14 annan
966 457 29 19 än

234 488 45 21 den
294 488 8 21 i
318 487 29 22 26
358 489 13 25 &
382 487 110 28 stadgade
507 487 76 28 grund
597 487 165 21 kommunerna
777 488 98 21 emellan
889 487 105 30 fördelas,

235 524 60 20 samt
316 522 91 21 besluta
422 521 56 22 hvar
493 521 45 22 den
552 521 36 22 uti
603 521 27 22 17
645 523 13 26 &
674 522 137 21 omnämnda
826 529 170 21 gemensamma

233 556 233 22 kommunalstämma
482 555 59 22 skall
555 555 79 22 hållas.

591 625 47 27 78

303 665 65 22 Inom
396 665 78 22 trettio
500 665 72 28 dagar
594 665 58 21 efter
674 665 178 22 sammanträdet
874 666 59 21 skall
956 666 38 22 det

233 700 81 21 dervid
329 699 130 28 uppgjorda
474 699 112 28 förslaget
600 699 70 28 jemte
685 700 37 21 till
733 699 69 22 saken
812 700 100 21 hörande
922 701 72 21 hand-

235 735 76 28 lingar
333 734 38 21 till
393 737 144 25 guvernören
559 733 113 22 insändas.
702 734 66 21 Inom
790 741 87 15 samma
899 735 34 21 tid
951 743 43 21 ega

231 769 88 28 jemväl
342 768 165 22 kommunerna
530 767 53 23 med
605 767 117 29 skriftliga
740 768 178 29 anmärkningar
933 772 61 19 emot

233 803 113 28 förslaget
366 802 38 22 till
423 805 146 25 guvernören
583 802 123 22 inkomma.
736 802 150 22 Guvernören
900 803 94 28 pröfvar

234 838 128 21 sedermera
376 837 9 21 i
404 839 34 19 ett
457 837 165 28 sammanhang
637 836 84 29 frågan
731 844 37 14 om
779 837 215 29 skjutsanstalterna

234 872 44 22 och
306 871 222 29 skjutshållningens
551 871 117 22 ordnande
690 872 63 21 inom
774 872 52 21 hela
848 873 64 21 länet
934 875 60 19 samt

234 906 66 29 afgör
323 906 132 21 densamma
477 913 84 21 genom
583 907 83 27 utslag,
688 913 48 14 som
751 906 62 21 inom
827 907 79 21 trettio
923 907 71 29 dagar

234 941 57 22 efter
307 941 52 21 dess
374 940 136 22 utfärdande
525 941 59 21 skall
600 940 108 22 särskildt
718 940 112 29 delgifvas
841 941 79 29 hvarje
929 942 65 21 kom-

232 983 62 21 mun,
319 974 75 22 såvidt
416 975 102 28 utslaget
540 975 72 28 angår
630 975 40 21 det
685 975 119 28 skjutslag,
820 975 94 22 hvartill
929 977 63 21 kom-

233 1017 87 14 munen
334 1009 72 22 hörer.

590 1055 49 27 88.

302 1095 167 29 Skjutsanstalt
484 1095 36 22 får
534 1096 97 21 inrättas
646 1097 31 27 på
692 1097 31 20 all
737 1096 51 29 jord
803 1097 13 21 &
831 1097 83 22 landet.

301 1131 87 21 Kunna
404 1130 19 29 ej
440 1130 36 22 för
490 1130 162 29 skjutsanstalt
663 1131 115 28 behöfliga
788 1131 150 29 boningsrum
949 1133 43 21 och

232 1166 70 21 uthus
325 1165 134 22 annorledes
482 1165 104 28 erhällas,
609 1165 57 21 böra
688 1165 84 22 sädana
786 1173 85 20 genom
886 1167 106 28 skjutsla-

232 1202 52 26 gets
306 1199 90 28 försorg
420 1199 43 22 och
482 1199 72 22 under
569 1199 171 28 kronofogdens
755 1200 107 21 inseende
878 1201 114 28 uppföras.

232 1235 92 28 Egaren
347 1234 56 21 eller
424 1233 165 22 innehafvaren
610 1233 23 22 af
646 1233 81 29 jorden
741 1241 53 14 vare
809 1235 86 28 pligtig
911 1237 34 20 att
960 1235 32 22 af-

232 1270 36 20 stä
288 1268 78 22 dertill
381 1267 135 29 erforderlig
531 1269 71 27 mark,
617 1268 9 21 i
641 1268 103 29 enlighet
759 1269 51 21 med
825 1269 62 22 hvad
903 1277 36 14 om
954 1278 38 14 ex-

232 1302 143 29 propriation
390 1302 24 22 af
428 1302 46 22 fast
489 1303 113 28 egendom
618 1305 25 19 är
658 1303 112 28 stadgadt.

589 1371 67 28 98.

301 1412 162 22 Kostnaderna
484 1412 37 21 för
543 1412 121 21 inlösande
686 1412 23 21 af
730 1413 38 21 till
783 1413 160 28 skjutsanstalt
958 1422 34 14 er-

231 1447 111 28 forderlig
365 1448 65 20 mark
452 1447 43 22 och
517 1447 143 28 uppförande
684 1447 25 21 af
726 1447 74 23 derför
819 1448 115 29 behöfliga
949 1449 43 22 hus
