1109 1767
452 142 40 21 N:o
509 142 26 21 17
816 142 27 20 33

460 210 27 21 57
504 211 17 25 8.

182 250 89 21 Brister
294 251 145 26 entreprenör
462 250 55 20 eller
540 249 58 21 efter
620 249 58 21 hans
694 249 45 22 död
754 249 58 21 hans
828 249 44 21 arf-

112 285 84 28 vingar
215 285 8 20 i
239 283 135 28 åtagandets
390 283 110 28 behöriga
515 283 146 28 fullgörande
678 284 43 21 och
735 283 71 22 varda
821 283 28 21 de
867 283 4 20 i

113 319 58 28 följd
193 317 64 23 deraf
276 318 54 21 eller
346 317 23 22 af
384 325 74 14 annan
474 318 66 21 orsak
555 317 51 22 från
621 317 162 28 befattningen
799 317 74 22 antin-

113 361 47 20 gen
174 352 127 23 tillsvidare
316 353 54 20 eller
384 352 50 21 helt
449 352 42 21 och
506 352 71 21 hållet
593 352 91 28 skiljda,
695 359 53 14 vare
760 354 113 25 entrepre-

113 391 83 18 nörens
218 387 138 28 borgesmän
378 387 99 27 pligtige
500 388 34 19 att
557 387 29 27 på
601 386 128 28 tillsägelse
745 385 127 30 sysslandet

114 421 133 28 ombesörja.
276 421 78 21 Brista
373 420 67 22 äfven
456 420 64 21 desse
535 421 147 28 härutinnan,
699 421 65 27 skall,
780 421 39 20 der
834 428 39 13 an-

114 464 45 13 nan
182 463 82 21 person
286 455 50 21 icke
358 455 73 21 finnes
454 455 106 28 benägen
583 457 33 19 att
640 455 181 28 entreprenaden
843 456 30 27 på

115 491 110 28 stadgade
240 490 76 21 vilkor
331 489 124 28 öfvertaga,
471 489 171 22 vederbörande
653 489 218 22 kommunalnämnd

114 525 135 28 skyndsamt
271 524 55 28 foga
349 524 83 21 anstalt
456 531 43 20 om,
520 526 34 19 att
570 523 132 22 densamma
718 524 110 27 fullgöres
844 525 29 27 på

115 561 187 26 entreprenörens
326 558 42 21 och
386 558 56 21 hans
458 558 134 21 löftesmäns
607 558 135 21 bekostnad.
771 558 53 21 Kan
839 559 34 20 så-

115 593 55 22 dant
190 593 36 21 för
244 595 175 25 entrepenörens
438 592 43 21 och
498 592 57 21 hans
573 592 136 22 löftesmäns
724 592 146 21 medellöshet

115 629 56 20 eller
190 627 23 22 af
232 635 75 14 annan
330 627 65 22 orsak
413 627 51 21 icke
479 627 45 28 ske,
544 627 57 21 skall
618 627 126 28 åtagandet
762 627 111 28 fullgöras

115 663 30 27 på
160 662 169 22 vederbörande
345 661 191 29 skjutsskyldiges
552 662 134 21 bekostnad.

402 784 68 15 III
486 784 99 19 kap.

286 833 34 23 Om
336 834 92 21 inseende
443 834 53 21 öfver
511 833 193 27 skjutsanstalterna.

464 902 29 20 58
507 904 19 24 &.

185 942 174 22 Vederbörande
382 942 192 28 kronobetjening
596 943 30 27 på
649 942 77 21 landet
750 943 41 21 och
810 950 64 21 myn-

117 978 79 28 dighet
211 977 8 21 i
236 977 50 21 stad
309 977 88 27 åligger
420 979 33 19 att
476 981 116 23 noggrant
614 976 130 29 öfvervaka,
768 979 34 19 att
816 977 58 22 före-

117 1012 104 22 ståndare
244 1012 36 21 för
302 1011 159 29 skjutsanstalt
484 1012 44 21 och
550 1011 134 29 skjutsande
706 1012 100 28 fullgöra
826 1012 48 22 sina

117 1046 157 29 skyldigheter
288 1046 30 28 på
334 1048 32 18 ett
381 1046 98 21 trafiken
494 1045 213 22 tillfredsställande
718 1049 52 26 sätt,
782 1047 42 21 och
834 1047 41 21 bör

117 1082 8 20 i
141 1081 80 21 sådant
240 1080 105 22 afseende
361 1080 133 28 besigtning
510 1081 12 20 å
539 1080 160 28 skjutsanstalt
715 1080 34 22 tid
765 1081 57 21 efter
837 1089 38 13 an-

116 1122 46 15 nan
178 1115 113 21 anställas.

465 1166 27 21 59
508 1167 18 26 8.

186 1206 85 21 Finnes
286 1205 41 22 vid
342 1205 44 22 den
401 1205 142 28 besigtning,
560 1213 49 14 som
624 1205 6 21 i
647 1205 138 28 föregående
801 1208 13 25 8
830 1214 46 13 om-

117 1241 114 27 förmäles,
255 1241 55 20 eller
333 1240 65 28 eljest
416 1240 50 22 skäl
484 1240 37 21 till
536 1240 153 29 anmärkning
704 1243 62 20 emot
780 1241 96 28 gästgif-

118 1283 53 14 vare
192 1276 54 21 eller
265 1282 75 14 annan
359 1277 152 26 entreprenör,
531 1275 58 20 skall
605 1275 76 21 derom
697 1278 56 18 utan
768 1275 108 29 dröjsmål

118 1311 102 22 anmälas
234 1311 42 21 hos
291 1313 151 25 guvernören,
458 1317 55 21 som,
530 1310 8 21 i
552 1309 109 22 händelse
676 1310 125 24 förseelsen
816 1311 60 28 pröf-

118 1353 41 14 vas
180 1346 78 21 kunna
280 1345 53 21 med
354 1345 98 28 varning
473 1345 79 28 aflöpa,
570 1352 53 21 eger
639 1345 47 21 låta
700 1353 84 20 genom
799 1345 77 22 veder-

118 1380 100 22 börande
237 1379 143 29 kronofogde
400 1380 55 21 eller
471 1379 137 29 myndighet
623 1380 9 20 i
647 1380 51 21 stad
713 1380 104 22 meddela
833 1381 42 21 den

118 1415 91 21 felande
228 1415 104 28 varning.
361 1409 33 26 Är
413 1414 175 22 försummelsen
608 1414 24 21 af
645 1415 91 21 svårare
751 1415 126 21 beskaffen-

119 1449 45 28 het,
188 1450 54 20 eller
264 1449 41 21 har
328 1451 176 26 entreprenören
526 1449 51 21 icke
600 1449 50 21 låtit
675 1449 27 21 af
720 1449 98 28 varning
841 1449 36 28 sig
