1111 1753
339 112 21 21 U.
375 112 21 21 B.
412 124 24 4 —
454 112 58 27 Prop.
528 111 33 22 N:o
577 111 31 22 13.
817 113 13 20 3

96 182 57 22 börd
178 189 28 14 en
228 181 46 21 viss
296 180 150 28 uppfattning
471 179 81 22 vunnit
573 179 70 28 häfd;
671 179 38 22 vid
732 180 128 22 revisionen

96 216 74 29 gäller
192 216 39 21 det
254 214 28 22 dä
309 217 33 19 att
363 214 82 22 beakta
460 214 75 22 denna
549 213 61 22 häfd.
642 214 56 22 Men
713 214 29 22 dä
757 214 64 28 fräga
836 217 25 19 är

96 258 40 15 om
159 250 84 22 sädana
266 248 89 26 ställen,
378 248 118 28 angäende
518 248 79 22 hvilka
622 248 99 28 stridiga
742 248 120 29 meningar

98 284 142 23 fortfarande
262 283 129 26 förefinnas,
413 284 72 20 mäste
511 282 39 22 vid
571 282 205 23 revisionsarbetet
804 284 61 21 ställ-

97 319 58 29 ning
177 322 65 25 tagas
264 318 35 21 till
323 318 74 20 denna
419 316 192 29 meningsolikhet
637 317 45 21 och
699 319 77 27 nägon
793 317 23 22 af
834 318 28 21 de

98 353 96 28 stridiga
209 352 115 29 äsigterna
339 351 73 28 följas,
428 351 43 22 och
486 351 8 21 i
508 351 63 22 detta
586 351 41 21 fall
643 351 46 22 blir
709 352 44 21 den
768 352 8 21 i
786 350 82 30 språk-'

99 388 45 29 ligt
165 386 129 23 hänseende
318 386 119 28 företagna
460 385 127 22 revisionen
603 385 78 22 tillika
697 393 28 14 en
740 386 122 29 lagförkla-

99 423 58 28 ring,
174 421 92 23 hvilken
282 421 29 21 dä
327 420 70 22 borde
411 420 191 28 tillgodokomma
617 419 76 30 begge
712 421 149 28 lagtexterna.

169 456 45 23 Vid
236 455 171 29 granskningen
430 455 26 21 af
477 454 149 23 förevarande
650 454 87 29 förslag
751 455 37 21 till
802 455 60 22 finsk

100 494 51 19 text
172 491 36 22 för
223 489 143 30 kyrkolagen
380 489 42 22 har
436 489 120 22 Utskottet
571 489 79 21 funnit
666 489 125 28 anledning
806 489 57 22 före-

101 526 91 21 komma
206 525 36 21 till
256 523 103 29 följande
373 523 142 22 uttalanden.

170 559 41 22 Uti
224 559 42 22 223
282 559 14 28 &
310 559 93 28 stadgas
418 558 97 22 rörande
530 557 109 29 prestval,
656 558 73 28 enligt
744 558 44 22 den
799 565 64 15 sven-

98 595 45 22 ska
157 597 86 22 texten,
262 596 35 19 att
312 593 51 26 den,
379 600 49 15 som
443 595 25 19 är
482 592 153 22 fränvarande
649 600 55 14 men
719 593 35 21 sin
770 595 94 20 rösträtt

101 629 72 22 likväl
187 628 81 22 utöfva
284 627 48 26 vill,
348 630 24 19 är
387 627 130 28 berättigad
532 629 33 19 att
580 626 98 22 insända
695 627 113 28 ,skriftlig
818 627 46 22 val-

100 664 65 22 sedel
180 657 72 28 under
266 662 139 28 försegling"
423 661 55 22 eller
494 661 84 22 ombud
593 660 36 23 för
645 661 36 29 sig
695 661 71 22 ställa.
797 662 12 21 I
820 661 44 22 den

102 706 33 14 nu
149 697 107 29 gällande
270 697 75 21 finska
364 699 79 19 texten
457 696 41 21 har
514 696 44 21 den
573 696 102 21 citerade
690 696 67 22 delen
772 696 26 22 af
805 696 59 22 stad-

103 732 87 29 gandet
212 730 128 29 ätergifvits
355 730 54 22 med
425 730 70 22 orden
512 729 140 29 ,kirjallisen
668 730 124 29 vaalilipun
807 730 57 22 sine-

102 767 51 21 tillä
175 766 135 25 lukittuna*,
334 764 7 22 i
364 764 44 22 den
429 764 129 28 föreslagna
583 771 46 22 nya
657 767 82 19 texten
762 765 103 22 däremot

103 800 52 22 med
184 800 69 22 orden
287 816 4 9 ,
293 798 106 29 suljetun
438 798 146 29 =vaalilipun*.
637 798 78 22 Sedan
751 799 39 22 det
825 800 39 21 vid

104 834 145 28 brefvexling
280 833 77 22 blifvit
377 833 103 29 brukligt
502 835 34 20 att
557 833 98 22 tillsluta
675 833 112 29 omslaget
808 836 57 20 utan

103 868 151 24 användande
281 868 26 21 af
334 868 68 28 sigill,
432 868 41 21 har
494 867 65 29 fråga
593 870 107 26 uppstått
723 875 37 15 om
782 868 20 28 ej
827 868 39 22 vid

103 904 102 30 prestval
236 903 152 21 frånvarande
413 902 245 28 församlingsmedlem
687 902 62 28 finge
772 903 95 21 insända

102 939 38 22 sin
157 938 117 22 valsedel
264 933 15 37 i
292 937 94 29 omslag,
403 944 49 15 som
464 940 24 19 är
512 937 76 26 slutet,
604 944 53 14 men
673 937 20 28 ej
710 937 87 22 försedt
814 938 52 21 med

105 973 71 29 sigill;
185 972 43 22 och
236 972 40 22 har
285 974 33 19 ett
327 972 74 28 dylikt
408 971 132 22 förfarande
550 971 107 22 stundom
664 967 86 39 gillats,
764 979 37 15 men
814 972 8 21 i
829 980 37 14 an-

104 1008 43 22 dra
162 1007 42 25 fall
211 1009 49 19 åter
266 1006 148 22 underkänts.
430 1006 36 22 Då
477 1013 31 15 nu
516 1006 8 21 i
532 1006 43 21 den
585 1006 132 28 föreslagna
727 1014 45 21 nya
780 1008 85 26 texten,

105 1045 75 19 såsom
194 1044 98 23 nämnts,
308 1040 127 29 begagnats
452 1040 70 22 orden
546 1040 114 28 ,suljetun
675 1040 147 29 vaalilipun*,
842 1043 25 20 sä

105 1077 102 28 framgår
228 1075 68 22 häraf
316 1077 35 20 att
365 1082 53 15 man
433 1075 40 22 vid
488 1074 128 22 revisionen
631 1075 27 22 af
671 1077 80 20 texten
773 1075 95 22 anslutit

106 1111 37 28 sig
165 1111 35 22 till
222 1110 43 22 den
295 1109 101 29 mening,
419 1112 35 19 att
468 1117 55 21 nyss
538 1109 96 22 berörda
649 1109 133 22 förfarande
799 1109 68 22 borde

106 1146 142 29 godkännas.
277 1145 12 21 I
304 1144 103 29 enlighet
422 1144 94 22 härmed
531 1144 41 22 har
584 1144 87 28 jemväl
687 1144 8 21 i
709 1145 43 22 373
766 1144 21 29 S,
804 1144 64 22 hvari

108 1180 95 23 rörande
224 1179 38 22 val
284 1179 36 22 till
336 1179 184 22 återbesättande
535 1179 26 21 af
573 1178 185 29 biskopsembete
776 1178 92 29 stadgas

108 1217 36 19 att
166 1213 34 22 val
225 1213 107 21 förrättas
354 1212 52 22 med
426 1212 78 21 slutna
518 1211 75 22 sedlar
609 1212 43 21 och
667 1215 36 19 att
717 1213 151 21 frånvarande

107 1252 26 18 är
149 1247 127 28 berättigad
292 1249 34 19 att
341 1246 97 22 insända
453 1246 35 22 sin
503 1246 62 22 sedel
581 1246 87 27 ,under
687 1246 126 29 försegladt
823 1254 45 15 om-

108 1283 71 28 slag",
195 1282 27 22 de
237 1284 76 20 senast
329 1281 99 22 citerade
444 1281 71 22 orden
530 1280 129 29 återgifvits
669 1281 54 23 med
735 1282 135 29 ,suljetussa

109 1317 176 29 päällyksessä*,
304 1316 84 22 medan
403 1316 45 21 den
463 1315 161 29 ursprungliga
631 1316 76 22 finska
715 1319 79 19 texten
804 1316 65 29 lyder

109 1351 116 27 »sinetillä
247 1350 113 22 lukitussa
387 1350 178 29 päällyksessä*.
606 1350 77 23 Orden
709 1351 64 27 ,med
794 1351 76 22 slutna

110 1386 87 21 sedlar"
222 1386 8 21 i
252 1387 41 20 373
308 1385 21 28 8,
351 1384 97 23 likasom
471 1384 69 22 äfven
561 1385 8 21 i
584 1385 43 22 434
641 1386 20 27 8,
677 1385 66 22 hvari
758 1385 66 28 fråga
846 1388 24 19 är

109 1427 40 15 om
172 1419 244 29 kontraktsprosteval,
438 1419 72 22 hafva
528 1421 49 20 åter
598 1419 9 22 i
628 1419 93 29 nådiga]
735 1419 135 29 propositio-
