1109 1767
269 129 26 20 16
587 126 44 22 N:o
647 127 13 20 8

239 190 40 22 det
294 189 105 23 beslutet
408 189 85 21 honom
503 188 150 22 meddelades
664 188 110 22 deröfver
784 188 137 30 skriftligen
931 190 72 29 klaga

238 224 9 22 i
262 224 46 22 den
323 224 99 28 hofrätt,
437 223 75 22 under
526 222 98 23 hvilken
639 222 242 24 notariatkammaren
895 224 74 29 lyder.

592 303 26 21 53
635 304 19 26 8.

307 343 230 23 Notariatkammare
556 349 42 23 ege
617 342 44 22 ock
680 342 85 30 afgöra
779 342 152 30 tvistigheter
946 344 56 22 mel-

238 379 41 21 lan
293 378 94 22 notarie
402 378 43 21 och
461 378 52 26 den,
524 384 50 15 som
584 376 87 22 honom
681 376 93 29 anlitar,
785 378 124 28 angående
919 380 83 20 ersätt-

238 413 59 28 ning
317 413 40 21 för
372 411 254 29 notariatförrättning,
642 414 43 18 när
701 410 45 22 den
761 411 146 23 sistnämnde
923 412 79 22 dertill

239 446 146 30 samtycker;
404 446 43 22 och
465 446 78 29 gånge
560 445 235 22 notariatkammares
811 446 79 22 beslut
904 446 9 22 i
928 447 74 22 sådan

239 482 68 28 fråga
329 480 40 22 till
387 480 187 29 värkställighet,
596 480 74 29 enligt
689 479 63 23 hvad
767 480 9 22 i
783 480 219 30 utsökningslagen

239 523 37 15 om
293 514 124 30 skiljedom
433 518 26 18 är
474 514 118 29 stadgadt.

556 618 23 17 5
592 620 93 19 kap.

397 676 34 22 Om
447 675 106 28 ersättning
570 675 30 22 för
615 674 230 30 notariatförrättningar.

591 739 28 21 54
634 738 19 27 8.

307 778 100 23 Notarie
425 778 66 29 njute
511 778 27 22 af
552 778 51 28 den,
624 785 49 15 som
689 778 87 22 honom
791 778 94 30 anlitar,
901 780 100 28 godtgö-

238 814 61 22 relse
313 814 40 21 för
368 812 62 22 hvad
445 812 47 22 han
507 812 41 22 vid
558 812 144 29 uppdragets
713 812 151 29 fullgörande
874 814 126 30 rätteligen

238 848 102 29 utgifvit
359 847 26 21 så
400 847 44 21 ock
459 846 88 30 skäligt
562 846 87 22 arvode
664 846 75 30 enligt
754 848 61 28 taxa,
831 855 50 15 som
897 848 103 23 faststäl-

239 883 34 21 les
294 883 27 21 af
339 882 110 22 Senaten.
479 881 29 29 Ej
524 881 38 22 må
578 881 102 29 ändring
695 881 8 21 i
718 883 73 21 taxan
806 882 41 22 ske
862 884 58 20 utan
935 885 66 20 nota-

239 917 183 22 riatkamrarnes
437 915 110 23 hörande.

309 950 99 30 Styrker
430 950 112 29 sakegare
563 950 9 22 i
595 950 99 28 behörig
717 950 102 30 ordning
842 953 36 20 att
896 951 48 23 han
963 952 38 22 för

240 986 129 30 fattigdom
385 985 52 23 icke
452 985 47 22 kan
509 985 97 29 erlägga
615 985 92 22 notarie
718 985 179 23 tillkommande
908 987 92 28 arvode,

238 1028 57 15 vare
309 1020 110 22 notarien
430 1019 95 30 skyldig
540 1021 36 20 att
590 1019 80 22 lemna
685 1019 88 23 honom
788 1020 42 22 sitt
840 1020 92 23 biträde
943 1023 58 20 utan

239 1055 94 23 arvode.

592 1100 27 22 55
635 1100 20 28 $.

308 1141 81 23 Hafva
411 1140 56 23 flere
489 1140 63 29 tagit
574 1140 104 22 notaries
700 1140 93 22 biträde
814 1140 9 22 i
841 1141 102 29 anspråk
962 1142 39 21 för

240 1184 88 15 samma
344 1175 150 29 förrättning,
510 1182 68 15 svare
591 1175 38 22 för
640 1174 161 30 ersättningen
812 1182 29 15 en
851 1176 38 22 för
899 1176 47 22 alla
957 1176 43 22 och

240 1211 47 23 alla
302 1211 38 22 för
355 1218 36 14 en.

590 1262 27 22 56
634 1262 20 26 8.

308 1303 75 22 Göres
399 1302 26 22 af
438 1302 113 29 sakegare
567 1301 157 29 anmärkning
738 1304 50 20 mot
801 1302 102 22 notaries
917 1303 84 22 beräk-

240 1338 59 30 ning
319 1337 27 22 af
363 1336 150 30 godtgörelse
531 1336 58 22 eller
608 1336 93 28 arvode,
717 1336 44 22 och
776 1336 43 23 vill
833 1337 131 29 sakegaren
979 1338 21 29 ej

240 1372 145 23 öfverlemna
399 1372 85 29 frågan
499 1379 37 15 om
553 1371 174 29 ersättningens
737 1371 177 23 bestämmande
925 1373 24 21 ät
960 1380 42 14 no-

239 1407 200 28 tariatkammare,
455 1406 61 22 skall
531 1406 148 22 densammas
694 1406 85 30 belopp
794 1407 30 29 pä
837 1407 119 22 notariens
966 1409 36 20 ta-

239 1442 41 22 lan
295 1442 131 22 fastställas
441 1441 26 23 af
481 1441 102 22 domstol
598 1441 9 22 i
622 1440 60 23 hans
696 1440 97 23 hemort.
