1109 1770
446 135 40 21 N:o
504 135 26 21 17
822 133 15 21 9

108 415 98 31 Förslag
224 413 40 25 till
282 411 74 34 Nådig
373 411 139 33 förordning
530 409 122 34 angående
670 409 200 35 skjutsväsendet.

429 488 19 15 1
460 488 92 18 kap.

200 552 34 22 Om
250 550 164 27 skjutsanstalter,
430 550 58 21 deras
504 549 108 21 inrättande
629 550 37 21 och
682 549 105 22 underhåll.

466 618 13 22 1
495 619 19 26 8.

182 661 46 22 Vid
243 663 77 25 vägar,
337 659 79 21 hvilka
431 658 111 22 förmedla
558 658 86 21 allmän
660 658 140 29 samfärdsel,
814 659 59 21 skall

113 697 36 21 för
171 694 210 23 frambefordrande
404 693 23 22 af
448 693 95 21 resande
568 693 42 21 och
627 695 54 26 post
699 693 73 21 finnas
787 693 87 28 nödiga

114 729 193 30 skjutsanstalter,
337 735 48 14 som
411 728 56 21 böra
492 734 54 14 vara
573 727 112 28 antingen
710 727 162 29 gästgifverier

113 764 186 29 skjutsstationer
315 763 55 21 eller
385 762 229 29 skjutshaltpunkter.

184 799 11 21 I
210 798 104 29 enlighet
328 797 53 22 med
394 796 62 22 hvad
470 796 74 22 nedan
560 796 9 21 i
584 796 76 21 denna
674 796 135 29 förordning
824 800 51 18 när-

115 842 61 14 mare
192 833 93 28 stadgas
300 833 42 21 bör
357 831 94 22 resande
467 833 61 20 emot
538 831 108 22 faststäld
656 831 122 28 betalning
788 832 86 21 erhälla

186 869 12 20 å
220 867 137 29 gästgifveri
380 866 112 22 ordinarie
515 866 43 21 och
574 868 63 19 extra
652 866 75 28 skjuts
748 868 58 19 samt
824 866 50 22 här-

115 903 71 28 berge
201 902 43 22 och
259 901 157 28 förplägning;

186 938 12 20 å
214 935 160 29 skjutsstation
389 934 113 22 ordinarie
518 934 42 22 och
576 937 64 19 extra
656 934 83 28 skjuts;
756 937 58 19 samt

187 971 12 21 å
215 969 197 29 skjutshaltpunkt
428 971 63 19 extra
506 968 80 29 skjuts.

474 1033 48 27 28.

188 1074 142 28 Skjutslaget
345 1075 94 26 utgöres
454 1073 30 27 pä
499 1072 79 22 landet
594 1072 22 21 af
631 1072 101 29 häradet,
749 1073 94 21 säframt
856 1074 20 28 ej

120 1108 108 28 samtliga
243 1108 134 21 kommuner
392 1108 79 20 törena
487 1107 35 28 sig
538 1114 38 14 om
592 1109 33 19 att
636 1107 38 21 det
685 1108 37 20 mä
733 1107 95 22 omfatta
839 1115 39 14 an-

118 1145 41 20 nat
175 1142 97 22 omräde.

189 1177 56 22 Stad
260 1177 55 21 eller
330 1176 94 28 köping,
440 1176 95 21 hvilken
550 1178 70 26 utgör
636 1176 61 22 skild
708 1177 115 28 kommun,
835 1177 44 22 bil-

119 1212 41 21 dar
176 1213 33 20 ett
224 1211 114 28 skjutslag
353 1210 36 22 för
405 1210 42 28 sig.

476 1274 14 21 3
505 1276 19 25 8.

191 1314 41 21 Uti
254 1314 50 21 stad
320 1316 58 18 samt
393 1314 9 20 i
417 1314 94 27 köping,
528 1321 49 14 som
595 1314 75 21 bildar
688 1317 54 25 eget
760 1314 120 29 skjutslag,

122 1356 54 21 eger
193 1347 169 22 vederbörande
378 1347 137 29 myndighet
531 1347 128 29 ombesörja
675 1350 34 19 att
725 1348 156 29 skjutsväsen-

121 1383 40 21 det
180 1382 80 22 ordnas
279 1382 7 21 i
306 1382 104 28 enlighet
424 1382 54 21 med
492 1381 174 23 föreskrifterna
680 1383 9 21 i
704 1383 74 21 denna
794 1382 88 22 förord-

121 1417 59 28 ning
198 1419 58 19 samt
275 1419 84 25 antaga
374 1416 155 22 föreständare
544 1416 36 22 för
596 1416 219 28 skjutsanstalterna.
845 1418 38 21 In-

122 1451 94 23 seendet
230 1450 106 22 häröfver
351 1450 140 22 tillkommer
506 1454 144 24 guvernören
666 1451 8 21 i
689 1452 69 21 länet.
