1100 1764
355 140 23 21 U.
396 139 20 22 B.
432 153 28 2 —
475 140 62 29 Prop.
553 139 36 23 N:o
605 139 19 22 9.
856 141 14 21 3

106 209 92 22 anmäla
220 208 40 21 det
275 208 28 25 vi,
319 208 7 21 i
342 208 43 21 och
401 208 34 21 för
452 209 124 28 intagande
593 208 69 22 bland
677 209 193 28 landtdagshand-

107 243 112 28 lingarna,
242 242 59 22 hade
324 243 82 21 önskat
428 245 34 19 att
483 243 35 21 till
532 243 157 21 betänkandet
704 245 74 20 såsom
794 243 76 28 bilaga

107 277 73 22 skulle
203 277 78 28 fogats
304 277 38 21 det
365 277 86 28 förslag
473 277 35 22 till
523 277 126 26 utlåtande,
670 277 36 21 till
721 277 89 22 hvilket
826 277 44 22 den

106 312 86 29 nådiga
214 311 174 29 propositionen
410 311 39 22 vid
467 312 50 21 dess
533 311 70 22 första
618 312 175 27 genomgående
807 312 62 22 inom

107 346 121 22 Utskottet
241 346 71 28 gifvit
329 346 130 29 anledning.

176 380 145 29 Helsingfors
338 381 43 21 den
398 381 25 22 13
439 381 66 28 April
523 381 59 22 1905.

178 479 21 22 G.
216 478 156 27 Langenskiöld.
601 478 74 27 Ludvig
692 478 108 27 Clouberg.

176 513 48 22 Axel
239 512 146 27 Wasastjerna.

176 641 161 28 (Ötversättning).

475 683 30 21 IL.

176 749 36 21 Då
234 748 24 21 vi
272 747 8 21 i
294 747 52 22 stöd
370 747 25 21 af
407 747 28 22 39
449 747 14 28 &
479 746 26 22 L.
522 747 25 21 O.
561 746 50 21 icke
635 746 90 22 kunnat
739 746 80 22 förena
834 754 36 15 oss

107 791 39 14 om
160 783 40 22 det
214 785 53 23 sätt,
287 781 88 29 hvarpå
391 781 164 28 Lagutskottet
569 780 108 29 fullgjort
692 780 140 23 Ständernas
847 783 23 20 åt

106 819 128 21 detsamma
244 816 65 29 gifna
320 816 106 29 uppdrag
435 815 53 22 med
498 815 92 28 hänsigt
600 815 37 22 till
647 815 223 23 ofvanomförmälda

107 853 83 27 nådiga
206 851 152 30 proposision,
375 850 23 22 få
412 849 24 22 vi
451 850 118 22 vördsamt
584 849 91 26 föreslå,
693 851 32 20 att
731 850 139 27 Ständerna,

107 888 51 21 med
172 886 147 28 förkastande
336 885 27 27 af
375 885 166 28 Lagutskottets
548 884 142 27 förestående
700 884 92 29 förslag,
804 885 66 22 måtte

108 921 162 23 återremittera
291 920 95 21 ärendet
408 919 33 22 till
455 919 156 28 Lagutskottet
624 919 37 26 för
677 921 33 20 att
724 919 61 28 ånyo
800 919 70 22 hand-

108 957 78 28 läggas
208 955 51 22 med
281 953 117 28 föreskrift
416 953 37 27 för
472 953 108 22 Utskottet
595 955 33 20 att
644 953 70 29 enligt
728 954 28 21 L.
774 953 26 23 O.
815 953 55 29 ingå

107 991 9 21 i
130 989 214 30 detaljgranskning
356 987 29 28 af
392 989 44 21 den
446 987 87 30 nådiga
539 987 170 29 propositionen
721 988 39 22 och
769 988 27 22 så
805 990 67 21 snart

107 1025 85 22 sådant
205 1025 59 21 skett
274 1023 102 27 deröfver
389 1022 88 29 afgifva
488 1022 33 22 till
531 1022 132 23 Ständerna
673 1022 38 22 sitt
722 1023 148 22 betänkande.

108 1059 153 28 Helsingfors,
277 1057 45 22 den
338 1059 26 20 13
380 1057 65 28 April
463 1058 62 21 1905.

178 1163 48 22 Juho
242 1162 50 22 Rud.
308 1162 105 21 Forsman.
595 1161 20 21 H.
633 1161 21 21 E.
668 1161 134 22 Schroderus.

180 1197 72 22 Arnold
270 1197 82 27 Berger.
595 1196 21 21 K.
633 1196 15 21 J.
663 1195 79 28 Inberg.
