1089 1770
242 131 14 20 2
464 129 20 21 U.
500 129 19 21 B.
535 141 28 2 —
579 129 56 26 Prop.
653 128 34 21 N:o
703 128 20 21 8.

213 199 73 20 andra
307 197 175 22 transaktioner
504 197 76 20 såsom
602 195 127 29 utredning
751 196 94 26 företes,
869 199 39 18 äro
925 196 54 21 med

214 232 128 29 originalet
373 230 251 22 öfverensstämmande
654 230 56 21 eller
738 230 160 28 tilläfventyrs
916 231 63 21 varit

214 268 89 20 utsatta
318 266 39 21 för
373 265 171 28 förändringar.
569 265 52 20 Den
637 264 220 29 hufvudsakligaste
872 265 105 21 fördelen

214 301 26 21 af
258 299 278 25 notariatinstitutionen,
559 298 71 22 sädan
655 299 76 20 denna
753 299 111 21 öfverallt
886 299 26 21 af
928 299 49 28 lag-

214 335 144 28 stiftningen
382 334 129 28 gestaltais,
533 334 79 21 består
626 333 75 22 likväl
716 333 55 25 deri,
788 336 34 19 att
838 333 45 22 den
898 334 24 21 af
936 341 42 14 no-

214 370 59 22 tarie
295 369 143 29 upprättade
454 368 123 22 urkunden
593 368 104 27 ätnjuter
712 375 29 14 en
757 370 73 19 större
848 368 131 22 beviskraft

214 408 30 17 än
267 403 207 29 privaturkunder,
491 403 7 20 i
522 402 40 21 det
578 404 35 19 att
629 402 44 21 den
689 402 62 21 förra
766 403 119 27 antingen,
902 402 75 21 säsom

213 439 9 21 i
236 437 130 30 Tyskland,
382 437 74 28 gäller
472 437 37 21 till
525 437 51 21 dess
591 436 45 21 den
647 436 91 21 bevisas
749 443 56 15 vara
815 437 87 27 oriktig
914 436 64 25 eller,

213 474 75 20 säsom
312 472 8 22 i
344 471 138 28 Frankrike,
501 471 83 21 endast
599 478 84 20 genom
698 472 35 20 att
749 470 155 29 ädagaläggas
921 478 56 15 vara

213 506 134 23 förfalskad
367 506 47 21 kan
436 506 86 21 förlora
537 506 36 20 sin
590 505 137 21 beviskraft.
757 505 89 21 Genom
862 507 35 19 att
912 507 65 20 utru-

213 544 48 20 stas
283 541 53 21 med
361 540 72 21 sädan
456 542 72 19 större
550 539 162 28 trovärdighet
731 539 87 21 blifver
832 540 143 21 notariatur-

213 576 96 22 kunden
325 582 30 14 en
371 574 106 29 offentlig
491 574 100 27 urkund,
606 574 119 28 jemförlig
740 574 52 21 med
808 576 34 19 ett
852 574 123 22 domstols--

212 610 125 29 protokoll,
362 608 94 22 hvadan
478 608 44 22 ock
544 608 199 27 notarie-sysslan,
766 615 37 14 om
826 612 29 17 än
878 608 51 21 icke
945 616 28 14 en

213 646 133 27 statstjenst
361 644 9 21 i
385 643 104 29 egentlig
503 643 102 28 mening,
619 643 42 21 bör
676 650 55 14 vara
747 650 29 14 en
787 643 107 28 offentlig
904 643 72 22 funk-

213 680 50 21 tion
278 681 62 20 samt
355 679 65 28 förty
436 679 36 20 stä
486 678 74 21 under
575 678 95 28 uppsigt
683 678 26 21 af
723 679 88 20 statens
827 685 78 21 organ.

282 709 80 28 Äfven
377 713 36 21 för
428 713 29 21 de
472 712 189 22 internationella
675 712 108 21 handels-
799 712 43 21 och
858 711 117 23 affärsför-

213 748 151 22 bindelserna
380 751 24 17 är
419 747 268 21 notariatinstitutionen
699 747 25 20 af
732 749 49 19 stor
791 747 119 27 betydelse
921 747 54 21 med

214 783 108 22 afseende
339 783 14 20 &
368 781 157 28 bestyrkande
541 781 25 21 af
579 781 152 28 handlingars
747 781 153 22 autenticitet.

282 816 276 23 Notariatinstitutionen
581 819 25 18 är
629 822 94 15 numera
745 815 79 22 införd
840 815 7 21 i
863 815 29 22 de
907 815 69 22 flesta

213 850 170 28 kulturländer,
400 851 8 20 i
423 851 73 27 några
511 850 26 21 af
551 850 52 21 dem
619 849 42 22 har
676 849 133 22 densamma
820 851 16 20 t.
848 857 20 14 o.
880 857 28 14 m.
919 849 55 22 flere

212 886 88 21 seklers
323 891 64 15 anor.
417 884 50 21 Hos
489 891 37 14 oss
541 884 144 21 förekomma
699 884 39 21 väl
754 884 95 28 spridda
864 884 110 28 stadgan-

213 921 53 27 den,
288 927 50 14 som
358 918 98 22 hänföra
477 919 37 28 sig
529 919 37 21 till
581 918 214 29 notariatgöromäl,
811 918 163 22 hufvudsakli-

213 962 45 21 gen
274 953 179 23 föreskrifterna
468 954 8 20 i
491 953 166 28 vexelstadgan
674 952 43 22 och
733 953 105 28 sjölagen
853 954 121 28 angående

212 991 127 27 protesters
363 988 177 28 verkställande,
563 995 53 14 men
637 988 9 21 i
669 988 74 28 öfrigt
765 991 24 18 är
809 988 165 22 institutionen

213 1024 42 21 hos
278 1030 37 14 oss
339 1022 109 22 obekant.
469 1035 26 3 —
519 1022 54 21 Med
589 1022 110 22 afseende
715 1022 13 21 ä
743 1022 143 22 densammas
902 1023 72 21 ofvan

207 1057 147 29 ”framhällna
376 1056 102 22 fördelar
501 1056 94 22 anhöllo
618 1056 129 22 emellertid
767 1057 130 21 Ständerna
916 1057 8 21 i
944 1065 30 13 en

212 1092 42 22 vid
268 1093 93 21 senaste
376 1091 113 29 landtdag
505 1091 85 22 afläten
606 1091 146 29 underdänig
767 1092 105 28 petition,
888 1094 35 20 att
934 1093 40 21 nä-

213 1127 41 28 dig
282 1126 147 29 proposition
454 1133 36 14 om
515 1126 279 22 notariatinstitutionens
818 1126 122 22 införande
966 1127 8 21 i

212 1161 104 22 Finland
332 1161 72 21 mätte
420 1164 117 25 uppgöras
554 1161 37 21 till
606 1161 157 21 innevarande
778 1161 119 29 landtdag,
909 1162 66 21 hvar-

212 1196 41 21 vid
276 1195 132 22 Ständerna
431 1195 112 21 särskildt
557 1195 123 21 framhöllo
696 1196 188 21 önskvärdheten
900 1196 26 22 af
940 1198 35 20 att

212 1231 72 28 nägot
307 1230 84 28 bidrag
405 1230 53 21 frän
474 1230 152 22 statsverkets
641 1230 51 22 sida
707 1230 38 22 till
760 1231 144 21 notariernas
920 1231 54 22 aflö-

212 1264 76 22 nande
304 1264 53 22 icke
373 1264 102 22 behöfde
490 1264 177 29 ifrägakomma.
687 1265 12 21 I
714 1265 128 29 anledning
858 1266 26 21 af
898 1266 76 21 denna

212 1299 100 29 petition
332 1298 42 22 har
390 1298 37 22 till
443 1298 132 22 Ständerna
591 1299 165 22 öfverlämnats
773 1300 44 22 den
832 1308 32 14 nu
880 1300 94 29 förelig-

212 1333 79 28 gande
318 1332 88 29 nädiga
430 1333 185 28 propositionen,
641 1333 96 22 hvilken
762 1334 8 21 i
788 1333 135 23 hufvudsak
949 1338 26 18 är

213 1367 254 22 öfverensstämmande
488 1367 53 22 med
557 1369 34 20 ett
607 1368 26 21 af
646 1367 211 31 Lagberedningen
872 1369 8 21 i
897 1372 78 19 ämnet

212 1402 129 30 uppgjordt
356 1402 135 29 lagförslag.
