1109 1739
280 118 29 22 34
500 117 21 21 U.
538 117 20 21 B.
574 129 28 2 —
619 117 58 27 Prop.
694 117 35 21 N:o
744 117 21 21 8.

250 186 42 22 het
312 185 112 28 stadgadt
439 185 8 21 i
463 185 27 22 62
506 186 21 26 $,
542 186 57 20 utan
616 184 44 22 ock
683 185 112 21 särskildt
817 185 149 22 omförmäldt
980 185 40 22 be-

250 220 119 22 träffande
385 219 63 22 vissa
463 219 37 22 till
516 221 79 20 ämnet
610 219 103 21 hörande
729 219 105 29 detaljer.
864 219 105 23 Sålunda
980 227 39 14 an-

250 255 94 22 komme
361 254 13 21 &
389 253 100 22 Senaten
513 253 75 28 enligt
604 255 24 20 11
646 255 13 25 &
675 255 34 20 att
724 253 112 22 förordna
859 261 37 14 om
912 253 41 22 det
968 261 51 15 suc-

250 289 93 22 cessiva
358 287 145 23 inrättandet
518 288 27 21 af
558 287 264 29 notariatbetattningar
832 288 8 22 i
851 288 93 22 landets
955 288 64 23 olika

250 323 66 21 delar
339 322 46 22 och
406 324 35 19 att
455 322 129 22 bestämma
598 322 241 22 notariatområdenas
855 322 87 22 storlek
958 325 61 19 samt

250 357 76 28 enligt
341 357 30 22 55
387 358 13 25 &
416 359 33 19 att
464 356 117 22 fastställa
592 358 54 19 taxa
657 356 36 21 för
703 356 314 29 notariatförrättningarna.

250 392 34 21 På
307 392 41 21 det
371 390 82 29 dylika
472 390 147 22 föreskrifter
635 391 36 20 må
687 390 80 22 kunna
783 390 117 22 meddelas
916 391 52 21 med
984 398 33 14 er-

250 426 116 28 forderlig
381 425 130 21 kännedom
527 432 38 14 om
580 424 129 22 rättslifvet
724 425 9 21 i
747 424 80 22 landet
843 425 36 21 får
893 425 125 22 Utskottet

250 460 89 22 föreslå
347 461 36 20 att
396 459 128 23 Ständerna
531 459 56 21 ville
596 459 8 21 i
615 459 46 21 den
671 458 161 29 underdåniga
843 459 175 22 svarsskrifvel-

250 502 42 14 sen
309 494 95 22 anhålla
419 496 35 20 att
468 494 153 21 utfärdandet
636 494 27 20 af
674 494 179 28 ifrågavarande
869 494 149 22 föreskrifter

250 530 73 21 måtte
339 528 133 29 uppdragas
487 528 25 22 åt
527 528 136 28 Kejserliga
679 527 113 22 Senatens
808 528 208 29 Justitiedeparte-

250 566 72 19 ment.

321 776 78 22 Jemte
422 774 113 29 förslaget
554 774 37 22 till
606 774 143 28 notariatlag
764 774 42 22 har
821 774 38 22 till
874 775 142 22 Ständernas

251 810 134 28 antagande
407 810 88 28 jemväl
517 809 167 22 öfverlemnats
707 809 88 29 förslag
817 809 38 22 till
878 810 139 28 förordning

251 853 38 14 om
305 844 102 29 ändring
422 844 25 21 af
460 844 14 22 2
489 845 13 26 $
519 844 26 21 12
562 843 51 30 kap.
642 838 167 27 Ärfdabalken.

321 879 84 28 Enligt
427 878 109 29 gällande
559 880 47 19 rätt
622 881 39 18 äro
677 878 137 28 delegarene
831 878 7 21 i
855 878 88 22 dödsbo
960 878 57 22 eller

251 915 8 21 i
276 917 73 20 annat
365 914 93 27 bo,som
474 913 60 22 skall
550 913 106 28 undergä
671 913 79 28 skifte,
767 913 146 29 berättigade
929 915 35 20 att
978 913 38 22 till

251 950 142 21 skiftesman
415 949 64 28 välja
494 948 97 22 hvilken
607 955 85 22 person
707 948 28 21 de
751 948 63 28 vilja.
845 948 69 21 Olika
929 948 87 21 menin-

252 991 43 22 gar
317 984 72 21 hafva
412 983 60 22 dock
495 983 115 28 försports
632 983 77 21 derom
726 982 116 22 huruvida
858 983 77 21 denna
949 983 66 28 regel

250 1019 77 28 gäller
347 1017 88 29 jemväl
450 1017 9 22 i
474 1017 69 28 fräga
566 1024 36 15 om
625 1017 127 22 arfskiften
767 1017 8 21 i
791 1017 52 21 stad
865 1017 60 21 efter
945 1017 73 22 andra

251 1060 112 22 personer
377 1056 30 17 än
422 1051 119 22 adelsmän
558 1051 43 22 och
612 1053 90 26 prester
712 1051 57 21 eller
780 1058 36 15 om
829 1051 139 28 delegarena
980 1052 38 21 för

252 1087 127 22 utförande
395 1087 26 20 af
440 1086 61 21 slika
523 1086 90 21 skiften
629 1089 38 18 äro
684 1085 109 29 skyldiga
808 1087 35 20 att
859 1086 73 21 anlita
947 1086 70 28 borg-

252 1125 101 18 mästare
368 1121 43 21 och
429 1121 48 21 räd.
507 1120 46 21 Det
568 1120 163 28 föreliggande
747 1120 114 28 förslaget
872 1120 38 21 till
917 1120 100 29 ändring

252 1157 26 21 af
299 1157 14 21 2
337 1157 12 26 $
367 1157 26 20 12
416 1155 52 28 kap.
492 1150 163 27 Ärfdabalken
679 1155 62 21 afser
763 1157 35 19 att
820 1155 129 21 inskränka
972 1155 46 21 den

252 1190 175 23 ofvannämnda
449 1189 118 22 allmänna
590 1189 81 28 regeln
693 1189 99 22 sälunda
814 1191 41 26 att,
877 1189 8 22 i
905 1189 45 22 fall
973 1189 45 22 arf-

252 1225 73 22 skifte
349 1225 56 21 eller
427 1226 71 19 annat
521 1224 103 21 boskifte
649 1223 66 22 berör
739 1223 123 29 omyndigs
881 1223 56 22 eller
953 1226 65 19 utom

252 1259 103 23 Finland
371 1259 109 28 befintlig
495 1265 97 22 persons
607 1260 54 23 rätt,
678 1258 82 21 skiftet
774 1258 63 29 finge
851 1258 111 21 förrättas
980 1265 38 14 en-

253 1295 53 22 dast
321 1295 26 21 af
359 1294 108 22 notarien
483 1294 56 21 eller
556 1301 79 14 annan
651 1293 26 21 af
689 1295 77 19 rätten
781 1293 58 21 eller
855 1293 109 22 domaren
972 1293 46 21 för-

252 1329 90 22 ordnad
358 1328 140 28 sakkunnig.
529 1327 92 22 Härvid
637 1327 69 22 hafva
721 1327 73 22 likväl
805 1327 153 28 undantagits
969 1327 49 22 dels

252 1364 89 22 sädana
363 1363 43 22 fall
428 1363 30 21 dä
476 1363 54 21 boet
546 1366 25 17 är
586 1362 87 28 fattigt
688 1362 44 21 och
747 1362 75 28 ringa,
839 1361 50 22 dels
905 1361 28 22 de
950 1361 69 22 döds-

253 1399 53 26 bon,
331 1398 9 21 i
365 1397 82 22 hvilka
471 1397 97 22 skiftets
594 1396 145 22 förrättande
765 1396 122 22 ankomme
912 1397 13 20 å
948 1397 70 27 borg-

252 1435 100 20 mästare
375 1433 42 21 och
440 1432 48 27 räd,
511 1431 27 22 af
557 1431 93 22 hvilket
672 1438 79 14 senare
774 1431 122 28 undantag
911 1431 104 28 framgär
