1067 1692
313 125 29 22 U.
358 125 28 21 B.
402 137 27 3 —
444 125 75 28 Prop.
536 126 40 21 N:o
591 124 37 23 12.
840 128 12 20 5

91 197 93 29 (punkt
205 197 15 21 2
240 203 74 15 mom.
334 196 29 28 c),
381 196 174 22 hvarförutom
574 203 30 15 en
624 196 169 30 bestämning,
812 204 40 16 en-

90 232 47 28 ligt
155 231 104 22 hvilken
279 230 121 22 Finlands
414 230 126 22 ordinarie
554 231 206 23 statsinkomster
773 232 79 22 borde

91 266 133 22 användas
252 264 37 23 till
316 264 138 29 byggande
482 264 26 22 af
531 265 154 29 strategiska
704 266 146 29 jernvägar,

91 302 29 20 är
138 301 92 27 ytterst
248 299 87 29 vådlig
354 299 8 21 i
374 299 128 22 finansielt
514 299 154 23 hänseende.
698 300 56 22 Men
768 300 83 23 denna

91 334 161 28 bestämning
280 333 91 22 strider
398 334 124 28 därjämte
550 335 65 21 emot
640 334 44 22 det
702 335 57 21 med
780 334 72 23 Stän-

92 370 92 22 dernas
212 368 129 28 samtycke
369 368 7 21 i
395 368 169 28 kungörelsen
585 368 25 22 af
628 368 52 22 den
699 369 32 22 25
750 370 102 28 januari

93 403 76 26 1886,
196 402 132 29 angående
356 402 336 27 kommunikationsfonden,
717 404 135 23 utfärdade

92 437 150 30 stadgande,
263 438 35 21 att
319 437 124 28 samtliga
462 437 216 29 statsjernvägars
697 438 155 23 trafikresul-

92 474 36 21 tat
147 472 64 22 skall
229 471 81 22 under
330 471 82 22 denna
432 471 61 22 fond
512 475 136 26 upptagas.

162 505 331 23 Kommunikationsfonden
512 506 52 21 blef
581 507 114 22 inrättad
712 507 8 21 i
734 507 117 22 ändamål

93 543 36 20 att
153 541 205 28 jernvägsnätets
383 540 144 29 utveckling
552 541 76 22 måtte
654 541 87 22 kunna
768 541 83 29 fortgå

92 576 7 21 i
121 575 143 29 möjligaste
288 575 64 28 grad
372 575 143 22 oberoende
535 575 25 22 af
578 575 30 22 de
629 576 145 28 temporära
792 583 60 15 vex-

92 610 116 29 lingarna
238 609 7 22 i
279 609 49 22 den
362 609 82 29 öfriga
475 609 203 29 statsbudgeten.
726 610 124 23 Gifvetvis

94 645 80 22 skulle
204 644 172 21 kostnaderna
403 644 40 21 för
473 644 312 29 jernvägsanläggningar
816 645 35 22 till

93 679 80 22 större
198 679 73 21 delen
294 678 126 22 bestridas
445 678 93 22 medels
558 679 114 26 statslån,
693 679 39 22 för
751 679 100 22 hvilkas

92 713 164 29 upptagande
286 713 156 22 Ständernas
471 713 70 22 bifall
568 713 46 22 och
640 714 102 28 garanti
766 714 85 22 städse

94 747 134 23 erfordras.
266 747 57 22 Men
343 754 30 15 en
394 747 117 22 afsevärd
531 747 107 29 tillgång
658 748 87 22 härför
764 748 87 22 bered-

93 783 45 21 des
163 782 45 22 ock
234 788 90 22 genom
350 783 36 20 att
410 782 94 21 tilldela
523 782 328 23 kommunikationsfonden

92 817 172 22 inkomsterna
288 816 26 22 af
338 816 224 22 bränvinsskatten
586 817 64 22 efter
669 817 69 22 vissa
757 817 95 29 obliga-

93 851 96 22 toriska
215 851 97 28 afdrag.
351 851 43 22 Att
419 851 102 28 afskilja
546 851 226 22 bränvinsskatten
794 851 56 22 från

93 885 141 29 budgetens
253 885 40 22 för
306 885 114 22 normala
434 885 146 29 årsutgifter
594 885 107 23 afsedda
715 886 137 29 tillgångar

93 927 47 15 var
164 919 151 23 motiveradt
334 920 95 28 jämväl
448 920 56 22 med
524 920 120 22 afseende
664 921 61 22 därå
746 922 35 21 att
800 921 51 29 lag-

93 955 147 28 stiftningen
265 954 131 22 sträfvade
416 956 35 20 att
470 961 90 22 genom
578 955 148 22 restriktiva
744 956 108 21 bestäm-

92 990 92 28 ningar
202 989 142 29 nedbringa
360 989 320 23 bränvinskonsumtionen
694 990 45 22 och
754 990 97 22 således

94 1024 75 22 äfven
188 1023 238 22 bränvinsskattens
447 1023 154 29 afkastning,
621 1024 104 22 hvadan
745 1024 41 22 det
805 1031 47 15 var

92 1058 118 22 rationelt
235 1059 35 21 att
288 1058 55 22 icke
362 1058 100 29 grunda
482 1058 31 22 de
532 1058 104 29 vanliga
654 1058 197 30 budgetsbehof-

92 1099 50 16 ven
167 1093 33 28 på
225 1092 83 22 denna
334 1092 74 26 skatt,
428 1092 92 22 medan
545 1092 115 23 däremot
678 1094 173 21 kommunika-

93 1127 175 23 tionsfondens
286 1127 126 22 särskilda
432 1127 96 29 budget
546 1128 20 28 ej
588 1127 100 23 komme
708 1129 36 21 att
756 1128 94 22 rubbas

93 1168 91 22 genom
209 1162 146 28 minskning
380 1161 26 22 af
430 1161 232 27 bränvinsmedlen,
683 1163 60 21 enär
767 1169 57 15 man
843 1163 8 21 i

92 1197 185 29 jernvägarnas
294 1196 185 22 trafikresultat
491 1196 64 29 egde
568 1203 32 15 en
613 1197 8 21 i
634 1197 87 29 regeln
736 1197 115 29 stigande

93 1231 109 22 inkomst
220 1231 46 21 och
286 1230 122 29 anslagen
428 1230 35 22 till
476 1237 50 22 nya
539 1230 313 30 järnvägsanläggningar

92 1265 87 22 kunna
197 1266 97 27 lämpas
314 1265 63 22 efter
396 1272 168 15 ressurserna.
592 1265 44 23 Att
655 1266 7 21 i
682 1272 30 16 en
732 1266 120 22 särskildt

93 1300 108 22 bokförd
228 1300 61 22 fond
319 1300 85 22 städse
431 1300 87 21 kunna
545 1300 79 22 hafva
649 1306 31 16 en
702 1300 150 29 fullständig

93 1334 138 22 öfverblick
251 1334 25 22 af
294 1340 32 16 en
346 1334 28 22 så
393 1334 81 29 vigtig
494 1334 39 22 del
553 1334 25 22 af
592 1334 259 30 statshushållningen

93 1375 53 16 som
174 1369 194 29 järnvägsnätet
395 1368 58 22 med
478 1368 58 23 dess
562 1368 87 23 aktiva
674 1370 46 21 och
739 1369 111 29 passiva,

94 1404 28 21 är
147 1403 45 22 ock
215 1404 7 21 i
241 1402 128 29 praktiskt
386 1403 146 22 hänseende
552 1403 25 22 af
596 1403 160 30 obestridligt
774 1410 75 22 gagn.

95 1438 190 22 Statsutskottet
314 1444 74 15 anser
413 1437 87 23 därför
523 1437 328 24 kommunikationsfonden

162 1481 163 18 Statsutskottets
339 1481 121 18 betänkande
472 1481 41 18 N:o
525 1482 15 17 1.
