1114 1770
295 142 29 21 14
508 141 19 20 U.
544 141 20 20 B.
580 152 29 2 —
624 140 58 26 Prop.
702 140 34 21 N:o
752 139 32 21 10.

263 210 30 21 af
312 208 154 27 hofrätterne;
486 207 42 22 och
547 207 139 28 underlyder
701 206 79 29 hvarje
797 207 108 29 förening
920 208 44 21 den
980 208 50 22 hof-

265 247 54 22 rätt,
335 243 64 21 inom
414 242 67 21 hvars
497 242 91 21 område
604 241 136 28 föreningen
756 244 30 19 är.

337 276 99 21 Medlem
459 276 25 21 af
503 275 230 28 sakförareförening,
756 283 49 14 som
824 276 92 22 undfått
931 277 98 28 varning

267 313 56 20 eller
346 311 115 22 uteslutits
484 311 50 20 från
556 310 142 28 föreningen,
721 311 46 21 kan
785 311 62 21 inom
866 311 78 21 trettio
960 311 70 28 dagar

267 347 60 21 efter
351 345 38 22 det
411 345 191 21 sakförarerådets
625 345 75 21 beslut
723 345 83 21 honom
822 345 145 22 meddelades
983 346 48 21 der-

267 381 67 21 öfver
358 379 128 28 skriftligen
501 379 69 28 klaga
584 379 7 21 i
607 379 171 22 vederbörande
794 379 93 22 hofrätt.
918 380 11 21 I
944 387 87 15 samma

267 415 91 22 hofrätt
372 416 36 19 må
423 414 85 28 klagan
523 413 60 22 föras
599 414 65 21 öfver
681 413 81 26 beslut,
778 414 149 28 hvarigenom
942 414 89 22 inträde

267 450 7 20 i
290 448 138 28 föreningen
443 448 128 28 förvägrats
587 448 137 28 klaganden,
740 448 120 22 äfvensom
870 449 64 21 ötver
946 449 83 21 sådana

269 484 26 21 af
313 483 137 27 föreningen
472 482 54 22 eller
543 482 50 22 dess
609 482 97 28 styrelse
721 482 87 22 fattade
824 482 83 27 beslut,
926 490 46 14 som
992 491 37 13 en-

268 518 43 28 ligt
335 517 141 28 klagandens
493 516 59 28 åsigt
567 516 71 22 strida
653 519 50 19 mot
718 517 146 28 föreningens
880 517 105 22 ändamål
1001 518 29 21 el-

228 546 74 32 *ler
325 552 113 21 innefatta
460 553 33 19 ett
512 551 188 21 öfverskridande
716 551 25 21 af
754 551 145 28 föreningens
915 552 55 21 eller
985 554 44 26 sty-

263 581 93 32 kelsens
372 585 148 28 befogenhet:
537 585 42 21 och
594 588 60 18 rätte
670 585 123 27 hofrätten,
809 593 37 14 om
862 586 85 28 klagan
957 586 72 22 finnes

266 613 116 39 grundad,
398 620 60 21 hvad
474 620 107 27 felaktigt
597 622 30 18 är.

426 680 76 34 a
624 683 26 21 12
666 682 19 28 &.

337 725 109 21 Närmare
469 718 143 32 föreskrifter
635 730 37 14 om
693 723 289 28 sakförareföreningarnas
998 730 32 14 or-

267 759 131 29 ganisation
414 759 42 21 och
471 752 149 28 verksamhet
635 756 119 22 äfvensom
770 757 85 21 allmän
870 760 53 19 taxa
939 758 35 21 för
986 761 43 18 rät-

267 793 244 30 tegängsfullmäktige
526 795 67 33 sarat,
610 791 39 21 der
660 792 70 20 sädan
742 791 118 27 erfordras,
871 792 95 21 särskild
977 795 54 19 taxa

267 830 36 21 för
318 828 177 22 medlemmarne
511 828 23 21 af
549 828 49 28 viss
615 826 223 28 sakförareförening
853 826 103 22 utfärdas
971 828 7 20 i
994 827 37 21 ad-

268 862 140 23 ministrativ
423 865 51 25 väg.
594 857 30 35 Xx

622 891 63 35 ENS

338 943 82 22 Denna
435 942 134 28 förordning
584 942 76 21 träder
675 949 7 13 N
700 940 146 22 verksamhet
862 941 43 21 den
921 955 25 2 —
962 955 28 2 —
1002 955 29 3 —

269 978 66 22 Dock
358 977 55 21 böra
436 977 27 21 de
486 977 111 28 åtgärder,
620 983 49 15 som
692 975 115 22 erfordras
830 975 37 22 för
886 976 106 22 bildande
1009 977 24 20 af

269 1012 249 27 sakförareföreningar
532 1011 8 21 i
556 1011 27 21 de
598 1011 34 22 uti
648 1013 12 20 6
676 1011 14 28 8
704 1003 102 31 nämnda
825 1010 82 27 städer,
923 1011 108 21 derförin-

269 1055 46 14 nan
330 1047 112 28 vidtagas.
766 1039 55 70 N

584 1109 249 29 |

832 1140 8 14 N

842 1156 11 21 N

341 1208 88 21 Genom
452 1207 44 21 den
518 1207 85 28 nådiga
625 1207 173 28 propositionen
820 1207 72 21 hafwa
906 1205 127 23 Ständerna

271 1243 79 21 blifvit
372 1244 60 19 satta
450 1241 8 22 i
474 1241 91 22 tillfälle
582 1244 34 18 att
631 1241 72 21 uttala
720 1241 35 28 sig
767 1241 87 28 jemväl
866 1222 123 51 ahgäende
1005 1241 28 21 de

272 1276 144 29 stadganden
437 1276 8 21 i
460 1279 83 22 ämnet,
559 1276 80 21 hvilka
654 1279 38 18 äro
709 1276 93 21 afsedda
818 1278 35 19 att
868 1276 7 21 i
891 1271 142 26 administra-

272 1312 34 21 tiv
321 1314 46 24 väg
382 1310 102 22 utfärdas
500 1311 42 21 och
557 1311 81 20 hvilka
652 1310 55 28 ingå
718 1310 7 20 i
737 1313 39 19 två
787 1310 245 29 författningsförslag,

273 1346 39 22 det
331 1352 43 14 ena
396 1344 159 23 innefattande
578 1344 112 22 särskilda
712 1344 142 22 föreskrifter
874 1334 102 44 rörande,
984 1345 50 29 sak-

273 1379 213 29 förareföreningar,
508 1379 44 22 och
574 1379 39 21 det
628 1378 71 22 andra
714 1386 37 14 om
767 1379 157 21 fastställande
940 1380 25 22 af
978 1383 56 20 taxa

274 1414 35 22 för
334 1414 154 28 beräkningen
506 1414 26 21 af
544 1413 278 29 rättegängsfullmäktigs
838 1414 90 26 arvode,
944 1404 90 39 hvilkét

269 1448 146 23 sistnämnda
437 1448 86 28 förslag
544 1448 150 22 härförinnan
716 1448 50 22 icke
782 1448 59 22 varit
856 1448 126 22 Ständerna
998 1446 60 35 till:

1067 1492 4 7 N
