1109 1767
452 144 41 21 N:o
510 144 26 22 17
822 145 26 21 19

117 221 54 15 mun
194 214 99 20 tillsatta
316 212 202 28 taxeringsnämnd
542 215 34 19 att
597 215 111 26 upprätta
730 213 87 29 förslag
835 214 43 21 och

117 249 127 21 detsamma
258 246 98 22 derefter
371 247 9 21 i
394 247 45 21 den
454 247 105 28 ordning,
575 247 97 21 berörda
687 247 138 29 författning
839 255 38 13 an-

117 282 81 28 gifver,
230 282 37 21 till
295 282 242 20 kommunalstämmas
563 281 144 29 granskning
732 281 145 22 öfverlemna.

118 317 68 21 Hvad
205 316 233 22 kommunalstämma
458 316 79 21 härom
552 316 102 20 besluter
670 316 59 21 skall
743 316 134 28 hänskjutas

117 352 38 20 till
177 353 151 26 guvernören,
351 357 49 14 som
418 350 42 21 har
479 352 33 19 att
531 350 93 21 ärendet
648 350 80 28 afgöra
743 358 84 20 genom
842 352 35 19 ut-

117 386 57 27 slag,
197 385 99 27 hvilket,
320 384 75 21 såvidt
418 384 70 28 angår
510 384 156 28 kronoparker
686 384 43 22 och
744 384 44 22 den
804 384 74 28 öfriga

117 419 159 29 kronojorden,
292 418 42 22 bör
343 418 322 28 Ekonomiedepartementets
675 419 8 20 i
694 418 130 29 Kejserliga
838 419 39 21 Se-

117 456 70 19 naten
201 453 37 22 för
252 452 100 22 Finland
367 452 109 29 pröfning
490 452 160 22 underställas.

186 488 46 21 Det
247 488 93 27 mantal,
356 494 49 14 som
421 487 96 21 sälunda
532 488 71 20 äsatts
619 487 133 28 skattlagda
767 490 58 26 torp,
841 490 35 19 ut-

116 522 77 28 jordar
208 522 42 21 och
266 522 161 28 kronoparker,
443 520 121 22 förblifver
579 520 71 22 sedan
665 521 148 22 oförändradt
828 522 48 28 gäl-

117 556 73 28 lande,
214 556 119 22 hvaremot
355 555 231 28 mantalssättningen
608 556 12 20 &
641 556 44 21 den
704 556 76 28 öfriga
794 556 82 22 krono-

116 591 82 29 jorden
220 591 42 21 bör
284 590 67 21 hvart
373 590 70 21 femte
466 590 25 21 är
512 589 44 22 och
575 590 13 21 å
602 590 28 21 de
646 590 136 22 industriela
796 591 80 21 inrätt-

117 626 119 28 ningarne,
248 624 166 22 landthandeln
421 626 59 20 samt
488 632 76 13 annan
572 624 102 22 inkomst
683 625 87 28 ärligen
778 624 98 30 förnyas.

464 687 28 21 25
508 690 19 24 $.

186 729 49 21 Har
249 728 139 28 förmedling
404 728 55 20 eller
473 727 169 28 uppskattning
659 727 23 21 af
696 728 87 21 mantal
794 729 12 20 &
816 728 60 28 jord-

118 764 108 28 lägenhet
249 763 67 27 skett,
340 762 103 28 deltager
466 762 69 21 sädan
559 762 109 28 lägenhet
688 762 57 21 efter
765 762 51 22 dess
830 770 46 21 nya

117 798 87 21 mantal
218 798 9 20 i
242 796 303 29 skjutshällningsbesväret.

466 860 28 21 26
509 861 19 25 8.

186 901 100 28 Utgöres
308 900 138 28 skjutslaget
469 900 23 21 af
515 903 69 18 annat
608 900 90 21 omräde
720 904 29 18 än
768 908 29 14 en
812 901 64 21 kom-

117 944 62 20 mun,
195 936 65 21 skola
274 935 28 21 de
318 934 23 22 af
356 934 184 29 skjutsväsendet
556 934 135 22 föranledda
705 935 127 28 utgifterna
843 936 33 21 &r-

117 970 64 28 ligen
200 970 24 21 af
241 969 159 28 kronofogden
415 968 99 22 fördelas
530 969 97 21 emellan
643 969 28 21 de
686 970 37 20 till
739 970 137 28 skjutslaget

117 1004 100 22 hörande
240 1005 164 21 kommunerna
427 1004 43 21 och
489 1004 93 20 delarna
602 1003 24 21 af
644 1004 110 21 kommun
768 1004 10 21 i
792 1004 84 22 förhål-

116 1040 68 21 lande
204 1039 37 21 till
260 1039 39 21 det
319 1038 171 28 sammanlagda
509 1038 94 28 mantal,
622 1046 50 14 som
692 1038 88 29 påförts
796 1039 27 21 de
838 1039 38 21 be-

116 1073 212 29 talningsskyldiga
350 1073 63 21 inom
435 1072 79 28 hvarje
533 1072 111 22 kommun
664 1074 43 21 och
722 1073 38 21 del
775 1073 23 22 af
812 1074 64 21 kom-

117 1116 62 20 mun,
195 1108 55 21 eller
266 1108 42 21 ock
323 1107 57 21 efter
396 1114 75 14 annan
486 1106 82 29 grund,
584 1107 95 21 hvarom
693 1108 71 21 minst
779 1110 34 19 tre
823 1108 53 28 fjer-

117 1142 91 22 dedelar
224 1142 25 22 af
262 1143 176 21 kommunernas
454 1141 84 22 ombud
553 1142 40 21 vid
608 1142 39 21 det
662 1142 9 21 i
686 1142 13 21 6
715 1144 13 26 &
739 1142 137 22 omnämnda

118 1177 166 21 sammanträde
305 1176 36 28 sig
356 1176 95 22 förenat.
481 1176 167 28 Kronofogden
664 1177 59 21 skall
737 1177 86 28 jemväl
837 1176 39 22 be-

117 1215 97 19 stämma
229 1212 27 20 de
273 1211 191 28 skjutsanstalter,
479 1211 37 21 till
526 1211 80 21 hvilka
615 1211 79 29 hvarje
705 1211 97 22 särskild
812 1212 64 21 kom-

117 1254 66 14 muns
198 1246 82 28 bidrag
294 1246 43 21 bör
351 1245 109 28 utgifvas.

466 1309 27 22 27
509 1310 19 26 8.

187 1345 143 33 Öfverstiger
344 1349 39 21 det
398 1349 92 28 belopp,
506 1356 49 14 som
571 1349 37 21 till
622 1348 143 23 betäckande
781 1349 23 22 af
814 1350 62 21 kost-

117 1384 100 22 naderna
232 1384 36 21 för
286 1383 190 29 skjutsväsendet,
494 1382 140 22 oberäknadt
649 1383 128 29 utgifterna
791 1383 36 23 för
841 1384 34 21 in-

117 1419 94 21 lösande
234 1418 23 22 af
276 1418 136 28 erforderlig
427 1418 66 21 mark
507 1418 37 21 till
561 1417 160 29 skjutsanstalt
736 1418 44 22 och
795 1418 80 28 uppfö-

117 1453 69 22 rande
202 1452 24 22 af
241 1452 75 22 derför
330 1452 117 28 behöfliga
461 1452 50 28 hus,
527 1452 43 22 bör
584 1452 41 22 hos
641 1452 28 21 de
682 1452 194 29 betalningsskyl-
