1114 1767
326 130 20 20 U.
363 130 21 20 B.
400 140 27 3 —
444 129 57 26 Prop.
517 128 34 21 N:o
566 128 31 21 10.
786 129 25 21 13

149 196 255 28 Sakförareföreningar
426 196 65 21 skola
511 196 83 21 finnas:
617 204 29 14 en
667 197 8 21 i
696 196 144 28 Helsingfors

81 232 50 22 stad
147 234 60 18 samt
222 239 28 13 en
264 231 8 21 i
287 230 81 28 hvarje
384 230 25 22 af
422 230 28 21 de
465 230 81 26 städer,
563 230 38 21 der
616 230 90 22 hofrätt
721 234 30 18 är.
772 224 21 29 Ä
804 238 37 14 an-

80 274 47 13 nan
143 268 35 19 ort
193 266 45 21 kan
254 265 65 29 dylik
334 264 106 28 förening
455 264 42 21 ock
512 264 80 26 bildas,
607 271 39 15 om
663 265 40 21 der
715 265 72 21 finnes
798 265 44 21 till-

80 300 99 29 räckligt
194 301 61 21 antal
271 300 85 22 sådana
371 307 114 21 personer,
501 306 48 15 som
565 299 40 21 här
621 302 40 19 äro
677 300 106 22 nämnda.

437 376 11 19 7
465 374 19 28 &.

150 415 87 28 Hvarje
252 414 225 28 saktörareförening
487 413 57 22 skall
555 414 68 21 bland
634 414 51 22 sina
695 414 148 22 medlemmar

81 452 50 19 utse
147 457 29 13 en
190 449 102 28 styrelse,
308 455 49 15 som
373 449 73 20 kallas
461 448 161 21 sakförareräd.

441 518 12 20 8
469 516 20 29 8.
882 539 2 2 |

150 557 188 22 Sakförarerädet
366 557 139 21 tillkommer
527 559 34 18 att
582 557 84 28 pröfva
689 552 183 34 ansökningar

82 600 37 14 om
138 592 89 21 inträde
242 592 8 21 i
265 591 146 28 föreningen;
428 591 43 22 och
487 593 36 19 mä
538 591 107 26 sökande,
661 599 50 14 som
726 557 142 71 rd

82 628 27 21 de
125 627 7 21 i
147 629 13 20 6
176 627 13 28 &
204 625 138 23 föreskrifna
363 626 81 25 vilkor,
467 625 19 28 ej
503 629 55 18 utan
573 626 120 28 synnerlig
708 627 66 20 orsak
784 629 61 28 våg-

81 670 36 14 ras
139 661 95 22 inträde.
264 661 86 21 Finner
369 660 64 21 rådet
448 660 50 21 skäl
513 659 141 22 förekomma
663 663 44 28 att
720 656 72 35 Vägra
808 671 36 13 an-

81 697 52 21 sökt
158 696 95 25 inträde,
277 695 59 22 skall
359 695 93 21 ärendet
474 695 151 28 underkastas
636 694 160 31 "föreningens
814 697 31 22 af-

81 731 101 29 görande
197 733 29 26 på
242 730 96 22 allmänt
352 732 68 19 möte.
557 723 25 44 [

441 798 48 29 98.

150 839 187 22 Sakförarerädet
352 839 87 28 åligger
454 838 80 23 vidare
550 842 33 19 att
597 840 63 22 hålla
669 848 122 21 noggrann
801 841 44 22 till-

190 877 8 4 =
341 873 58 6 Lia
505 862 8 15 /
671 875 4 4 .

82 883 42 21 syn
147 874 111 26 deröfver,
278 875 34 20 att
327 873 147 28 föreningens
489 875 149 21 medlemmar
653 875 40 22 vid
708 875 138 22 utöfvandet

82 910 25 21 af
129 910 35 21 sin
190 907 274 23 sakförareverksamhet/
479 911 168 26 samvetsgrant
667 910 108 28 uppfylla
795 910 50 21 sina

81 944 84 29 pligter
186 946 59 19 samt
266 942 103 22 undvika
388 910 64 95 a
458 951 48 14 som
526 943 81 22 strider
621 947 50 18 mot
685 944 46 28 god
747 944 98 29 ordning

82 979 42 21 och
147 981 25 19 är
194 977 85 30 egnadt
300 980 35 19 att
356 981 109 19 nedsätta
487 978 218 22 sakförareständets
721 979 123 27 anseende;

83 1014 37 21 och
143 1020 38 21 ege
203 1001 185 42 sakförarerädet
406 1014 63 21 makt
483 1015 38 26 att,
538 1021 33 14 om
585 1013 118 27 sakförare
718 1013 50 22 häri
782 1013 62 28 felat,

83 1048 54 27 efter
160 1048 57 21 hans
234 1047 87 21 hörande”
344 1041 103 28 tilldela
461 1047 84 22 honom
561 1047 98 28 varning
675 1047 54 22 eller
744 1047 101 22 utesluta

82 1083 85 21 honom
182 1082 51 21 frän
249 1047 137 97 förogingon
401 1084 30 27 på
446 1082 46 22 viss
508 1082 40 26 tid,
563 1082 68 28 högst
645 1084 41 19 två
701 1084 30 24 år,
745 1082 54 21 eller
809 1082 36 22 för

83 1117 70 22 alltid.

437 1152 26 21 10
477 1151 20 28 &.

150 1192 190 23 Sakförarerådet
362 1200 54 21 eger
431 1192 44 22 ock
490 1191 79 29 afgöra
584 1191 146 28 tvistigheter
746 1190 98 22 emellan

82 1227 97 22 medlem
200 1227 175 29 af/föreningen
390 1227 44 22 och
448 1227 57 21 hans
521 1225 142 22 hufvudman
679 1225 118 28 angående
812 1233 32 13 ar-

83 1258 64 37 vode,
163 1257 57 37 när/
222 1263 44 22 den
281 1262 141 22 sistnämnde
438 1261 77 22 derom
531 1260 112 28 anhåller;
657 1260 42 22 och
710 1262 75 26 gånge
796 1259 48 22 sak-

83 1296 152 29 förarerådets
253 1297 76 22 beslut
343 1297 8 21 i
366 1296 70 22 sådan
452 1295 65 28 fråga
531 1295 37 22 till
583 1294 174 28 verkställighet
772 1294 72 22 såsom

82 1328 125 36 skiljeddm,
222 1332 90 22 hvarom
327 1331 9 21 i
350 1330 202 28 utsökningslagen
568 1332 26 19 är
609 1330 112 27 stadgadt.

135 1365 11 13 S

94 1389 26 47 1
438 1399 61 29 118.

81 1444 9 10 a
153 1441 131 29 Uppsigten
313 1440 66 22 öfver
401 1438 278 28 sakförareföreningarna
701 1437 143 22 handhafves
