1109 1770
254 140 26 22 16
559 140 41 20 N:o
617 140 25 21 17

294 208 393 22 Kommunalstämmoordföranden
702 208 8 21 i
726 208 44 22 den
788 208 117 29 kommun,
922 210 63 21 inom

225 244 67 21 hvars
310 243 92 22 område
418 245 113 19 stämman
545 242 79 28 hålles,
639 244 99 20 utsätter
752 243 64 21 tiden
826 243 37 22 för
872 251 115 15 samman-

224 278 81 28 trädet,
321 278 96 21 hvarom
431 278 45 20 han
492 277 7 21 i
515 277 47 28 god
577 277 34 21 tid
625 277 41 21 bör
676 277 134 21 underrätta
819 278 168 22 kommunerna

225 312 43 22 och
282 311 166 29 kronofogden.

576 375 28 21 18
618 376 18 26 8.

295 421 45 22 Vid
356 421 44 21 den
415 428 170 20 gemensamma
595 421 246 21 kommunalstämman
852 421 41 21 bör
903 422 83 21 krono-

225 455 87 28 fogden
330 458 104 25 närvara,
453 455 52 21 med
520 457 47 19 rätt
581 454 35 22 för
631 455 85 21 honom
732 457 34 18 att
781 455 93 28 deltaga
888 455 9 21 i
912 455 74 22 öfver-

225 490 171 28 läggningarna
415 497 52 13 men
488 489 50 21 icke
554 489 8 21 i
578 489 111 22 besluten.
715 489 90 21 Uteblir
819 489 167 29 kronofogden,

226 524 93 21 hindrar
335 523 81 22 sådant
431 523 51 22 icke
497 523 180 28 öfverläggning
693 523 42 21 och
751 523 81 22 beslut.

295 559 46 21 För
357 557 71 29 öfrigt
443 557 79 22 länder
536 558 39 21 till
591 557 150 21 efterrättelse
756 558 61 20 hvad
831 558 36 20 uti
878 559 108 27 gällande

226 592 136 28 förordning
378 599 37 14 om
431 591 275 28 kommunalförvaltning
721 592 30 27 på
766 591 85 28 landet,
868 592 118 28 angående

226 634 134 22 gemensam
375 626 231 22 kommunalstämma
622 626 98 28 stadgas.

578 712 27 21 19
620 714 18 25 8.

298 758 68 22 Såväl
390 758 143 21 underhållet
557 757 23 22 af
602 758 160 28 skjutsanstalt
785 765 48 14 som
854 758 133 28 skjutshåll-

228 793 86 28 ningen
338 792 59 22 skall
419 800 84 20 genom
526 792 151 28 entreprenad
700 792 144 28 ombesörjas,
867 792 40 21 der
926 792 61 21 skild

230 828 129 27 ersättning
375 826 23 22 af
414 827 137 29 skjutslaget
567 827 50 21 icke
632 826 94 22 fordras.
750 827 102 28 Begäres
868 826 70 22 sådan
953 834 34 14 er-

228 862 112 27 sättning,
368 862 120 21 ankomme
511 863 13 19 å
546 868 132 21 gemensam
700 861 231 21 kommunalstämma
954 863 33 19 att

229 896 109 22 särskildt
353 895 36 22 för
403 895 79 28 hvarje
497 896 9 21 i
520 895 138 29 skjutslaget
674 895 90 28 förlagd
779 895 160 28 skjutsanstalt
955 895 33 22 af-

230 933 62 26 göra,
312 930 114 21 huruvida
444 930 145 21 underhållet
607 929 23 22 af
645 930 43 21 och
703 929 160 29 skjutsningen
879 930 39 21 vid
933 930 55 21 den-

230 972 86 14 samma
336 964 58 22 skall
413 964 35 22 för
466 964 150 29 skjutslagets
631 964 98 28 räkning
744 965 30 27 på
789 964 151 29 entreprenad
955 964 34 22 öt-

229 1000 104 21 verlåtas.

300 1034 43 21 Om
358 1035 87 19 antalet
460 1036 72 19 röster
547 1033 36 22 för
598 1034 43 21 och
657 1036 60 19 emot
733 1033 150 29 entreprenad
898 1037 25 17 är
934 1033 54 27 lika,

230 1069 61 28 gälle
306 1068 45 22 den
366 1068 100 28 mening,
483 1076 49 13 som
546 1068 85 21 uttalat
646 1068 36 28 sig
698 1068 35 21 för
748 1068 155 28 entreprenad.

300 1098 128 26 Öfverlåtes
451 1102 144 22 underhållet
615 1102 23 22 af
656 1102 159 28 skjutsanstalt
834 1102 56 22 eller
905 1102 84 28 skjuts-

230 1138 87 28 ningen
332 1136 36 22 för
383 1137 149 28 skjutslagets
547 1137 99 28 räkning
662 1138 30 27 på
707 1137 157 28 entreprenad,
880 1144 54 21 eger
950 1144 40 21 ge-

230 1180 103 14 mensam
353 1172 237 28 kommunalstämma,
607 1172 109 21 särskildt
730 1171 36 22 för
780 1171 78 29 hvarje
875 1171 115 29 skjutsan-

231 1207 61 28 stalt,
308 1206 90 22 besluta
413 1206 89 22 hvilket
518 1206 229 29 entreprenadanbud
761 1206 41 22 bör
817 1206 140 28 godkännas.

301 1241 137 21 Gemensam
467 1241 243 22 kommunalstämmas
733 1241 80 28 beslut,
839 1240 151 29 hvarigenom

231 1275 229 29 entreprenadanbud
481 1276 123 28 godkänts,
627 1275 59 21 skall
706 1275 152 22 underställas
877 1278 113 25 guvernö-

230 1318 52 14 rens
305 1309 110 29 pröfning
438 1310 40 21 och
499 1310 154 27 fastställelse,
669 1310 9 20 i
692 1310 88 21 hvilket
799 1309 106 22 afseende
920 1311 70 20 stäm-

231 1352 66 14 mans
314 1344 117 28 protokoll
450 1344 62 21 inom
532 1343 87 29 fjorton
636 1344 70 28 dagar
722 1343 150 22 öfverlemnas
887 1344 37 21 till
939 1344 52 21 kro-

231 1378 123 29 nofogden,
374 1385 49 14 som
443 1378 141 22 oförtöfvadt
603 1379 37 20 till
660 1381 142 26 guvernören
819 1378 107 22 insänder
942 1378 48 21 det-

232 1420 86 15 samma
332 1413 70 28 jemte
418 1415 54 26 eget
485 1413 113 28 yttrande.
