<?xml version="1.0" encoding="UTF-8"?>
<alto xmlns="http://www.loc.gov/standards/alto/ns-v3#" xmlns:xlink="http://www.w3.org/1999/xlink" xmlns:xsi="http://www.w3.org/2001/XMLSchema-instance" xsi:schemaLocation="http://www.loc.gov/standards/alto/ns-v3# http://www.loc.gov/alto/v3/alto-3-0.xsd">
	<Description>
		<MeasurementUnit>pixel</MeasurementUnit>
		<sourceImageInformation>
			<fileName>/tmp/tess_6wi08ikt_input.PNG</fileName>
		</sourceImageInformation>
		<OCRProcessing ID="OCR_0">
			<ocrProcessingStep>
				<processingSoftware>
					<softwareName>tesseract 5.3.4</softwareName>
				</processingSoftware>
			</ocrProcessingStep>
		</OCRProcessing>
	</Description>
	<Layout>
		<Page WIDTH="1075" HEIGHT="1692" PHYSICAL_IMG_NR="0" ID="page_0">
			<PrintSpace HPOS="0" VPOS="0" WIDTH="1075" HEIGHT="1692">
				<ComposedBlock ID="cblock_0" HPOS="200" VPOS="98" WIDTH="573" HEIGHT="28">
					<TextBlock ID="block_0" HPOS="200" VPOS="98" WIDTH="573" HEIGHT="28">
						<TextLine ID="line_0" HPOS="200" VPOS="98" WIDTH="573" HEIGHT="28">
							<String ID="string_0" HPOS="200" VPOS="102" WIDTH="12" HEIGHT="19" WC="0.91" CONTENT="2"/><SP WIDTH="178" VPOS="102" HPOS="212"/>
							<String ID="string_1" HPOS="390" VPOS="98" WIDTH="84" HEIGHT="23" WC="0.89" CONTENT="Ständ."/><SP WIDTH="17" VPOS="98" HPOS="474"/>
							<String ID="string_2" HPOS="491" VPOS="98" WIDTH="38" HEIGHT="23" WC="0.92" CONTENT="Sv."/><SP WIDTH="17" VPOS="98" HPOS="529"/>
							<String ID="string_3" HPOS="546" VPOS="111" WIDTH="27" HEIGHT="3" WC="0.91" CONTENT="—"/><SP WIDTH="16" VPOS="111" HPOS="573"/>
							<String ID="string_4" HPOS="589" VPOS="98" WIDTH="75" HEIGHT="28" WC="0.95" CONTENT="Prop."/><SP WIDTH="15" VPOS="98" HPOS="664"/>
							<String ID="string_5" HPOS="679" VPOS="99" WIDTH="42" HEIGHT="22" WC="0.95" CONTENT="N:o"/><SP WIDTH="15" VPOS="99" HPOS="721"/>
							<String ID="string_6" HPOS="736" VPOS="99" WIDTH="37" HEIGHT="22" WC="0.96" CONTENT="12."/>
						</TextLine>
					</TextBlock>
				</ComposedBlock>
				<ComposedBlock ID="cblock_1" HPOS="200" VPOS="170" WIDTH="763" HEIGHT="1271">
					<TextBlock ID="block_1" HPOS="200" VPOS="170" WIDTH="763" HEIGHT="511">
						<TextLine ID="line_1" HPOS="200" VPOS="170" WIDTH="763" HEIGHT="29">
							<String ID="string_7" HPOS="200" VPOS="172" WIDTH="52" HEIGHT="26" WC="0.93" CONTENT="vin,"/><SP WIDTH="14" VPOS="172" HPOS="252"/>
							<String ID="string_8" HPOS="266" VPOS="170" WIDTH="141" HEIGHT="29" WC="0.91" CONTENT="bevillning"/><SP WIDTH="17" VPOS="170" HPOS="407"/>
							<String ID="string_9" HPOS="424" VPOS="170" WIDTH="39" HEIGHT="22" WC="0.96" CONTENT="för"/><SP WIDTH="16" VPOS="170" HPOS="463"/>
							<String ID="string_10" HPOS="479" VPOS="170" WIDTH="163" HEIGHT="28" WC="0.95" CONTENT="tillverkning"/><SP WIDTH="14" VPOS="170" HPOS="642"/>
							<String ID="string_11" HPOS="656" VPOS="170" WIDTH="24" HEIGHT="22" WC="0.93" CONTENT="af"/><SP WIDTH="13" VPOS="170" HPOS="680"/>
							<String ID="string_12" HPOS="693" VPOS="170" WIDTH="170" HEIGHT="29" WC="0.92" CONTENT="maltdrycker"/><SP WIDTH="14" VPOS="170" HPOS="863"/>
							<String ID="string_13" HPOS="877" VPOS="171" WIDTH="86" HEIGHT="22" WC="0.92" CONTENT="äfven-"/>
						</TextLine>
						<TextLine ID="line_2" HPOS="200" VPOS="204" WIDTH="762" HEIGHT="29">
							<String ID="string_14" HPOS="200" VPOS="212" WIDTH="54" HEIGHT="16" WC="0.93" CONTENT="som"/><SP WIDTH="14" VPOS="212" HPOS="254"/>
							<String ID="string_15" HPOS="268" VPOS="204" WIDTH="255" HEIGHT="29" WC="0.90" CONTENT="stämpelbevillning,"/><SP WIDTH="15" VPOS="204" HPOS="523"/>
							<String ID="string_16" HPOS="538" VPOS="204" WIDTH="70" HEIGHT="22" WC="0.96" CONTENT="skola"/><SP WIDTH="14" VPOS="204" HPOS="608"/>
							<String ID="string_17" HPOS="622" VPOS="205" WIDTH="105" HEIGHT="28" WC="0.96" CONTENT="utgöras"/><SP WIDTH="13" VPOS="205" HPOS="727"/>
							<String ID="string_18" HPOS="740" VPOS="205" WIDTH="82" HEIGHT="22" WC="0.96" CONTENT="under"/><SP WIDTH="13" VPOS="205" HPOS="822"/>
							<String ID="string_19" HPOS="835" VPOS="205" WIDTH="29" HEIGHT="22" WC="0.96" CONTENT="år"/><SP WIDTH="11" VPOS="205" HPOS="864"/>
							<String ID="string_20" HPOS="875" VPOS="205" WIDTH="68" HEIGHT="23" WC="0.96" CONTENT="1905"/><SP WIDTH="12" VPOS="205" HPOS="943"/>
							<String ID="string_21" HPOS="955" VPOS="206" WIDTH="7" HEIGHT="22" WC="0.96" CONTENT="i"/>
						</TextLine>
						<TextLine ID="line_3" HPOS="200" VPOS="238" WIDTH="762" HEIGHT="31">
							<String ID="string_22" HPOS="200" VPOS="240" WIDTH="113" HEIGHT="29" WC="0.96" CONTENT="enlighet"/><SP WIDTH="13" VPOS="240" HPOS="313"/>
							<String ID="string_23" HPOS="326" VPOS="239" WIDTH="56" HEIGHT="22" WC="0.93" CONTENT="med"/><SP WIDTH="15" VPOS="239" HPOS="382"/>
							<String ID="string_24" HPOS="397" VPOS="238" WIDTH="173" HEIGHT="30" WC="0.91" CONTENT="stadgandena"/><SP WIDTH="14" VPOS="238" HPOS="570"/>
							<String ID="string_25" HPOS="584" VPOS="239" WIDTH="7" HEIGHT="21" WC="0.96" CONTENT="i"/><SP WIDTH="13" VPOS="239" HPOS="591"/>
							<String ID="string_26" HPOS="604" VPOS="238" WIDTH="32" HEIGHT="22" WC="0.96" CONTENT="de"/><SP WIDTH="12" VPOS="238" HPOS="636"/>
							<String ID="string_27" HPOS="648" VPOS="238" WIDTH="183" HEIGHT="30" WC="0.95" CONTENT="förordningar"/><SP WIDTH="13" VPOS="238" HPOS="831"/>
							<String ID="string_28" HPOS="844" VPOS="240" WIDTH="26" HEIGHT="22" WC="0.96" CONTENT="af"/><SP WIDTH="12" VPOS="240" HPOS="870"/>
							<String ID="string_29" HPOS="882" VPOS="240" WIDTH="48" HEIGHT="22" WC="0.96" CONTENT="den"/><SP WIDTH="16" VPOS="240" HPOS="930"/>
							<String ID="string_30" HPOS="946" VPOS="241" WIDTH="16" HEIGHT="21" WC="0.96" CONTENT="4"/>
						</TextLine>
						<TextLine ID="line_4" HPOS="200" VPOS="272" WIDTH="762" HEIGHT="30">
							<String ID="string_31" HPOS="200" VPOS="275" WIDTH="46" HEIGHT="22" WC="0.96" CONTENT="och"/><SP WIDTH="14" VPOS="275" HPOS="246"/>
							<String ID="string_32" HPOS="260" VPOS="275" WIDTH="32" HEIGHT="21" WC="0.96" CONTENT="21"/><SP WIDTH="18" VPOS="275" HPOS="292"/>
							<String ID="string_33" HPOS="310" VPOS="274" WIDTH="131" HEIGHT="22" WC="0.96" CONTENT="december"/><SP WIDTH="15" VPOS="274" HPOS="441"/>
							<String ID="string_34" HPOS="456" VPOS="272" WIDTH="73" HEIGHT="26" WC="0.96" CONTENT="1900,"/><SP WIDTH="9" VPOS="272" HPOS="529"/>
							<String ID="string_35" HPOS="538" VPOS="279" WIDTH="53" HEIGHT="15" WC="0.96" CONTENT="som"/><SP WIDTH="13" VPOS="279" HPOS="591"/>
							<String ID="string_36" HPOS="604" VPOS="273" WIDTH="126" HEIGHT="22" WC="0.96" CONTENT="utfärdats"/><SP WIDTH="15" VPOS="273" HPOS="730"/>
							<String ID="string_37" HPOS="745" VPOS="274" WIDTH="131" HEIGHT="28" WC="0.95" CONTENT="angående"/><SP WIDTH="10" VPOS="274" HPOS="876"/>
							<String ID="string_38" HPOS="886" VPOS="274" WIDTH="76" HEIGHT="22" WC="0.96" CONTENT="dessa"/>
						</TextLine>
						<TextLine ID="line_5" HPOS="200" VPOS="307" WIDTH="762" HEIGHT="29">
							<String ID="string_39" HPOS="200" VPOS="310" WIDTH="97" HEIGHT="21" WC="0.96" CONTENT="skatter"/><SP WIDTH="26" VPOS="310" HPOS="297"/>
							<String ID="string_40" HPOS="323" VPOS="308" WIDTH="40" HEIGHT="22" WC="0.96" CONTENT="för"/><SP WIDTH="18" VPOS="308" HPOS="363"/>
							<String ID="string_41" HPOS="381" VPOS="308" WIDTH="60" HEIGHT="21" WC="0.93" CONTENT="åren"/><SP WIDTH="22" VPOS="308" HPOS="441"/>
							<String ID="string_42" HPOS="463" VPOS="307" WIDTH="181" HEIGHT="22" WC="0.92" CONTENT="1901—1904."/><SP WIDTH="39" VPOS="307" HPOS="644"/>
							<String ID="string_43" HPOS="683" VPOS="308" WIDTH="131" HEIGHT="28" WC="0.96" CONTENT="Därjämte"/><SP WIDTH="19" VPOS="308" HPOS="814"/>
							<String ID="string_44" HPOS="833" VPOS="308" WIDTH="47" HEIGHT="22" WC="0.93" CONTENT="har"/><SP WIDTH="18" VPOS="308" HPOS="880"/>
							<String ID="string_45" HPOS="898" VPOS="308" WIDTH="64" HEIGHT="23" WC="0.92" CONTENT="före-"/>
						</TextLine>
						<TextLine ID="line_6" HPOS="200" VPOS="342" WIDTH="762" HEIGHT="30">
							<String ID="string_46" HPOS="200" VPOS="344" WIDTH="89" HEIGHT="28" WC="0.96" CONTENT="slagits"/><SP WIDTH="29" VPOS="344" HPOS="289"/>
							<String ID="string_47" HPOS="318" VPOS="349" WIDTH="32" HEIGHT="15" WC="0.92" CONTENT="en"/><SP WIDTH="27" VPOS="349" HPOS="350"/>
							<String ID="string_48" HPOS="377" VPOS="342" WIDTH="155" HEIGHT="28" WC="0.91" CONTENT="provisionel"/><SP WIDTH="28" VPOS="342" HPOS="532"/>
							<String ID="string_49" HPOS="560" VPOS="342" WIDTH="128" HEIGHT="28" WC="0.96" CONTENT="reglering"/><SP WIDTH="28" VPOS="342" HPOS="688"/>
							<String ID="string_50" HPOS="716" VPOS="342" WIDTH="25" HEIGHT="22" WC="0.96" CONTENT="af"/><SP WIDTH="19" VPOS="342" HPOS="741"/>
							<String ID="string_51" HPOS="760" VPOS="342" WIDTH="91" HEIGHT="29" WC="0.95" CONTENT="frågan"/><SP WIDTH="20" VPOS="342" HPOS="851"/>
							<String ID="string_52" HPOS="871" VPOS="349" WIDTH="39" HEIGHT="15" WC="0.96" CONTENT="om"/><SP WIDTH="20" VPOS="349" HPOS="910"/>
							<String ID="string_53" HPOS="930" VPOS="344" WIDTH="32" HEIGHT="21" WC="0.95" CONTENT="de"/>
						</TextLine>
						<TextLine ID="line_7" HPOS="200" VPOS="376" WIDTH="761" HEIGHT="30">
							<String ID="string_54" HPOS="200" VPOS="378" WIDTH="112" HEIGHT="28" WC="0.95" CONTENT="utgifter,"/><SP WIDTH="22" VPOS="378" HPOS="312"/>
							<String ID="string_55" HPOS="334" VPOS="383" WIDTH="53" HEIGHT="15" WC="0.96" CONTENT="som"/><SP WIDTH="20" VPOS="383" HPOS="387"/>
							<String ID="string_56" HPOS="407" VPOS="376" WIDTH="62" HEIGHT="22" WC="0.96" CONTENT="efter"/><SP WIDTH="18" VPOS="376" HPOS="469"/>
							<String ID="string_57" HPOS="487" VPOS="376" WIDTH="128" HEIGHT="29" WC="0.96" CONTENT="ingången"/><SP WIDTH="22" VPOS="376" HPOS="615"/>
							<String ID="string_58" HPOS="637" VPOS="376" WIDTH="25" HEIGHT="22" WC="0.96" CONTENT="af"/><SP WIDTH="18" VPOS="376" HPOS="662"/>
							<String ID="string_59" HPOS="680" VPOS="376" WIDTH="29" HEIGHT="22" WC="0.96" CONTENT="år"/><SP WIDTH="21" VPOS="376" HPOS="709"/>
							<String ID="string_60" HPOS="730" VPOS="376" WIDTH="65" HEIGHT="22" WC="0.96" CONTENT="1905"/><SP WIDTH="21" VPOS="376" HPOS="795"/>
							<String ID="string_61" HPOS="816" VPOS="376" WIDTH="71" HEIGHT="22" WC="0.96" CONTENT="skola"/><SP WIDTH="17" VPOS="376" HPOS="887"/>
							<String ID="string_62" HPOS="904" VPOS="378" WIDTH="57" HEIGHT="22" WC="0.96" CONTENT="med"/>
						</TextLine>
						<TextLine ID="line_8" HPOS="200" VPOS="410" WIDTH="761" HEIGHT="30">
							<String ID="string_63" HPOS="200" VPOS="410" WIDTH="237" HEIGHT="30" WC="0.91" CONTENT="bevillningsmedel"/><SP WIDTH="14" VPOS="410" HPOS="437"/>
							<String ID="string_64" HPOS="451" VPOS="410" WIDTH="131" HEIGHT="22" WC="0.96" CONTENT="bestridas."/><SP WIDTH="30" VPOS="410" HPOS="582"/>
							<String ID="string_65" HPOS="612" VPOS="410" WIDTH="121" HEIGHT="22" WC="0.96" CONTENT="Härifrån"/><SP WIDTH="14" VPOS="410" HPOS="733"/>
							<String ID="string_66" HPOS="747" VPOS="410" WIDTH="80" HEIGHT="22" WC="0.96" CONTENT="skulle"/><SP WIDTH="14" VPOS="410" HPOS="827"/>
							<String ID="string_67" HPOS="841" VPOS="411" WIDTH="64" HEIGHT="22" WC="0.93" CONTENT="dock"/><SP WIDTH="15" VPOS="411" HPOS="905"/>
							<String ID="string_68" HPOS="920" VPOS="418" WIDTH="41" HEIGHT="16" WC="0.93" CONTENT="an-"/>
						</TextLine>
						<TextLine ID="line_9" HPOS="200" VPOS="444" WIDTH="761" HEIGHT="30">
							<String ID="string_69" HPOS="200" VPOS="446" WIDTH="166" HEIGHT="28" WC="0.96" CONTENT="vändningen"/><SP WIDTH="20" VPOS="446" HPOS="366"/>
							<String ID="string_70" HPOS="386" VPOS="445" WIDTH="25" HEIGHT="22" WC="0.96" CONTENT="af"/><SP WIDTH="17" VPOS="445" HPOS="411"/>
							<String ID="string_71" HPOS="428" VPOS="445" WIDTH="31" HEIGHT="22" WC="0.96" CONTENT="de"/><SP WIDTH="16" VPOS="445" HPOS="459"/>
							<String ID="string_72" HPOS="475" VPOS="451" WIDTH="90" HEIGHT="22" WC="0.93" CONTENT="genom"/><SP WIDTH="16" VPOS="451" HPOS="565"/>
							<String ID="string_73" HPOS="581" VPOS="444" WIDTH="225" HEIGHT="23" WC="0.91" CONTENT="bränvinsskatten"/><SP WIDTH="14" VPOS="444" HPOS="806"/>
							<String ID="string_74" HPOS="820" VPOS="445" WIDTH="141" HEIGHT="29" WC="0.96" CONTENT="inflytande"/>
						</TextLine>
						<TextLine ID="line_10" HPOS="200" VPOS="479" WIDTH="761" HEIGHT="29">
							<String ID="string_75" HPOS="200" VPOS="480" WIDTH="82" HEIGHT="23" WC="0.92" CONTENT="medel"/><SP WIDTH="28" VPOS="480" HPOS="282"/>
							<String ID="string_76" HPOS="310" VPOS="480" WIDTH="169" HEIGHT="28" WC="0.91" CONTENT="undantagas,"/><SP WIDTH="30" VPOS="480" HPOS="479"/>
							<String ID="string_77" HPOS="509" VPOS="479" WIDTH="105" HEIGHT="22" WC="0.96" CONTENT="emedan"/><SP WIDTH="26" VPOS="479" HPOS="614"/>
							<String ID="string_78" HPOS="640" VPOS="486" WIDTH="91" HEIGHT="22" WC="0.95" CONTENT="genom"/><SP WIDTH="20" VPOS="486" HPOS="731"/>
							<String ID="string_79" HPOS="751" VPOS="481" WIDTH="34" HEIGHT="21" WC="0.96" CONTENT="ett"/><SP WIDTH="20" VPOS="481" HPOS="785"/>
							<String ID="string_80" HPOS="805" VPOS="480" WIDTH="88" HEIGHT="28" WC="0.93" CONTENT="nådigt"/><SP WIDTH="19" VPOS="480" HPOS="893"/>
							<String ID="string_81" HPOS="912" VPOS="480" WIDTH="49" HEIGHT="22" WC="0.91" CONTENT="för-"/>
						</TextLine>
						<TextLine ID="line_11" HPOS="200" VPOS="513" WIDTH="760" HEIGHT="29">
							<String ID="string_82" HPOS="200" VPOS="514" WIDTH="134" HEIGHT="24" WC="0.96" CONTENT="ordnande"/><SP WIDTH="19" VPOS="514" HPOS="334"/>
							<String ID="string_83" HPOS="353" VPOS="514" WIDTH="26" HEIGHT="22" WC="0.96" CONTENT="af"/><SP WIDTH="18" VPOS="514" HPOS="379"/>
							<String ID="string_84" HPOS="397" VPOS="514" WIDTH="48" HEIGHT="22" WC="0.96" CONTENT="den"/><SP WIDTH="20" VPOS="514" HPOS="445"/>
							<String ID="string_85" HPOS="465" VPOS="514" WIDTH="32" HEIGHT="22" WC="0.96" CONTENT="23"/><SP WIDTH="16" VPOS="514" HPOS="497"/>
							<String ID="string_86" HPOS="513" VPOS="513" WIDTH="51" HEIGHT="28" WC="0.96" CONTENT="(10)"/><SP WIDTH="14" VPOS="513" HPOS="564"/>
							<String ID="string_87" HPOS="578" VPOS="514" WIDTH="53" HEIGHT="28" WC="0.96" CONTENT="juni"/><SP WIDTH="19" VPOS="514" HPOS="631"/>
							<String ID="string_88" HPOS="650" VPOS="513" WIDTH="66" HEIGHT="23" WC="0.96" CONTENT="1904"/><SP WIDTH="14" VPOS="513" HPOS="716"/>
							<String ID="string_89" HPOS="730" VPOS="514" WIDTH="83" HEIGHT="22" WC="0.96" CONTENT="blifvit"/><SP WIDTH="13" VPOS="514" HPOS="813"/>
							<String ID="string_90" HPOS="826" VPOS="514" WIDTH="134" HEIGHT="27" WC="0.96" CONTENT="bestämdt,"/>
						</TextLine>
						<TextLine ID="line_12" HPOS="202" VPOS="548" WIDTH="759" HEIGHT="28">
							<String ID="string_91" HPOS="202" VPOS="552" WIDTH="35" HEIGHT="20" WC="0.96" CONTENT="att"/><SP WIDTH="19" VPOS="552" HPOS="237"/>
							<String ID="string_92" HPOS="256" VPOS="550" WIDTH="31" HEIGHT="22" WC="0.96" CONTENT="de"/><SP WIDTH="19" VPOS="550" HPOS="287"/>
							<String ID="string_93" HPOS="306" VPOS="548" WIDTH="150" HEIGHT="22" WC="0.93" CONTENT="nuvarande"/><SP WIDTH="19" VPOS="548" HPOS="456"/>
							<String ID="string_94" HPOS="475" VPOS="548" WIDTH="161" HEIGHT="28" WC="0.92" CONTENT="bevillnings-"/><SP WIDTH="19" VPOS="548" HPOS="636"/>
							<String ID="string_95" HPOS="655" VPOS="548" WIDTH="45" HEIGHT="22" WC="0.93" CONTENT="och"/><SP WIDTH="20" VPOS="548" HPOS="700"/>
							<String ID="string_96" HPOS="720" VPOS="548" WIDTH="241" HEIGHT="23" WC="0.88" CONTENT="kommunikations-"/>
						</TextLine>
						<TextLine ID="line_13" HPOS="200" VPOS="582" WIDTH="761" HEIGHT="29">
							<String ID="string_97" HPOS="200" VPOS="584" WIDTH="126" HEIGHT="22" WC="0.96" CONTENT="fonderna"/><SP WIDTH="29" VPOS="584" HPOS="326"/>
							<String ID="string_98" HPOS="355" VPOS="583" WIDTH="7" HEIGHT="21" WC="0.96" CONTENT="i"/><SP WIDTH="24" VPOS="583" HPOS="362"/>
							<String ID="string_99" HPOS="386" VPOS="582" WIDTH="116" HEIGHT="29" WC="0.96" CONTENT="förening"/><SP WIDTH="19" VPOS="582" HPOS="502"/>
							<String ID="string_100" HPOS="521" VPOS="582" WIDTH="55" HEIGHT="22" WC="0.92" CONTENT="med"/><SP WIDTH="20" VPOS="582" HPOS="576"/>
							<String ID="string_101" HPOS="596" VPOS="582" WIDTH="223" HEIGHT="22" WC="0.91" CONTENT="bränvinsmedlen"/><SP WIDTH="20" VPOS="582" HPOS="819"/>
							<String ID="string_102" HPOS="839" VPOS="583" WIDTH="55" HEIGHT="22" WC="0.96" CONTENT="från"/><SP WIDTH="20" VPOS="583" HPOS="894"/>
							<String ID="string_103" HPOS="914" VPOS="584" WIDTH="47" HEIGHT="22" WC="0.96" CONTENT="och"/>
						</TextLine>
						<TextLine ID="line_14" HPOS="200" VPOS="616" WIDTH="761" HEIGHT="30">
							<String ID="string_104" HPOS="200" VPOS="618" WIDTH="56" HEIGHT="23" WC="0.96" CONTENT="med"/><SP WIDTH="20" VPOS="618" HPOS="256"/>
							<String ID="string_105" HPOS="276" VPOS="618" WIDTH="130" HEIGHT="28" WC="0.96" CONTENT="ingången"/><SP WIDTH="20" VPOS="618" HPOS="406"/>
							<String ID="string_106" HPOS="426" VPOS="617" WIDTH="25" HEIGHT="21" WC="0.96" CONTENT="af"/><SP WIDTH="18" VPOS="617" HPOS="451"/>
							<String ID="string_107" HPOS="469" VPOS="617" WIDTH="28" HEIGHT="21" WC="0.96" CONTENT="år"/><SP WIDTH="22" VPOS="617" HPOS="497"/>
							<String ID="string_108" HPOS="519" VPOS="616" WIDTH="65" HEIGHT="22" WC="0.96" CONTENT="1905"/><SP WIDTH="20" VPOS="616" HPOS="584"/>
							<String ID="string_109" HPOS="604" VPOS="616" WIDTH="72" HEIGHT="22" WC="0.96" CONTENT="skola"/><SP WIDTH="19" VPOS="616" HPOS="676"/>
							<String ID="string_110" HPOS="695" VPOS="617" WIDTH="7" HEIGHT="21" WC="0.93" CONTENT="i"/><SP WIDTH="19" VPOS="617" HPOS="702"/>
							<String ID="string_111" HPOS="721" VPOS="617" WIDTH="166" HEIGHT="22" WC="0.90" CONTENT="statsverkets"/><SP WIDTH="13" VPOS="617" HPOS="887"/>
							<String ID="string_112" HPOS="900" VPOS="618" WIDTH="61" HEIGHT="22" WC="0.93" CONTENT="bok-"/>
						</TextLine>
						<TextLine ID="line_15" HPOS="200" VPOS="651" WIDTH="759" HEIGHT="30">
							<String ID="string_113" HPOS="200" VPOS="653" WIDTH="84" HEIGHT="28" WC="0.92" CONTENT="föring"/><SP WIDTH="28" VPOS="653" HPOS="284"/>
							<String ID="string_114" HPOS="312" VPOS="652" WIDTH="70" HEIGHT="22" WC="0.95" CONTENT="bilda"/><SP WIDTH="28" VPOS="652" HPOS="382"/>
							<String ID="string_115" HPOS="410" VPOS="654" WIDTH="35" HEIGHT="19" WC="0.96" CONTENT="ett"/><SP WIDTH="22" VPOS="654" HPOS="445"/>
							<String ID="string_116" HPOS="467" VPOS="651" WIDTH="59" HEIGHT="26" WC="0.93" CONTENT="helt,"/><SP WIDTH="20" VPOS="651" HPOS="526"/>
							<String ID="string_117" HPOS="546" VPOS="651" WIDTH="138" HEIGHT="22" WC="0.92" CONTENT="benämndt"/><SP WIDTH="18" VPOS="651" HPOS="684"/>
							<String ID="string_118" HPOS="702" VPOS="651" WIDTH="257" HEIGHT="29" WC="0.91" CONTENT="bevillningsfonden."/>
						</TextLine>
					</TextBlock>
					<TextBlock ID="block_2" HPOS="200" VPOS="685" WIDTH="761" HEIGHT="168">
						<TextLine ID="line_16" HPOS="272" VPOS="685" WIDTH="689" HEIGHT="30">
							<String ID="string_119" HPOS="272" VPOS="686" WIDTH="143" HEIGHT="23" WC="0.92" CONTENT="Ständerna"/><SP WIDTH="19" VPOS="686" HPOS="415"/>
							<String ID="string_120" HPOS="434" VPOS="686" WIDTH="77" HEIGHT="21" WC="0.96" CONTENT="hafva"/><SP WIDTH="18" VPOS="686" HPOS="511"/>
							<String ID="string_121" HPOS="529" VPOS="685" WIDTH="83" HEIGHT="22" WC="0.93" CONTENT="funnit"/><SP WIDTH="19" VPOS="685" HPOS="612"/>
							<String ID="string_122" HPOS="631" VPOS="685" WIDTH="89" HEIGHT="29" WC="0.91" CONTENT="nödigt"/><SP WIDTH="17" VPOS="685" HPOS="720"/>
							<String ID="string_123" HPOS="737" VPOS="687" WIDTH="35" HEIGHT="21" WC="0.93" CONTENT="att"/><SP WIDTH="12" VPOS="687" HPOS="772"/>
							<String ID="string_124" HPOS="784" VPOS="686" WIDTH="124" HEIGHT="22" WC="0.91" CONTENT="förskaffa"/><SP WIDTH="14" VPOS="686" HPOS="908"/>
							<String ID="string_125" HPOS="922" VPOS="686" WIDTH="39" HEIGHT="29" WC="0.96" CONTENT="sig"/>
						</TextLine>
						<TextLine ID="line_17" HPOS="212" VPOS="720" WIDTH="749" HEIGHT="29">
							<String ID="string_126" HPOS="212" VPOS="721" WIDTH="138" HEIGHT="28" WC="0.91" CONTENT="ullständig"/><SP WIDTH="19" VPOS="721" HPOS="350"/>
							<String ID="string_127" HPOS="369" VPOS="720" WIDTH="142" HEIGHT="22" WC="0.96" CONTENT="kännedom"/><SP WIDTH="20" VPOS="720" HPOS="511"/>
							<String ID="string_128" HPOS="531" VPOS="726" WIDTH="40" HEIGHT="16" WC="0.93" CONTENT="om"/><SP WIDTH="19" VPOS="726" HPOS="571"/>
							<String ID="string_129" HPOS="590" VPOS="720" WIDTH="148" HEIGHT="22" WC="0.91" CONTENT="förenämda"/><SP WIDTH="19" VPOS="720" HPOS="738"/>
							<String ID="string_130" HPOS="757" VPOS="720" WIDTH="95" HEIGHT="29" WC="0.93" CONTENT="nådiga"/><SP WIDTH="13" VPOS="720" HPOS="852"/>
							<String ID="string_131" HPOS="865" VPOS="720" WIDTH="96" HEIGHT="23" WC="0.91" CONTENT="förord-"/>
						</TextLine>
						<TextLine ID="line_18" HPOS="201" VPOS="754" WIDTH="760" HEIGHT="29">
							<String ID="string_132" HPOS="201" VPOS="755" WIDTH="83" HEIGHT="23" WC="0.89" CONTENT="fande"/><SP WIDTH="20" VPOS="755" HPOS="284"/>
							<String ID="string_133" HPOS="304" VPOS="755" WIDTH="47" HEIGHT="22" WC="0.96" CONTENT="och"/><SP WIDTH="19" VPOS="755" HPOS="351"/>
							<String ID="string_134" HPOS="370" VPOS="755" WIDTH="130" HEIGHT="25" WC="0.96" CONTENT="inhämtat,"/><SP WIDTH="22" VPOS="755" HPOS="500"/>
							<String ID="string_135" HPOS="522" VPOS="756" WIDTH="35" HEIGHT="20" WC="0.96" CONTENT="att"/><SP WIDTH="19" VPOS="756" HPOS="557"/>
							<String ID="string_136" HPOS="576" VPOS="761" WIDTH="90" HEIGHT="22" WC="0.96" CONTENT="genom"/><SP WIDTH="20" VPOS="761" HPOS="666"/>
							<String ID="string_137" HPOS="686" VPOS="754" WIDTH="148" HEIGHT="27" WC="0.96" CONTENT="detsamma,"/><SP WIDTH="15" VPOS="754" HPOS="834"/>
							<String ID="string_138" HPOS="849" VPOS="755" WIDTH="36" HEIGHT="22" WC="0.93" CONTENT="till"/><SP WIDTH="14" VPOS="755" HPOS="885"/>
							<String ID="string_139" HPOS="899" VPOS="755" WIDTH="62" HEIGHT="22" WC="0.91" CONTENT="iakt-"/>
						</TextLine>
						<TextLine ID="line_19" HPOS="201" VPOS="788" WIDTH="757" HEIGHT="32">
							<String ID="string_140" HPOS="201" VPOS="790" WIDTH="111" HEIGHT="30" WC="0.96" CONTENT="tagande"/><SP WIDTH="28" VPOS="790" HPOS="312"/>
							<String ID="string_141" HPOS="340" VPOS="790" WIDTH="39" HEIGHT="21" WC="0.96" CONTENT="för"/><SP WIDTH="27" VPOS="790" HPOS="379"/>
							<String ID="string_142" HPOS="406" VPOS="789" WIDTH="134" HEIGHT="22" WC="0.96" CONTENT="framtiden"/><SP WIDTH="18" VPOS="789" HPOS="540"/>
							<String ID="string_143" HPOS="558" VPOS="788" WIDTH="43" HEIGHT="22" WC="0.93" CONTENT="vid"/><SP WIDTH="19" VPOS="788" HPOS="601"/>
							<String ID="string_144" HPOS="620" VPOS="789" WIDTH="167" HEIGHT="29" WC="0.92" CONTENT="uppgörande"/><SP WIDTH="21" VPOS="789" HPOS="787"/>
							<String ID="string_145" HPOS="808" VPOS="789" WIDTH="25" HEIGHT="22" WC="0.93" CONTENT="af"/><SP WIDTH="18" VPOS="789" HPOS="833"/>
							<String ID="string_146" HPOS="851" VPOS="789" WIDTH="107" HEIGHT="29" WC="0.92" CONTENT="budget-"/>
						</TextLine>
						<TextLine ID="line_20" HPOS="200" VPOS="823" WIDTH="757" HEIGHT="30">
							<String ID="string_147" HPOS="200" VPOS="825" WIDTH="97" HEIGHT="28" WC="0.96" CONTENT="förslag"/><SP WIDTH="28" VPOS="825" HPOS="297"/>
							<String ID="string_148" HPOS="325" VPOS="824" WIDTH="40" HEIGHT="21" WC="0.96" CONTENT="för"/><SP WIDTH="28" VPOS="824" HPOS="365"/>
							<String ID="string_149" HPOS="393" VPOS="823" WIDTH="116" HEIGHT="26" WC="0.93" CONTENT="Finland,"/><SP WIDTH="20" VPOS="823" HPOS="509"/>
							<String ID="string_150" HPOS="529" VPOS="823" WIDTH="122" HEIGHT="22" WC="0.91" CONTENT="faststälts"/><SP WIDTH="20" VPOS="823" HPOS="651"/>
							<String ID="string_151" HPOS="671" VPOS="823" WIDTH="176" HEIGHT="29" WC="0.96" CONTENT="efterföljande"/><SP WIDTH="19" VPOS="823" HPOS="847"/>
							<String ID="string_152" HPOS="866" VPOS="824" WIDTH="91" HEIGHT="28" WC="0.96" CONTENT="regler:"/>
						</TextLine>
					</TextBlock>
					<TextBlock ID="block_3" HPOS="200" VPOS="857" WIDTH="759" HEIGHT="232">
						<TextLine ID="line_21" HPOS="272" VPOS="857" WIDTH="687" HEIGHT="30">
							<String ID="string_153" HPOS="272" VPOS="859" WIDTH="40" HEIGHT="28" WC="0.85" CONTENT="»1)"/><SP WIDTH="37" VPOS="859" HPOS="312"/>
							<String ID="string_154" HPOS="349" VPOS="857" WIDTH="94" HEIGHT="22" WC="0.95" CONTENT="Finska"/><SP WIDTH="14" VPOS="857" HPOS="443"/>
							<String ID="string_155" HPOS="457" VPOS="857" WIDTH="111" HEIGHT="22" WC="0.96" CONTENT="kronans"/><SP WIDTH="14" VPOS="857" HPOS="568"/>
							<String ID="string_156" HPOS="582" VPOS="857" WIDTH="81" HEIGHT="22" WC="0.96" CONTENT="medel"/><SP WIDTH="12" VPOS="857" HPOS="663"/>
							<String ID="string_157" HPOS="675" VPOS="857" WIDTH="70" HEIGHT="26" WC="0.96" CONTENT="böra,"/><SP WIDTH="12" VPOS="857" HPOS="745"/>
							<String ID="string_158" HPOS="757" VPOS="858" WIDTH="57" HEIGHT="21" WC="0.96" CONTENT="med"/><SP WIDTH="13" VPOS="858" HPOS="814"/>
							<String ID="string_159" HPOS="827" VPOS="858" WIDTH="132" HEIGHT="29" WC="0.96" CONTENT="undantag"/>
						</TextLine>
						<TextLine ID="line_22" HPOS="202" VPOS="891" WIDTH="757" HEIGHT="31">
							<String ID="string_160" HPOS="202" VPOS="894" WIDTH="25" HEIGHT="22" WC="0.93" CONTENT="af"/><SP WIDTH="17" VPOS="894" HPOS="227"/>
							<String ID="string_161" HPOS="244" VPOS="892" WIDTH="297" HEIGHT="30" WC="0.91" CONTENT="krigsmanshusfonden,"/><SP WIDTH="17" VPOS="892" HPOS="541"/>
							<String ID="string_162" HPOS="558" VPOS="891" WIDTH="111" HEIGHT="22" WC="0.96" CONTENT="fördelas"/><SP WIDTH="15" VPOS="891" HPOS="669"/>
							<String ID="string_163" HPOS="684" VPOS="892" WIDTH="33" HEIGHT="28" WC="0.96" CONTENT="på"/><SP WIDTH="14" VPOS="892" HPOS="717"/>
							<String ID="string_164" HPOS="731" VPOS="898" WIDTH="31" HEIGHT="16" WC="0.93" CONTENT="en"/><SP WIDTH="13" VPOS="898" HPOS="762"/>
							<String ID="string_165" HPOS="775" VPOS="892" WIDTH="124" HEIGHT="22" WC="0.90" CONTENT="statsfond"/><SP WIDTH="14" VPOS="892" HPOS="899"/>
							<String ID="string_166" HPOS="913" VPOS="893" WIDTH="46" HEIGHT="22" WC="0.96" CONTENT="och"/>
						</TextLine>
						<TextLine ID="line_23" HPOS="201" VPOS="926" WIDTH="758" HEIGHT="29">
							<String ID="string_167" HPOS="201" VPOS="935" WIDTH="31" HEIGHT="16" WC="0.93" CONTENT="en"/><SP WIDTH="19" VPOS="935" HPOS="232"/>
							<String ID="string_168" HPOS="251" VPOS="926" WIDTH="224" HEIGHT="29" WC="0.91" CONTENT="bevillningsfond,"/><SP WIDTH="19" VPOS="926" HPOS="475"/>
							<String ID="string_169" HPOS="494" VPOS="926" WIDTH="108" HEIGHT="22" WC="0.96" CONTENT="hvarvid"/><SP WIDTH="17" VPOS="926" HPOS="602"/>
							<String ID="string_170" HPOS="619" VPOS="926" WIDTH="36" HEIGHT="22" WC="0.96" CONTENT="till"/><SP WIDTH="17" VPOS="926" HPOS="655"/>
							<String ID="string_171" HPOS="672" VPOS="927" WIDTH="48" HEIGHT="21" WC="0.96" CONTENT="den"/><SP WIDTH="13" VPOS="927" HPOS="720"/>
							<String ID="string_172" HPOS="733" VPOS="926" WIDTH="68" HEIGHT="23" WC="0.96" CONTENT="förra"/><SP WIDTH="15" VPOS="926" HPOS="801"/>
							<String ID="string_173" HPOS="816" VPOS="927" WIDTH="71" HEIGHT="22" WC="0.93" CONTENT="skola"/><SP WIDTH="12" VPOS="927" HPOS="887"/>
							<String ID="string_174" HPOS="899" VPOS="927" WIDTH="60" HEIGHT="22" WC="0.92" CONTENT="hän-"/>
						</TextLine>
						<TextLine ID="line_24" HPOS="200" VPOS="961" WIDTH="759" HEIGHT="29">
							<String ID="string_175" HPOS="200" VPOS="963" WIDTH="69" HEIGHT="22" WC="0.96" CONTENT="föras"/><SP WIDTH="14" VPOS="963" HPOS="269"/>
							<String ID="string_176" HPOS="283" VPOS="962" WIDTH="31" HEIGHT="23" WC="0.95" CONTENT="de"/><SP WIDTH="14" VPOS="962" HPOS="314"/>
							<String ID="string_177" HPOS="328" VPOS="961" WIDTH="36" HEIGHT="22" WC="0.96" CONTENT="till"/><SP WIDTH="13" VPOS="961" HPOS="364"/>
							<String ID="string_178" HPOS="377" VPOS="961" WIDTH="154" HEIGHT="28" WC="0.93" CONTENT="indragning"/><SP WIDTH="14" VPOS="961" HPOS="531"/>
							<String ID="string_179" HPOS="545" VPOS="961" WIDTH="105" HEIGHT="22" WC="0.92" CONTENT="afsedda"/><SP WIDTH="17" VPOS="961" HPOS="650"/>
							<String ID="string_180" HPOS="667" VPOS="962" WIDTH="79" HEIGHT="25" WC="0.91" CONTENT="stats-,"/><SP WIDTH="14" VPOS="962" HPOS="746"/>
							<String ID="string_181" HPOS="760" VPOS="961" WIDTH="102" HEIGHT="26" WC="0.91" CONTENT="militie-,"/><SP WIDTH="15" VPOS="961" HPOS="862"/>
							<String ID="string_182" HPOS="877" VPOS="961" WIDTH="82" HEIGHT="29" WC="0.92" CONTENT="fattig-"/>
						</TextLine>
						<TextLine ID="line_25" HPOS="201" VPOS="989" WIDTH="757" HEIGHT="35">
							<String ID="string_183" HPOS="201" VPOS="998" WIDTH="46" HEIGHT="22" WC="0.93" CONTENT="och"/><SP WIDTH="25" VPOS="998" HPOS="247"/>
							<String ID="string_184" HPOS="272" VPOS="996" WIDTH="144" HEIGHT="23" WC="0.91" CONTENT="arbetshus-"/><SP WIDTH="25" VPOS="996" HPOS="416"/>
							<String ID="string_185" HPOS="441" VPOS="997" WIDTH="64" HEIGHT="20" WC="0.96" CONTENT="samt"/><SP WIDTH="25" VPOS="997" HPOS="505"/>
							<String ID="string_186" HPOS="530" VPOS="989" WIDTH="56" HEIGHT="28" WC="0.96" CONTENT="Åbo"/><SP WIDTH="18" VPOS="989" HPOS="586"/>
							<String ID="string_187" HPOS="604" VPOS="995" WIDTH="56" HEIGHT="22" WC="0.93" CONTENT="läns"/><SP WIDTH="19" VPOS="995" HPOS="660"/>
							<String ID="string_188" HPOS="679" VPOS="995" WIDTH="215" HEIGHT="29" WC="0.91" CONTENT="besparingsfond"/><SP WIDTH="18" VPOS="995" HPOS="894"/>
							<String ID="string_189" HPOS="912" VPOS="996" WIDTH="46" HEIGHT="21" WC="0.96" CONTENT="och"/>
						</TextLine>
						<TextLine ID="line_26" HPOS="201" VPOS="1029" WIDTH="757" HEIGHT="29">
							<String ID="string_190" HPOS="201" VPOS="1032" WIDTH="36" HEIGHT="22" WC="0.94" CONTENT="till"/><SP WIDTH="27" VPOS="1032" HPOS="237"/>
							<String ID="string_191" HPOS="264" VPOS="1031" WIDTH="49" HEIGHT="22" WC="0.94" CONTENT="den"/><SP WIDTH="27" VPOS="1031" HPOS="313"/>
							<String ID="string_192" HPOS="340" VPOS="1037" WIDTH="89" HEIGHT="15" WC="0.91" CONTENT="senare"/><SP WIDTH="24" VPOS="1037" HPOS="429"/>
							<String ID="string_193" HPOS="453" VPOS="1029" WIDTH="257" HEIGHT="29" WC="0.91" CONTENT="bevillningsfonden,"/><SP WIDTH="26" VPOS="1029" HPOS="710"/>
							<String ID="string_194" HPOS="736" VPOS="1030" WIDTH="222" HEIGHT="22" WC="0.91" CONTENT="bränvinsmedlen"/>
						</TextLine>
						<TextLine ID="line_27" HPOS="202" VPOS="1064" WIDTH="416" HEIGHT="25">
							<String ID="string_195" HPOS="202" VPOS="1068" WIDTH="64" HEIGHT="21" WC="0.93" CONTENT="samt"/><SP WIDTH="18" VPOS="1068" HPOS="266"/>
							<String ID="string_196" HPOS="284" VPOS="1064" WIDTH="334" HEIGHT="24" WC="0.92" CONTENT="kommunikationsfonden."/>
						</TextLine>
					</TextBlock>
					<TextBlock ID="block_4" HPOS="200" VPOS="1099" WIDTH="759" HEIGHT="342">
						<TextLine ID="line_28" HPOS="270" VPOS="1099" WIDTH="689" HEIGHT="30">
							<String ID="string_197" HPOS="270" VPOS="1100" WIDTH="26" HEIGHT="29" WC="0.95" CONTENT="2)"/><SP WIDTH="38" VPOS="1100" HPOS="296"/>
							<String ID="string_198" HPOS="334" VPOS="1099" WIDTH="35" HEIGHT="22" WC="0.89" CONTENT="Ur"/><SP WIDTH="28" VPOS="1099" HPOS="369"/>
							<String ID="string_199" HPOS="397" VPOS="1099" WIDTH="171" HEIGHT="22" WC="0.89" CONTENT="statsfondens"/><SP WIDTH="29" VPOS="1099" HPOS="568"/>
							<String ID="string_200" HPOS="597" VPOS="1099" WIDTH="81" HEIGHT="22" WC="0.96" CONTENT="medel"/><SP WIDTH="25" VPOS="1099" HPOS="678"/>
							<String ID="string_201" HPOS="703" VPOS="1099" WIDTH="71" HEIGHT="28" WC="0.96" CONTENT="utgå:"/><SP WIDTH="39" VPOS="1099" HPOS="774"/>
							<String ID="string_202" HPOS="813" VPOS="1099" WIDTH="24" HEIGHT="28" WC="0.95" CONTENT="a)"/><SP WIDTH="28" VPOS="1099" HPOS="837"/>
							<String ID="string_203" HPOS="865" VPOS="1099" WIDTH="31" HEIGHT="22" WC="0.92" CONTENT="de"/><SP WIDTH="28" VPOS="1099" HPOS="896"/>
							<String ID="string_204" HPOS="924" VPOS="1099" WIDTH="35" HEIGHT="22" WC="0.90" CONTENT="bi-"/>
						</TextLine>
						<TextLine ID="line_29" HPOS="202" VPOS="1133" WIDTH="757" HEIGHT="31">
							<String ID="string_205" HPOS="202" VPOS="1136" WIDTH="71" HEIGHT="28" WC="0.96" CONTENT="drag,"/><SP WIDTH="27" VPOS="1136" HPOS="273"/>
							<String ID="string_206" HPOS="300" VPOS="1141" WIDTH="54" HEIGHT="16" WC="0.95" CONTENT="som"/><SP WIDTH="25" VPOS="1141" HPOS="354"/>
							<String ID="string_207" HPOS="379" VPOS="1133" WIDTH="123" HEIGHT="23" WC="0.95" CONTENT="inbetalas"/><SP WIDTH="26" VPOS="1133" HPOS="502"/>
							<String ID="string_208" HPOS="528" VPOS="1133" WIDTH="35" HEIGHT="22" WC="0.93" CONTENT="till"/><SP WIDTH="24" VPOS="1133" HPOS="563"/>
							<String ID="string_209" HPOS="587" VPOS="1133" WIDTH="270" HEIGHT="22" WC="0.92" CONTENT="riksskattkammaren"/><SP WIDTH="19" VPOS="1133" HPOS="857"/>
							<String ID="string_210" HPOS="876" VPOS="1134" WIDTH="83" HEIGHT="22" WC="0.96" CONTENT="såsom"/>
						</TextLine>
						<TextLine ID="line_30" HPOS="201" VPOS="1168" WIDTH="756" HEIGHT="29">
							<String ID="string_211" HPOS="201" VPOS="1170" WIDTH="83" HEIGHT="22" WC="0.96" CONTENT="finska"/><SP WIDTH="28" VPOS="1170" HPOS="284"/>
							<String ID="string_212" HPOS="312" VPOS="1169" WIDTH="112" HEIGHT="22" WC="0.96" CONTENT="kronans"/><SP WIDTH="29" VPOS="1169" HPOS="424"/>
							<String ID="string_213" HPOS="453" VPOS="1168" WIDTH="73" HEIGHT="22" WC="0.95" CONTENT="andel"/><SP WIDTH="24" VPOS="1168" HPOS="526"/>
							<String ID="string_214" HPOS="550" VPOS="1168" WIDTH="8" HEIGHT="21" WC="0.96" CONTENT="i"/><SP WIDTH="23" VPOS="1168" HPOS="558"/>
							<String ID="string_215" HPOS="581" VPOS="1168" WIDTH="78" HEIGHT="21" WC="0.95" CONTENT="rikets"/><SP WIDTH="29" VPOS="1168" HPOS="659"/>
							<String ID="string_216" HPOS="688" VPOS="1168" WIDTH="125" HEIGHT="22" WC="0.95" CONTENT="allmänna"/><SP WIDTH="29" VPOS="1168" HPOS="813"/>
							<String ID="string_217" HPOS="842" VPOS="1168" WIDTH="115" HEIGHT="29" WC="0.92" CONTENT="utgifter;"/>
						</TextLine>
						<TextLine ID="line_31" HPOS="201" VPOS="1202" WIDTH="758" HEIGHT="31">
							<String ID="string_218" HPOS="201" VPOS="1205" WIDTH="26" HEIGHT="28" WC="0.91" CONTENT="b)"/><SP WIDTH="19" VPOS="1205" HPOS="227"/>
							<String ID="string_219" HPOS="246" VPOS="1204" WIDTH="138" HEIGHT="29" WC="0.96" CONTENT="utgifterna"/><SP WIDTH="27" VPOS="1204" HPOS="384"/>
							<String ID="string_220" HPOS="411" VPOS="1203" WIDTH="40" HEIGHT="22" WC="0.96" CONTENT="för"/><SP WIDTH="27" VPOS="1203" HPOS="451"/>
							<String ID="string_221" HPOS="478" VPOS="1202" WIDTH="133" HEIGHT="22" WC="0.82" CONTENT="underhåll"/><SP WIDTH="29" VPOS="1202" HPOS="611"/>
							<String ID="string_222" HPOS="640" VPOS="1202" WIDTH="24" HEIGHT="22" WC="0.93" CONTENT="af"/><SP WIDTH="19" VPOS="1202" HPOS="664"/>
							<String ID="string_223" HPOS="683" VPOS="1203" WIDTH="202" HEIGHT="28" WC="0.92" CONTENT="styrelseverken"/><SP WIDTH="28" VPOS="1203" HPOS="885"/>
							<String ID="string_224" HPOS="913" VPOS="1203" WIDTH="46" HEIGHT="22" WC="0.96" CONTENT="och"/>
						</TextLine>
						<TextLine ID="line_32" HPOS="201" VPOS="1237" WIDTH="758" HEIGHT="29">
							<String ID="string_225" HPOS="201" VPOS="1239" WIDTH="183" HEIGHT="25" WC="0.92" CONTENT="domstolarna;"/><SP WIDTH="37" VPOS="1239" HPOS="384"/>
							<String ID="string_226" HPOS="421" VPOS="1238" WIDTH="22" HEIGHT="27" WC="0.87" CONTENT="c)"/><SP WIDTH="25" VPOS="1238" HPOS="443"/>
							<String ID="string_227" HPOS="468" VPOS="1237" WIDTH="137" HEIGHT="29" WC="0.96" CONTENT="utgifterna"/><SP WIDTH="24" VPOS="1237" HPOS="605"/>
							<String ID="string_228" HPOS="629" VPOS="1237" WIDTH="39" HEIGHT="22" WC="0.96" CONTENT="för"/><SP WIDTH="27" VPOS="1237" HPOS="668"/>
							<String ID="string_229" HPOS="695" VPOS="1237" WIDTH="138" HEIGHT="29" WC="0.96" CONTENT="byggande"/><SP WIDTH="19" VPOS="1237" HPOS="833"/>
							<String ID="string_230" HPOS="852" VPOS="1237" WIDTH="46" HEIGHT="22" WC="0.93" CONTENT="och"/><SP WIDTH="18" VPOS="1237" HPOS="898"/>
							<String ID="string_231" HPOS="916" VPOS="1244" WIDTH="43" HEIGHT="15" WC="0.92" CONTENT="un-"/>
						</TextLine>
						<TextLine ID="line_33" HPOS="201" VPOS="1271" WIDTH="758" HEIGHT="30">
							<String ID="string_232" HPOS="201" VPOS="1273" WIDTH="97" HEIGHT="23" WC="0.92" CONTENT="derhäll"/><SP WIDTH="20" VPOS="1273" HPOS="298"/>
							<String ID="string_233" HPOS="318" VPOS="1273" WIDTH="26" HEIGHT="22" WC="0.93" CONTENT="af"/><SP WIDTH="18" VPOS="1273" HPOS="344"/>
							<String ID="string_234" HPOS="362" VPOS="1272" WIDTH="96" HEIGHT="22" WC="0.93" CONTENT="sädana"/><SP WIDTH="19" VPOS="1272" HPOS="458"/>
							<String ID="string_235" HPOS="477" VPOS="1272" WIDTH="147" HEIGHT="29" WC="0.92" CONTENT="järnvägar,"/><SP WIDTH="21" VPOS="1272" HPOS="624"/>
							<String ID="string_236" HPOS="645" VPOS="1278" WIDTH="53" HEIGHT="15" WC="0.93" CONTENT="som"/><SP WIDTH="19" VPOS="1278" HPOS="698"/>
							<String ID="string_237" HPOS="717" VPOS="1271" WIDTH="77" HEIGHT="22" WC="0.93" CONTENT="hafva"/><SP WIDTH="21" VPOS="1271" HPOS="794"/>
							<String ID="string_238" HPOS="815" VPOS="1272" WIDTH="90" HEIGHT="21" WC="0.93" CONTENT="allmän"/><SP WIDTH="14" VPOS="1272" HPOS="905"/>
							<String ID="string_239" HPOS="919" VPOS="1272" WIDTH="40" HEIGHT="22" WC="0.92" CONTENT="be-"/>
						</TextLine>
						<TextLine ID="line_34" HPOS="201" VPOS="1306" WIDTH="758" HEIGHT="31">
							<String ID="string_240" HPOS="201" VPOS="1308" WIDTH="97" HEIGHT="29" WC="0.91" CONTENT="tydelse"/><SP WIDTH="25" VPOS="1308" HPOS="298"/>
							<String ID="string_241" HPOS="323" VPOS="1307" WIDTH="40" HEIGHT="22" WC="0.96" CONTENT="för"/><SP WIDTH="23" VPOS="1307" HPOS="363"/>
							<String ID="string_242" HPOS="386" VPOS="1306" WIDTH="72" HEIGHT="27" WC="0.93" CONTENT="riket,"/><SP WIDTH="21" VPOS="1306" HPOS="458"/>
							<String ID="string_243" HPOS="479" VPOS="1306" WIDTH="131" HEIGHT="22" WC="0.93" CONTENT="äfvensom"/><SP WIDTH="19" VPOS="1306" HPOS="610"/>
							<String ID="string_244" HPOS="629" VPOS="1306" WIDTH="39" HEIGHT="21" WC="0.93" CONTENT="för"/><SP WIDTH="18" VPOS="1306" HPOS="668"/>
							<String ID="string_245" HPOS="686" VPOS="1306" WIDTH="165" HEIGHT="29" WC="0.92" CONTENT="ombyggnad"/><SP WIDTH="20" VPOS="1306" HPOS="851"/>
							<String ID="string_246" HPOS="871" VPOS="1306" WIDTH="25" HEIGHT="22" WC="0.93" CONTENT="af"/><SP WIDTH="19" VPOS="1306" HPOS="896"/>
							<String ID="string_247" HPOS="915" VPOS="1306" WIDTH="44" HEIGHT="22" WC="0.93" CONTENT="fin-"/>
						</TextLine>
						<TextLine ID="line_35" HPOS="201" VPOS="1341" WIDTH="758" HEIGHT="30">
							<String ID="string_248" HPOS="201" VPOS="1343" WIDTH="46" HEIGHT="22" WC="0.93" CONTENT="ska"/><SP WIDTH="18" VPOS="1343" HPOS="247"/>
							<String ID="string_249" HPOS="265" VPOS="1342" WIDTH="174" HEIGHT="29" WC="0.92" CONTENT="järnvägarna"/><SP WIDTH="19" VPOS="1342" HPOS="439"/>
							<String ID="string_250" HPOS="458" VPOS="1341" WIDTH="39" HEIGHT="22" WC="0.93" CONTENT="för"/><SP WIDTH="20" VPOS="1341" HPOS="497"/>
							<String ID="string_251" HPOS="517" VPOS="1341" WIDTH="224" HEIGHT="22" WC="0.90" CONTENT="ästadkommande"/><SP WIDTH="14" VPOS="1341" HPOS="741"/>
							<String ID="string_252" HPOS="755" VPOS="1341" WIDTH="26" HEIGHT="22" WC="0.96" CONTENT="af"/><SP WIDTH="12" VPOS="1341" HPOS="781"/>
							<String ID="string_253" HPOS="793" VPOS="1341" WIDTH="83" HEIGHT="22" WC="0.93" CONTENT="direkt"/><SP WIDTH="17" VPOS="1341" HPOS="876"/>
							<String ID="string_254" HPOS="893" VPOS="1341" WIDTH="66" HEIGHT="28" WC="0.91" CONTENT="järn-"/>
						</TextLine>
						<TextLine ID="line_36" HPOS="200" VPOS="1375" WIDTH="759" HEIGHT="31">
							<String ID="string_255" HPOS="200" VPOS="1375" WIDTH="221" HEIGHT="31" WC="0.91" CONTENT="vägsförbindelse"/><SP WIDTH="20" VPOS="1375" HPOS="421"/>
							<String ID="string_256" HPOS="441" VPOS="1375" WIDTH="104" HEIGHT="22" WC="0.92" CONTENT="emellan"/><SP WIDTH="21" VPOS="1375" HPOS="545"/>
							<String ID="string_257" HPOS="566" VPOS="1375" WIDTH="189" HEIGHT="29" WC="0.92" CONTENT="Kejsardömets"/><SP WIDTH="18" VPOS="1375" HPOS="755"/>
							<String ID="string_258" HPOS="773" VPOS="1375" WIDTH="47" HEIGHT="22" WC="0.96" CONTENT="och"/><SP WIDTH="19" VPOS="1375" HPOS="820"/>
							<String ID="string_259" HPOS="839" VPOS="1375" WIDTH="120" HEIGHT="23" WC="0.96" CONTENT="Finlands"/>
						</TextLine>
						<TextLine ID="line_37" HPOS="200" VPOS="1409" WIDTH="759" HEIGHT="32">
							<String ID="string_260" HPOS="200" VPOS="1411" WIDTH="179" HEIGHT="30" WC="0.92" CONTENT="järnvägsnät;"/><SP WIDTH="38" VPOS="1411" HPOS="379"/>
							<String ID="string_261" HPOS="417" VPOS="1410" WIDTH="26" HEIGHT="28" WC="0.85" CONTENT="d)"/><SP WIDTH="25" VPOS="1410" HPOS="443"/>
							<String ID="string_262" HPOS="468" VPOS="1409" WIDTH="138" HEIGHT="30" WC="0.96" CONTENT="utgifterna"/><SP WIDTH="24" VPOS="1409" HPOS="606"/>
							<String ID="string_263" HPOS="630" VPOS="1409" WIDTH="40" HEIGHT="22" WC="0.96" CONTENT="för"/><SP WIDTH="24" VPOS="1409" HPOS="670"/>
							<String ID="string_264" HPOS="694" VPOS="1409" WIDTH="49" HEIGHT="22" WC="0.93" CONTENT="den"/><SP WIDTH="22" VPOS="1409" HPOS="743"/>
							<String ID="string_265" HPOS="765" VPOS="1410" WIDTH="134" HEIGHT="22" WC="0.92" CONTENT="obesuttna"/><SP WIDTH="20" VPOS="1410" HPOS="899"/>
							<String ID="string_266" HPOS="919" VPOS="1410" WIDTH="40" HEIGHT="22" WC="0.90" CONTENT="be-"/>
						</TextLine>
					</TextBlock>
				</ComposedBlock>
			</PrintSpace>
		</Page>
	</Layout>
</alto>
