1109 1761
449 125 40 24 N:o
506 126 27 23 17
816 125 27 22 41

323 434 95 35 Förslag
435 434 41 27 till
493 434 261 35 tillägsbestämningar
771 434 40 27 till
829 433 44 28 Nä-

254 482 57 33 diga
328 481 169 34 förordningen
514 480 121 35 angäende
653 481 200 34 skjutsväsendet.

472 568 46 27 18

185 614 149 28 Skjutslegan
356 615 69 27 utgör
447 614 63 21 såväl
532 613 51 22 från
606 614 52 21 stad
679 622 50 14 som
748 615 30 27 på
796 614 78 22 landet

116 650 94 21 aderton
226 648 70 28 penni
311 648 36 22 för
361 648 137 22 kilometern
512 648 8 22 i
536 649 44 21 alla
596 649 70 21 andra
682 649 64 21 delar
757 649 25 21 af
789 649 84 28 landet,

115 686 65 19 utom
194 684 9 21 i
218 682 172 29 Lappmarkens
405 683 43 21 och
462 683 69 21 Kemi
545 683 96 21 härader
657 683 23 21 af
689 684 129 28 Uleåborgs
828 684 45 28 län,

117 718 39 22 der
171 718 68 28 legan
254 719 69 26 utgör
337 717 68 28 tjugu
419 718 70 27 penni
504 717 35 22 för
554 718 142 21 kilometern.

185 752 12 21 I
217 752 75 21 denna
311 751 128 29 skjutslega
457 752 67 28 ingår
541 751 84 29 jemväl
641 752 129 29 ersättning
785 752 36 22 för
836 752 38 22 be-

116 786 123 29 gagnande
255 785 23 22 af
293 786 14 21 å
322 788 65 19 orten
405 786 94 28 vanliga
514 786 75 22 åkdon
605 786 43 22 och
663 786 146 30 körredskap,
826 795 49 14 som

118 822 44 21 den
178 820 133 30 skjutsande
327 823 24 19 är
367 820 92 29 skyldig
475 823 32 19 att
522 820 36 23 för
572 820 81 23 färden
668 822 100 28 upplåta.

471 907 46 27 28

187 953 166 28 Skjutsanstalt
371 953 8 20 i
397 953 51 21 stad
463 953 44 22 och
521 954 30 27 på
566 953 79 22 landet
661 954 59 21 skall
735 961 83 22 genom
833 962 42 21 gu-

118 991 123 19 vernörens
264 987 91 28 försorg
377 987 30 28 på
429 987 128 22 bekostnad
575 987 25 22 af
619 989 117 21 allmänna
751 989 74 21 medel
839 988 37 22 för

116 1022 80 29 hvarje
219 1021 89 29 månad,
329 1022 88 28 qvartal
436 1022 55 21 eller
506 1021 80 29 halfär,
603 1023 41 20 allt
659 1022 58 22 efter
732 1030 50 15 som
796 1023 79 22 behof-

116 1060 40 19 vet
178 1057 94 27 fordrar,
295 1056 72 22 förses
389 1056 53 21 med
465 1064 27 14 en
514 1064 33 21 ny
562 1057 97 28 dagbok,
675 1057 36 22 uti
725 1057 95 22 hvilken
834 1058 42 21 bör

117 1093 74 20 finnas
215 1091 144 28 antecknadt,
382 1091 60 21 huru
464 1091 84 28 många
570 1099 51 14 rum
641 1092 65 21 skola
720 1099 56 14 vara
789 1092 38 21 till
841 1100 34 14 re-

118 1126 80 22 sandes
225 1125 152 29 begagnande
399 1125 118 28 upplåtna,
539 1126 149 28 väglängden
711 1129 59 19 samt
792 1127 83 28 skjuts-

118 1161 43 21 och
182 1160 121 28 båtlegans
325 1159 84 28 belopp
429 1159 36 21 till
481 1159 27 21 de
523 1162 114 19 närmaste
653 1160 222 29 skjutsanstalterna,

118 1195 34 21 dit
175 1194 131 29 skjutsning
326 1194 57 27 sker,
401 1194 86 21 antalet
502 1194 113 21 ordinarie
631 1194 43 22 och
690 1197 65 19 extra
770 1195 105 28 skjutsar,

118 1236 49 15 som
189 1228 51 22 från
262 1227 189 29 skjutsanstalten
474 1228 42 22 bör
536 1230 100 27 utgöras,
655 1231 60 19 samt
734 1229 65 21 tiden
813 1229 63 22 inom

118 1263 94 22 hvilken
227 1262 96 22 resande
339 1265 25 19 är
379 1262 130 29 berättigad
526 1264 34 20 att
571 1262 86 22 erhålla
667 1265 65 20 extra
742 1263 133 29 skjutshäst,

118 1298 39 22 det
180 1298 62 21 antal
264 1297 77 21 hästar
364 1297 43 21 och
429 1296 72 29 båtar,
525 1304 48 14 som
595 1296 42 22 bör
659 1297 74 22 finnas
753 1300 34 19 att
802 1298 73 29 tillgå,

117 1335 56 25 väg-
195 1332 43 22 och
255 1330 137 30 broafgifter
408 1331 118 22 äfvensom
541 1331 179 29 färjpenningar,
737 1332 39 22 der
791 1332 86 22 sådana

117 1366 174 29 ifrågakomma,
308 1366 123 28 anvisning
447 1373 37 14 om
499 1366 28 21 de
543 1366 172 29 anteckningar,
730 1367 95 21 resande
835 1367 42 22 bör

118 1401 9 21 i
149 1401 121 29 dagboken
294 1402 63 26 göra,
382 1400 70 29 jemte
475 1400 69 22 andra
567 1400 84 22 sådana
674 1401 201 29 omständigheter,

120 1443 49 14 som
183 1435 78 22 kunna
276 1434 74 22 finnas
365 1434 92 29 nödiga.

797 1481 10 18 3
