1053 1670
354 172 21 22 U.
392 171 21 22 B.
430 186 25 2 —
472 171 60 28 Prop.
550 171 35 23 N:o
601 171 30 23 16.
850 174 22 19 11

120 236 127 28 positionen
265 238 24 18 är
304 236 48 20 åter
367 234 62 22 tiden
444 234 127 28 föreslagen
588 234 51 22 från
654 235 30 21 kl.
702 237 25 19 12
743 235 35 21 till
792 237 19 19 6.
834 235 40 21 Ut-

120 270 97 21 skottets
235 269 87 27 förslag
344 268 41 22 har
400 268 37 22 det
452 268 117 29 praktiska
584 268 114 22 företräde
713 269 96 21 framom
825 277 49 21 pro-

119 304 127 28 positionen
267 305 32 19 att
315 303 122 21 detsamma
452 305 131 26 garanterar
599 303 130 21 arbetarene
745 306 13 18 8
774 304 100 21 timmars

119 339 61 21 hvila
196 338 51 22 ien
267 338 153 28 fortsättning.
450 338 179 28 Bestämningen
646 345 37 14 om
698 340 13 19 6
726 338 100 22 timmars
842 338 32 22 af-

120 373 62 21 brott
197 373 7 21 i
219 372 88 22 arbetet
325 372 108 21 utesluter
455 372 114 28 nämligen
592 372 50 21 icke
662 372 129 22 arbetarens
807 376 67 18 anvä-

120 407 73 21 dande
209 408 7 19 i
232 407 101 28 bageriet
348 406 62 21 såväl
425 406 71 21 under
512 406 61 21 tiden
589 409 99 18 närmast
698 406 49 21 före
758 414 48 14 som
817 408 57 21 efter

120 441 38 22 det
177 441 88 21 afbrott
280 441 7 20 i
303 440 86 21 arbetet
411 440 89 21 inträdt.
531 440 40 21 Ett
595 440 80 21 sådant
697 440 131 22 förfarande
843 442 32 20 in-

121 476 110 21 skränker
247 475 58 22 dock
321 475 128 21 arbetarens
464 475 111 21 natthvila
592 475 34 21 till
642 477 12 18 6
669 475 89 22 timmar
773 476 43 21 och
827 476 48 21 där-

120 511 72 21 under
211 510 54 21 eller
285 509 35 22 till
335 517 28 14 en
378 509 39 26 tid,
433 516 47 15 som
498 509 49 21 icke
563 512 25 18 är
603 509 122 29 tillräcklig
740 510 36 21 för
791 512 82 27 någon.

120 545 45 21 För
184 544 71 28 öfrigt
277 551 67 21 synes
367 543 38 22 det
420 543 123 26 Utskottet,
559 551 49 14 som
624 551 36 14 om
675 543 137 22 hvilotidens
828 545 47 21 vid-

121 579 98 28 tagande
234 579 39 21 vid
290 586 28 13 en
329 578 95 28 tidigare
435 578 107 29 tidpunkt
553 581 28 18 än
593 579 97 20 midnatt
700 586 54 14 vore
764 579 34 21 till
809 582 67 26 nytta

120 615 37 20 för
172 613 117 22 arbetaren
306 613 43 22 och
364 615 34 19 att
413 613 145 28 möjligheten
575 616 33 18 att
623 613 69 22 redan
707 613 28 22 kl.
754 615 7 20 4
772 621 36 14 om
819 621 56 15 mor-

123 655 74 22 gonen
212 647 95 29 påbörja
323 647 85 22 arbetet
424 647 6 21 i
447 647 105 28 bageriet,
575 649 6 19 å
597 647 69 22 andra
682 647 70 26 sidan,
762 650 47 19 åter
821 656 55 14 vore

122 691 28 13 en
168 682 73 22 fördel
263 681 36 22 för
322 681 180 29 bageriegarene,
526 681 78 22 hvilka
619 682 130 28 därigenom
765 683 88 22 komme
868 684 8 20 i

122 717 89 21 tillfälle
228 719 33 19 att
276 716 96 28 tidigare
388 719 28 18 än
431 716 7 21 i
454 716 40 21 fall
509 716 182 29 propositionens
703 717 86 28 förslag
800 717 76 22 blefve

121 752 39 28 lag
174 751 24 22 få
214 751 80 22 brödet
309 753 24 19 ut
349 751 7 20 i
371 751 104 21 handeln.

190 786 35 21 De
247 785 56 26 skäl,
326 793 48 14 som
394 785 92 22 förmått
509 785 120 22 Utskottet
651 788 33 19 att
706 785 92 22 förorda
818 788 57 19 natt-

123 821 98 21 arbetets
244 819 142 23 afskaffande
402 820 7 20 i
424 820 138 28 bagerierna,
582 820 99 22 behöfva
696 821 41 20 här
752 821 38 20 väl
806 821 69 28 knap-

123 858 51 26 past
196 858 101 18 nämnas.
330 854 44 22 För
397 854 84 22 enhvar
505 857 24 18 är
551 856 55 20 utan
629 854 77 22 vidare
728 854 66 26 klart,
817 855 58 21 huru

123 890 88 28 vådligt
230 889 36 21 för
282 889 44 21 den
345 888 132 22 arbetandes
494 888 62 22 helsa
571 889 44 21 och
630 888 111 29 sedlighet
757 891 32 19 ett
804 889 72 21 under

124 924 70 22 åratal
209 923 100 22 varande
325 923 125 21 nattarbete
466 925 70 19 måste
552 930 61 19 vara,
624 923 107 21 särskildt
742 924 29 20 då
782 924 93 25 arbetet,

124 960 74 20 såsom
213 958 40 22 vid
268 958 133 28 bagerierna
416 960 23 19 är
455 958 70 25 fallet,
540 958 107 21 förrättas
663 958 7 21 i
686 966 28 13 en
729 958 67 26 lokal,
812 958 64 22 hvari

124 995 168 27 temperaturen
308 996 24 18 är
348 993 45 28 hög
409 992 42 22 och
466 992 73 22 luften
555 992 60 29 fylld
630 992 50 22 med
696 992 113 28 mjöldam.
831 993 45 21 Det

125 1031 23 19 är
164 1028 133 28 visserligen
317 1029 57 23 sant,
391 1029 32 19 att
441 1031 47 17 mot
504 1027 64 21 dessa
583 1029 120 26 argument
718 1027 25 21 af
757 1027 119 28 arbetsgif-

123 1070 83 14 varene
230 1062 73 21 ställts
323 1062 75 25 andra,
415 1069 51 14 men
484 1062 63 21 såväl
562 1061 177 29 invändningen,
757 1064 32 19 att
805 1062 71 28 publi-

123 1098 56 21 kens
202 1096 64 22 smak
289 1096 43 22 och
351 1096 98 28 anspråk
467 1096 77 22 fordra
559 1098 32 19 ett
608 1096 157 22 bibehållande
781 1096 25 22 af
819 1099 57 19 natt-

124 1132 86 21 arbetet
231 1138 47 14 som
294 1131 140 28 påståendet,
450 1133 34 19 att
498 1130 148 22 nattarbetets
665 1130 142 22 afskaffande
822 1138 54 15 vore

123 1166 110 29 liktydigt
249 1165 50 22 med
315 1165 50 21 ruin
381 1165 36 22 för
431 1165 28 21 de
474 1165 87 21 mindre
579 1165 180 28 bageriegarene,
772 1168 38 19 äro
821 1165 55 26 skäl,

124 1203 23 19 åt
162 1201 78 21 hvilka
255 1200 38 21 vid
309 1199 138 29 pröfningen
463 1199 26 22 af
502 1199 75 22 denna
592 1199 65 29 fråga
673 1199 124 29 afgörande
814 1200 62 28 bety-

124 1235 61 21 delse
208 1235 50 21 icke
281 1235 44 20 kan
349 1234 152 21 tillerkännas.
532 1234 45 21 För
596 1234 70 28 öfrigt
682 1237 24 18 är
720 1234 119 22 Utskottet
853 1234 26 22 af

124 1270 44 21 den
183 1269 99 28 mening,
299 1271 32 19 att
342 1268 27 22 de
383 1268 26 22 af
418 1268 191 28 arbetsgifvarene
625 1268 99 22 uttalade
739 1268 138 29 farhogorna

123 1304 51 22 icke
188 1304 91 21 komma
301 1305 33 19 att
357 1303 100 21 besanna
479 1303 41 27 sig,
537 1305 32 19 att
589 1302 194 29 arbetsgifvarene
798 1303 79 22 fortfa-

124 1338 69 22 rande
215 1338 65 22 skola
304 1338 78 21 kunna
401 1337 164 21 tillfredsställa
579 1337 121 29 publikens
715 1338 71 25 smak,
802 1338 76 22 därest

125 1373 130 21 densamma
279 1372 18 28 ej
322 1372 57 21 låter
402 1372 34 28 sig
458 1374 65 24 rätta,
539 1372 43 21 och
597 1374 34 20 att
646 1372 28 21 de
689 1372 87 22 mindre
792 1372 86 29 bageri-

125 1414 96 22 egarene
244 1413 83 22 genom
349 1406 94 29 lämplig
465 1406 98 28 ordning
582 1406 25 22 af
621 1406 86 22 arbetet
722 1406 7 22 i
744 1406 134 29 bagerierna

126 1442 64 22 skola
204 1441 72 21 förstå
291 1443 33 19 att
340 1440 83 22 bevara
437 1441 34 21 sin
487 1440 104 22 existens.

192 1476 52 22 Den
255 1475 70 21 andra
337 1475 87 29 viktiga
434 1475 103 29 punkten
545 1475 7 21 i
560 1475 149 22 förevarande
721 1475 157 29 författnings-

193 1516 48 23 Lag-
253 1516 31 18 och
296 1515 175 19 ekonomiutskottets
483 1515 110 19 betänkande
605 1516 35 18 N:o
653 1517 18 17 2.
