1114 1770
263 144 13 18 4
576 139 40 21 N:o
635 141 22 19 11

234 210 32 21 uti
282 209 41 22 den
341 209 52 21 eller
409 208 26 22 de
450 209 134 25 kommuner,
603 207 57 22 inom
676 207 74 21 hvilka
765 207 37 21 det
817 208 80 21 sänkta
912 210 86 19 vatten-

234 245 77 26 draget
333 243 75 28 ligger,
432 241 162 28 tillkännagifva
617 241 17 28 ej
656 241 93 22 allenast
768 243 34 20 att
822 241 48 27 den,
889 248 45 15 som
954 243 45 21 kan

234 278 50 27 vilja
305 279 59 20 emot
384 277 148 26 ansökningen
548 275 120 22 framställa
680 275 38 28 jäf,
735 275 46 28 bör,
797 276 58 21 inom
872 282 36 15 sex
923 277 74 21 måna-

235 313 38 21 der
292 312 49 21 från
363 311 37 22 det
418 311 143 27 kungörelsen
581 309 133 27 utfärdades,
736 310 120 21 detsamma
876 311 120 27 skriftligen

234 347 39 22 hes
296 348 136 26 guvernören
456 345 91 26 anmäla,
570 345 36 21 vid
624 345 79 21 förlust
722 344 23 22 af
761 345 73 21 vidare
853 347 46 20 rätt
919 345 77 27 dertill,

235 383 53 20 utan
305 381 63 21 äfven
385 382 33 19 att
434 379 22 22 af
470 379 158 28 handlingarna
642 379 7 21 i
665 379 90 22 ärendet
768 379 33 22 får
811 379 39 22 hos
862 381 135 25 guvernören

235 418 62 25 tagas
314 415 42 22 del.

305 448 30 22 Så
342 449 64 27 länge
414 448 147 27 ansökningen
571 450 24 19 är
603 447 70 21 under
681 449 147 25 guvernörens
837 447 161 28 handläggning

236 484 35 21 må
282 489 74 16 annan
372 482 134 22 beträffande
521 488 81 15 samma
620 481 87 21 område
723 481 7 21 i
746 481 114 22 enahanda
870 481 56 27 syfte
936 482 62 27 gjord

237 518 123 26 ansökning
375 517 46 21 icke
436 518 109 25 upptagas
561 516 32 21 till
611 516 74 21 vidare
707 515 102 28 pröfning
829 518 28 19 än
878 516 71 22 såsom
966 516 34 28 jäf

239 554 56 20 emot
312 552 42 21 den
370 551 66 21 förra.
462 550 70 22 Afslås
554 550 151 21 förstnämnda
728 550 128 27 ansökning,
876 551 66 21 varde
958 551 40 22 den

237 592 77 16 senare
330 586 6 21 i
354 586 48 27 laga
418 585 92 27 ordning
526 585 31 21 till
574 584 77 28 åtgärd
666 584 118 28 företagen.

306 620 120 27 Angående
444 620 126 26 ansökning,
591 625 46 15 som
655 618 115 22 inlemnats
791 619 54 21 efter
864 619 36 21 det
915 619 85 21 förord-

237 654 72 22 nande
325 654 33 22 till
374 654 64 22 skifte
454 654 22 21 af
488 653 229 27 tillandningsmarken
732 653 70 22 blifvit
816 653 120 25 utfärdadt,
948 654 52 21 skils

237 689 94 27 1982
348 695 62 15 mom.

596 741 12 19 6
624 740 17 26 $.

307 786 140 21 Förbehäller
468 786 33 26 sig
524 785 69 27 nägon
613 786 33 20 att
666 785 112 21 ätervinna
796 785 156 27 tillandningen
971 786 29 26 pä

239 821 41 21 den
303 821 72 27 grund
399 822 32 19 att
456 820 123 21 densamma
600 819 106 27 olagligen
724 820 68 27 gjorts
810 819 119 22 fristäende
949 820 53 21 eller

239 856 76 26 pästär
331 854 63 28 eljest
408 854 68 22 sädan
492 856 46 19 rätt
553 854 32 21 till
601 854 164 27 tillandningen,
775 856 33 19 att
823 854 76 27 frägan
916 860 34 16 om
966 856 35 20 sö-

240 889 97 22 kandens
360 889 126 27 behörighet
504 890 34 20 att
558 889 53 21 äska
630 888 49 22 dess
698 888 100 22 bildande
818 889 33 21 till
866 888 136 28 sjelfständig

240 923 102 28 lägenhet
360 923 57 27 förty
436 923 40 22 bör
496 929 62 16 anses
578 923 80 27 tvistig,
680 923 72 21 anvise
772 925 134 25 guvernören
922 923 78 22 honom

241 959 39 25 att,
301 959 25 20 sä
346 957 46 22 vidt
410 958 17 27 ej
448 957 55 22 hans
522 957 59 22 talan
602 957 66 21 redan
685 959 24 19 är
724 957 35 22 vid
776 957 92 22 domstol
884 957 117 28 anhängig-

240 992 69 28 gjord,
333 992 125 21 densamma
476 994 74 19 senast
569 991 32 22 till
622 991 36 22 det
676 991 88 27 lagtima
782 991 47 28 ting
844 992 7 21 i
867 994 68 25 orten,
955 998 45 15 som

241 1026 55 22 efter
310 1028 36 20 tre
361 1026 103 21 mänader
479 1026 55 22 först
549 1025 91 27 infaller,
651 1026 115 21 instämma
777 1026 39 21 och
826 1026 67 21 sedan
904 1026 96 27 fullfölja,

242 1061 35 21 vid
293 1060 106 27 äfventyr,
416 1067 34 15 om
466 1061 36 21 det
517 1060 128 26 uraktlätes,
660 1062 32 19 att
703 1060 76 27 frägan
791 1067 33 15 om
835 1060 168 28 tillandningens

242 1095 102 22 bildande
360 1095 32 21 till
408 1095 134 27 sjelfständig
552 1094 101 28 lägenhet
664 1095 58 21 ändä
732 1094 24 21 af
764 1097 136 25 guvernören
910 1095 93 27 afgöres.

600 1163 46 28 78.

312 1209 71 22 Sedan
407 1209 28 21 all
453 1209 33 22 för
504 1209 79 22 sakens
603 1209 88 27 slutliga
711 1209 101 28 pröfning
828 1209 125 28 erforderlig
968 1212 36 19 ut-

242 1244 94 27 redning
351 1244 119 25 inkommit,
486 1243 56 28 gifve
557 1245 134 26 guvernören
708 1243 46 22 deri
769 1243 78 28 utslag.

312 1275 32 25 Är
362 1278 148 27 ansökningen
526 1285 77 20 genom
618 1278 50 27 laga
683 1277 59 22 kraft
757 1279 83 26 egande
856 1279 72 27 utslag
942 1279 61 22 bifal-

242 1314 43 26 len,
303 1314 56 20 vake
378 1315 135 24 guvernören
538 1313 98 21 deröfver
657 1314 33 20 att
708 1313 78 21 räerna
804 1313 98 27 omkring
917 1313 88 22 tilland-

244 1348 79 27 ningen
340 1347 65 21 blifva
421 1349 52 19 utan
490 1347 102 27 dröjsmål
607 1347 102 27 rörlagda
724 1347 39 21 och
770 1343 10 37 i
778 1347 55 21 fall
844 1347 23 22 af
875 1347 65 22 behof
948 1348 56 27 ånyo

244 1383 13 21 å
271 1382 66 22 karta
355 1381 104 22 affattade
478 1384 56 19 samt
550 1384 34 19 att
599 1382 157 27 tillandningen
772 1382 78 22 varder
865 1382 139 22 mantalssatt.

243 1418 8 20 i
267 1416 101 23 afseende
384 1416 12 22 å
412 1416 108 22 allmänna
542 1417 88 21 besvärs
654 1416 121 27 utgörande
797 1416 39 22 och
859 1417 70 21 såsom
949 1417 57 21 skild

245 1450 244 28 tillandningslägenhet
511 1450 48 22 med
582 1457 65 15 namn
671 1450 39 22 och
732 1457 97 15 nummer
848 1451 8 21 i
872 1451 132 27 jordeboken
