1109 1764
448 127 54 23 N:o
520 127 18 23 8

319 380 69 25 Hans
412 379 168 34 Kejserliga
604 379 150 35 Majestäts
784 378 88 36 nådiga

249 425 151 35 proposition
426 425 39 26 till
492 425 108 25 Finlands
626 425 101 27 Ständer
751 434 38 18 om
807 426 63 26 infö-

250 472 74 26 rande
342 472 24 25 af
384 474 36 23 ett
436 472 101 25 ordnadt
551 472 216 26 notariatväsende.

181 542 42 22 Uti
240 540 144 29 underdånig
400 541 98 28 petition
514 540 22 22 af
551 541 44 21 den
611 541 28 21 13
654 542 60 21 Mars
730 541 57 22 1900
801 541 71 22 hafva

113 577 129 22 Ständerna
258 576 97 22 anhållit
370 578 34 20 att
414 576 64 21 Hans
488 576 130 28 Kejserliga
629 576 109 29 Majestät
748 576 54 22 ville
812 576 59 22 före-

112 612 71 28 lägga
206 611 128 21 Ständerna
355 610 71 29 nådig
449 611 142 28 proposition
614 611 119 28 angående
751 610 120 22 införande

112 646 59 22 efter
186 645 62 22 hand
264 645 43 22 och
322 645 8 21 i
346 645 43 21 den
404 646 54 20 mån
473 644 228 29 omständigheterna
715 644 118 30 medgifva
848 645 26 22 af

113 683 34 19 ett
173 680 98 22 ordnadt
295 679 201 23 notariatväsende
518 680 8 20 i
548 679 84 22 landet.
669 680 54 21 Med
745 680 127 28 anledning

112 714 68 22 häraf
193 715 41 21 har
249 714 65 22 Hans
329 714 130 29 Kejserliga
477 713 107 29 Majestät
603 714 76 22 täckts
695 714 9 21 i
718 714 70 22 nåder
804 714 68 22 anbe-

112 749 56 22 falla
191 748 100 22 Senaten
309 751 35 19 att
360 751 106 25 uppgöra
483 748 87 28 förslag
588 748 37 21 till
640 748 72 28 nådig
727 748 145 28 proposition

113 791 38 15 om
173 782 120 23 införande
312 782 25 22 af
354 784 34 20 ett
409 782 97 22 ordnadt
526 782 201 22 notariatväsende
745 782 8 22 i
771 782 101 22 Finland

113 819 30 28 på
158 818 28 21 de
202 817 25 22 af
240 817 129 22 Ständerna
384 816 96 29 angifna
494 817 106 28 grunder.

182 852 36 22 De
240 852 150 28 synpunkter,
415 859 49 14 som
486 852 60 21 varit
562 851 173 22 bestämmande
754 852 40 21 vid
813 860 59 20 upp-

113 886 113 30 görandet
240 886 26 22 af
278 886 87 28 förslag
381 886 36 22 till
431 885 149 29 lagstiftning
594 886 9 20 i
618 888 84 26 ämnet,
718 888 38 20 äro
772 886 100 22 hufvud-

114 921 114 29 sakligen:
252 923 34 19 att
304 920 72 22 ehuru
394 923 33 19 ett
446 921 96 21 allmänt
556 920 94 22 utbredt
664 920 208 29 notariatväsende,

114 964 48 14 som
181 955 105 22 lemnade
302 955 43 21 den
361 954 103 22 enskilde
479 954 93 22 tillfälle
587 957 34 19 att
636 957 57 19 utan
708 955 126 29 omgångar
849 955 25 22 få

114 990 117 28 skriftliga
246 989 117 22 urkunder
373 989 137 28 upprättade
521 989 43 21 och
574 989 120 29 bestyrkta
704 989 51 21 med
767 989 106 29 offentlig

114 1024 166 28 trovärdighet,
296 1024 75 21 skulle
393 1023 69 23 hafva
478 1024 35 21 sin
528 1026 62 19 stora
604 1024 120 28 betydelse
738 1023 36 22 för
783 1024 90 22 landets

116 1060 68 21 civila
200 1058 120 28 rättsvärd,
336 1060 69 26 utgör
415 1058 177 28 befolkningens
602 1058 30 28 pä
641 1058 161 29 landsbygden
813 1059 61 28 gles-

114 1094 40 22 het
173 1093 73 22 likväl
261 1095 33 19 ett
309 1092 127 29 väsentligt
450 1092 82 22 hinder
546 1092 36 22 för
596 1092 276 22 notariatinstitutionens

114 1128 121 22 införande
251 1127 141 22 omedelbart
406 1126 64 23 öfver
486 1127 41 22 allt
541 1127 9 21 i
565 1127 84 28 landet,
666 1130 55 18 enär
736 1127 103 29 önskligt
849 1130 25 19 är

115 1165 35 20 att
171 1163 73 28 nägot
265 1162 83 28 bidrag
370 1161 51 22 frän
444 1162 148 21 statsverkets
612 1162 50 21 sida
680 1162 38 21 till
732 1162 142 22 notariernes

115 1196 120 23 aflönande
257 1196 53 22 icke
326 1196 98 21 behöfde
442 1196 172 28 ifrägakomma,
634 1198 57 20 utan
710 1196 64 21 deras
790 1196 84 22 ekono-

115 1232 74 22 miska
208 1231 100 22 existens
323 1230 77 23 blefve
415 1230 127 23 säkerstäld
557 1238 84 21 genom
657 1230 28 23 de
700 1230 107 29 arvoden,
823 1238 49 15 som

115 1266 130 23 notarierne
259 1265 36 22 för
310 1265 50 22 sina
375 1265 165 28 förrättningar
556 1273 42 21 ega
613 1265 115 29 uppbära;
744 1267 34 20 att
793 1265 8 22 i
816 1265 59 29 följd

115 1301 69 22 häraf
200 1300 100 22 notarier
315 1299 127 22 tillsvidare
458 1300 108 21 anställas
582 1299 80 22 endast
678 1300 13 21 &
706 1299 85 22 sädana
806 1302 67 26 orter,

116 1337 92 21 hvarest
224 1335 64 21 deras
298 1335 146 22 verksamhet
454 1335 30 27 pä
494 1334 76 29 grund
581 1333 25 23 af
613 1333 179 30 befolkningens
803 1336 72 20 större

116 1369 110 23 talrikhet
241 1369 43 22 och
300 1371 33 19 ett
348 1376 62 14 mera
420 1369 82 28 rörligt
511 1368 31 22 lif
548 1369 47 21 kan
605 1368 134 22 förutsättas
750 1376 54 14 vara
815 1371 59 19 mest

116 1405 24 22 af
158 1403 108 23 behofvet
284 1403 113 28 päkallad,
418 1403 21 22 d.
456 1410 22 14 v.
496 1410 16 15 s.
527 1402 81 23 främst
622 1403 9 21 i
646 1403 116 28 städerna;
778 1405 34 20 att
827 1403 48 22 lan-

120 1439 50 22 dets
190 1438 89 22 mindre
298 1437 76 22 städer
393 1437 59 22 dock
471 1437 51 22 icke
540 1437 57 22 böra
614 1437 57 22 hvar
686 1437 44 22 och
746 1445 26 14 en
788 1436 36 23 för
839 1437 37 29 sig
