1109 1767
450 141 41 21 N:o
508 141 26 21 17
822 142 27 22 17

465 209 30 21 20
509 211 18 25 8.

188 249 49 21 Har
261 248 76 21 anbud
359 249 13 21 å
393 249 145 21 underbållet
564 249 23 21 af
609 249 162 28 skjutsanstalt
791 251 55 20 eller
865 251 14 20 å

120 283 165 28 öfvertagande
302 282 23 21 af
340 283 112 21 ordinarie
468 283 55 21 eller
538 285 65 20 extra
612 283 75 29 skjuts
699 285 55 20 eller
763 284 115 29 båtskjuts

118 318 39 21 vid
176 318 79 27 någon
275 317 160 28 skjutsanstalt
454 317 23 22 af
496 325 132 20 gemensam
647 319 232 21 kommunalstämma

117 353 51 21 icke
186 351 116 29 godkänts
321 352 55 21 eller
394 352 41 21 har
453 352 81 21 sådant
553 352 76 21 anbud
647 352 52 22 icke
718 353 79 28 gjorts,
813 353 66 22 skola

118 387 66 21 dessa
199 385 141 29 åligganden
355 386 138 28 ombesörjas
509 385 23 22 af
547 386 45 21 den
606 387 118 28 kommun,
741 387 39 21 der
795 387 84 28 skjuts-

119 421 115 21 anstalten
249 423 24 18 är
288 419 103 29 belägen.

187 455 12 21 I
215 455 81 21 sådant
310 453 42 22 fall
361 461 53 15 vare
424 455 141 21 kommunen
575 455 132 28 berättigad
717 457 34 20 att
762 455 23 22 af
795 455 84 29 skjuts-

121 490 61 27 laget
197 489 86 22 erhålla
298 489 146 28 godtgörelse
455 489 57 22 efter
521 489 62 22 hvad
593 496 133 21 gemensam
736 490 143 21 kommunal-

120 526 99 19 stämma
233 523 53 21 med
300 523 90 29 hänsyn
404 523 38 22 till
452 523 223 22 ortsförhållandena
684 523 93 30 pröfvar
787 524 92 29 skäligt.

188 558 37 21 Då
246 557 120 22 underhåll
389 557 22 22 af
433 557 162 29 skjutsanstalt
613 559 56 20 eller
689 559 132 28 skjutsning
839 559 40 21 vid

121 601 28 14 en
172 593 56 21 eller
249 592 54 21 flere
323 592 84 22 sådana
426 593 109 21 anstalter
550 592 163 22 öfverlemnats
729 595 34 19 att
779 593 23 21 af
815 593 64 22 kom-

120 635 84 14 munen
223 627 119 28 fullgöras,
361 627 59 21 skall
434 634 133 21 gemensam
582 627 232 22 kommunalstämma
829 630 50 19 utse

121 662 19 28 ej
157 662 88 21 mindre
265 661 40 21 två
323 661 59 28 gode
397 664 54 18 män
466 661 43 21 och
523 662 41 20 två
579 662 148 28 suppleanter
741 661 36 22 för
792 662 64 21 desse
871 662 9 20 i

120 696 40 22 det
180 696 60 28 syfte
257 696 27 21 31
301 697 13 25 8
335 695 150 29 omförmäler,
498 698 29 19 än
542 698 35 19 ett
592 696 86 21 ombud
693 703 49 14 som
756 696 40 21 vid
810 695 70 22 behof

121 738 54 21 eger
189 730 89 22 bevaka
293 730 148 28 skjutslagets
456 732 52 20 rätt.

189 764 110 29 Bestyrkt
327 764 89 22 afskrift
439 764 22 22 af
484 772 131 21 geraensam
638 765 242 21 kommunalstämmas

121 800 116 28 protokoll
253 799 58 21 skall
328 798 164 29 ofördröjligen
506 799 37 21 till
557 799 158 29 kronofogden
727 798 152 23 öfversändas.

469 862 27 22 21
512 864 19 26 8.

190 903 99 29 Utgöres
309 902 138 29 skjutslaget
466 902 23 22 af
507 902 62 22 blott
584 910 28 14 en
627 903 117 28 kommun,
761 903 119 21 ankomme

122 939 13 21 å
149 938 232 21 kommunalstämma
396 939 34 19 att
440 937 82 28 pröfva
532 937 44 21 och
586 937 124 29 godkänna
721 937 160 28 entreprenad-

122 972 111 22 anbuden.
271 972 49 21 Har
343 972 76 21 anbud
441 972 13 21 å
477 972 174 28 skjutsningens
673 971 164 29 öfvertagande
859 971 20 28 ej

123 1006 77 22 blifvit
220 1006 120 29 godkändt
359 1007 55 21 eller
428 1006 42 22 har
485 1006 82 22 sådant
583 1006 77 22 anbud
674 1006 51 22 icke
741 1006 79 28 gjorts,
836 1006 45 22 för-

122 1041 59 22 fares
197 1042 29 28 pä
242 1043 46 19 sätt
303 1041 8 21 i
327 1042 27 20 37
370 1042 13 26 $
399 1044 72 25 säges.

191 1076 248 21 Kommunalstämmas
458 1075 82 28 beslut,
556 1076 151 27 hvarigenom
723 1075 158 28 entreprenad-

126 1110 76 22 anbud
217 1110 122 29 godkänts,
358 1110 58 21 skall
431 1110 9 21 i
455 1110 44 21 den
514 1110 99 29 ordning
629 1111 28 21 19
672 1112 13 26 8
701 1111 93 28 stadgar
808 1109 73 23 öfver-

122 1146 87 21 lemnas
224 1145 37 21 till
277 1147 154 26 guvernörens
446 1144 110 29 pröfning
573 1145 43 21 och
631 1145 150 22 stadfästelse.

471 1203 28 20 22
515 1204 19 25 8.

193 1243 45 21 Till
260 1243 145 21 bestridande
429 1243 22 21 af
471 1243 128 28 utgifterna
616 1243 36 22 för
667 1243 216 29 skjutsanstalterna

124 1279 43 21 och
182 1277 161 29 skjutsningen
357 1278 30 27 på
401 1277 78 22 landet
495 1281 39 18 äro
549 1277 103 29 följande
662 1278 220 29 beskattningsföre-

123 1313 47 21 mål
192 1312 58 21 efter
270 1311 76 22 nedan
368 1312 111 28 stadgade
499 1312 100 29 grunder
613 1312 102 29 pligtiga
730 1315 34 19 att
779 1313 102 28 bidraga,

123 1347 127 28 nemligen:

193 1383 20 26 a)
229 1382 32 21 all
279 1381 4 21 i
297 1382 88 21 mantal
401 1383 46 20 satt
461 1381 60 29 jord;

193 1416 22 27 b)
231 1415 132 28 skattlagda
381 1417 52 27 torp
449 1416 44 21 och
507 1416 110 28 utjordar,
632 1416 81 22 hvilka
727 1416 73 22 under
815 1424 68 21 egan-

124 1451 75 22 derätt
214 1451 55 20 eller
283 1450 53 21 med
351 1450 97 29 stadgad
464 1450 90 22 åborätt
569 1450 144 29 innehafvas;
