1114 1756
341 125 20 21 U.
378 125 21 21 B.
415 136 27 3 —
459 124 58 27 Prop.
534 124 35 22 N:o
585 124 20 22 9.
821 125 11 20 7

308 193 32 20 utt
363 192 131 22 Ständerna
517 192 50 21 ville
591 192 7 21 i
621 192 147 28 underdånig
791 200 71 13 svars-

236 226 116 26 skrifvelse
368 226 92 22 anmäla
475 228 33 20 att
523 226 42 22 den
585 226 89 28 nådiga
693 226 169 28 propositionen

238 260 28 27 af
285 260 130 22 Ständerna
434 260 99 28 antagits
551 261 50 21 med
627 260 77 29 några
727 260 135 28 ändringar,

238 294 64 28 iföljd
312 294 86 27 hvaraf
404 295 44 21 den
458 294 129 29 föreslagna
599 294 167 29 förordningen
783 295 79 21 erhölle

236 329 102 28 följande
354 330 93 27 lydelse:

377 434 124 27 Förordning
524 433 108 28 angående
652 434 79 22 ändrad
748 434 78 28 lydelse
842 435 20 21 af

278 484 4 4 <
307 468 14 21 4
336 468 15 28 8
366 468 24 22 17
408 468 44 28 kap.
471 468 207 27 Rättegångsbalken.

171 537 139 28 Härigenom
321 537 91 28 stadgas
429 538 32 20 att
475 537 16 21 4
505 538 15 26 $
534 536 31 22 17
577 537 52 27 kap:
639 537 224 28 Rättegångsbalken

100 573 59 21 skall
175 572 85 22 erhålla
275 571 101 28 följande
391 571 140 27 förändrade
547 571 94 27 lydelse:

170 601 33 27 Är
225 608 71 26 något
318 606 74 21 vittne
414 605 94 29 fjärran,
531 605 55 22 eller
608 605 46 22 kan
677 606 38 21 det
736 606 36 21 för
788 614 76 14 annan

100 642 53 28 laga
176 641 66 21 orsak
265 640 19 28 ej
308 640 92 22 komma
422 640 35 22 till
477 640 44 22 den
536 640 105 26 domstol,
659 640 40 22 der
715 640 38 22 det
767 641 97 21 nämndt

100 676 43 22 och
159 675 118 29 godkändt
293 677 31 23 är,
340 675 28 21 då
384 675 58 21 skall
458 675 38 21 det
511 674 8 22 i
533 674 75 29 begge
622 677 120 26 parternas
758 675 55 22 eller
828 676 35 21 de-

100 718 36 14 ras
159 710 162 22 ombudsmäns
344 712 96 19 närvaro
464 710 67 21 höras
548 709 61 22 inför
623 712 116 20 närmaste
755 712 52 24 rätt,
824 710 39 22 der

100 746 39 21 det
161 745 78 26 vistas,
254 745 8 21 i
277 744 81 22 staden
380 744 56 22 eller
450 746 30 27 på
495 744 84 26 landet,
597 744 41 22 allt
653 752 50 14 som
719 744 39 22 det
774 748 89 18 snarast

100 780 40 22 ske
156 780 52 22 kan.
238 774 32 27 Är
285 779 75 22 vittne
376 779 68 29 sjukt,
461 779 70 22 varde
546 779 29 21 då
589 779 92 21 hemma
697 779 99 22 afhördt.

170 810 33 27 Är
225 814 51 26 den,
300 821 49 15 som
364 814 7 20 i
386 814 109 21 brottmål
518 814 110 28 åberopas
652 814 37 21 till
711 814 74 22 vittne
808 814 55 22 eller

100 850 68 22 hvars
184 849 101 22 hörande
300 856 82 14 annars
399 848 66 22 äskas
480 848 36 22 för
531 848 116 22 vinnande
664 849 26 21 af
701 849 161 29 upplysning
848 844 18 38 i

101 885 81 21 sådant
198 884 51 26 mål,
266 883 106 28 fängslad
386 883 56 21 eller
456 883 47 21 kan
518 883 45 21 han
579 883 36 21 för
631 890 76 15 annan
717 883 69 29 giltig
796 884 67 21 orsak

101 920 20 28 ej
138 919 88 22 infinna
241 918 35 28 sig
291 918 39 21 vid
346 918 44 21 den
406 917 106 26 domstol,
529 918 39 20 der
583 918 70 21 saken
665 918 133 26 behandlas,
808 926 55 14 vare

101 955 39 27 lag
162 961 49 14 som
226 954 6 20 i
250 956 8 19 1
277 960 68 14 mom.
364 955 71 25 säges,
452 952 39 22 der
507 952 19 28 ej
545 952 95 22 vittnets
655 956 98 18 närvaro
769 953 93 28 pröfvas

100 996 56 15 vara
179 989 35 21 för
236 988 82 22 sakens
334 987 125 28 utredning
473 987 133 28 nödvändig
622 987 53 22 eller
690 987 45 22 den
749 987 114 22 tilltalade

101 1026 27 20 är
150 1023 92 21 häktad.
273 1022 54 22 Kan
350 1022 43 22 den
416 1022 109 21 tilltalade
544 1022 36 21 för
595 1022 149 22 medellöshet
759 1022 20 28 ej
796 1022 67 22 ställa

101 1058 93 26 ombud,
210 1057 105 22 förordne
330 1059 82 23 rätten,
429 1056 103 26 eller,der
547 1056 38 22 det
601 1064 65 14 anses
677 1056 141 29 lämpligare,
834 1059 29 27 på

102 1093 51 21 dess
169 1093 100 28 begäran
284 1092 44 27 den
344 1091 106 27 domstol,
465 1091 39 21 vid
520 1090 95 22 hvilken
630 1091 103 22 förhöret
747 1091 58 22 skall
816 1092 46 25 ske,

103 1128 52 21 eller
178 1127 48 22 dess
250 1125 142 28 ordförande,
416 1133 28 14 en
468 1125 116 22 sakförare
603 1125 54 22 eller
673 1133 76 14 annan
765 1125 98 29 skicklig

102 1169 83 22 person
204 1164 33 19 att
252 1161 40 22 vid
307 1161 102 21 förhöret
425 1160 90 22 bevaka
530 1160 44 21 den
589 1159 125 22 tilltalades
729 1163 52 19 rätt.
812 1161 52 21 Fin-

102 1205 40 14 nes
165 1197 39 21 det
226 1196 70 21 sedan
318 1195 81 28 nödigt
422 1197 34 19 att
479 1197 53 26 nytt
547 1194 78 22 förhör
641 1195 108 21 anställes
764 1195 39 22 vid
819 1195 44 22 den

102 1233 53 24 rätt,
172 1231 38 21 der
226 1231 69 21 målet
310 1229 149 28 handlägges,
475 1230 37 20 må
527 1228 44 22 den
587 1228 78 22 derom
681 1229 113 22 förordna.

172 1266 101 21 Fordras
288 1264 8 21 i
312 1263 124 22 brottmålet
454 1264 81 21 endast
549 1263 144 28 skadestånd,
708 1264 58 28 gälle
782 1264 58 22 hvad
855 1265 8 21 i

103 1301 12 21 1
131 1307 63 15 mom.
212 1302 26 19 är
252 1299 72 28 sagdt.
