1109 1761
451 129 44 22 N:o
511 131 12 19 8
816 131 24 20 11

180 198 37 21 Då
239 198 139 21 testamente
393 196 57 22 eller
465 204 78 15 annan
559 196 116 30 handling
689 197 158 22 öfverlemnas
862 197 9 21 i

110 231 103 22 notaries
229 231 122 28 förvaring
367 231 43 22 och
425 231 65 28 vård,
506 231 61 22 skall
580 231 45 22 ock
635 231 109 22 deröfver
754 231 118 29 protokoll

110 268 131 27 uppsättas.

457 313 28 20 30
500 312 19 26 8.

180 350 229 30 Notariatprotokoll
423 350 62 22 skall
500 350 129 22 innehålla:

183 388 20 26 1)
220 388 37 20 ort
272 385 44 22 och
332 385 45 29 dag
393 385 37 21 för
444 385 195 29 förhandlingen;

182 422 21 26 2)
220 420 124 28 sakegares
361 419 43 22 och
419 426 78 15 annan
512 420 40 21 vid
568 420 185 28 förhandlingen
767 419 105 22 medver-

112 454 77 22 kande
204 461 97 22 persons
316 461 77 21 namn,
409 454 70 22 stånd
495 454 55 21 eller
564 454 59 28 yrke
639 454 44 22 och
697 454 112 27 hemvist;

182 490 21 26 3)
225 488 124 29 sakegares
364 488 132 28 förklaring
512 488 43 22 och
570 488 149 29 redogörelse
734 488 39 22 för
788 488 82 22 aktens

112 522 106 23 innehåll
238 524 60 20 samt
316 522 37 22 för
371 522 186 29 förhandlingen!
573 522 45 30 vidj
635 523 53 21 dess
703 522 168 30 upprättande;

182 559 21 27 4)
221 557 130 28 sakegares,
368 557 183 22 medverkandes
567 557 44 22 och
627 557 120 22 notariens
757 565 115 14 namnun-

113 592 114 22 derskrift
242 592 122 22 äfvensom
379 591 46 22 den
440 591 155 22 sistnämndes
611 592 119 29 egenskap
746 592 27 22 af
781 592 91 22 notarie

113 628 26 21 så
155 626 43 23 ock
214 626 95 29 aftryck
325 626 26 22 af
365 626 58 22 hans
438 626 174 28 notariatsigill.

463 708 24 20 31
505 708 22 26 8.

182 742 121 34 Åberopas
319 746 9 22 i
343 746 124 30 sakegares
482 747 133 29 förklaring
625 747 65 22 inför
700 748 92 21 notarie
803 747 71 22 skrift

115 782 45 22 och
176 782 67 28 fogas
259 781 77 22 denna
346 781 38 21 till
394 781 141 29 protokollet
546 782 76 22 såsom
633 782 86 29 bilaga,
732 782 61 22 skall
803 782 70 22 skrif-

113 819 41 19 ten
171 816 119 22 betraktas
305 816 76 22 såsom
397 816 37 22 del
449 816 28 22 af
490 816 148 29 protokollet.

463 893 26 20 32
507 892 19 27 8.

183 931 51 22 Har
248 930 197 22 notariaturkund
461 931 20 28 ej
497 931 62 21 form
575 931 27 21 af
610 931 124 28 protokoll,
747 931 60 22 skall
818 931 57 22 den-

116 973 88 15 samma
218 965 75 22 likväl
307 965 120 22 innehålla
443 967 37 20 ort
495 965 44 22 och
554 965 47 29 dag
615 965 39 22 för
668 965 135 22 urkundens
817 973 58 22 upp-

114 999 110 23 rättande
246 1001 60 20 samt
328 999 119 22 notariens
469 999 219 22 namnunderskrift
711 1001 25 20 så
757 1000 44 22 ock
815 1000 60 22 hans

115 1035 118 29 egenskap
256 1035 26 21 af
302 1034 91 22 notarie
417 1034 121 22 äfvensom
561 1034 95 29 aftryck
679 1035 26 21 af
726 1034 59 22 hans
809 1036 66 20 nota-

115 1069 117 29 riatsigill.

467 1111 26 20 33
509 1110 20 26 8.

184 1149 47 23 Vid
251 1149 156 29 upprättande
423 1150 27 21 af
463 1150 198 22 notariaturkund
675 1157 56 15 vare
746 1150 129 22 tillkallan-

116 1185 40 22 det
179 1184 26 22 af
226 1184 75 21 vittne
325 1183 20 29 ej
367 1184 26 21 af
406 1184 83 25 nöden,
505 1185 58 20 utan
579 1185 25 20 sä
620 1187 26 19 är
661 1186 35 20 att
711 1184 113 29 sakegare
839 1185 38 21 sä-

116 1219 58 22 dant
191 1219 86 22 önskar
297 1218 56 22 eller
371 1218 124 22 urkunden
511 1219 73 28 angär
599 1219 154 28 rättsärende,
770 1226 49 15 som
837 1226 39 15 en-

115 1254 47 29 ligt
183 1253 40 29 lag
247 1253 42 22 bör
313 1253 42 22 ske
377 1253 136 29 skriftligen
535 1253 53 22 med
609 1253 100 29 vittnen,
732 1253 57 22 eller
804 1255 73 27 utgör

116 1290 147 20 testamente.

467 1330 27 20 34
510 1329 19 28 8.

183 1369 88 22 Finnes
287 1368 112 29 sakegare
414 1376 56 14 vara
486 1368 47 29 döf,
549 1371 62 20 stum
626 1368 57 23 eller
694 1369 67 28 eljest
772 1369 102 22 oförmö-

115 1412 47 21 gen
177 1406 35 20 att
222 1403 55 28 tala,
288 1403 44 22 och
343 1407 26 18 är
379 1403 47 22 han
437 1403 21 30 ej
469 1403 158 29 skrifkunnig,
639 1403 60 23 skall
709 1404 77 22 säsom
797 1404 78 23 vittne

117 1439 85 22 anlitas
225 1445 90 22 person,
331 1438 38 22 för
384 1438 98 23 hvilken
497 1439 129 28 sakegaren
641 1439 48 22 kan
705 1442 58 25 göra
778 1439 36 28 sig
831 1439 47 22 för-
