1078 1720
359 145 21 22 U.
397 144 22 22 B.
434 158 28 3 —
478 144 60 28 Prop.
555 144 35 22 N:o
604 144 33 23 15.
862 148 13 19 3

121 209 128 28 förebygga
271 211 33 18 ett
327 207 145 29 upprepande
496 207 25 22 af
542 207 79 28 dylika
636 207 125 26 händelser,
777 215 49 14 som
840 211 35 19 ut-

121 243 80 29 gjorde
223 251 27 14 en
274 243 50 20 fara
345 242 36 21 för
398 242 158 21 laxstammens
572 241 97 22 bestånd
684 242 8 21 i
707 241 108 27 elfvarna,
832 243 42 21 och

120 278 96 21 föreslår
238 277 83 25 därför,
341 279 32 18 att
394 276 146 28 Regeringen
561 277 71 20 måtte
647 276 83 21 tillåtas
746 278 33 19 att
793 277 8 20 i
816 276 59 22 före-

121 311 134 22 kommande
270 311 41 21 fall
321 310 115 21 utsträcka
446 313 98 25 gränsen
555 310 35 21 för
601 310 29 21 de
641 310 233 29 fredningsområden,

120 347 77 21 hvilka
213 345 158 22 erfarenheten
386 345 58 21 visat
459 351 55 15 vara
528 344 157 28 otillräckliga.

189 380 80 28 Enligt
291 379 130 22 Utskottets
443 378 68 21 tanke
534 381 24 18 är
577 379 44 20 den
639 379 39 25 tid,
694 379 72 21 under
781 379 94 22 hvilken

120 414 149 22 förevarande
295 413 167 21 bestämmelser
484 420 37 14 om
543 413 75 27 skydd
641 413 35 21 för
696 413 106 21 laxfisket
816 414 59 21 varit

121 448 110 29 gällande,
255 447 78 22 alltför
355 447 52 21 kort
429 446 35 22 för
481 449 33 19 att
528 454 52 14 man
596 446 27 22 af
636 446 84 22 sådana
734 446 72 22 under
822 447 53 22 den-

121 490 84 15 samma
219 482 122 22 inträffade
354 482 125 26 händelser,
490 488 48 14 som
549 481 44 21 den
604 481 7 21 i
621 481 141 29 proposition
772 481 101 27 anförda,

121 518 72 22 skulle
209 517 78 21 kunna
303 516 70 28 draga
388 518 70 26 några
474 516 116 21 bestämda
605 516 117 21 slutsatser
733 516 141 22 beträffande

121 551 169 29 behöfligheten
306 550 26 22 af
344 558 46 20 nya
401 550 189 28 inskränkningar
601 550 8 21 i
619 550 103 22 vilkoren
733 550 42 21 och
786 550 88 29 platsen

120 586 37 22 för
171 586 116 22 laxfiskets
300 584 153 22 bedrifvande.
480 584 46 22 Det
537 587 65 25 säges
613 584 134 28 visserligen
756 584 8 22 i
774 585 100 28 proposi-

120 621 84 26 tionen,
229 622 32 19 att
284 627 53 14 man
355 627 94 14 numera
464 619 94 21 kommit
573 619 35 21 till
624 619 70 22 insikt
709 626 36 14 om
760 621 34 20 att
808 619 67 22 laxen

121 656 36 21 för
179 655 38 22 sitt
240 654 153 29 uppstigande
415 654 7 21 i
444 653 102 22 elfvarna
564 653 50 22 icke
630 653 72 28 väljer
717 653 38 22 det
770 653 105 30 djupaste

121 692 94 20 vattnet.
245 689 41 21 Ett
309 689 116 20 uttalande
448 689 7 21 i
478 695 84 14 samma
579 688 104 28 riktning
702 688 41 21 har
757 688 118 22 Utskottet

121 725 68 21 också
212 724 77 21 funnit
307 723 34 21 uti
358 723 246 28 Fiskeriinspektörens
619 723 7 20 i
641 723 70 21 saken
726 723 89 28 afgifna
829 725 45 26 ytt-

121 759 76 26 rande,
220 758 64 22 hvari
307 757 72 22 tillika
399 757 43 22 den
457 757 119 22 förmodan
591 757 89 26 uttalas,
696 759 34 19 att
744 757 8 21 i
767 757 108 22 händelse

121 794 44 21 den
188 792 135 25 erfarenhet,
346 799 49 14 som
414 799 93 14 numera
522 791 123 22 förefinnes
660 799 36 14 om
712 791 77 22 laxens
804 795 70 26 vägar

121 828 38 22 vid
174 827 163 29 uppstigandet
352 827 7 20 i
374 826 102 22 elfvarna
487 826 42 21 och
539 825 105 22 laxfisket
654 825 92 23 utanför
756 826 117 27 desamma,

121 864 54 20 stått
191 861 127 22 Ständerna
333 860 38 22 vid
388 862 54 19 1900
458 862 36 19 års
509 860 111 28 landtdag
630 860 34 21 till
674 860 65 26 buds,
751 863 123 25 gränserna

120 896 37 22 för
179 898 33 20 ett
235 895 97 25 område,
348 895 40 21 där
403 895 66 21 laxen
484 896 30 27 på
529 894 92 22 anfördt
636 896 45 20 sätt
696 897 24 19 är
735 894 86 27 fredad,
836 895 37 22 be-

121 933 78 19 stämts
222 929 146 23 annorlunda.
399 929 53 21 Men
475 929 38 21 det
536 932 25 18 är
579 931 34 19 att
630 929 84 26 märka,
730 931 33 19 att
778 929 96 22 berörda

120 965 93 29 uppgift
235 964 100 29 grundar
353 964 35 28 sig
403 965 29 27 på
447 963 203 29 undersökningar,
666 970 49 15 som
730 964 57 21 först
802 964 72 22 under

121 1002 88 20 senaste
224 1000 33 20 tid
272 998 119 28 företagits
407 998 43 22 och
465 998 78 22 hvilka
558 998 79 21 därför
650 998 51 22 icke
716 998 78 22 kunna
808 1006 65 14 anses

121 1037 74 19 såsom
210 1033 118 22 afslutade.
353 1032 123 26 Utskottet,
492 1032 34 22 till
541 1032 89 22 hvilket
642 1032 86 28 jämväl
738 1033 70 21 andra
818 1041 55 21 upp-

121 1069 69 29 gifter
205 1076 36 14 om
256 1068 78 21 laxens
349 1067 44 22 och
408 1067 75 21 sikens
498 1067 114 29 vandring
627 1067 34 21 till
677 1067 101 22 elfvarna
792 1068 81 28 ingått,

121 1104 71 21 håller
208 1102 76 22 därför
299 1102 56 26 före,
371 1104 33 19 att
419 1102 157 21 kännedomen
592 1109 37 14 om
639 1104 102 26 vägarna
750 1102 36 22 för
796 1102 77 22 laxens

122 1137 151 30 uppstigande
295 1137 7 21 i
325 1136 102 22 elfvarna
448 1136 82 22 liksom
551 1136 62 22 hvad
633 1136 23 22 vi
670 1136 79 22 hittills
764 1136 110 22 inhemtat

121 1172 118 29 angående
261 1172 77 20 laxens
361 1171 29 21 lif
406 1170 154 23 öfverhufvud
583 1174 25 18 är
627 1171 36 21 för
678 1171 148 29 ofullständig
842 1174 33 20 att

121 1207 79 28 läggas
215 1206 34 21 till
264 1206 74 28 grund
354 1206 36 21 för
405 1213 31 21 ny
452 1205 146 29 lagstiftning
613 1206 7 20 i
635 1208 81 19 ämnet.
742 1206 46 22 Det
802 1207 7 21 i
824 1214 50 21 pro-

121 1241 127 29 positionen
264 1240 119 22 omnämda
398 1240 64 21 fallet
478 1240 52 21 från
544 1240 140 28 skärgården
698 1240 93 22 utanför
802 1241 72 29 Kym-

121 1283 65 14 mene
202 1275 33 21 elf
248 1282 69 21 synes
327 1274 117 22 Utskottet
455 1274 37 21 för
502 1274 72 28 öfrigt
584 1274 50 21 icke
644 1276 56 20 utan
710 1275 77 22 vidare
797 1276 78 21 kunna

123 1310 107 28 åberopas
239 1311 74 20 såsom
325 1309 50 21 stöd
385 1308 36 22 för
432 1309 202 28 nödvändigheten
644 1309 26 21 af
678 1316 46 21 nya
731 1309 144 29 lagstadgan-

123 1345 50 25 den,
189 1344 77 22 hvilka
281 1343 75 22 bättre
371 1346 30 18 än
417 1343 27 21 de
460 1343 181 22 hittillsvarande
655 1343 117 23 förmådde
786 1345 89 28 skydda

121 1380 77 20 laxens
221 1380 110 27 uppgång
350 1378 35 21 till
401 1378 108 21 elfvarna.
540 1377 40 23 Uti
596 1378 39 21 sitt
649 1378 70 22 redan
734 1379 82 21 nämda
830 1381 45 27 ytt-

121 1413 70 21 rande
206 1415 66 25 säger
287 1412 235 29 Fiskeriinspektören
537 1414 30 26 på
583 1412 32 22 tal
625 1420 36 14 om
672 1412 74 22 denna
757 1412 117 23 händelse:

123 1448 43 27 »Så
181 1447 56 29 godt
251 1454 49 14 som
315 1448 29 27 pä
357 1454 84 14 samma
452 1447 44 28 dag
506 1446 113 22 fiskarene
629 1447 92 21 utanför
732 1447 141 29 elfutloppen

121 1494 50 23 Lag-
184 1493 33 18 och
230 1492 183 18 ekonomiutskottets
427 1492 115 18 betänkande
554 1496 32 14 n:o
600 1494 16 16 1.
