1109 1750
453 137 41 21 N:o
510 137 26 21 17
822 138 28 21 13

118 208 106 27 erläggas
240 206 35 21 till
292 205 176 28 tvätredjedelar
484 204 22 22 af
522 205 27 21 de
564 205 8 21 i
582 205 28 21 22
627 207 6 25 $
644 206 140 21 omnämnda
794 206 85 28 skjuts-

118 241 108 29 skyldiga
240 240 64 22 inom
320 239 136 29 skjutslaget
472 239 57 21 efter
544 240 28 21 de
587 240 107 28 grunder,
711 248 49 14 som
774 240 9 21 i
798 240 34 28 22,
844 241 34 28 23,

118 276 29 21 24
166 275 43 21 och
229 274 29 22 25
273 276 28 26 $$
316 274 98 28 stadgas.
444 274 51 21 Den
512 274 141 21 återstående
669 274 171 28 entredjedelen
856 274 26 22 af

119 309 154 22 kostnaderna
288 308 111 22 bestrides
416 308 24 21 af
454 308 114 21 allmänna
582 308 81 22 medel.

468 400 28 21 10
510 401 19 25 8.

188 447 76 22 Sodan
286 446 28 21 de
337 445 35 22 för
394 445 159 29 skjutsanstalt
575 445 116 28 uppförda
712 447 43 20 hus
778 446 101 22 blifvit
865 441 16 37 i

119 481 132 28 fullfärdigt
266 480 66 22 skick
346 480 37 21 till
400 481 124 20 anstaltens
535 479 156 22 föreständare
702 480 176 29 öfverlemnade,

119 517 65 21 skola
206 516 116 21 desamma
345 514 23 21 af
389 515 85 21 honom
496 515 30 27 pä
547 521 58 21 egen
620 514 129 22 bekostnad
764 515 115 21 vidmakt-

119 551 79 22 hållas.
229 549 77 22 Hafva
326 549 27 21 de
369 549 23 21 af
407 549 63 21 ålder
485 549 41 21 och
542 549 64 28 bruk,
622 556 54 14 men
692 549 20 28 ej
730 549 22 22 af
767 549 112 22 förestän-

119 585 81 22 darens
222 583 104 23 vanvärd
348 583 96 22 förfallit
462 583 43 22 och
519 583 46 22 kan
579 583 43 22 hus
637 583 37 23 för
690 584 189 28 skjutsanstalten

120 621 13 20 3
148 621 70 20 annat
241 618 108 28 lämpligt
371 618 67 21 ställe
460 618 50 22 icke
533 618 103 27 erhällas,
656 619 66 21 skola
740 618 28 22 de
788 618 90 29 byggas

120 654 41 22 och
178 654 124 21 förbättras
317 654 30 26 pä
362 655 46 19 sätt
423 653 8 20 i
445 653 15 21 8
475 653 43 21 och
533 653 13 21 9
562 654 27 26 $$
604 652 74 22 finnes
695 653 114 29 stadgadt.

469 744 25 21 11
510 746 20 26 8.

189 792 70 21 Låter
281 790 155 22 föreståndare
458 790 36 22 för
517 790 160 29 skjutsanstalt
699 791 73 21 husen
787 790 92 22 förfalla

120 827 44 21 och
182 826 144 28 försummar,
346 825 72 21 ehuru
433 825 77 21 derom
525 825 100 28 tillsagd,
642 827 35 19 att
692 825 97 22 försätta
804 825 52 21 dem
870 825 9 21 i

120 861 70 27 skick,
209 860 42 22 bör
269 860 105 21 länsman
395 859 70 29 jemte
483 860 39 21 två
537 860 133 28 trovärdiga
685 863 60 25 män,
762 860 23 21 af
799 860 80 21 hvilka

120 896 45 21 den
187 903 41 13 ene
251 897 62 19 utses
328 894 39 21 vid
382 894 231 22 kommunalstämma
628 894 43 22 och
687 894 44 22 den
746 894 70 22 andre
830 895 49 21 väl-

120 930 34 29 jes
170 930 22 21 af
206 928 178 28 föreståndaren,
400 929 14 21 å
428 929 73 21 husen
516 929 97 21 anställa
627 928 141 29 besigtning.
791 929 87 22 Under-

120 966 58 20 låter
193 963 201 29 skjutsanstaltens
404 963 154 21 föreståndare
574 965 34 19 att
622 963 64 21 inom
702 964 48 20 åtta
765 964 71 28 dagar
847 963 32 21 ef-

121 1002 34 19 ter
176 999 100 21 erhållen
296 997 160 29 förständigan
478 998 62 28 välja
555 1005 117 21 syneman,
698 1006 54 20 eger
774 998 106 22 länsman

121 1034 77 21 dertill
212 1033 36 21 för
263 1032 171 22 föreståndaren
449 1032 62 21 kalla
525 1032 97 28 lämplig
638 1032 90 28 ojäfvig
742 1040 89 20 person.

191 1067 75 21 Sedan
281 1066 40 21 vid
336 1066 164 28 besigtningen
514 1066 124 28 utredning
653 1066 95 22 vunnits
764 1074 37 14 om
811 1066 68 22 brist-

122 1102 162 28 fälligheterna
300 1102 14 20 å
328 1100 166 29 byggnaderna
510 1100 42 22 och
568 1108 36 14 om
620 1100 28 22 de
664 1101 100 28 arbeten,
780 1108 49 14 som
844 1100 36 22 för

122 1137 64 22 deras
202 1135 148 29 afhjelpande
366 1138 38 18 äro
420 1135 92 29 nödiga,
528 1135 140 22 tillkommer
683 1136 39 21 det
736 1136 144 21 kommunal-

122 1171 116 23 nämnden
261 1173 34 19 att
317 1171 30 27 på
368 1169 183 22 föreståndarens
567 1169 36 22 för
618 1170 191 29 skjutsanstalten
824 1171 56 20 eller

123 1207 56 21 hans
201 1205 135 22 löftesmäns
358 1204 128 22 bekostnad
501 1205 47 21 låta
562 1204 76 22 utföra
654 1205 202 28 förbättringarna,
871 1205 9 20 i

122 1241 102 28 enlighet
242 1239 52 22 med
309 1239 313 28 besigtningsinstrumentet.
645 1239 170 28 Kronofogden
826 1246 54 21 eger

121 1278 56 19 utan
201 1274 79 21 vidare
304 1274 124 27 rättegång
454 1273 42 22 hos
523 1273 43 22 den
589 1273 135 29 försumlige
746 1274 55 21 eller
823 1274 57 21 hans

122 1309 123 23 löftesmän
267 1310 82 26 uttaga
371 1307 160 29 kostnaderna,
554 1308 9 21 i
584 1307 42 22 fall
648 1308 117 22 desamma
780 1308 20 28 ej
817 1308 63 22 inom

122 1346 48 20 åtta
186 1344 70 28 dagar
272 1343 58 22 efter
343 1343 127 28 tillsägelse
485 1343 9 21 i
508 1342 61 29 godo
586 1344 112 28 erläggas.

191 1378 167 22 Föreståndare
380 1377 36 22 för
436 1377 160 29 skjutsanstalt
614 1378 56 21 eller
685 1378 57 21 hans
758 1378 122 22 löftesmän

122 1421 44 21 ega
180 1416 47 19 rätt
242 1415 34 19 att
291 1412 41 22 vid
346 1412 99 22 domstol
461 1412 55 22 söka
532 1412 40 22 sitt
587 1413 54 27 åter,
658 1420 37 14 om
710 1412 28 22 de
754 1412 77 22 dertill
844 1414 36 20 tro

122 1448 36 29 sig
172 1447 118 29 befogade.
