1067 1695
349 119 28 22 U.
394 119 27 22 B.
437 132 28 3 —
480 119 75 28 Prop.
570 119 43 22 N:o
629 119 36 22 12.
867 120 24 20 11

131 193 49 22 den
202 191 96 30 lagliga
321 190 155 29 ordningens
496 189 181 23 återställande
697 191 8 20 i
723 190 86 22 landet
828 190 65 22 skall

130 227 58 22 leda
208 226 36 22 till
263 225 154 28 hugnesamt
435 224 110 22 resultat.

201 261 72 21 Inom
301 259 128 22 Utskottet
451 258 45 22 har
521 259 87 28 yrkats
627 258 177 29 begränsning
824 258 25 22 af
867 259 27 21 ti-

132 295 48 22 den
205 295 39 22 för
264 294 49 22 den
332 293 179 28 provisionella
531 293 300 28 bevillningsbudgetens
850 293 44 28 gil-

131 329 87 29 tighet,
247 327 110 23 hvarvid
381 327 26 22 af
425 334 30 15 en
475 327 40 22 del
534 327 145 28 föreslagits
699 333 31 16 en
750 327 35 22 tid
805 327 25 22 af
850 333 44 16 sex

131 363 129 24 månader,
282 362 26 22 af
327 362 80 22 andra
426 361 90 22 endast
535 363 36 20 tre
585 361 130 22 månader.
738 361 87 22 Såsom
840 361 54 22 huf-

132 397 153 29 vudsakliga
309 396 56 23 skäl
385 396 41 22 för
445 403 30 15 en
494 396 79 22 sådan
593 395 176 29 begränsning
787 396 47 21 har
854 402 40 15 an-

131 432 71 26 förts,
224 433 36 21 att
283 431 42 22 det
344 430 57 22 med
421 430 118 22 afseende
559 430 14 21 å
592 430 31 22 de
644 430 182 28 exceptionella
845 436 50 16 om-

132 466 181 28 ständigheter,
342 465 87 22 hvilka
456 464 91 22 hindra
575 470 30 16 en
636 464 121 29 regelrätt
784 464 111 22 behand-

132 501 54 29 ling
205 500 25 22 af
248 500 199 28 ifrågavarande
460 498 199 30 budgetärende,
675 498 80 22 borde
767 498 128 22 undvikas

134 536 35 21 att
188 534 70 30 gifva
278 534 152 28 provisoriet
449 540 30 16 en
498 534 88 28 längre
605 533 168 29 giltighetstid
791 534 32 21 än
836 533 60 22 nöd-

133 570 107 28 vändigt
258 575 69 19 vore,
340 568 46 22 och
405 568 47 22 har
471 568 36 22 till
527 568 55 22 stöd
601 568 42 22 för
663 574 30 15 en
713 568 35 22 tid
768 568 25 22 af
806 568 90 22 endast

132 605 38 21 tre
189 603 122 23 månader
329 602 150 22 framhållits
499 604 36 20 att
553 602 42 22 det
613 602 60 29 låge
693 602 54 29 vigt
759 602 87 28 därpå,
860 603 36 21 att

134 638 75 22 äfven
238 644 92 22 genom
359 644 31 15 en
418 637 80 22 sådan
526 636 227 29 tidsbegränsning
771 636 71 29 gifva
860 638 36 20 ut-

133 673 71 29 tryck
234 672 25 22 ät
289 672 158 22 Ständernas
465 671 136 22 förväntan
622 672 37 21 att
677 671 218 29 framställningen

134 714 40 15 om
193 707 49 22 den
260 706 95 29 lagliga
375 706 155 28 ordningens
548 706 181 22 återställande
746 706 77 22 måtte
835 707 61 21 utan

134 742 155 27 tidsutdrägt
306 740 58 22 leda
383 740 36 22 till
439 740 146 29 afgörande.

203 774 124 24 Häremot
349 775 48 22 har
416 776 79 28 gjorts
516 775 127 29 gällande,
660 777 35 20 att
714 775 42 22 det
775 774 121 22 särskildt

135 811 57 22 med
206 810 103 28 hänsigt
320 809 35 22 till
368 809 156 23 Ständernas
535 810 45 21 sist
589 810 112 22 berörda
711 809 185 29 framställning

136 845 54 22 icke
210 851 61 15 vore
291 845 35 20 ett
343 844 153 28 följdriktigt
515 844 196 29 handlingssätt,
726 844 86 22 därest
826 843 71 22 Stän-

136 879 86 26 derna,
249 885 91 22 genom
369 879 36 21 att
423 878 140 22 bestämma
581 885 32 15 en
634 878 75 23 altför
727 878 58 22 kort
803 878 36 22 tid
858 877 39 22 för

136 914 49 21 den
213 913 181 28 provisionella
422 913 235 29 budgetreglering,
683 919 53 16 som
755 913 46 22 här
822 912 73 26 afses,

136 948 76 29 gåfve
228 947 99 28 upphof
341 947 26 22 åt
384 953 51 23 nya
448 947 264 29 oregelbundenheter
725 947 47 22 och
784 947 114 22 förveck-

136 983 90 28 lingar,
255 982 86 21 hvilka
361 981 7 22 i
388 981 93 29 själfva
500 981 89 22 verket
607 981 87 23 kunde
713 982 111 26 inträffa,
844 981 53 22 ifall

137 1017 166 22 omförmälda
323 1016 128 29 reglering
469 1015 144 23 bestämdes
633 1017 40 21 för
691 1023 31 15 en
742 1017 27 21 så
783 1016 57 22 kort
856 1016 42 25 tid,

138 1053 35 21 att
191 1051 85 29 någon
295 1051 139 29 möjlighet,
455 1050 60 22 eller
536 1051 162 29 någorlunda
717 1051 75 23 säker
810 1051 86 29 utsigt,

139 1086 53 22 icke
211 1086 92 22 funnes
324 1087 35 21 att
379 1086 66 21 inom
465 1085 80 29 sagda
565 1086 35 22 tid
619 1086 26 22 få
663 1086 36 22 till
712 1086 74 22 stånd
800 1092 29 16 en
843 1085 55 22 full-

137 1120 102 30 ständig
267 1120 253 28 bevillningsbudget
547 1120 57 22 från
623 1120 152 28 perioderna
795 1120 102 22 1905—

139 1155 73 23 1907.
257 1155 44 22 Att
329 1154 67 22 fästa
424 1154 120 23 särskildt
571 1154 121 23 afseende
720 1155 43 22 vid
793 1154 105 30 frågans

137 1190 131 28 praktiska
288 1189 69 22 sidor
377 1191 86 27 syntes
482 1189 75 22 också
577 1189 28 22 så
619 1190 100 28 mycket
731 1196 69 16 mera
814 1189 85 29 påkal-

138 1224 58 26 ladt,
224 1230 53 16 som
306 1224 31 22 de
364 1223 156 29 principiella
548 1224 193 28 synpunkterna
767 1224 53 22 icke
839 1224 60 22 hän-

138 1259 71 22 förde
228 1258 39 29 sig
286 1258 37 22 till
342 1258 252 29 tidsbestämningen.

207 1293 49 22 Vid
281 1293 158 28 omröstning
467 1291 116 30 afgåfvos
613 1293 31 22 de
674 1293 73 22 flesta
775 1293 123 26 rösterna,

139 1327 77 30 enligt
243 1328 58 21 näst
323 1327 107 22 anförda
450 1327 108 29 mening,
579 1327 40 22 för
640 1334 30 15 en
689 1327 211 29 tidsbestämning

139 1361 26 23 af
182 1361 66 23 ända
268 1361 36 22 till
323 1363 36 20 ett
378 1361 35 22 år.

208 1396 85 22 Sedan
313 1396 31 22 de
364 1396 126 22 allmänna
509 1396 167 28 synpunkter,
697 1403 53 15 som
768 1396 78 29 enligt
859 1397 41 22 Ut-

140 1431 104 22 skottets
270 1430 77 22 tanke
372 1430 123 23 motivera
519 1431 34 21 ett
577 1430 130 29 samtycke
726 1431 8 21 i
753 1431 147 22 hufvudsak

208 1474 161 17 Statsutskottets
383 1474 120 18 betänkande
515 1473 38 18 N:o
566 1474 16 17 1.
