1114 1770
265 121 13 21 8
577 118 43 22 N:o
640 120 22 19 11

235 188 35 23 för
285 188 99 27 sytning;
408 187 86 27 delning
518 186 22 22 af
561 186 68 22 sådan
649 186 102 27 lägenhet
766 193 52 15 vare
839 187 54 21 dock
908 187 92 26 tillåten,

237 224 39 21 och
292 223 57 22 skall
371 223 73 21 dervid
462 223 111 26 iakttagas
592 221 57 22 hvad
665 227 34 16 om
715 221 97 22 vilkoren
828 221 35 22 för
878 222 87 28 delning
981 222 23 22 af

236 257 76 22 frälse-
330 257 40 22 och
385 256 199 28 skattelägenheter
599 255 70 23 finnes
685 256 104 21 särskildt
804 256 146 23 föreskrifvet.

593 331 25 21 18
634 331 20 27 $.

307 377 49 22 Har
378 377 18 28 ej
416 376 140 22 innehafvare
571 375 23 22 af
607 376 119 22 fristående
742 376 130 27 tillandning
887 376 58 21 inom
959 376 43 22 fem

239 413 25 22 år
278 411 98 23 härefter
391 411 91 27 vidtagit
498 411 78 27 åtgärd
592 417 34 15 om
642 410 137 22 densammas
789 410 103 22 bildande
903 410 31 21 till
945 410 57 28 sjelf-

238 446 88 27 ständig
345 444 100 28 lägenhet
463 445 29 27 på
508 446 45 20 sätt
569 444 62 22 ofvan
647 446 25 19 är
687 444 70 28 sagdt,
774 445 35 21 må
824 444 106 22 Senatens
945 444 56 22 Eko-

238 480 225 27 nomiedepartement
484 479 73 26 likväl,
580 485 34 15 om
637 478 48 22 skäl
705 478 71 22 dertill
797 480 31 25 är,
848 478 103 23 förordna
970 479 31 21 till

238 513 201 28 mantalssättning,
463 514 29 26 på
514 514 96 20 kronans
633 513 128 27 bekostnad,
783 513 23 22 af
823 513 179 28 tillandningen
992 509 14 36 i

239 548 102 23 afseende
364 548 13 21 å
400 548 48 21 dess
471 548 130 26 deltagande
623 548 7 20 i
653 547 108 22 allmänna
780 548 86 26 besvär,
880 549 68 26 jemte
966 548 36 22 det

239 583 159 27 tillandningen
414 582 39 21 bör
468 582 7 21 i
488 582 153 27 jordregistret
656 582 90 26 införas,
763 582 39 22 der
814 582 18 27 ej
845 582 79 22 sådant
935 582 67 22 redan

239 618 69 26 skett;
333 616 40 23 och
395 616 55 28 gälle
473 616 40 22 den
533 616 193 27 mantalssättning
742 616 68 27 äfven,
828 622 34 16 om
878 616 124 23 tillandnin-

239 659 53 21 gens
307 651 103 23 bildande
426 651 31 22 till
472 650 135 29 sjelfständig
623 651 102 27 lägenhet
739 651 67 22 sedan
818 651 23 22 af
850 651 151 22 innehafvaren

240 686 164 28 åvägabringas.
438 679 127 33 Återlägges
588 685 157 28 tillandningen
769 685 32 22 till
824 685 106 28 lägenhet,
953 685 48 22 från

240 721 86 22 hvilken
351 720 40 21 den
415 720 56 21 varit
490 719 130 28 obehörigen
641 719 62 26 skild,
720 719 52 22 eller
787 719 95 28 afskiljes
898 719 40 22 den
954 719 47 22 från

237 755 105 28 lägenhet
361 761 75 21 genom
458 754 49 27 laga
523 753 93 28 delning,
632 759 51 16 vare
699 754 94 21 nämnda
811 754 191 28 mantalssättning

238 790 108 22 förfallen.

449 823 92 27 Nådigst
564 823 101 27 godkänd
685 823 7 20 i
712 823 115 27 Tsarskoje
847 822 55 27 Selo,
918 823 40 22 den
976 824 26 21 19

381 857 97 22 Oktober
493 858 21 27 (1
532 857 130 27 November)
681 858 59 21 1904.

464 925 378 28 Ministerstatssekreterareadjoint
857 926 117 22 Oerstroem.

360 1430 134 25 Helsingfors,
506 1430 113 24 Kejserliga
632 1430 96 18 Senatens
740 1430 93 24 tryckeri,
846 1431 49 18 1904.
