1109 1767
266 130 12 20 6
583 127 44 23 N:o
643 129 13 20 8

236 197 42 21 hos
300 196 152 29 presidenten
474 196 9 21 i
501 196 127 28 hofrätten,
651 196 45 21 och
718 203 56 15 vare
797 196 201 24 ställföreträdare

235 232 38 21 för
290 232 87 21 honom
393 230 26 22 af
432 230 149 29 presidenten
596 230 133 22 förordnad.

585 302 26 19 10
627 300 20 27 8.

304 340 72 22 Hvad
394 340 9 21 i
418 340 77 21 denna
516 340 40 28 lag
578 340 94 28 stadgas
695 347 38 15 om
755 341 93 21 notarie
871 341 43 22 och
936 341 60 22 hans

235 374 145 30 åligganden
403 374 59 22 skall
481 374 70 22 äfven
566 374 119 28 tillämpas
700 374 8 22 i
724 375 111 21 afseende
851 376 14 21 å
881 375 116 22 ställföre-

235 409 101 22 trädare.

585 480 24 20 11
626 479 20 26 8.

303 515 23 26 Å
347 519 102 21 Senaten
469 518 136 22 ankommer
620 520 41 26 att,
678 519 61 21 efter
753 519 176 22 vederbörande
944 520 52 22 hof-

235 555 84 20 rätters
343 553 109 27 hörande,
475 553 129 21 bestämma
623 553 8 21 i
649 553 82 21 hvilka
751 553 125 29 domsagor
893 554 104 21 notarier

236 587 145 23 omedelbart
401 587 66 22 skola
487 587 110 22 tillsättas
613 589 61 19 samt
689 589 35 20 att
739 587 127 22 framdeles
882 588 61 22 efter
958 589 38 21 be-

235 623 44 21 hof
301 622 45 22 öka
369 621 66 22 dessa
458 621 133 29 domsagors
615 621 65 22 antal
699 622 25 21 så
743 622 44 21 ock
802 624 36 19 att
854 623 75 28 enligt
944 623 52 21 de
981 617 18 39 i

235 657 66 22 detta
319 656 90 29 kapitel
425 655 97 30 angifna
537 656 102 28 grunder
655 656 119 21 fastställa
789 657 90 21 antalet
894 657 102 22 notarier

235 691 8 22 i
259 691 52 22 stad
327 690 44 23 och
387 690 110 29 domsaga
512 691 121 21 äfvensom
649 691 210 22 notariatområdes
875 691 95 23 storlek.

552 801 21 16 2
585 801 92 20 kap.

388 853 34 22 Om
438 852 85 22 notaries
539 852 122 22 verksamhet
676 852 35 22 och
727 852 122 28 äligganden.

585 916 24 20 12
626 915 19 28 $.

304 955 110 23 Notaries
424 955 96 29 uppgift
531 958 34 19 är:
577 956 22 27 a)
611 957 35 19 att
655 957 112 27 upprätta
778 955 121 30 skriftliga
909 957 87 21 urkun-

235 991 41 21 der
299 990 67 22 öfver
387 989 170 28 rättsärenden,
578 997 49 14 som
641 989 64 22 inför
721 989 86 22 honom
822 990 130 29 företagas;
968 991 25 29 b)

235 1027 36 20 att
285 1025 9 22 i
309 1024 169 23 urkundsform
493 1024 83 29 intyga
587 1024 73 21 andra
671 1024 209 23 sakförhällanden
891 1026 26 21 af
925 1028 69 19 rätts-

235 1060 34 28 lig
291 1059 128 29 betydelse,
443 1066 35 15 om
503 1059 92 22 hvilkas
615 1059 115 28 riktighet
748 1059 47 22 han
811 1067 55 22 eger
876 1061 119 28 personlig

234 1094 142 27 kännedom;
393 1096 21 26 c)
431 1095 35 20 att
481 1093 38 22 till
535 1094 122 28 förvaring
673 1095 43 20 och
726 1094 59 22 värd
795 1096 120 28 emottaga
925 1096 70 21 testa-

234 1131 95 20 menten
353 1129 43 21 och
419 1128 73 21 andra
515 1128 140 29 handlingar
679 1128 43 22 och
745 1128 24 28 d)
790 1130 35 21 att
845 1129 95 22 utfärda
959 1132 36 20 ut-

235 1163 103 29 skrifter,
354 1170 55 15 vare
425 1163 36 28 sig
477 1163 123 28 exemplar,
617 1163 123 22 afskrifter
755 1163 57 22 eller
827 1163 92 29 utdrag,
931 1164 26 21 af
966 1164 28 22 de

234 1198 9 22 i
257 1198 60 22 hans
332 1198 80 21 förvar
426 1197 123 30 befintliga
564 1197 125 22 urkunder.

303 1232 102 23 Urkund
421 1232 66 22 öfver
501 1232 146 22 rättsärende
663 1233 25 21 sä
704 1233 44 21 ock
761 1233 99 26 urkund,
871 1241 50 14 som
930 1233 65 22 inne-

234 1268 75 21 fattar
327 1267 158 28 bestyrkande
504 1267 26 21 af
547 1269 72 19 annat
634 1267 197 29 sakförhällande,
847 1269 90 28 utgöre,
954 1269 41 21 der

235 1303 46 21 den
295 1302 10 21 i
319 1302 55 28 laga
389 1301 100 30 ordning
505 1301 27 22 af
545 1301 91 22 notarie
651 1303 139 27 upprättats,
806 1302 57 21 fullt
877 1302 65 23 bevis
957 1310 37 14 om

234 1337 63 22 hvad
312 1337 9 21 i
335 1336 125 22 urkunden
482 1336 111 29 intygats,
617 1336 25 22 sä
664 1336 69 30 länge
753 1336 52 22 dess
824 1337 130 29 oriktighet
973 1337 21 29 ej

235 1372 82 22 blifvit
331 1371 139 29 ädagalagd.

304 1407 52 28 Lag
378 1413 88 15 samma
487 1413 56 14 vare
562 1405 8 22 i
589 1406 68 28 fräga
681 1413 36 15 om
735 1406 94 22 urkund
845 1406 66 22 öfver
926 1409 68 20 rätts-

235 1441 92 29 ärende,
343 1440 97 23 hvilken
455 1442 58 20 utan
527 1441 103 21 notaries
643 1440 92 23 biträde
745 1444 140 26 upprättats,
897 1442 98 22 säframt
