1109 1764
265 146 25 19 10
575 141 44 22 N:o
637 143 24 20 10

279 316 80 26 Förslag
379 315 26 21 till
426 314 55 27 nådig
500 314 110 26 förordning
628 319 31 16 om
675 313 138 22 fastställande
828 314 21 22 af
863 314 46 21 taxa
924 314 30 22 för

371 349 130 27 beräkningen
517 348 20 22 af
553 348 233 28 rättegångsfullmäktigs
801 348 78 22 arvode.

593 422 46 27 18.

304 463 97 23 Arvode
424 463 37 21 för
481 461 277 29 rättegångsfullmäktig
778 462 37 22 för
830 462 126 22 utförande
972 463 27 21 af

237 499 47 22 mål
307 498 42 22 vid
372 496 116 23 särskilda
511 496 128 22 domstolar
660 496 8 21 i
691 496 103 22 Finland
825 496 116 22 beräknas
967 497 30 28 på

236 533 79 29 grund
332 532 27 22 af
373 530 175 23 nedanstående
564 534 61 18 taxa.

597 600 47 27 28.

306 642 51 21 Har
379 640 40 23 det
441 640 54 28 mäl,
514 647 49 15 som
582 640 27 21 af
630 639 139 29 fullmäktig
786 640 94 27 utförts,
896 640 62 22 varit
973 640 27 22 af

236 676 123 29 synnerlig
381 675 52 28 vigt
455 675 57 21 eller
532 674 68 29 eljest
619 674 66 21 kräft
701 681 49 14 mer
765 678 30 17 än
810 674 93 29 vanligt
918 674 79 22 arbete

237 711 45 22 och
300 709 117 27 omtanke,
433 709 48 22 kan
500 708 103 28 arvodet,
619 708 76 28 enligt
713 708 142 22 domstolens
878 709 120 29 pröfning,

237 745 67 29 höjas
319 744 96 22 utöfver
430 743 41 22 det
485 743 9 22 i
508 745 71 20 taxan
593 743 100 28 angifna
708 742 116 30 beloppet.

598 814 11 20 3
626 813 20 26 8.

308 854 43 21 Om
375 852 137 29 fullmäktig
534 852 37 22 för
595 852 84 21 honom
703 851 94 22 betrodt
817 851 107 30 uppdrag
941 852 57 22 nöd-

238 890 53 27 gats
307 888 109 27 företaga
431 894 51 14 resa
497 887 54 21 frän
567 886 45 21 den
628 888 43 25 ort,
689 886 41 21 der
745 886 47 21 han
808 889 26 18 är
849 886 84 28 bosatt,
945 894 54 21 eger

238 923 48 22 han
305 922 96 22 utöfver
419 921 40 22 det
481 921 91 28 belopp,
596 928 49 14 som
661 920 8 21 i
685 923 71 19 taxan
772 924 26 18 är
813 921 123 28 bestämdt,
952 921 47 22 till-

239 957 140 29 godoräkna
401 956 37 28 sig
453 955 100 22 särskild
568 955 150 29 godtgörelse
733 955 54 22 frän
804 955 34 22 tio
853 955 38 22 till
911 955 87 29 fyratio

238 992 67 22 mark
325 991 38 22 för
379 990 82 29 hvarje
477 990 52 29 dag,
545 997 49 15 som
610 989 38 22 till
663 997 69 14 resan
749 991 82 28 ätgätt.

599 1055 14 20 4
628 1054 19 26 8.

309 1094 98 23 Utföras
432 1093 57 22 flera
513 1093 169 29 fordringsmäl
706 1093 37 22 för
771 1101 88 15 samma
887 1096 54 26 part
969 1094 31 29 pä

240 1136 89 16 samma
347 1128 190 29 rättegängsdag,
556 1128 117 22 beräknas
692 1128 97 22 arvodet
807 1128 82 22 endast
907 1128 38 22 för
960 1128 40 22 det

240 1164 75 22 första
337 1162 73 22 mälet
428 1162 75 29 enligt
517 1161 77 23 ofvan
612 1165 91 19 utsatta
721 1162 108 29 grunder,
845 1170 53 14 men
913 1163 38 21 för
966 1166 34 19 ett

240 1198 70 22 hvart
326 1198 27 21 af
367 1197 28 21 de
411 1197 78 29 öfriga
504 1197 38 21 till
558 1196 69 30 högst
642 1196 94 22 hälften
751 1197 73 21 deraf.

601 1273 48 25 58.

310 1313 13 21 I
338 1315 72 19 taxan
429 1315 121 26 upptagna
565 1312 186 29 arvodesbelopp
765 1312 65 28 gälla
845 1312 38 22 för
892 1312 54 22 hela
955 1315 46 19 rät-

241 1349 119 29 tegängen
371 1347 8 21 i
389 1354 90 14 samma
497 1346 97 22 instans.
615 1346 68 22 Dock
696 1346 47 22 kan
761 1346 132 22 sakförares
908 1347 92 28 arvode,

242 1390 37 14 om
301 1382 48 22 mäl
372 1382 27 21 af
420 1381 101 27 orsaker,
540 1388 50 14 som
606 1380 21 30 ej
644 1380 78 22 berott
739 1381 30 29 pä
791 1380 148 23 sakförarens
955 1382 46 21 för-

242 1416 124 24 summelse
389 1416 57 22 eller
468 1416 117 28 vällande,
608 1416 125 28 handlagts
753 1416 40 21 vid
812 1416 57 22 flere
888 1424 114 15 samman-

242 1452 90 27 träden,
351 1450 67 29 höjas
441 1450 4 22 i
465 1451 54 21 män
542 1451 27 21 af
592 1450 57 22 hans
670 1450 134 28 derigenom
823 1450 74 22 ökade
915 1451 86 22 arbete.
