1109 1767
444 134 42 21 N:o
503 134 26 21 17
826 136 14 20 3

109 203 65 20 tiden
185 202 111 28 upphöra.
314 202 78 21 Under
402 202 165 27 förutsättning
578 204 34 19 att
623 202 45 21 den
680 202 188 28 oprivilegierade

108 237 94 28 jordens
225 242 67 21 egare
316 235 94 22 sålunda
432 235 74 22 blefve
523 235 101 22 befriade
640 236 51 21 från
706 236 162 29 skyldigheten

110 273 34 19 att
167 271 74 20 allena
263 270 55 21 bära
342 270 230 28 skjutsningstungan
595 270 43 21 och
654 270 149 29 deltagandet
821 271 48 21 deri

109 304 127 22 utsträckes
252 304 35 21 till
305 304 106 28 samtliga
425 304 119 28 jordegare
560 304 42 21 och
618 304 71 22 andra
700 304 168 22 samhällsklas-

110 347 40 20 ser,
168 346 47 14 som
232 338 114 21 härintills
362 339 59 20 varit
436 338 100 21 derifrän
551 338 109 28 befriade,
677 339 25 21 sä
716 342 24 18 är
751 338 38 22 det
800 339 69 21 äfven

109 373 85 28 skäligt
219 375 34 19 att
275 373 89 21 landets
388 375 82 19 största
492 373 124 28 jordegare,
642 373 94 28 kronan,
760 373 36 21 för
819 373 49 22 sina

110 407 159 29 skogsmarker
291 409 65 26 tager
378 407 35 21 del
437 407 33 21 uti
486 407 174 28 ifrägavarande
676 407 87 28 besvär,
780 407 88 22 hvilket

109 449 84 14 samma
211 442 160 27 skogsmarker
386 442 12 21 å
414 449 42 13 ena
472 441 64 21 sidan
552 441 96 28 bidraga
663 441 37 21 till
716 444 34 19 att
762 441 52 29 höja
826 442 40 21 och

110 478 12 20 å
139 476 70 22 andra
224 476 66 21 sidan
305 476 71 27 draga
390 475 71 22 fördel
479 476 28 21 af.

178 511 11 21 I
204 510 103 28 enlighet
325 510 52 21 med
396 510 67 21 ofvan
483 510 94 22 anförda
596 511 144 28 synpunkter
754 511 41 20 har
810 511 58 21 före-

109 545 99 22 varande
223 545 87 28 förslag
326 545 33 20 till
376 545 75 28 Nädig
467 545 134 28 förordning
612 545 80 21 blifvit
701 545 131 28 uppgjordt.
857 546 12 21 I

110 580 50 21 stad
175 579 65 22 skola
255 579 151 22 kostnaderna
422 579 34 22 för
472 579 184 28 skjutsväsendet
672 579 112 22 bestridas
795 579 73 29 enligt

110 615 27 21 de
146 614 104 29 grunder,
260 621 49 14 som
317 613 35 22 för
363 614 139 21 betäckande
514 613 24 22 af
546 613 239 22 stadskommunernas
794 614 74 28 öfriga

109 656 169 21 gemensamma
292 648 96 28 utgifter
400 651 36 18 äro
446 648 120 21 faststälda
577 649 33 20 uti
618 649 109 27 gällande
735 648 133 28 förordning

110 691 37 14 om
162 682 273 28 kommunalförvaltning
447 683 7 20 i
465 682 56 26 stad,
534 682 40 22 och
586 682 34 21 till
634 682 125 28 gäldandet
770 682 26 22 af
804 682 63 22 dessa

110 717 122 23 kostnader
240 718 28 26 pä
280 716 77 22 landet
368 720 38 18 äro
418 717 98 28 pligtiga
528 719 33 19 att
569 717 96 28 bidraga
673 718 51 20 icke
734 718 95 20 allenast
838 718 28 20 all

109 753 9 21 i
130 752 84 22 manta]
234 754 46 18 satt
292 751 51 28 jord
356 754 55 18 utan
427 751 69 21 äfven
508 751 131 28 skattlagda
650 756 51 23 torp
713 752 43 20 och
766 751 102 29 utjordar

110 789 58 19 samt
179 786 154 28 kronoparker
345 786 42 21 och
398 786 73 28 öfriga
483 786 87 21 kronan
581 786 119 28 tillhöriga
711 786 95 28 marker,
820 794 47 14 som

110 822 50 21 icke
169 820 108 22 särskildt
285 820 78 21 blifvit
371 820 33 22 till
416 820 43 21 den
468 821 147 21 mantalsatta
633 820 70 22 jorden
711 820 117 29 hänförda,
835 820 33 22 äf-

109 863 94 14 vensom
222 856 31 20 all
272 862 75 14 annan
365 855 107 27 inkomst,
490 855 95 21 hvilken
603 856 29 27 på
652 855 80 22 landet
748 858 24 18 är
787 855 81 21 under-

110 890 81 22 kastad
206 889 282 28 kommunalbeskattning
504 889 43 21 och
562 889 36 21 till
610 889 40 21 sitt
667 890 105 20 behällna
785 889 82 28 belopp

109 925 89 28 uppgär
213 924 35 21 till
265 924 43 21 800
324 924 63 21 mark
403 924 55 20 eller
473 923 136 23 derutöfver,
630 924 84 21 hvilket
726 924 142 21 sistnämnda

111 959 184 27 inkomstbelopp
316 962 24 18 är
363 958 38 22 det
424 959 81 27 lägsta,
529 966 49 14 som
602 961 85 19 ansetts
712 959 78 21 kunna
813 959 54 21 bära

110 994 137 28 deltagande
265 994 5 20 i
286 993 71 28 sagda
373 996 71 25 tunga
459 994 29 27 pä
504 993 83 21 landet.

179 1028 110 22 Mantalet
314 1028 74 21 skulle
411 1028 83 21 liksom
516 1027 62 22 förut
600 1030 82 26 utgöra
706 1028 103 28 grunden
832 1028 36 21 för

110 1062 148 29 deltagandet
280 1062 8 21 i
311 1062 249 28 skjutsningsbesväret
579 1063 27 26 pä
636 1062 69 21 landet
724 1062 42 22 och
782 1063 84 20 mantal

110 1097 147 29 följaktligen
277 1098 85 20 äsättas
380 1097 45 20 alla
443 1096 75 28 öfriga
533 1096 69 28 jemte
618 1096 44 21 den
678 1097 86 20 mantal
780 1096 88 29 egande

110 1131 79 30 jorden
207 1131 8 21 i
234 1131 70 28 sagda
324 1131 80 21 besvär
422 1131 116 28 delaktiga
558 1131 256 28 beskattningstöremäl
830 1139 38 13 en-

112 1167 43 28 ligt
178 1166 26 21 de
223 1166 7 20 i
249 1165 261 28 författningsförslaget
527 1168 103 18 närmare
650 1165 94 28 angifna
763 1165 105 28 grunder,

110 1201 79 21 hvilka
205 1203 38 19 äro
260 1199 118 22 enahanda
393 1199 52 22 med
460 1200 27 21 de
504 1199 99 28 grunder
617 1200 36 21 för
664 1199 204 28 mantalssättning

111 1237 13 20 å
140 1243 84 14 samma
240 1234 263 28 beskattningsföremäl,
520 1241 48 14 som
584 1233 130 29 föreslagits
729 1234 35 21 uti
778 1234 42 21 den
832 1234 37 21 till

110 1269 140 28 landtdagen
268 1269 86 21 aflätna
369 1268 172 28 propositionen
557 1268 118 28 angäende
686 1268 130 29 grunderna
827 1269 40 21 och

111 1305 129 27 ordningen
255 1303 35 22 för
305 1303 281 28 väghällningsbesvärets
602 1303 128 28 utgörande
744 1305 30 26 pä
792 1303 77 22 landet

111 1339 139 22 Fördelarne
262 1338 25 21 af
295 1338 47 21 lika
353 1338 75 28 grund
438 1338 35 21 för
484 1337 152 29 skjutsnings-
647 1338 42 21 cch
696 1337 173 29 väghällnings-

112 1374 122 21 besvärens
245 1373 127 28 utgörande
384 1373 43 21 och
437 1372 131 28 fördelning
579 1372 55 21 böra
644 1372 51 21 icke
702 1372 167 22 underskattas.

181 1408 56 21 Stad
261 1408 55 20 eller
331 1407 93 28 köping,
442 1415 47 14 som
505 1410 69 25 utgör
590 1407 60 20 skild
665 1407 115 28 kommun,
796 1407 74 21 bildar

111 1445 34 19 ett
164 1442 112 29 skjutslag
294 1441 36 22 för
346 1441 42 28 sig,
404 1441 118 22 hvaremot
538 1441 137 28 skjutslaget
690 1442 30 27 på
735 1441 83 28 landet,
834 1441 36 22 för

112 1476 200 29 åvägabringande
333 1476 23 21 af
374 1484 28 13 en
420 1476 100 28 jemnare
539 1475 131 28 fördelning
691 1475 25 22 af
735 1475 135 28 skjutskost-
