1114 1767
351 136 19 20 U.
388 136 20 21 B.
425 148 26 2 —
469 136 57 27 Prop.
543 137 33 21 N:o
592 136 31 21 10.
827 136 13 20 5

106 207 35 29 att
156 204 7 20 i
179 204 34 21 sin
236 205 53 19 mån
310 203 95 21 inverka
426 204 162 21 modererande
611 206 28 26 på
665 204 157 27 debiteringen
846 203 26 21 af

105 246 58 20 resp.
180 238 128 21 sakförares
324 238 105 22 arvoden.

175 272 148 22 Beträffande
340 272 125 28 detaljerna
480 273 8 21 i
504 272 110 28 förslaget
628 272 38 21 till
682 272 134 28 förordning
830 279 36 14 om

104 306 280 28 rättegångsfullmäktige
400 306 42 21 och
459 306 250 28 sakförareföreningar
720 306 41 21 har
774 306 92 22 Utskot-

104 344 35 19 tet
153 341 77 21 funnit
245 341 50 21 skäl
310 341 141 21 förekomma
467 342 34 21 till
517 341 101 28 följande
634 341 179 28 anmärkningar
823 341 42 21 och

104 376 143 22 uttalanden.

172 409 164 29 Stadgandena
351 410 7 20 i
376 411 7 20 1
403 410 13 28 $
432 410 117 28 angående
569 410 27 21 de
612 410 117 21 allmänna
745 410 119 21 kvalifika-

103 444 105 22 tionerna
230 447 36 18 tör
288 445 279 28 rättegångsfullmäktige
582 444 205 22 öfverensstämma
802 444 7 21 i
825 444 39 21 det

102 479 129 28 väsentliga
241 479 52 22 med
304 479 61 21 hvad
376 480 36 21 för
422 480 141 21 närvarande
576 479 7 21 i
599 479 64 22 detta
674 479 107 22 afseende
792 479 72 28 gäller

101 513 74 29 enligt
185 515 13 20 2
209 514 13 28 8
234 515 26 20 15
270 514 293 28 kap.iRättegångsbalken,
574 514 83 21 sådant
667 514 100 21 nämnda
774 514 89 27 lagrum

101 548 66 29 lyder
189 549 7 20 i
219 548 164 28 förordningen
406 549 44 21 den
472 550 28 21 23
522 548 131 22 November
678 549 62 24 1898,
764 548 41 21 och
820 549 13 21 3
849 550 13 27 8

101 590 87 14 samma
203 583 87 28 kapitel
306 583 72 28 enligt
394 583 75 21 denna
484 583 118 28 paragrafs
617 583 90 28 lydelse
717 583 7 20 i
736 583 126 21 förordnin-

100 625 45 20 gen
162 617 44 22 den
221 618 27 21 24
264 617 110 21 Februari
392 619 59 20 1873.
482 618 11 21 I
508 617 65 28 fråga
588 625 37 14 om
636 617 109 22 förbudet
755 617 35 22 för
801 617 61 22 dom-

100 652 159 21 stolsledamot
274 654 34 19 att
323 652 47 21 låta
386 652 71 21 bruka
473 653 34 27 sig
523 652 33 21 till
573 651 133 29 fullmäktig
721 652 38 21 vid
776 660 85 13 samma

100 686 100 22 domstol
212 687 55 20 eller
275 686 38 21 vid
322 689 76 25 någon
407 689 52 24 rätt,
468 694 49 14 som
527 687 112 20 derunder
649 687 73 28 lyder,
738 689 37 19 må
789 687 71 22 likväl

100 721 138 26 framhållas,
255 723 33 19 att
304 721 173 28 bestämningen
489 721 6 21 i
509 729 32 14 nu
556 721 107 28 gällande
679 721 38 28 lag
733 721 77 22 derom
826 725 34 18 att

99 756 81 21 sådant
196 755 82 22 förbud
295 755 19 28 ej
332 759 67 25 utgör
414 756 81 21 hinder
511 756 34 21 för
561 755 101 22 ledamot
677 755 7 22 i
701 756 111 21 öfverrätt
826 758 34 19 att

99 798 56 14 vara
178 791 132 28 fullmäktig
332 791 35 21 för
386 791 135 28 skyldeman
537 791 36 21 till
589 791 40 21 och
647 791 52 21 med
715 791 144 28 syskonbarn

99 825 43 21 och
166 825 49 27 ,för
238 825 110 28 omyndig
371 826 43 21 den
432 826 46 21 han
495 829 24 18 är
533 825 112 22 målsman
661 825 61 22 före*
739 825 8 21 i
763 825 44 22 den
820 828 38 19 nä-

98 860 55 28 diga
173 859 172 29 propositionen
360 860 158 26 bortlemnats,
534 860 89 21 hvilket
638 860 74 28 enligt
726 860 131 21 Utskottets

97 895 70 20 tanke
182 895 62 20 skett
258 896 29 26 på
303 894 104 28 fullgoda
422 895 57 20 skäl.
508 895 83 28 Någon
606 895 125 27 anledning
746 895 112 22 förekom-

98 937 48 13 mer
168 929 115 28 nemligen
302 929 20 27 ej
340 932 34 18 att
389 929 50 21 från
455 929 39 22 det
510 929 35 21 för
560 929 237 22 domstolsledamöter
811 931 46 27 gäl-

97 963 67 22 lande
188 963 114 22 allmänna
325 963 107 22 förbudet
454 963 133 28 undantaga
610 963 190 30 fullmäktigskap
821 965 35 21 för

97 997 141 29 skyldeman,
262 997 42 22 och
328 997 68 22 äfven
418 1001 56 18 utan
497 998 96 21 särskild
615 998 108 22 tillåtelse
745 999 8 20 i
775 999 38 28 lag
832 1002 24 18 är

97 1032 211 21 domstolsledamot
332 1032 128 28 berättigad
482 1036 33 18 att
537 1033 50 22 föra
609 1033 63 21 talan
687 1033 36 21 för
739 1033 116 29 omyndig,

96 1067 37 20 för
156 1067 94 21 hvilken
272 1067 46 21 han
342 1070 24 18 är
387 1068 118 25 målsman,
526 1071 54 18 enär
595 1067 82 22 sådant
691 1068 42 21 hör
747 1069 37 20 till
798 1068 57 22 hans

97 1101 163 29 befogenheter
275 1103 75 20 såsom
366 1102 152 29 förmyndare.
533 1103 11 21 I
555 1103 63 21 detta
629 1103 165 28 sammanhang
811 1104 44 21 till-

95 1135 58 22 låter
168 1137 34 27 sig
218 1137 120 21 Utskottet
353 1137 35 21 för
402 1137 71 28 öfrigt
483 1138 95 28 påpeka,
590 1140 34 19 att
635 1138 126 22 änberörda
772 1139 82 21 förbud

94 1170 37 21 för
153 1171 212 22 domstolsledamot
388 1175 33 18 att
443 1173 112 28 uppträda
577 1175 74 19 såsom
671 1173 183 28 rättegängsfull-

95 1205 89 28 mäktig
205 1205 183 29 uppenbarligen
404 1206 41 22 bör
460 1207 69 21 lända
544 1207 35 21 till
595 1207 152 22 efterrättelse
763 1209 69 20 äfven
846 1209 8 20 i

94 1239 41 22 fall
150 1240 130 21 ledamoten
296 1243 24 18 är
332 1240 76 29 jäfvig
424 1244 33 19 att
473 1241 130 28 handlägga
618 1242 71 21 saken
704 1243 7 20 i
727 1243 44 21 den
782 1243 72 21 öfver-

93 1277 53 23 rätt,
162 1274 64 21 hvari
242 1275 44 20 han
302 1277 25 19 är
342 1275 90 22 anstäld
448 1278 74 19 såsom
538 1276 98 21 domare.

162 1309 53 21 Med
238 1309 70 21 orden
332 1309 21 27 ,i
372 1310 78 22 tviste-
466 1311 55 21 eller
536 1311 120 21 brottmål"
674 1312 7 21 i
697 1313 13 21 2
725 1312 13 29 $
753 1312 47 27 har,
816 1320 36 14 en-

92 1343 45 28 ligt
151 1343 61 22 hvad
229 1344 25 21 af
266 1344 169 28 handlingarna
450 1345 6 21 i
473 1346 62 21 detta
551 1346 82 21 ärende
649 1346 106 29 framgår,
772 1348 80 21 afsetts

93 1380 34 19 att
142 1379 80 25 uttala,
238 1381 34 19 att
287 1379 109 29 sakegare
412 1380 19 28 ej
450 1383 24 19 är
490 1380 129 22 förmenadt
634 1384 35 19 att
679 1382 7 20 i
696 1382 156 28 hvarjehanda

92 1413 149 28 ansöknings-
256 1414 43 21 och
315 1415 245 28 anmälningsärenden
576 1418 73 20 såsom
666 1416 85 22 ombud
761 1417 8 21 i
780 1417 72 21 öfver-

91 1449 47 19 rätt
153 1448 71 20 anlita
239 1455 89 21 person,
344 1448 95 22 hvilken
454 1450 50 21 icke
520 1450 41 22 hör
575 1450 36 22 till
621 1451 229 31 sakförareförening.

883 410 9 16 EN

906 410 15 22 LR
