<?xml version="1.0" encoding="UTF-8"?>
<alto xmlns="http://www.loc.gov/standards/alto/ns-v3#" xmlns:xlink="http://www.w3.org/1999/xlink" xmlns:xsi="http://www.w3.org/2001/XMLSchema-instance" xsi:schemaLocation="http://www.loc.gov/standards/alto/ns-v3# http://www.loc.gov/alto/v3/alto-3-0.xsd">
	<Description>
		<MeasurementUnit>pixel</MeasurementUnit>
		<sourceImageInformation>
			<fileName>/tmp/tess_a6cfw73h_input.PNG</fileName>
		</sourceImageInformation>
		<OCRProcessing ID="OCR_0">
			<ocrProcessingStep>
				<processingSoftware>
					<softwareName>tesseract 5.3.4</softwareName>
				</processingSoftware>
			</ocrProcessingStep>
		</OCRProcessing>
	</Description>
	<Layout>
		<Page WIDTH="1109" HEIGHT="1764" PHYSICAL_IMG_NR="0" ID="page_0">
			<PrintSpace HPOS="0" VPOS="0" WIDTH="1109" HEIGHT="1764">
				<ComposedBlock ID="cblock_0" HPOS="364" VPOS="134" WIDTH="483" HEIGHT="27">
					<TextBlock ID="block_0" HPOS="364" VPOS="134" WIDTH="483" HEIGHT="27">
						<TextLine ID="line_0" HPOS="364" VPOS="134" WIDTH="483" HEIGHT="27">
							<String ID="string_0" HPOS="364" VPOS="134" WIDTH="19" HEIGHT="20" WC="0.93" CONTENT="U."/><SP WIDTH="18" VPOS="134" HPOS="383"/>
							<String ID="string_1" HPOS="401" VPOS="134" WIDTH="20" HEIGHT="21" WC="0.90" CONTENT="B."/><SP WIDTH="17" VPOS="134" HPOS="421"/>
							<String ID="string_2" HPOS="438" VPOS="146" WIDTH="25" HEIGHT="2" WC="0.92" CONTENT="—"/><SP WIDTH="18" VPOS="146" HPOS="463"/>
							<String ID="string_3" HPOS="481" VPOS="134" WIDTH="56" HEIGHT="27" WC="0.96" CONTENT="Prop."/><SP WIDTH="18" VPOS="134" HPOS="537"/>
							<String ID="string_4" HPOS="555" VPOS="135" WIDTH="33" HEIGHT="21" WC="0.96" CONTENT="N:o"/><SP WIDTH="16" VPOS="135" HPOS="588"/>
							<String ID="string_5" HPOS="604" VPOS="135" WIDTH="22" HEIGHT="21" WC="0.96" CONTENT="8."/><SP WIDTH="209" VPOS="135" HPOS="626"/>
							<String ID="string_6" HPOS="835" VPOS="137" WIDTH="12" HEIGHT="21" WC="0.96" CONTENT="5"/>
						</TextLine>
					</TextBlock>
				</ComposedBlock>
				<ComposedBlock ID="cblock_1" HPOS="110" VPOS="195" WIDTH="767" HEIGHT="1270">
					<TextBlock ID="block_1" HPOS="110" VPOS="195" WIDTH="766" HEIGHT="97">
						<TextLine ID="line_1" HPOS="111" VPOS="195" WIDTH="765" HEIGHT="25">
							<String ID="string_7" HPOS="111" VPOS="196" WIDTH="92" HEIGHT="21" WC="0.92" CONTENT="notarie"/><SP WIDTH="17" VPOS="196" HPOS="203"/>
							<String ID="string_8" HPOS="220" VPOS="195" WIDTH="133" HEIGHT="21" WC="0.92" CONTENT="förmenadt"/><SP WIDTH="15" VPOS="195" HPOS="353"/>
							<String ID="string_9" HPOS="368" VPOS="197" WIDTH="34" HEIGHT="19" WC="0.93" CONTENT="att"/><SP WIDTH="15" VPOS="197" HPOS="402"/>
							<String ID="string_10" HPOS="417" VPOS="195" WIDTH="79" HEIGHT="22" WC="0.91" CONTENT="tillika"/><SP WIDTH="15" VPOS="195" HPOS="496"/>
							<String ID="string_11" HPOS="511" VPOS="196" WIDTH="100" HEIGHT="22" WC="0.89" CONTENT="bekläda"/><SP WIDTH="16" VPOS="196" HPOS="611"/>
							<String ID="string_12" HPOS="627" VPOS="197" WIDTH="150" HEIGHT="22" WC="0.93" CONTENT="kommunala"/><SP WIDTH="15" VPOS="197" HPOS="777"/>
							<String ID="string_13" HPOS="792" VPOS="198" WIDTH="84" HEIGHT="22" WC="0.92" CONTENT="befatt-"/>
						</TextLine>
						<TextLine ID="line_2" HPOS="112" VPOS="229" WIDTH="764" HEIGHT="31">
							<String ID="string_14" HPOS="112" VPOS="230" WIDTH="92" HEIGHT="28" WC="0.96" CONTENT="ningar,"/><SP WIDTH="24" VPOS="230" HPOS="204"/>
							<String ID="string_15" HPOS="228" VPOS="229" WIDTH="72" HEIGHT="22" WC="0.96" CONTENT="hafva"/><SP WIDTH="23" VPOS="229" HPOS="300"/>
							<String ID="string_16" HPOS="323" VPOS="229" WIDTH="71" HEIGHT="22" WC="0.96" CONTENT="orden"/><SP WIDTH="20" VPOS="229" HPOS="394"/>
							<String ID="string_17" HPOS="414" VPOS="229" WIDTH="97" HEIGHT="28" WC="0.80" CONTENT=",allmän"/><SP WIDTH="17" VPOS="229" HPOS="511"/>
							<String ID="string_18" HPOS="528" VPOS="231" WIDTH="237" HEIGHT="29" WC="0.73" CONTENT="tjenstebefattning*"/><SP WIDTH="16" VPOS="231" HPOS="765"/>
							<String ID="string_19" HPOS="781" VPOS="233" WIDTH="95" HEIGHT="21" WC="0.96" CONTENT="ändrats"/>
						</TextLine>
						<TextLine ID="line_3" HPOS="110" VPOS="263" WIDTH="433" HEIGHT="29">
							<String ID="string_20" HPOS="110" VPOS="264" WIDTH="39" HEIGHT="21" WC="0.93" CONTENT="till"/><SP WIDTH="16" VPOS="264" HPOS="149"/>
							<String ID="string_21" HPOS="165" VPOS="263" WIDTH="146" HEIGHT="29" WC="0.88" CONTENT=",befattning"/><SP WIDTH="15" VPOS="263" HPOS="311"/>
							<String ID="string_22" HPOS="326" VPOS="263" WIDTH="8" HEIGHT="21" WC="0.96" CONTENT="i"/><SP WIDTH="16" VPOS="263" HPOS="334"/>
							<String ID="string_23" HPOS="350" VPOS="265" WIDTH="87" HEIGHT="20" WC="0.93" CONTENT="statens"/><SP WIDTH="16" VPOS="265" HPOS="437"/>
							<String ID="string_24" HPOS="453" VPOS="264" WIDTH="90" HEIGHT="28" WC="0.74" CONTENT="tjenst*."/>
						</TextLine>
					</TextBlock>
					<TextBlock ID="block_2" HPOS="110" VPOS="297" WIDTH="767" HEIGHT="512">
						<TextLine ID="line_4" HPOS="180" VPOS="297" WIDTH="697" HEIGHT="29">
							<String ID="string_25" HPOS="180" VPOS="297" WIDTH="187" HEIGHT="22" WC="0.91" CONTENT="Vidkommande"/><SP WIDTH="23" VPOS="297" HPOS="367"/>
							<String ID="string_26" HPOS="390" VPOS="297" WIDTH="81" HEIGHT="29" WC="0.92" CONTENT="frägan"/><SP WIDTH="24" VPOS="297" HPOS="471"/>
							<String ID="string_27" HPOS="495" VPOS="298" WIDTH="117" HEIGHT="23" WC="0.93" CONTENT="huruvida"/><SP WIDTH="23" VPOS="298" HPOS="612"/>
							<String ID="string_28" HPOS="635" VPOS="301" WIDTH="92" HEIGHT="21" WC="0.92" CONTENT="notarie"/><SP WIDTH="19" VPOS="301" HPOS="727"/>
							<String ID="string_29" HPOS="746" VPOS="301" WIDTH="78" HEIGHT="22" WC="0.92" CONTENT="tillika"/><SP WIDTH="15" VPOS="301" HPOS="824"/>
							<String ID="string_30" HPOS="839" VPOS="302" WIDTH="38" HEIGHT="20" WC="0.96" CONTENT="mä"/>
						</TextLine>
						<TextLine ID="line_5" HPOS="112" VPOS="332" WIDTH="764" HEIGHT="28">
							<String ID="string_31" HPOS="112" VPOS="334" WIDTH="80" HEIGHT="21" WC="0.92" CONTENT="kunna"/><SP WIDTH="29" VPOS="334" HPOS="192"/>
							<String ID="string_32" HPOS="221" VPOS="332" WIDTH="82" HEIGHT="21" WC="0.91" CONTENT="utöfva"/><SP WIDTH="30" VPOS="332" HPOS="303"/>
							<String ID="string_33" HPOS="333" VPOS="332" WIDTH="274" HEIGHT="28" WC="0.91" CONTENT="sakförareverksamhet,"/><SP WIDTH="32" VPOS="332" HPOS="607"/>
							<String ID="string_34" HPOS="639" VPOS="333" WIDTH="43" HEIGHT="22" WC="0.93" CONTENT="har"/><SP WIDTH="25" VPOS="333" HPOS="682"/>
							<String ID="string_35" HPOS="707" VPOS="335" WIDTH="121" HEIGHT="22" WC="0.92" CONTENT="Utskottet"/><SP WIDTH="25" VPOS="335" HPOS="828"/>
							<String ID="string_36" HPOS="853" VPOS="336" WIDTH="23" HEIGHT="21" WC="0.94" CONTENT="af"/>
						</TextLine>
						<TextLine ID="line_6" HPOS="111" VPOS="366" WIDTH="766" HEIGHT="31">
							<String ID="string_37" HPOS="111" VPOS="367" WIDTH="172" HEIGHT="27" WC="0.92" CONTENT="handlingarna"/><SP WIDTH="15" VPOS="367" HPOS="283"/>
							<String ID="string_38" HPOS="298" VPOS="366" WIDTH="9" HEIGHT="21" WC="0.96" CONTENT="i"/><SP WIDTH="16" VPOS="366" HPOS="307"/>
							<String ID="string_39" HPOS="323" VPOS="366" WIDTH="63" HEIGHT="21" WC="0.93" CONTENT="detta"/><SP WIDTH="15" VPOS="366" HPOS="386"/>
							<String ID="string_40" HPOS="401" VPOS="367" WIDTH="85" HEIGHT="21" WC="0.92" CONTENT="ärende"/><SP WIDTH="16" VPOS="367" HPOS="486"/>
							<String ID="string_41" HPOS="502" VPOS="367" WIDTH="122" HEIGHT="28" WC="0.92" CONTENT="inhemtat,"/><SP WIDTH="17" VPOS="367" HPOS="624"/>
							<String ID="string_42" HPOS="641" VPOS="370" WIDTH="36" HEIGHT="19" WC="0.93" CONTENT="att"/><SP WIDTH="16" VPOS="370" HPOS="677"/>
							<String ID="string_43" HPOS="693" VPOS="369" WIDTH="132" HEIGHT="28" WC="0.91" CONTENT="Kejserliga"/><SP WIDTH="12" VPOS="369" HPOS="825"/>
							<String ID="string_44" HPOS="837" VPOS="370" WIDTH="40" HEIGHT="21" WC="0.93" CONTENT="Se-"/>
						</TextLine>
						<TextLine ID="line_7" HPOS="111" VPOS="400" WIDTH="766" HEIGHT="31">
							<String ID="string_45" HPOS="111" VPOS="404" WIDTH="83" HEIGHT="19" WC="0.91" CONTENT="natens"/><SP WIDTH="21" VPOS="404" HPOS="194"/>
							<String ID="string_46" HPOS="215" VPOS="400" WIDTH="87" HEIGHT="29" WC="0.96" CONTENT="förslag"/><SP WIDTH="15" VPOS="400" HPOS="302"/>
							<String ID="string_47" HPOS="317" VPOS="400" WIDTH="37" HEIGHT="21" WC="0.96" CONTENT="till"/><SP WIDTH="15" VPOS="400" HPOS="354"/>
							<String ID="string_48" HPOS="369" VPOS="401" WIDTH="146" HEIGHT="28" WC="0.96" CONTENT="proposition"/><SP WIDTH="14" VPOS="401" HPOS="515"/>
							<String ID="string_49" HPOS="529" VPOS="401" WIDTH="8" HEIGHT="22" WC="0.93" CONTENT="i"/><SP WIDTH="16" VPOS="401" HPOS="537"/>
							<String ID="string_50" HPOS="553" VPOS="404" WIDTH="80" HEIGHT="19" WC="0.92" CONTENT="ämnet"/><SP WIDTH="14" VPOS="404" HPOS="633"/>
							<String ID="string_51" HPOS="647" VPOS="403" WIDTH="114" HEIGHT="28" WC="0.89" CONTENT="innehöll,"/><SP WIDTH="17" VPOS="403" HPOS="761"/>
							<String ID="string_52" HPOS="778" VPOS="404" WIDTH="7" HEIGHT="21" WC="0.93" CONTENT="i"/><SP WIDTH="16" VPOS="404" HPOS="785"/>
							<String ID="string_53" HPOS="801" VPOS="403" WIDTH="76" HEIGHT="22" WC="0.92" CONTENT="likhet"/>
						</TextLine>
						<TextLine ID="line_8" HPOS="111" VPOS="435" WIDTH="764" HEIGHT="31">
							<String ID="string_54" HPOS="111" VPOS="436" WIDTH="54" HEIGHT="21" WC="0.93" CONTENT="med"/><SP WIDTH="21" VPOS="436" HPOS="165"/>
							<String ID="string_55" HPOS="186" VPOS="435" WIDTH="224" HEIGHT="28" WC="0.92" CONTENT="Lagberedningens"/><SP WIDTH="22" VPOS="435" HPOS="410"/>
							<String ID="string_56" HPOS="432" VPOS="435" WIDTH="95" HEIGHT="28" WC="0.79" CONTENT="förslag,"/><SP WIDTH="23" VPOS="435" HPOS="527"/>
							<String ID="string_57" HPOS="550" VPOS="438" WIDTH="36" HEIGHT="19" WC="0.93" CONTENT="att"/><SP WIDTH="21" VPOS="438" HPOS="586"/>
							<String ID="string_58" HPOS="607" VPOS="437" WIDTH="93" HEIGHT="22" WC="0.91" CONTENT="notarie"/><SP WIDTH="24" VPOS="437" HPOS="700"/>
							<String ID="string_59" HPOS="724" VPOS="438" WIDTH="21" HEIGHT="28" WC="0.91" CONTENT="ej"/><SP WIDTH="16" VPOS="438" HPOS="745"/>
							<String ID="string_60" HPOS="761" VPOS="445" WIDTH="54" HEIGHT="14" WC="0.93" CONTENT="vore"/><SP WIDTH="16" VPOS="445" HPOS="815"/>
							<String ID="string_61" HPOS="831" VPOS="438" WIDTH="44" HEIGHT="21" WC="0.92" CONTENT="för-"/>
						</TextLine>
						<TextLine ID="line_9" HPOS="111" VPOS="469" WIDTH="764" HEIGHT="31">
							<String ID="string_62" HPOS="111" VPOS="470" WIDTH="81" HEIGHT="28" WC="0.89" CONTENT="bjudet"/><SP WIDTH="24" VPOS="470" HPOS="192"/>
							<String ID="string_63" HPOS="216" VPOS="472" WIDTH="34" HEIGHT="19" WC="0.93" CONTENT="att"/><SP WIDTH="23" VPOS="472" HPOS="250"/>
							<String ID="string_64" HPOS="273" VPOS="469" WIDTH="82" HEIGHT="22" WC="0.90" CONTENT="utöfva"/><SP WIDTH="19" VPOS="469" HPOS="355"/>
							<String ID="string_65" HPOS="374" VPOS="469" WIDTH="278" HEIGHT="29" WC="0.92" CONTENT="sakförareverksamhet,"/><SP WIDTH="17" VPOS="469" HPOS="652"/>
							<String ID="string_66" HPOS="669" VPOS="471" WIDTH="41" HEIGHT="22" WC="0.93" CONTENT="der"/><SP WIDTH="15" VPOS="471" HPOS="710"/>
							<String ID="string_67" HPOS="725" VPOS="472" WIDTH="21" HEIGHT="28" WC="0.93" CONTENT="ej"/><SP WIDTH="16" VPOS="472" HPOS="746"/>
							<String ID="string_68" HPOS="762" VPOS="472" WIDTH="41" HEIGHT="21" WC="0.96" CONTENT="vid"/><SP WIDTH="15" VPOS="472" HPOS="803"/>
							<String ID="string_69" HPOS="818" VPOS="472" WIDTH="57" HEIGHT="21" WC="0.96" CONTENT="hans"/>
						</TextLine>
						<TextLine ID="line_10" HPOS="111" VPOS="503" WIDTH="764" HEIGHT="25">
							<String ID="string_70" HPOS="111" VPOS="504" WIDTH="147" HEIGHT="22" WC="0.92" CONTENT="tillsättande"/><SP WIDTH="24" VPOS="504" HPOS="258"/>
							<String ID="string_71" HPOS="282" VPOS="503" WIDTH="145" HEIGHT="22" WC="0.92" CONTENT="annorlunda"/><SP WIDTH="22" VPOS="503" HPOS="427"/>
							<String ID="string_72" HPOS="449" VPOS="505" WIDTH="120" HEIGHT="21" WC="0.90" CONTENT="bestämts."/><SP WIDTH="30" VPOS="505" HPOS="569"/>
							<String ID="string_73" HPOS="599" VPOS="506" WIDTH="39" HEIGHT="21" WC="0.96" CONTENT="En"/><SP WIDTH="24" VPOS="506" HPOS="638"/>
							<String ID="string_74" HPOS="662" VPOS="506" WIDTH="39" HEIGHT="21" WC="0.93" CONTENT="del"/><SP WIDTH="19" VPOS="506" HPOS="701"/>
							<String ID="string_75" HPOS="720" VPOS="507" WIDTH="128" HEIGHT="21" WC="0.92" CONTENT="ledamöter"/><SP WIDTH="19" VPOS="507" HPOS="848"/>
							<String ID="string_76" HPOS="867" VPOS="507" WIDTH="8" HEIGHT="21" WC="0.96" CONTENT="i"/>
						</TextLine>
						<TextLine ID="line_11" HPOS="110" VPOS="538" WIDTH="765" HEIGHT="31">
							<String ID="string_77" HPOS="110" VPOS="539" WIDTH="124" HEIGHT="22" WC="0.91" CONTENT="Utskottet"/><SP WIDTH="25" VPOS="539" HPOS="234"/>
							<String ID="string_78" HPOS="259" VPOS="538" WIDTH="72" HEIGHT="21" WC="0.91" CONTENT="hafva"/><SP WIDTH="24" VPOS="538" HPOS="331"/>
							<String ID="string_79" HPOS="355" VPOS="541" WIDTH="77" HEIGHT="19" WC="0.92" CONTENT="ansett"/><SP WIDTH="22" VPOS="541" HPOS="432"/>
							<String ID="string_80" HPOS="454" VPOS="539" WIDTH="45" HEIGHT="22" WC="0.93" CONTENT="den"/><SP WIDTH="23" VPOS="539" HPOS="499"/>
							<String ID="string_81" HPOS="522" VPOS="539" WIDTH="141" HEIGHT="22" WC="0.90" CONTENT="förändrade"/><SP WIDTH="24" VPOS="539" HPOS="663"/>
							<String ID="string_82" HPOS="687" VPOS="541" WIDTH="152" HEIGHT="28" WC="0.90" CONTENT="ständpunkt,"/><SP WIDTH="24" VPOS="541" HPOS="839"/>
							<String ID="string_83" HPOS="863" VPOS="541" WIDTH="12" HEIGHT="21" WC="0.92" CONTENT="&amp;"/>
						</TextLine>
						<TextLine ID="line_12" HPOS="111" VPOS="573" WIDTH="764" HEIGHT="31">
							<String ID="string_84" HPOS="111" VPOS="573" WIDTH="97" HEIGHT="22" WC="0.92" CONTENT="hvilken"/><SP WIDTH="22" VPOS="573" HPOS="208"/>
							<String ID="string_85" HPOS="230" VPOS="574" WIDTH="44" HEIGHT="21" WC="0.93" CONTENT="den"/><SP WIDTH="21" VPOS="574" HPOS="274"/>
							<String ID="string_86" HPOS="295" VPOS="573" WIDTH="85" HEIGHT="28" WC="0.92" CONTENT="nädiga"/><SP WIDTH="22" VPOS="573" HPOS="380"/>
							<String ID="string_87" HPOS="402" VPOS="574" WIDTH="176" HEIGHT="28" WC="0.92" CONTENT="propositionen"/><SP WIDTH="23" VPOS="574" HPOS="578"/>
							<String ID="string_88" HPOS="601" VPOS="575" WIDTH="146" HEIGHT="22" WC="0.92" CONTENT="härutinnan"/><SP WIDTH="16" VPOS="575" HPOS="747"/>
							<String ID="string_89" HPOS="763" VPOS="575" WIDTH="55" HEIGHT="22" WC="0.93" CONTENT="stält"/><SP WIDTH="14" VPOS="575" HPOS="818"/>
							<String ID="string_90" HPOS="832" VPOS="576" WIDTH="43" HEIGHT="28" WC="0.96" CONTENT="sig,"/>
						</TextLine>
						<TextLine ID="line_13" HPOS="110" VPOS="608" WIDTH="765" HEIGHT="31">
							<String ID="string_91" HPOS="110" VPOS="609" WIDTH="58" HEIGHT="21" WC="0.90" CONTENT="böra"/><SP WIDTH="22" VPOS="609" HPOS="168"/>
							<String ID="string_92" HPOS="190" VPOS="608" WIDTH="145" HEIGHT="29" WC="0.90" CONTENT="godkännas,"/><SP WIDTH="24" VPOS="608" HPOS="335"/>
							<String ID="string_93" HPOS="359" VPOS="611" WIDTH="56" HEIGHT="18" WC="0.92" CONTENT="enär"/><SP WIDTH="22" VPOS="611" HPOS="415"/>
							<String ID="string_94" HPOS="437" VPOS="609" WIDTH="39" HEIGHT="20" WC="0.93" CONTENT="det"/><SP WIDTH="22" VPOS="609" HPOS="476"/>
							<String ID="string_95" HPOS="498" VPOS="615" WIDTH="55" HEIGHT="15" WC="0.93" CONTENT="vore"/><SP WIDTH="20" VPOS="615" HPOS="553"/>
							<String ID="string_96" HPOS="573" VPOS="609" WIDTH="139" HEIGHT="30" WC="0.92" CONTENT="principielt"/><SP WIDTH="16" VPOS="609" HPOS="712"/>
							<String ID="string_97" HPOS="728" VPOS="610" WIDTH="98" HEIGHT="28" WC="0.93" CONTENT="oriktigt"/><SP WIDTH="15" VPOS="610" HPOS="826"/>
							<String ID="string_98" HPOS="841" VPOS="612" WIDTH="34" HEIGHT="19" WC="0.96" CONTENT="att"/>
						</TextLine>
						<TextLine ID="line_14" HPOS="111" VPOS="642" WIDTH="765" HEIGHT="30">
							<String ID="string_99" HPOS="111" VPOS="643" WIDTH="82" HEIGHT="22" WC="0.93" CONTENT="förena"/><SP WIDTH="30" VPOS="643" HPOS="193"/>
							<String ID="string_100" HPOS="223" VPOS="642" WIDTH="232" HEIGHT="29" WC="0.84" CONTENT="notariebefattning,"/><SP WIDTH="31" VPOS="642" HPOS="455"/>
							<String ID="string_101" HPOS="486" VPOS="643" WIDTH="75" HEIGHT="22" WC="0.96" CONTENT="såsom"/><SP WIDTH="23" VPOS="643" HPOS="561"/>
							<String ID="string_102" HPOS="584" VPOS="644" WIDTH="104" HEIGHT="21" WC="0.96" CONTENT="varande"/><SP WIDTH="26" VPOS="644" HPOS="688"/>
							<String ID="string_103" HPOS="714" VPOS="651" WIDTH="29" HEIGHT="14" WC="0.96" CONTENT="en"/><SP WIDTH="25" VPOS="651" HPOS="743"/>
							<String ID="string_104" HPOS="768" VPOS="644" WIDTH="108" HEIGHT="28" WC="0.96" CONTENT="offentlig"/>
						</TextLine>
						<TextLine ID="line_15" HPOS="112" VPOS="677" WIDTH="764" HEIGHT="28">
							<String ID="string_105" HPOS="112" VPOS="678" WIDTH="118" HEIGHT="27" WC="0.95" CONTENT="funktion,"/><SP WIDTH="23" VPOS="678" HPOS="230"/>
							<String ID="string_106" HPOS="253" VPOS="677" WIDTH="54" HEIGHT="22" WC="0.93" CONTENT="med"/><SP WIDTH="23" VPOS="677" HPOS="307"/>
							<String ID="string_107" HPOS="330" VPOS="677" WIDTH="274" HEIGHT="23" WC="0.84" CONTENT="sakförareverksamhet."/><SP WIDTH="31" VPOS="677" HPOS="604"/>
							<String ID="string_108" HPOS="635" VPOS="679" WIDTH="74" HEIGHT="21" WC="0.96" CONTENT="Detta"/><SP WIDTH="23" VPOS="679" HPOS="709"/>
							<String ID="string_109" HPOS="732" VPOS="679" WIDTH="77" HEIGHT="21" WC="0.93" CONTENT="kunde"/><SP WIDTH="23" VPOS="679" HPOS="809"/>
							<String ID="string_110" HPOS="832" VPOS="679" WIDTH="44" HEIGHT="21" WC="0.96" CONTENT="ock"/>
						</TextLine>
						<TextLine ID="line_16" HPOS="111" VPOS="711" WIDTH="764" HEIGHT="30">
							<String ID="string_111" HPOS="111" VPOS="713" WIDTH="73" HEIGHT="22" WC="0.92" CONTENT="hafva"/><SP WIDTH="23" VPOS="713" HPOS="184"/>
							<String ID="string_112" HPOS="207" VPOS="712" WIDTH="38" HEIGHT="21" WC="0.96" CONTENT="till"/><SP WIDTH="22" VPOS="712" HPOS="245"/>
							<String ID="string_113" HPOS="267" VPOS="711" WIDTH="65" HEIGHT="29" WC="0.96" CONTENT="följd,"/><SP WIDTH="24" VPOS="711" HPOS="332"/>
							<String ID="string_114" HPOS="356" VPOS="714" WIDTH="34" HEIGHT="19" WC="0.93" CONTENT="att"/><SP WIDTH="19" VPOS="714" HPOS="390"/>
							<String ID="string_115" HPOS="409" VPOS="712" WIDTH="108" HEIGHT="21" WC="0.91" CONTENT="notarien"/><SP WIDTH="16" VPOS="712" HPOS="517"/>
							<String ID="string_116" HPOS="533" VPOS="713" WIDTH="78" HEIGHT="21" WC="0.92" CONTENT="blefve"/><SP WIDTH="14" VPOS="713" HPOS="611"/>
							<String ID="string_117" HPOS="625" VPOS="713" WIDTH="79" HEIGHT="28" WC="0.91" CONTENT="jäfvig"/><SP WIDTH="15" VPOS="713" HPOS="704"/>
							<String ID="string_118" HPOS="719" VPOS="715" WIDTH="42" HEIGHT="24" WC="0.96" CONTENT="att,"/><SP WIDTH="16" VPOS="715" HPOS="761"/>
							<String ID="string_119" HPOS="777" VPOS="721" WIDTH="36" HEIGHT="14" WC="0.96" CONTENT="om"/><SP WIDTH="16" VPOS="721" HPOS="813"/>
							<String ID="string_120" HPOS="829" VPOS="713" WIDTH="46" HEIGHT="21" WC="0.96" CONTENT="han"/>
						</TextLine>
						<TextLine ID="line_17" HPOS="114" VPOS="746" WIDTH="761" HEIGHT="29">
							<String ID="string_121" HPOS="114" VPOS="747" WIDTH="78" HEIGHT="22" WC="0.95" CONTENT="derom"/><SP WIDTH="26" VPOS="747" HPOS="192"/>
							<String ID="string_122" HPOS="218" VPOS="746" WIDTH="147" HEIGHT="28" WC="0.95" CONTENT="anmodades,"/><SP WIDTH="26" VPOS="746" HPOS="365"/>
							<String ID="string_123" HPOS="391" VPOS="749" WIDTH="111" HEIGHT="26" WC="0.92" CONTENT="upprätta"/><SP WIDTH="24" VPOS="749" HPOS="502"/>
							<String ID="string_124" HPOS="526" VPOS="747" WIDTH="200" HEIGHT="22" WC="0.21" CONTENT="muotariaturkund"/><SP WIDTH="25" VPOS="747" HPOS="726"/>
							<String ID="string_125" HPOS="751" VPOS="748" WIDTH="9" HEIGHT="21" WC="0.93" CONTENT="i"/><SP WIDTH="25" VPOS="748" HPOS="760"/>
							<String ID="string_126" HPOS="785" VPOS="747" WIDTH="90" HEIGHT="28" WC="0.96" CONTENT="ärende,"/>
						</TextLine>
						<TextLine ID="line_18" HPOS="112" VPOS="781" WIDTH="486" HEIGHT="28">
							<String ID="string_127" HPOS="112" VPOS="782" WIDTH="67" HEIGHT="21" WC="0.92" CONTENT="hvari"/><SP WIDTH="17" VPOS="782" HPOS="179"/>
							<String ID="string_128" HPOS="196" VPOS="781" WIDTH="45" HEIGHT="22" WC="0.93" CONTENT="han"/><SP WIDTH="16" VPOS="781" HPOS="241"/>
							<String ID="string_129" HPOS="257" VPOS="781" WIDTH="112" HEIGHT="28" WC="0.92" CONTENT="uppträdt"/><SP WIDTH="15" VPOS="781" HPOS="369"/>
							<String ID="string_130" HPOS="384" VPOS="781" WIDTH="75" HEIGHT="22" WC="0.96" CONTENT="såsom"/><SP WIDTH="16" VPOS="781" HPOS="459"/>
							<String ID="string_131" HPOS="475" VPOS="781" WIDTH="123" HEIGHT="22" WC="0.96" CONTENT="sakförare."/>
						</TextLine>
					</TextBlock>
					<TextBlock ID="block_3" HPOS="113" VPOS="815" WIDTH="763" HEIGHT="64">
						<TextLine ID="line_19" HPOS="181" VPOS="815" WIDTH="694" HEIGHT="30">
							<String ID="string_132" HPOS="181" VPOS="816" WIDTH="134" HEIGHT="21" WC="0.91" CONTENT="Utskottets"/><SP WIDTH="16" VPOS="816" HPOS="315"/>
							<String ID="string_133" HPOS="331" VPOS="815" WIDTH="74" HEIGHT="22" WC="0.96" CONTENT="flertal"/><SP WIDTH="16" VPOS="815" HPOS="405"/>
							<String ID="string_134" HPOS="421" VPOS="815" WIDTH="42" HEIGHT="22" WC="0.93" CONTENT="har"/><SP WIDTH="16" VPOS="815" HPOS="463"/>
							<String ID="string_135" HPOS="479" VPOS="815" WIDTH="73" HEIGHT="22" WC="0.87" CONTENT="likväl"/><SP WIDTH="11" VPOS="815" HPOS="552"/>
							<String ID="string_136" HPOS="563" VPOS="818" WIDTH="78" HEIGHT="19" WC="0.93" CONTENT="ansett"/><SP WIDTH="11" VPOS="818" HPOS="641"/>
							<String ID="string_137" HPOS="652" VPOS="817" WIDTH="113" HEIGHT="26" WC="0.92" CONTENT="förslaget"/><SP WIDTH="10" VPOS="817" HPOS="765"/>
							<String ID="string_138" HPOS="775" VPOS="817" WIDTH="38" HEIGHT="21" WC="0.93" CONTENT="till"/><SP WIDTH="11" VPOS="817" HPOS="813"/>
							<String ID="string_139" HPOS="824" VPOS="823" WIDTH="51" HEIGHT="22" WC="0.93" CONTENT="pro-"/>
						</TextLine>
						<TextLine ID="line_20" HPOS="113" VPOS="849" WIDTH="763" HEIGHT="30">
							<String ID="string_140" HPOS="113" VPOS="850" WIDTH="103" HEIGHT="29" WC="0.96" CONTENT="position"/><SP WIDTH="17" VPOS="850" HPOS="216"/>
							<String ID="string_141" HPOS="233" VPOS="850" WIDTH="43" HEIGHT="21" WC="0.93" CONTENT="och"/><SP WIDTH="15" VPOS="850" HPOS="276"/>
							<String ID="string_142" HPOS="291" VPOS="849" WIDTH="222" HEIGHT="30" WC="0.91" CONTENT="Lagberedningens"/><SP WIDTH="16" VPOS="849" HPOS="513"/>
							<String ID="string_143" HPOS="529" VPOS="851" WIDTH="88" HEIGHT="28" WC="0.96" CONTENT="förslag"/><SP WIDTH="16" VPOS="851" HPOS="617"/>
							<String ID="string_144" HPOS="633" VPOS="858" WIDTH="57" HEIGHT="14" WC="0.96" CONTENT="vara"/><SP WIDTH="11" VPOS="858" HPOS="690"/>
							<String ID="string_145" HPOS="701" VPOS="853" WIDTH="36" HEIGHT="20" WC="0.93" CONTENT="att"/><SP WIDTH="10" VPOS="853" HPOS="737"/>
							<String ID="string_146" HPOS="747" VPOS="851" WIDTH="129" HEIGHT="28" WC="0.92" CONTENT="föredraga."/>
						</TextLine>
					</TextBlock>
					<TextBlock ID="block_4" HPOS="112" VPOS="884" WIDTH="764" HEIGHT="513">
						<TextLine ID="line_21" HPOS="182" VPOS="884" WIDTH="693" HEIGHT="29">
							<String ID="string_147" HPOS="182" VPOS="884" WIDTH="70" HEIGHT="22" WC="0.92" CONTENT="Hvad"/><SP WIDTH="22" VPOS="884" HPOS="252"/>
							<String ID="string_148" HPOS="274" VPOS="884" WIDTH="37" HEIGHT="21" WC="0.96" CONTENT="till"/><SP WIDTH="24" VPOS="884" HPOS="311"/>
							<String ID="string_149" HPOS="335" VPOS="892" WIDTH="28" HEIGHT="13" WC="0.96" CONTENT="en"/><SP WIDTH="23" VPOS="892" HPOS="363"/>
							<String ID="string_150" HPOS="386" VPOS="885" WIDTH="82" HEIGHT="28" WC="0.93" CONTENT="början"/><SP WIDTH="23" VPOS="885" HPOS="468"/>
							<String ID="string_151" HPOS="491" VPOS="885" WIDTH="179" HEIGHT="22" WC="0.90" CONTENT="förhällandena"/><SP WIDTH="21" VPOS="885" HPOS="670"/>
							<String ID="string_152" HPOS="691" VPOS="886" WIDTH="6" HEIGHT="21" WC="0.93" CONTENT="i"/><SP WIDTH="17" VPOS="886" HPOS="697"/>
							<String ID="string_153" HPOS="714" VPOS="885" WIDTH="109" HEIGHT="22" WC="0.93" CONTENT="utlandet"/><SP WIDTH="14" VPOS="885" HPOS="823"/>
							<String ID="string_154" HPOS="837" VPOS="885" WIDTH="38" HEIGHT="22" WC="0.92" CONTENT="be-"/>
						</TextLine>
						<TextLine ID="line_22" HPOS="112" VPOS="918" WIDTH="764" HEIGHT="30">
							<String ID="string_155" HPOS="112" VPOS="919" WIDTH="86" HEIGHT="28" WC="0.92" CONTENT="träffar,"/><SP WIDTH="24" VPOS="919" HPOS="198"/>
							<String ID="string_156" HPOS="222" VPOS="919" WIDTH="24" HEIGHT="21" WC="0.95" CONTENT="sä"/><SP WIDTH="22" VPOS="919" HPOS="246"/>
							<String ID="string_157" HPOS="268" VPOS="922" WIDTH="25" HEIGHT="18" WC="0.96" CONTENT="är"/><SP WIDTH="23" VPOS="922" HPOS="293"/>
							<String ID="string_158" HPOS="316" VPOS="918" WIDTH="40" HEIGHT="21" WC="0.93" CONTENT="det"/><SP WIDTH="22" VPOS="918" HPOS="356"/>
							<String ID="string_159" HPOS="378" VPOS="919" WIDTH="139" HEIGHT="28" WC="0.92" CONTENT="visserligen"/><SP WIDTH="22" VPOS="919" HPOS="517"/>
							<String ID="string_160" HPOS="539" VPOS="920" WIDTH="8" HEIGHT="21" WC="0.96" CONTENT="i"/><SP WIDTH="21" VPOS="920" HPOS="547"/>
							<String ID="string_161" HPOS="568" VPOS="919" WIDTH="133" HEIGHT="22" WC="0.87" CONTENT="Frankrike"/><SP WIDTH="15" VPOS="919" HPOS="701"/>
							<String ID="string_162" HPOS="716" VPOS="920" WIDTH="110" HEIGHT="28" WC="0.92" CONTENT="stadgadt"/><SP WIDTH="15" VPOS="920" HPOS="826"/>
							<String ID="string_163" HPOS="841" VPOS="922" WIDTH="35" HEIGHT="19" WC="0.96" CONTENT="att"/>
						</TextLine>
						<TextLine ID="line_23" HPOS="112" VPOS="953" WIDTH="763" HEIGHT="29">
							<String ID="string_164" HPOS="112" VPOS="954" WIDTH="90" HEIGHT="21" WC="0.91" CONTENT="notarie"/><SP WIDTH="14" VPOS="954" HPOS="202"/>
							<String ID="string_165" HPOS="216" VPOS="953" WIDTH="20" HEIGHT="29" WC="0.93" CONTENT="ej"/><SP WIDTH="17" VPOS="953" HPOS="236"/>
							<String ID="string_166" HPOS="253" VPOS="953" WIDTH="78" HEIGHT="21" WC="0.92" CONTENT="tillika"/><SP WIDTH="18" VPOS="953" HPOS="331"/>
							<String ID="string_167" HPOS="349" VPOS="954" WIDTH="38" HEIGHT="21" WC="0.96" CONTENT="mä"/><SP WIDTH="14" VPOS="954" HPOS="387"/>
							<String ID="string_168" HPOS="401" VPOS="961" WIDTH="56" HEIGHT="14" WC="0.93" CONTENT="vara"/><SP WIDTH="16" VPOS="961" HPOS="457"/>
							<String ID="string_169" HPOS="473" VPOS="954" WIDTH="125" HEIGHT="27" WC="0.92" CONTENT="sakförare,"/><SP WIDTH="17" VPOS="954" HPOS="598"/>
							<String ID="string_170" HPOS="615" VPOS="954" WIDTH="44" HEIGHT="21" WC="0.97" CONTENT="och"/><SP WIDTH="16" VPOS="954" HPOS="659"/>
							<String ID="string_171" HPOS="675" VPOS="955" WIDTH="64" HEIGHT="21" WC="0.93" CONTENT="vissa"/><SP WIDTH="15" VPOS="955" HPOS="739"/>
							<String ID="string_172" HPOS="754" VPOS="954" WIDTH="121" HEIGHT="21" WC="0.91" CONTENT="inskränk-"/>
						</TextLine>
						<TextLine ID="line_24" HPOS="112" VPOS="984" WIDTH="763" HEIGHT="33">
							<String ID="string_173" HPOS="112" VPOS="989" WIDTH="86" HEIGHT="28" WC="0.91" CONTENT="ningar"/><SP WIDTH="18" VPOS="989" HPOS="198"/>
							<String ID="string_174" HPOS="216" VPOS="989" WIDTH="8" HEIGHT="21" WC="0.93" CONTENT="i"/><SP WIDTH="20" VPOS="989" HPOS="224"/>
							<String ID="string_175" HPOS="244" VPOS="987" WIDTH="122" HEIGHT="23" WC="0.92" CONTENT="enahanda"/><SP WIDTH="16" VPOS="987" HPOS="366"/>
							<String ID="string_176" HPOS="382" VPOS="988" WIDTH="109" HEIGHT="21" WC="0.92" CONTENT="afseende"/><SP WIDTH="15" VPOS="988" HPOS="491"/>
							<String ID="string_177" HPOS="506" VPOS="989" WIDTH="62" HEIGHT="28" WC="0.92" CONTENT="gälla"/><SP WIDTH="16" VPOS="989" HPOS="568"/>
							<String ID="string_178" HPOS="584" VPOS="989" WIDTH="73" HEIGHT="21" WC="0.92" CONTENT="äfven"/><SP WIDTH="14" VPOS="989" HPOS="657"/>
							<String ID="string_179" HPOS="671" VPOS="989" WIDTH="9" HEIGHT="21" WC="0.96" CONTENT="i"/><SP WIDTH="17" VPOS="989" HPOS="680"/>
							<String ID="string_180" HPOS="697" VPOS="984" WIDTH="119" HEIGHT="26" WC="0.96" CONTENT="Österrike"/><SP WIDTH="16" VPOS="984" HPOS="816"/>
							<String ID="string_181" HPOS="832" VPOS="988" WIDTH="43" HEIGHT="22" WC="0.96" CONTENT="och"/>
						</TextLine>
						<TextLine ID="line_25" HPOS="112" VPOS="1023" WIDTH="764" HEIGHT="28">
							<String ID="string_182" HPOS="112" VPOS="1023" WIDTH="126" HEIGHT="28" WC="0.92" CONTENT="Ryssland."/><SP WIDTH="30" VPOS="1023" HPOS="238"/>
							<String ID="string_183" HPOS="268" VPOS="1023" WIDTH="109" HEIGHT="21" WC="0.92" CONTENT="Deremot"/><SP WIDTH="22" VPOS="1023" HPOS="377"/>
							<String ID="string_184" HPOS="399" VPOS="1026" WIDTH="25" HEIGHT="18" WC="0.93" CONTENT="är"/><SP WIDTH="23" VPOS="1026" HPOS="424"/>
							<String ID="string_185" HPOS="447" VPOS="1023" WIDTH="8" HEIGHT="21" WC="0.95" CONTENT="i"/><SP WIDTH="19" VPOS="1023" HPOS="455"/>
							<String ID="string_186" HPOS="474" VPOS="1025" WIDTH="85" HEIGHT="20" WC="0.96" CONTENT="största"/><SP WIDTH="16" VPOS="1025" HPOS="559"/>
							<String ID="string_187" HPOS="575" VPOS="1023" WIDTH="68" HEIGHT="22" WC="0.96" CONTENT="delen"/><SP WIDTH="17" VPOS="1023" HPOS="643"/>
							<String ID="string_188" HPOS="660" VPOS="1025" WIDTH="26" HEIGHT="20" WC="0.91" CONTENT="af"/><SP WIDTH="14" VPOS="1025" HPOS="686"/>
							<String ID="string_189" HPOS="700" VPOS="1023" WIDTH="121" HEIGHT="28" WC="0.93" CONTENT="Tyskland"/><SP WIDTH="15" VPOS="1023" HPOS="821"/>
							<String ID="string_190" HPOS="836" VPOS="1030" WIDTH="40" HEIGHT="14" WC="0.90" CONTENT="no-"/>
						</TextLine>
						<TextLine ID="line_26" HPOS="113" VPOS="1057" WIDTH="762" HEIGHT="28">
							<String ID="string_191" HPOS="113" VPOS="1057" WIDTH="193" HEIGHT="28" WC="0.91" CONTENT="tariebefattning"/><SP WIDTH="19" VPOS="1057" HPOS="306"/>
							<String ID="string_192" HPOS="325" VPOS="1057" WIDTH="102" HEIGHT="28" WC="0.92" CONTENT="förenlig"/><SP WIDTH="23" VPOS="1057" HPOS="427"/>
							<String ID="string_193" HPOS="450" VPOS="1057" WIDTH="53" HEIGHT="22" WC="0.93" CONTENT="med"/><SP WIDTH="22" VPOS="1057" HPOS="503"/>
							<String ID="string_194" HPOS="525" VPOS="1057" WIDTH="277" HEIGHT="27" WC="0.92" CONTENT="sakförareverksamhet,"/><SP WIDTH="17" VPOS="1057" HPOS="802"/>
							<String ID="string_195" HPOS="819" VPOS="1059" WIDTH="56" HEIGHT="20" WC="0.96" CONTENT="utan"/>
						</TextLine>
						<TextLine ID="line_27" HPOS="114" VPOS="1091" WIDTH="762" HEIGHT="29">
							<String ID="string_196" HPOS="114" VPOS="1094" WIDTH="35" HEIGHT="19" WC="0.92" CONTENT="att"/><SP WIDTH="22" VPOS="1094" HPOS="149"/>
							<String ID="string_197" HPOS="171" VPOS="1093" WIDTH="74" HEIGHT="27" WC="0.92" CONTENT="nägra"/><SP WIDTH="20" VPOS="1093" HPOS="245"/>
							<String ID="string_198" HPOS="265" VPOS="1099" WIDTH="49" HEIGHT="14" WC="0.96" CONTENT="som"/><SP WIDTH="16" VPOS="1099" HPOS="314"/>
							<String ID="string_199" HPOS="330" VPOS="1091" WIDTH="61" HEIGHT="22" WC="0.93" CONTENT="helst"/><SP WIDTH="15" VPOS="1091" HPOS="391"/>
							<String ID="string_200" HPOS="406" VPOS="1091" WIDTH="198" HEIGHT="29" WC="0.92" CONTENT="inskränkningar"/><SP WIDTH="15" VPOS="1091" HPOS="604"/>
							<String ID="string_201" HPOS="619" VPOS="1091" WIDTH="85" HEIGHT="22" WC="0.92" CONTENT="härvid"/><SP WIDTH="15" VPOS="1091" HPOS="704"/>
							<String ID="string_202" HPOS="719" VPOS="1091" WIDTH="116" HEIGHT="29" WC="0.92" CONTENT="uppstälts"/><SP WIDTH="17" VPOS="1091" HPOS="835"/>
							<String ID="string_203" HPOS="852" VPOS="1091" WIDTH="24" HEIGHT="22" WC="0.97" CONTENT="af"/>
						</TextLine>
						<TextLine ID="line_28" HPOS="112" VPOS="1126" WIDTH="763" HEIGHT="29">
							<String ID="string_204" HPOS="112" VPOS="1127" WIDTH="157" HEIGHT="28" WC="0.92" CONTENT="lagstiftaren,"/><SP WIDTH="15" VPOS="1127" HPOS="269"/>
							<String ID="string_205" HPOS="284" VPOS="1126" WIDTH="44" HEIGHT="21" WC="0.96" CONTENT="och"/><SP WIDTH="19" VPOS="1126" HPOS="328"/>
							<String ID="string_206" HPOS="347" VPOS="1126" WIDTH="63" HEIGHT="29" WC="0.96" CONTENT="regel"/><SP WIDTH="16" VPOS="1126" HPOS="410"/>
							<String ID="string_207" HPOS="426" VPOS="1126" WIDTH="43" HEIGHT="21" WC="0.93" CONTENT="har"/><SP WIDTH="16" VPOS="1126" HPOS="469"/>
							<String ID="string_208" HPOS="485" VPOS="1126" WIDTH="68" HEIGHT="21" WC="0.93" CONTENT="äfven"/><SP WIDTH="16" VPOS="1126" HPOS="553"/>
							<String ID="string_209" HPOS="569" VPOS="1126" WIDTH="73" HEIGHT="22" WC="0.93" CONTENT="sedan"/><SP WIDTH="17" VPOS="1126" HPOS="642"/>
							<String ID="string_210" HPOS="659" VPOS="1126" WIDTH="163" HEIGHT="22" WC="0.91" CONTENT="ärhundraden"/><SP WIDTH="15" VPOS="1126" HPOS="822"/>
							<String ID="string_211" HPOS="837" VPOS="1133" WIDTH="38" HEIGHT="15" WC="0.92" CONTENT="va-"/>
						</TextLine>
						<TextLine ID="line_29" HPOS="113" VPOS="1161" WIDTH="763" HEIGHT="22">
							<String ID="string_212" HPOS="113" VPOS="1162" WIDTH="32" HEIGHT="21" WC="0.96" CONTENT="rit"/><SP WIDTH="21" VPOS="1162" HPOS="145"/>
							<String ID="string_213" HPOS="166" VPOS="1164" WIDTH="35" HEIGHT="19" WC="0.93" CONTENT="att"/><SP WIDTH="23" VPOS="1164" HPOS="201"/>
							<String ID="string_214" HPOS="224" VPOS="1161" WIDTH="133" HEIGHT="22" WC="0.84" CONTENT="notarierne"/><SP WIDTH="20" VPOS="1161" HPOS="357"/>
							<String ID="string_215" HPOS="377" VPOS="1163" WIDTH="62" HEIGHT="19" WC="0.96" CONTENT="utses"/><SP WIDTH="16" VPOS="1163" HPOS="439"/>
							<String ID="string_216" HPOS="455" VPOS="1161" WIDTH="71" HEIGHT="21" WC="0.92" CONTENT="bland"/><SP WIDTH="16" VPOS="1161" HPOS="526"/>
							<String ID="string_217" HPOS="542" VPOS="1161" WIDTH="147" HEIGHT="22" WC="0.96" CONTENT="fortfarande"/><SP WIDTH="16" VPOS="1161" HPOS="689"/>
							<String ID="string_218" HPOS="705" VPOS="1161" WIDTH="6" HEIGHT="21" WC="0.96" CONTENT="i"/><SP WIDTH="16" VPOS="1161" HPOS="711"/>
							<String ID="string_219" HPOS="727" VPOS="1161" WIDTH="149" HEIGHT="22" WC="0.96" CONTENT="verksamhet"/>
						</TextLine>
						<TextLine ID="line_30" HPOS="112" VPOS="1196" WIDTH="763" HEIGHT="28">
							<String ID="string_220" HPOS="112" VPOS="1197" WIDTH="102" HEIGHT="20" WC="0.91" CONTENT="varande"/><SP WIDTH="16" VPOS="1197" HPOS="214"/>
							<String ID="string_221" HPOS="230" VPOS="1196" WIDTH="125" HEIGHT="28" WC="0.92" CONTENT="sakförare,"/><SP WIDTH="17" VPOS="1196" HPOS="355"/>
							<String ID="string_222" HPOS="372" VPOS="1196" WIDTH="91" HEIGHT="21" WC="0.91" CONTENT="hvilket"/><SP WIDTH="15" VPOS="1196" HPOS="463"/>
							<String ID="string_223" HPOS="478" VPOS="1196" WIDTH="9" HEIGHT="21" WC="0.96" CONTENT="i"/><SP WIDTH="16" VPOS="1196" HPOS="487"/>
							<String ID="string_224" HPOS="503" VPOS="1203" WIDTH="29" HEIGHT="14" WC="0.96" CONTENT="en"/><SP WIDTH="16" VPOS="1203" HPOS="532"/>
							<String ID="string_225" HPOS="548" VPOS="1196" WIDTH="38" HEIGHT="21" WC="0.93" CONTENT="del"/><SP WIDTH="15" VPOS="1196" HPOS="586"/>
							<String ID="string_226" HPOS="601" VPOS="1198" WIDTH="72" HEIGHT="19" WC="0.92" CONTENT="stater"/><SP WIDTH="16" VPOS="1198" HPOS="673"/>
							<String ID="string_227" HPOS="689" VPOS="1198" WIDTH="16" HEIGHT="19" WC="0.92" CONTENT="t."/><SP WIDTH="16" VPOS="1198" HPOS="705"/>
							<String ID="string_228" HPOS="721" VPOS="1203" WIDTH="36" HEIGHT="14" WC="0.95" CONTENT="ex."/><SP WIDTH="16" VPOS="1203" HPOS="757"/>
							<String ID="string_229" HPOS="773" VPOS="1196" WIDTH="102" HEIGHT="21" WC="0.96" CONTENT="Sachsen"/>
						</TextLine>
						<TextLine ID="line_31" HPOS="112" VPOS="1230" WIDTH="763" HEIGHT="29">
							<String ID="string_230" HPOS="112" VPOS="1233" WIDTH="17" HEIGHT="19" WC="0.92" CONTENT="t."/><SP WIDTH="17" VPOS="1233" HPOS="129"/>
							<String ID="string_231" HPOS="146" VPOS="1238" WIDTH="20" HEIGHT="14" WC="0.84" CONTENT="o."/><SP WIDTH="22" VPOS="1238" HPOS="166"/>
							<String ID="string_232" HPOS="188" VPOS="1238" WIDTH="29" HEIGHT="15" WC="0.96" CONTENT="m."/><SP WIDTH="21" VPOS="1238" HPOS="217"/>
							<String ID="string_233" HPOS="238" VPOS="1234" WIDTH="24" HEIGHT="18" WC="0.93" CONTENT="är"/><SP WIDTH="16" VPOS="1234" HPOS="262"/>
							<String ID="string_234" HPOS="278" VPOS="1230" WIDTH="172" HEIGHT="29" WC="0.91" CONTENT="obligatoriskt."/><SP WIDTH="27" VPOS="1230" HPOS="450"/>
							<String ID="string_235" HPOS="477" VPOS="1231" WIDTH="46" HEIGHT="21" WC="0.93" CONTENT="Det"/><SP WIDTH="16" VPOS="1231" HPOS="523"/>
							<String ID="string_236" HPOS="539" VPOS="1231" WIDTH="135" HEIGHT="21" WC="0.93" CONTENT="framhälles"/><SP WIDTH="15" VPOS="1231" HPOS="674"/>
							<String ID="string_237" HPOS="689" VPOS="1231" WIDTH="86" HEIGHT="28" WC="0.92" CONTENT="jemväl"/><SP WIDTH="16" VPOS="1231" HPOS="775"/>
							<String ID="string_238" HPOS="791" VPOS="1231" WIDTH="9" HEIGHT="21" WC="0.92" CONTENT="i"/><SP WIDTH="14" VPOS="1231" HPOS="800"/>
							<String ID="string_239" HPOS="814" VPOS="1230" WIDTH="61" HEIGHT="22" WC="0.91" CONTENT="litte-"/>
						</TextLine>
						<TextLine ID="line_32" HPOS="112" VPOS="1265" WIDTH="764" HEIGHT="28">
							<String ID="string_240" HPOS="112" VPOS="1267" WIDTH="103" HEIGHT="24" WC="0.91" CONTENT="raturen,"/><SP WIDTH="16" VPOS="1267" HPOS="215"/>
							<String ID="string_241" HPOS="231" VPOS="1267" WIDTH="34" HEIGHT="20" WC="0.96" CONTENT="att"/><SP WIDTH="16" VPOS="1267" HPOS="265"/>
							<String ID="string_242" HPOS="281" VPOS="1265" WIDTH="40" HEIGHT="21" WC="0.96" CONTENT="det"/><SP WIDTH="15" VPOS="1265" HPOS="321"/>
							<String ID="string_243" HPOS="336" VPOS="1265" WIDTH="142" HEIGHT="28" WC="0.96" CONTENT="exempelvis"/><SP WIDTH="15" VPOS="1265" HPOS="478"/>
							<String ID="string_244" HPOS="493" VPOS="1265" WIDTH="10" HEIGHT="21" WC="0.95" CONTENT="i"/><SP WIDTH="15" VPOS="1265" HPOS="503"/>
							<String ID="string_245" HPOS="518" VPOS="1265" WIDTH="29" HEIGHT="21" WC="0.93" CONTENT="de"/><SP WIDTH="15" VPOS="1265" HPOS="547"/>
							<String ID="string_246" HPOS="562" VPOS="1265" WIDTH="87" HEIGHT="28" WC="0.92" CONTENT="ostliga"/><SP WIDTH="16" VPOS="1265" HPOS="649"/>
							<String ID="string_247" HPOS="665" VPOS="1265" WIDTH="95" HEIGHT="22" WC="0.96" CONTENT="delarna"/><SP WIDTH="11" VPOS="1265" HPOS="760"/>
							<String ID="string_248" HPOS="771" VPOS="1265" WIDTH="26" HEIGHT="22" WC="0.93" CONTENT="af"/><SP WIDTH="8" VPOS="1265" HPOS="797"/>
							<String ID="string_249" HPOS="805" VPOS="1265" WIDTH="71" HEIGHT="27" WC="0.93" CONTENT="Tysk-"/>
						</TextLine>
						<TextLine ID="line_33" HPOS="112" VPOS="1299" WIDTH="764" HEIGHT="29">
							<String ID="string_250" HPOS="112" VPOS="1299" WIDTH="56" HEIGHT="22" WC="0.92" CONTENT="land"/><SP WIDTH="22" VPOS="1299" HPOS="168"/>
							<String ID="string_251" HPOS="190" VPOS="1299" WIDTH="52" HEIGHT="22" WC="0.96" CONTENT="icke"/><SP WIDTH="22" VPOS="1299" HPOS="242"/>
							<String ID="string_252" HPOS="264" VPOS="1307" WIDTH="41" HEIGHT="14" WC="0.93" CONTENT="ens"/><SP WIDTH="24" VPOS="1307" HPOS="305"/>
							<String ID="string_253" HPOS="329" VPOS="1307" WIDTH="54" HEIGHT="14" WC="0.96" CONTENT="vore"/><SP WIDTH="22" VPOS="1307" HPOS="383"/>
							<String ID="string_254" HPOS="405" VPOS="1299" WIDTH="92" HEIGHT="29" WC="0.96" CONTENT="möjligt"/><SP WIDTH="23" VPOS="1299" HPOS="497"/>
							<String ID="string_255" HPOS="520" VPOS="1301" WIDTH="34" HEIGHT="20" WC="0.93" CONTENT="att"/><SP WIDTH="15" VPOS="1301" HPOS="554"/>
							<String ID="string_256" HPOS="569" VPOS="1299" WIDTH="110" HEIGHT="29" WC="0.93" CONTENT="förbjuda"/><SP WIDTH="14" VPOS="1299" HPOS="679"/>
							<String ID="string_257" HPOS="693" VPOS="1300" WIDTH="134" HEIGHT="21" WC="0.91" CONTENT="notarierna"/><SP WIDTH="15" VPOS="1300" HPOS="827"/>
							<String ID="string_258" HPOS="842" VPOS="1301" WIDTH="34" HEIGHT="20" WC="0.96" CONTENT="att"/>
						</TextLine>
						<TextLine ID="line_34" HPOS="113" VPOS="1333" WIDTH="763" HEIGHT="28">
							<String ID="string_259" HPOS="113" VPOS="1333" WIDTH="79" HEIGHT="22" WC="0.93" CONTENT="tillika"/><SP WIDTH="10" VPOS="1333" HPOS="192"/>
							<String ID="string_260" HPOS="202" VPOS="1340" WIDTH="54" HEIGHT="15" WC="0.93" CONTENT="vara"/><SP WIDTH="11" VPOS="1340" HPOS="256"/>
							<String ID="string_261" HPOS="267" VPOS="1333" WIDTH="127" HEIGHT="28" WC="0.92" CONTENT="sakförare,"/><SP WIDTH="8" VPOS="1333" HPOS="394"/>
							<String ID="string_262" HPOS="402" VPOS="1333" WIDTH="97" HEIGHT="22" WC="0.92" CONTENT="emedan"/><SP WIDTH="10" VPOS="1333" HPOS="499"/>
							<String ID="string_263" HPOS="509" VPOS="1334" WIDTH="283" HEIGHT="21" WC="0.91" CONTENT="notariatverksamheten"/><SP WIDTH="9" VPOS="1334" HPOS="792"/>
							<String ID="string_264" HPOS="801" VPOS="1334" WIDTH="75" HEIGHT="21" WC="0.92" CONTENT="allena"/>
						</TextLine>
						<TextLine ID="line_35" HPOS="114" VPOS="1368" WIDTH="521" HEIGHT="29">
							<String ID="string_265" HPOS="114" VPOS="1369" WIDTH="36" HEIGHT="21" WC="0.96" CONTENT="för"/><SP WIDTH="16" VPOS="1369" HPOS="150"/>
							<String ID="string_266" HPOS="166" VPOS="1368" WIDTH="36" HEIGHT="28" WC="0.93" CONTENT="sig"/><SP WIDTH="15" VPOS="1368" HPOS="202"/>
							<String ID="string_267" HPOS="217" VPOS="1368" WIDTH="21" HEIGHT="28" WC="0.93" CONTENT="ej"/><SP WIDTH="16" VPOS="1368" HPOS="238"/>
							<String ID="string_268" HPOS="254" VPOS="1368" WIDTH="107" HEIGHT="21" WC="0.90" CONTENT="lemnade"/><SP WIDTH="17" VPOS="1368" HPOS="361"/>
							<String ID="string_269" HPOS="378" VPOS="1368" WIDTH="130" HEIGHT="29" WC="0.90" CONTENT="tillräcklig"/><SP WIDTH="15" VPOS="1368" HPOS="508"/>
							<String ID="string_270" HPOS="523" VPOS="1368" WIDTH="112" HEIGHT="22" WC="0.96" CONTENT="utkomst."/>
						</TextLine>
					</TextBlock>
					<TextBlock ID="block_5" HPOS="114" VPOS="1402" WIDTH="763" HEIGHT="63">
						<TextLine ID="line_36" HPOS="182" VPOS="1402" WIDTH="694" HEIGHT="28">
							<String ID="string_271" HPOS="182" VPOS="1402" WIDTH="83" HEIGHT="21" WC="0.92" CONTENT="Redan"/><SP WIDTH="16" VPOS="1402" HPOS="265"/>
							<String ID="string_272" HPOS="281" VPOS="1402" WIDTH="45" HEIGHT="21" WC="0.93" CONTENT="den"/><SP WIDTH="17" VPOS="1402" HPOS="326"/>
							<String ID="string_273" HPOS="343" VPOS="1402" WIDTH="204" HEIGHT="28" WC="0.91" CONTENT="omständigheten"/><SP WIDTH="15" VPOS="1402" HPOS="547"/>
							<String ID="string_274" HPOS="562" VPOS="1405" WIDTH="36" HEIGHT="18" WC="0.93" CONTENT="att"/><SP WIDTH="10" VPOS="1405" HPOS="598"/>
							<String ID="string_275" HPOS="608" VPOS="1403" WIDTH="268" HEIGHT="21" WC="0.91" CONTENT="notariatinstitutionen"/>
						</TextLine>
						<TextLine ID="line_37" HPOS="114" VPOS="1436" WIDTH="763" HEIGHT="29">
							<String ID="string_276" HPOS="114" VPOS="1437" WIDTH="98" HEIGHT="22" WC="0.92" CONTENT="sälunda"/><SP WIDTH="16" VPOS="1437" HPOS="212"/>
							<String ID="string_277" HPOS="228" VPOS="1437" WIDTH="8" HEIGHT="20" WC="0.96" CONTENT="i"/><SP WIDTH="15" VPOS="1437" HPOS="236"/>
							<String ID="string_278" HPOS="251" VPOS="1443" WIDTH="29" HEIGHT="15" WC="0.96" CONTENT="en"/><SP WIDTH="17" VPOS="1443" HPOS="280"/>
							<String ID="string_279" HPOS="297" VPOS="1437" WIDTH="39" HEIGHT="21" WC="0.93" CONTENT="del"/><SP WIDTH="15" VPOS="1437" HPOS="336"/>
							<String ID="string_280" HPOS="351" VPOS="1436" WIDTH="163" HEIGHT="23" WC="0.92" CONTENT="kulturländer"/><SP WIDTH="16" VPOS="1436" HPOS="514"/>
							<String ID="string_281" HPOS="530" VPOS="1440" WIDTH="25" HEIGHT="18" WC="0.93" CONTENT="är"/><SP WIDTH="15" VPOS="1440" HPOS="555"/>
							<String ID="string_282" HPOS="570" VPOS="1437" WIDTH="103" HEIGHT="28" WC="0.90" CONTENT="förenlig"/><SP WIDTH="13" VPOS="1437" HPOS="673"/>
							<String ID="string_283" HPOS="686" VPOS="1437" WIDTH="53" HEIGHT="21" WC="0.93" CONTENT="med"/><SP WIDTH="11" VPOS="1437" HPOS="739"/>
							<String ID="string_284" HPOS="750" VPOS="1437" WIDTH="127" HEIGHT="22" WC="0.92" CONTENT="sakförare-"/>
						</TextLine>
					</TextBlock>
				</ComposedBlock>
			</PrintSpace>
		</Page>
	</Layout>
</alto>
