1111 1764
331 131 20 20 U.
368 131 20 20 B.
405 143 26 2 —
448 131 58 26 Prop.
523 131 34 21 N:o
573 131 20 21 8.
793 133 25 20 27

89 207 47 16 nen
160 200 20 28 ej
203 199 27 28 af
249 199 83 27 nöden,
348 199 39 21 der
403 199 19 28 ej
438 199 84 22 sådant
536 199 81 22 önskas
633 199 30 26 af
674 201 108 27 sakegare
799 201 52 21 eller

86 234 108 28 päkallas
210 233 28 28 af
250 233 59 22 hvad
324 233 8 22 i
347 233 28 22 35
389 234 14 27 $
418 233 98 28 stadgas.

157 268 39 22 Då
212 269 129 21 testamente
357 268 126 27 upprättas,
498 267 57 22 skall
570 267 8 21 i
589 268 136 26 protokollet
739 270 112 26 upptagas

87 303 117 22 motariens
220 302 38 22 och
273 302 113 21 vittnenas
401 301 98 28 intygan
514 303 32 20 att
556 303 141 20 testamentet
705 303 89 28 gjordes
802 303 49 22 med

87 337 72 22 sundt
181 337 37 21 och
240 336 55 27 fullt
314 335 104 28 förständ
442 336 38 21 och
500 335 28 28 af
546 336 32 27 fri
600 335 62 29 vilja.
694 337 17 21 I
721 337 131 27 protokollet

91 372 68 21 varde
175 371 39 22 ock
230 370 138 22 antecknadt
381 371 33 20 att
428 370 102 22 vittnena
542 370 33 27 pä
591 377 28 15 en
633 370 64 29 gäng
712 371 110 22 närvarit.

394 434 27 21 35
436 435 14 25 &
466 434 37 28 (34
518 433 27 28 8).

157 474 88 21 Finnes
261 473 111 29 sakegaro
387 481 57 14 vara
459 473 47 26 döf,
522 475 61 20 stum
599 473 58 22 eller
674 474 68 28 eljest
753 474 97 22 oförmö-

88 515 45 21 gen
155 510 35 19 att
212 508 54 27 tala,
282 507 44 22 och
342 511 25 18 är
382 508 45 21 han
444 508 20 28 ej
481 507 156 29 skrifkunnig,
655 508 62 21 skall
732 510 29 20 ett
774 509 76 21 vittne

91 543 106 22 tillkallas
220 543 39 21 och
282 543 110 21 dessutom
408 549 28 15 en
448 549 92 20 person,
555 542 37 21 för
607 542 100 22 hvilken
723 543 128 28 sakegaren

89 577 47 21 kan
152 580 56 25 göra
224 577 36 28 sig
276 576 106 22 förstädd
397 576 44 22 och
456 583 49 15 som
521 576 103 29 ätnjuter
639 576 60 22 hans
710 577 140 22 förtroende.

89 605 34 27 Är
138 611 110 28 sakegare
263 611 75 28 blind,
353 611 71 21 varde
440 611 42 21 ock
498 611 75 21 vittne
590 611 68 21 alltid
674 611 129 22 tillkalladt
816 613 35 20 att

89 645 42 21 vid
146 645 174 28 förrättningen
336 648 106 18 närvara.

394 709 28 21 36
439 710 13 25 8
467 708 37 28 (35
520 708 28 29 8).

158 748 104 28 Uppstär
284 748 42 21 hos
344 748 90 22 notarie
450 748 85 22 tvifvel
551 755 36 15 om
603 748 125 29 sakegares
743 749 108 28 behörig-

90 782 41 22 het
154 785 34 19 att
204 783 106 28 företaga
326 783 150 28 rättsärende,
492 790 49 14 som
557 786 24 18 är
597 783 8 21 i
621 783 74 29 fräga,
712 783 58 21 eller
784 783 67 29 eljest

90 824 37 14 om
150 818 52 21 dess
224 817 118 29 giltighet,
366 817 181 29 tillkännagifve
563 818 51 21 sina
629 818 147 21 tvifvelsmäl
792 820 60 19 samt

90 851 114 22 anteckne
228 852 8 20 i
258 851 143 29 protokollet
422 851 88 29 jemväl
525 851 62 21 hvad
603 852 24 20 af
643 852 113 28 sakegare
772 852 80 22 härtill

90 886 122 28 genmälts.

394 915 27 21 37
438 916 13 25 8
468 915 36 27 (36
519 914 27 29 $).

159 954 97 22 Notarie
278 961 55 14 vare
354 954 87 28 pliktig
464 956 36 20 att
522 954 104 22 försäkra
649 955 37 29 sig
701 962 37 15 om
754 958 35 19 att
804 956 47 21 han

90 989 85 28 riktigt
196 988 121 30 uppfattat
341 988 123 29 sakegares
487 989 58 28 vilja
568 991 67 26 samt,
658 989 41 22 der
722 990 46 22 han
783 990 69 28 hyser

91 1024 85 21 tvifvel
198 1030 37 14 om
258 1023 87 21 dennes
368 1023 106 29 förmåga
489 1025 35 20 att
538 1026 48 19 rätt
601 1024 99 22 bedöma
715 1024 137 28 betydelsen

66 1054 52 25 af
139 1058 39 21 det
198 1056 181 30 ifrågavarande
395 1057 103 26 ärendet,
514 1057 76 22 lemna
605 1058 86 22 honom
707 1058 73 29 nödig
794 1066 58 22 upp-

92 1092 101 28 lysning.

397 1121 27 21 38
440 1122 13 26 $
469 1121 37 28 (37
522 1122 28 27 8).

161 1156 32 26 Är
209 1161 113 28 sakegare
338 1160 75 22 okänd
429 1161 37 21 för
482 1161 97 25 notarie,
595 1161 42 21 bör
653 1160 76 22 denne
739 1161 115 23 förskaffa

92 1196 37 29 sig
149 1196 89 22 visshet
259 1202 37 15 om
320 1195 57 21 hans
399 1202 85 22 person
508 1195 43 22 och
571 1195 8 21 i
597 1195 144 29 protokollet
756 1196 98 28 angifva

93 1230 60 22 huru
175 1230 40 22 det
237 1230 69 21 skett.
336 1230 55 21 Kan
414 1229 72 22 sådan
506 1229 91 22 visshet
612 1230 20 28 ej
648 1230 91 26 vinnas,
756 1234 43 18 och
815 1231 39 28 på-

92 1266 71 27 yrkas
186 1264 91 22 ändock
301 1264 120 22 notariens
444 1264 97 26 biträde,
567 1264 59 22 skall
652 1264 202 22 sakförhällandet

95 1299 45 22 och
162 1299 61 21 hvad
242 1299 38 21 till
294 1298 166 22 fastställande
476 1299 25 21 af
515 1298 44 22 den
575 1299 104 22 okändes
695 1306 84 22 person
794 1300 60 21 inlu-

93 1334 36 28 pit
143 1334 9 21 i
166 1333 142 29 protokollet
324 1335 122 27 upptagas.

397 1397 29 22 39
442 1398 12 26 8
470 1396 36 29 (38
522 1398 29 27 8).

163 1436 225 29 Notariatprotokoll
416 1437 68 29 skall,
509 1437 72 25 innan
607 1437 38 22 det
671 1437 183 28 underskrifves,
