1109 1770
254 141 32 35 20
568 144 42 21 N:o
626 144 26 21 17

229 214 55 27 diga
299 213 8 21 i
323 212 139 29 skjutslaget
477 215 100 25 uttagas,
593 212 29 21 30
636 212 65 21 mark
716 213 30 27 på
755 213 118 27 mantalet,
884 213 107 28 erlägges

228 247 173 29 trefjerdedelar
416 246 25 22 af
454 246 38 21 det
507 246 186 28 öfverskjutande
708 246 109 28 beloppet
832 254 27 13 ur
874 247 118 21 allmänna

229 282 84 27 medel;
333 281 44 22 och
393 281 40 21 bör
448 280 160 29 kronofogden
622 280 40 21 vid
676 281 166 21 kostnadernas
858 280 133 30 fördelning

228 317 99 20 uträkna
340 315 86 29 jemväl
446 315 43 21 den
506 315 73 28 andel,
596 322 47 14 som
660 315 96 21 sålunda
770 323 28 13 ur
813 315 116 22 allmänna
945 323 46 14 me-

229 351 37 20 del
281 351 47 21 kan
343 350 92 21 komma
451 352 33 19 att
500 350 111 27 erläggas.

578 413 28 20 28
621 414 19 25 S.

300 448 70 26 Öfver
397 452 153 22 kostnaderna
575 452 36 22 för
633 452 183 28 skjutsväsendet
840 452 89 28 åligger
952 453 39 21 det

231 487 161 29 kronofogden
415 489 33 19 att
471 487 108 21 särskildt
599 486 35 22 för
652 486 80 28 hvarje
752 486 114 29 skjutslag
881 490 110 25 upprätta

230 522 43 21 och
295 522 38 20 till
350 521 79 28 hvarje
448 522 111 20 kommun
573 521 9 21 i
597 520 138 28 skjutslaget
756 520 136 22 öfversända
906 521 84 22 fördel-

229 555 149 29 ningslängd,
393 556 157 28 upptagande:

300 591 20 25 a)
336 590 108 28 samtliga
459 590 134 21 kostnaders
609 590 95 28 belopp;

299 624 23 27 b)
339 624 86 21 antalet
439 624 93 28 mantal,
549 632 50 13 som
614 624 86 28 påförts
715 624 79 28 hvarje
804 624 36 22 till
852 624 138 28 skjutslaget

229 658 102 22 hörande
352 658 110 22 kommun
482 658 55 21 eller
551 658 95 28 uppgift
661 666 37 14 om
714 666 75 14 annan
804 658 76 28 grund
895 658 35 22 för
944 659 46 21 för-

230 693 126 28 delningen
365 692 23 22 af
396 693 70 27 sagda
476 692 124 22 kostnader
610 693 164 21 kommunerna
782 693 104 27 emellan,
895 693 93 22 hvarom

230 727 170 22 vederbörande
416 727 156 29 tilläfventyrs
586 727 90 21 förenat
691 727 46 28 sig;

300 763 20 26 c)
335 761 109 29 beloppet
462 761 23 21 af
500 762 79 28 hvarje
594 762 121 21 kommuns
731 762 66 21 andel
813 762 8 20 i
835 762 155 22 kostnaderna

230 796 70 28 jemte
316 796 98 21 särskild
428 796 94 28 uppgift
538 803 36 14 om
592 796 114 21 storleken
722 796 23 21 af
759 796 99 22 kronans
874 796 68 22 andel
954 796 37 22 för

230 830 52 22 dess
302 830 64 22 inom
384 830 138 21 kommunen
539 830 156 28 tilläfventyrs
711 830 119 28 befintliga
845 831 144 28 skogsmark;

300 865 22 27 d)
343 864 44 22 den
410 865 66 21 andel
499 865 23 21 af
541 865 160 28 kostnaderna,
722 873 48 13 som
786 866 73 27 enligt
874 866 14 20 9
904 866 42 21 och
961 866 28 21 27

231 901 27 26 88
274 899 69 28 utgår
357 906 27 14 ur
399 899 115 21 allmänna
528 899 84 27 medel;

300 935 20 26 e)
336 933 94 28 uppgift
449 933 37 21 till
501 933 68 22 hvem
585 941 29 14 en
629 933 67 22 hvars
712 933 68 22 andel
796 934 58 21 skall
870 934 120 22 utbetalas.

580 997 27 21 29
622 1000 19 24 &.

298 1037 258 21 Kommunalnämnden
573 1037 89 28 uppbär
676 1037 70 28 jemte
757 1037 75 28 öfriga
842 1037 148 22 kommunala

231 1071 119 29 utskylder
365 1071 28 22 de
408 1071 8 21 i
431 1079 67 14 mom.
514 1079 18 20 a,
549 1071 15 22 b
580 1072 43 21 och
638 1071 15 22 d
668 1072 28 21 22
712 1073 13 26 &
741 1071 151 22 omförmälda
906 1071 84 30 skjuts-

232 1106 106 29 skyldige
354 1105 123 29 äliggande
493 1105 125 29 afgifterna
632 1105 36 22 för
683 1106 185 29 skjutsväsendet
883 1109 59 19 samt
956 1106 35 22 öf-

230 1141 129 21 verlemnar
378 1140 115 22 desamma
511 1141 36 20 till
568 1143 200 26 entreprenörerne
783 1140 35 22 för
833 1141 28 21 de
877 1141 113 28 skjutsan-

232 1175 84 28 stalter,
340 1175 36 21 till
399 1175 79 21 hvilka
497 1175 76 21 denna
591 1175 37 22 del
644 1175 23 21 af
681 1175 153 22 kostnaderna
850 1175 74 28 enligt
939 1175 51 22 kro-

231 1209 129 28 nofogdens
374 1209 218 28 fördelningslängd
606 1209 41 22 bör
662 1209 121 22 utbetalas.

300 1243 35 22 De
350 1243 36 22 för
400 1244 100 21 kronans
520 1244 162 28 skogsmarker
697 1247 59 18 samt
770 1243 36 22 för
821 1243 71 29 öfrigt
908 1251 26 14 ur
950 1244 40 21 all-

232 1281 84 18 männa
330 1278 75 21 medel
419 1278 116 29 utgäende
550 1278 85 29 belopp
651 1279 65 21 skola
726 1285 83 22 genom
819 1278 171 28 kronofogdens

232 1312 90 28 försorg
341 1313 169 21 vederbörande
530 1313 195 27 tillhandahällas,
744 1313 42 21 och
805 1313 132 21 ankommer
952 1313 39 21 det

232 1347 13 21 &
268 1346 160 29 kronofogden
450 1350 40 25 att,
514 1347 58 21 efter
596 1347 118 21 inhemtad
734 1347 124 28 utredning
877 1346 114 22 huruvida

232 1381 43 22 och
290 1382 8 21 i
312 1381 62 22 hvad
393 1382 53 21 män
461 1382 29 21 de
504 1381 131 22 beräknade
650 1381 153 22 kostnaderna
818 1389 84 21 genom
917 1381 73 22 öfver-

232 1416 166 22 enskommelse
417 1416 53 22 med
484 1418 148 26 entreprenör
648 1416 55 21 eller
717 1417 30 27 pä
762 1418 70 20 annat
847 1418 47 20 sätt
909 1416 81 22 efterät

232 1450 154 30 tilläfventyrs
408 1451 125 28 nedbragts
556 1453 60 19 samt
638 1450 118 29 angäende
776 1450 37 22 det
831 1450 91 29 belopp,
942 1458 48 14 som
