1053 1653
181 116 13 20 4
425 113 22 22 U.
464 113 21 22 B.
503 126 25 3 —
545 113 61 27 Prop.
623 112 34 23 N:o
673 113 20 22 7.

470 211 178 22 Reservation.

251 281 57 28 Lag-
324 280 44 22 och
382 279 224 22 Ekonomiutskottet
622 279 40 21 har
678 279 58 21 efter
749 280 142 27 omröstning
903 279 36 22 be-

182 316 68 21 slutat
273 314 147 22 oförändradt
443 314 122 28 godkänna
587 313 44 21 den
653 313 84 29 nädiga
754 314 184 28 propositionens

181 350 87 28 förslag
286 349 35 21 till
336 348 134 28 förordning
492 348 118 28 angäende
632 348 248 28 taxeringsgrunderna
903 348 36 22 för

181 384 61 22 vissa
257 384 107 28 kyrkliga
380 382 108 29 afgälder.

250 418 36 22 Dä
300 417 41 29 jag
356 417 123 21 emellertid
500 416 73 22 finner
589 416 38 22 det
642 416 113 28 ogentligt
770 418 34 20 att
820 416 7 22 i
841 417 98 28 lagstift-

181 454 114 27 ningsväg
315 452 111 21 fastställa
445 458 27 14 en
491 451 42 21 och
554 458 84 14 samma
658 451 74 27 grund
752 451 36 21 för
809 452 130 28 uttaxering

182 488 26 21 af
220 487 108 29 kyrkliga
351 486 108 28 afgälder,
483 485 93 21 afsedda
595 485 36 21 för
650 485 74 27 behof,
744 492 49 14 som
812 485 47 21 dels
878 488 61 19 ännu

181 522 51 21 icke
250 521 123 21 förefinnes
392 520 43 21 och
454 520 49 21 icke
523 519 90 22 därföre
631 526 39 14 ens
689 520 89 21 kunnat
793 520 146 28 namngifvas

182 558 55 19 utan
260 557 70 19 mäste
354 555 122 27 inrymmas
495 554 7 21 i
521 554 38 21 det
582 554 67 28 högst
672 554 132 21 obestämda
827 555 112 28 uttrycks-

183 592 67 20 sättet
269 598 29 17 m,
318 597 37 18 m.,
376 588 47 22 dels
443 591 38 19 äro
502 588 25 22 af
543 588 69 29 högst
630 588 61 22 olika
709 591 67 19 natur
796 589 144 22 sinsemellan

183 627 73 20 säsom
271 627 15 18 t.
303 632 35 13 ex.
353 623 117 22 bildandet
485 623 26 21 af
524 623 107 28 kyrkliga
646 623 107 22 diakonat
766 623 44 22 och
820 623 120 22 underhäll

183 659 26 21 af
229 658 133 22 barnskolor
384 659 57 19 samt
464 657 71 28 inköp
558 657 25 21 af
604 657 280 29 undervisningsmaterial
904 658 36 21 för

183 694 78 21 hvilka
285 692 80 22 behofs
387 692 102 28 fyllande
509 692 113 27 sakenligt
642 692 60 21 olika
723 692 217 28 taxeringsgrunder

183 728 78 22 kunna
283 727 87 25 tänkas,
394 728 57 20 samt
471 726 28 21 dä
518 726 38 21 det
575 726 26 21 af
618 726 110 21 utskottet
751 726 122 28 godkända
896 727 44 21 för-

183 762 72 28 slaget
276 762 35 21 till
329 761 135 27 förordning
483 760 94 21 innebär
595 762 33 19 ett
647 760 95 29 onödigt
761 761 93 28 intrång
873 761 6 21 i
895 761 45 21 för-

184 797 162 27 samlingarnes
363 795 155 28 själfstyrelse,
534 795 7 20 i
557 794 37 22 det
610 794 27 22 de
653 795 133 28 härigenom
802 796 89 21 komme
908 798 33 19 att

183 831 114 22 förmenas
320 832 74 20 rätten
414 832 33 19 att
466 830 80 21 förena
563 830 35 27 sig
617 836 36 14 om
673 837 28 13 en
722 837 76 14 annan
816 830 125 28 taxerings-

183 866 75 28 grund
277 868 28 18 än
324 865 44 21 den
387 864 7 21 i
410 864 163 28 förordningen
595 864 123 26 bestämda,
738 866 24 20 sä
781 864 41 22 har
836 864 40 29 jag
892 865 49 21 icke

184 900 87 22 kunnat
290 899 98 22 omfatta
406 898 123 22 utskottets
549 898 143 22 betänkande
711 901 54 19 utan
786 900 71 27 vägar
875 899 66 22 vörd-

184 937 57 19 samt
264 934 84 22 föreslå
370 936 33 19 att
425 933 127 21 Ständerna
575 933 52 21 ville
649 932 80 22 förena
752 933 34 29 sig
810 941 36 14 om
869 936 32 19 ett
917 935 24 20 sä

184 969 100 28 lydande

425 1013 94 28 Förslag
542 1012 32 22 till
592 1012 69 29 nådig
678 1013 133 28 förordning
830 1013 112 29 angående

357 1047 242 29 taxeringsgrunderna
609 1048 35 27 för
655 1048 56 21 vissa
722 1048 102 28 kyrkliga
835 1049 106 28 afgälder.

253 1118 35 21 De
304 1117 108 29 kyrkliga
431 1117 110 28 afgälder,
561 1116 36 22 för
613 1116 88 22 hvilkas
720 1117 130 28 uttaxering
865 1119 78 27 någon

185 1153 75 28 grund
282 1152 148 21 härförinnan
445 1151 20 28 ej
481 1151 74 21 finnes
576 1151 102 28 stadgad,
700 1151 69 26 skola,
789 1152 42 21 där
849 1153 92 26 försam-

185 1187 225 28 lingsmedlemmarne
425 1186 43 22 icke
483 1188 62 19 enats
560 1193 31 14 om
608 1193 78 14 annan
700 1187 82 26 grund,
799 1188 92 26 utgöras
904 1195 36 13 en-

185 1222 42 28 ligt
247 1221 44 22 den
310 1221 80 28 grund,
414 1228 47 14 som
485 1221 117 28 angående
625 1220 132 29 skyldighet
775 1223 34 19 att
828 1221 112 29 deltaga
929 1216 15 38 i

185 1256 123 29 byggande
331 1255 43 22 och
396 1255 119 22 underhåll
536 1255 25 21 af
577 1255 74 28 kyrka
666 1255 7 21 i
688 1255 87 22 landets
799 1256 141 28 evangelisk-

185 1291 117 21 lutherska
316 1289 159 29 församlingar
491 1289 107 29 stadgadt
613 1292 30 19 är.

684 1347 48 22 Otto
747 1348 25 21 A.
792 1348 80 22 Wrede.

365 1438 72 13 Helsingfors,
445 1438 58 12 Tidnings-
512 1438 9 9 &
528 1438 140 12 'Tryckerl-Aktiobolagets
674 1438 53 11 tryckeri,
737 1439 32 9 1905.
