1111 1739
336 128 20 21 U.
373 128 20 21 B.
410 140 27 2 —
453 128 58 27 Prop.
528 128 33 21 N:o
577 128 20 21 8.
796 128 27 22 33

91 204 52 15 vare
158 197 46 21 han
220 196 125 28 berättigad
360 198 33 20 att
407 196 79 28 fordra
497 196 102 28 lämpligt
607 195 103 28 förskott,
720 196 75 22 innan
806 196 45 22 han

89 231 88 22 skrider
192 230 34 22 till
241 230 117 28 åtgärden.

163 266 43 21 För
229 265 81 21 arvode
333 265 37 21 och
389 272 81 14 annan
484 264 144 28 godtgörelse,
645 272 47 14 som
708 265 87 21 notarie
811 264 42 22 till-

90 300 97 22 kommer
201 300 8 21 i
226 299 124 28 anledning
370 299 27 27 af
409 298 249 28 notariatförrättning,
675 306 38 21 ege
728 299 47 22 han
789 298 65 22 makt

89 337 36 19 att
147 333 123 23 kvarhålla
292 333 108 29 samtliga
422 333 140 27 handlingar
577 332 8 22 i
602 332 105 28 ärendet,
723 333 62 21 intill
801 333 52 21 dess

90 369 47 21 han
153 368 33 22 får
202 368 46 21 full
265 367 128 29 betalning.

395 432 25 20 61
439 433 12 25 &
467 431 37 27 (60
519 432 29 26 8).

159 471 95 22 Arvode
274 471 44 21 och
339 478 76 15 annan
430 471 155 29 godtgörelse,
602 478 50 14 som
669 471 28 21 af
710 471 89 21 notarie
816 472 37 21 be-

91 506 101 27 räknats,
217 505 60 21 skall
299 506 127 20 antecknas
442 506 13 20 å
470 505 124 29 originalet
618 505 38 21 till
679 505 174 22 vederbörande

91 540 94 22 urkund
200 540 26 21 så
241 540 43 21 ock
298 540 14 20 å
326 540 98 21 utskrift
439 540 70 21 deraf.
539 539 77 22 Sådan
630 540 133 28 ersättning
777 540 76 28 gånge

92 575 37 21 till
145 574 133 28 utmätning
293 574 75 21 såsom
383 581 37 14 om
435 574 216 28 expeditionslösen
663 574 59 21 eller
731 576 71 20 annat
813 574 40 28 dy-

92 610 45 21 likt
153 613 26 17 är
192 608 118 28 stadgadt.

161 644 83 21 Påstår
265 643 110 28 sakegare
397 643 41 21 vid
459 644 165 28 utmätningen
640 645 36 20 att
692 644 161 28 ersättningen

93 678 80 22 blifvit
195 678 37 21 för
257 677 58 28 högt
337 677 120 22 beräknad
481 678 43 20 och
546 677 43 22 vill
611 678 74 21 hafva
700 678 53 21 dess
769 678 84 28 belopp

92 712 122 22 faststäldt
236 712 27 21 af
276 712 220 21 notariatkammare
512 712 56 21 eller
583 712 108 27 domstol,
707 712 47 21 låte
769 714 84 19 utmät-

92 748 171 28 ningsmannen
287 746 53 21 med
362 746 209 29 verkställigheten
593 746 68 22 anstå
677 746 44 22 och
736 746 116 29 förelägge

93 781 133 29 klaganden
242 781 48 21 viss
305 781 36 21 tid
356 783 35 19 att
405 781 42 21 hos
463 781 249 28 utmätningsmannen
728 781 80 28 styrka
819 783 35 20 att

93 817 71 21 sådan
188 817 62 20 talan
273 815 81 22 blitvit
377 815 42 21 hos
442 815 174 22 vederbörande
632 815 220 22 notariatkammare

93 851 55 22 eller
170 850 100 21 domstol
285 850 7 21 i
308 849 119 22 notariens
445 849 90 22 hemort
551 849 195 29 anhängiggjord,
763 850 40 21 vid
819 851 34 21 äf-

92 889 85 24 ventyr
191 887 35 19 att
241 885 164 27 utmätningen
421 884 68 28 eljest
504 884 82 21 varder
602 884 109 21 slutförd.

393 989 28 21 62
437 989 12 26 8
465 987 35 29 (61
517 989 30 26 8).

161 1029 112 21 Närmare
289 1027 147 22 föreskrifter
447 1028 119 28 angående
576 1028 227 22 notariatväsendets
815 1036 39 21 ge-

93 1063 152 22 nomförand>
260 1063 8 21 i
284 1062 241 22 öfverensstämmelse
548 1062 52 22 med
616 1062 77 22 denna
710 1064 37 27 lag
763 1063 91 22 medde-

93 1099 34 21 las
144 1098 26 21 af
183 1097 108 22 Senaten.

393 1161 27 21 63
435 1161 13 26 $
464 1160 37 29 (62
518 1161 29 27 $).

162 1201 80 22 Denna
261 1201 39 28 lag
315 1200 79 22 träder
409 1200 8 22 i
431 1200 110 29 gällande
556 1200 64 22 kraft
636 1200 46 22 den
697 1213 28 4 —
740 1213 27 3 —
785 1213 25 4 —
826 1214 27 3 —

163 1374 84 28 Enligt
268 1373 40 22 det
330 1373 26 22 af
374 1373 123 22 Utskottet
512 1372 101 22 sälunda
628 1373 123 21 förordade
767 1373 86 28 lagför-

95 1409 75 29 slaget
191 1409 91 21 komme
304 1407 115 23 särskilda
441 1411 106 18 närmare
562 1407 176 29 bestämningar
753 1407 8 22 i
777 1409 77 20 ämnet

95 1447 35 19 att
144 1443 105 23 utfärdas
265 1443 26 21 af
304 1442 108 22 Senaten.
442 1442 71 21 Detta
529 1445 25 18 är
568 1442 52 21 icke
632 1442 118 21 allenasti
760 1442 94 22 allmän-
