1109 1767
235 158 13 21 2
555 156 40 21 N:o
611 157 12 20 9

206 226 7 20 i
229 226 78 21 staden
324 224 52 22 eller
391 225 29 27 på
435 224 80 26 landet,
532 224 39 21 allt
585 230 46 16 som
647 224 38 21 det
699 226 88 20 snarast
802 225 38 21 ske
855 225 51 21 kan.
935 225 32 22 Ar

206 260 69 21 vittne
291 259 67 27 sjukt,
374 259 65 21 varde
455 258 28 22 då
498 258 84 22 hemma
598 258 95 21 afhördt.

275 289 31 26 Är
322 293 48 27 den,
386 299 45 15 som
447 294 7 21 i
469 292 104 22 brottmål
589 292 105 27 åberopas
710 293 33 21 till
757 293 70 22 vittne
840 294 52 21 eller
902 294 64 21 hvars

206 328 97 22 hörande
326 334 81 15 annars
429 328 64 21 äskas
512 326 33 22 för
560 327 107 21 vinnande
683 326 24 22 af
719 327 131 28 upplysning
865 328 7 21 i
887 328 79 22 sådant

206 362 49 27 mål,
271 362 101 27 fängslad
387 362 52 21 eller
453 362 44 21 kan
512 361 42 21 han
570 361 33 21 för
619 367 72 15 annan
706 361 62 28 giltig
779 362 64 21 orsak
854 362 18 28 ej
883 362 83 22 infinna

205 397 34 27 sig
249 396 35 22 vid
295 396 42 22 den
346 396 99 26 domstol,
455 396 37 22 der
500 396 67 21 saken
575 395 124 25 behandlas,
709 402 52 15 vare
768 396 35 27 lag
811 397 61 21 som
864 391 13 37 i
890 398 2 19 I
903 403 61 15 mom.

205 433 70 25 säges,
285 430 39 22 der
333 430 18 27 ej
360 430 91 21 vittnets
462 432 92 19 närvaro
565 430 87 27 pröfvas
661 436 52 15 vara
720 430 34 21 för
762 431 78 21 sakens
848 431 118 27 utredning

206 465 129 27 nödvändig.
359 460 32 26 Är
407 465 39 21 den
463 464 108 21 tilltalade
581 464 82 21 häktad
674 464 51 21 eller
735 465 43 21 kan
789 465 42 21 han
842 465 34 21 för
888 465 77 22 medel-

206 499 71 22 löshet
292 499 18 27 ej
327 499 64 21 ställa
407 497 86 28 ombud,
509 498 102 21 förordne
626 500 79 25 rätten,
722 498 57 27 eller,
796 499 37 22 der
849 499 38 22 det
902 505 63 16 anses

206 533 133 28 lämpligare,
351 533 29 27 på
388 533 48 21 dess
444 533 95 26 begäran
552 533 41 21 den
607 532 99 27 domstol,
717 533 36 21 vid
768 533 85 22 hvilken
869 533 97 22 förhöret

205 567 56 22 skall
277 568 44 26 ske,
339 574 25 15 en
380 567 111 22 sakförare
515 567 51 21 eller
589 573 72 15 annan
679 567 90 27 skicklig
787 574 79 21 person
881 570 34 19 att
930 569 34 20 vid

206 602 98 21 förhöret
319 602 84 21 bevaka
419 601 40 22 den
475 601 117 22 tilltalades
603 603 51 20 rätt.
678 601 79 22 Finnes
768 602 35 21 det
814 602 66 21 sedan
889 603 76 27 nödigt

206 638 34 20 att
255 639 49 25 nytt
319 636 74 22 förhör
409 636 103 22 anställes
527 636 35 21 vid
578 636 40 21 den
634 637 52 26 rätt,
703 636 38 21 der
751 636 64 22 målet
826 637 138 28 handlägges,

205 671 36 22 må
257 671 41 22 den
314 671 74 21 derom
403 670 110 22 förordna.

415 739 92 27 Nådigst
529 739 101 27 godkänd
649 739 7 21 i
675 739 114 28 Tsarskoje
808 739 55 27 Selo,
880 740 41 21 den
939 741 26 20 19

345 773 97 22 Oktober
457 774 20 27 (1
494 773 129 27 November)
642 775 61 20 1904.

425 842 377 28 Ministerstatssekreteräreadjoint
817 843 118 22 Oerstroem.

322 1468 133 24 Helsingfors,
467 1468 113 23 Kejserliga
593 1468 96 18 Senatens
701 1468 90 24 tryckeri,
805 1470 49 17 1094.
