1109 1761
436 120 57 23 N:o
511 120 42 22 10

322 330 75 25 Hans
415 329 181 34 Kejserliga
619 329 152 35 Majestäts
789 329 88 35 nådiga

252 376 152 34 proposition
415 376 40 26 till
465 376 109 25 Finlands
584 376 103 26 Stånder
696 375 121 35 angående
826 379 50 24 rät-

252 420 253 35 tegångsfullmäktige
533 422 45 25 och
605 421 272 35 sakförareföreningar.

184 497 78 21 Sedan
281 496 116 21 Finlands
417 496 40 21 vid
480 498 53 20 1900
551 496 38 21 års
605 496 117 28 landtdag
737 496 140 22 församlade

116 531 101 22 Ständer
235 530 37 22 uti
292 530 103 28 afgifvet
409 537 53 15 svar
477 530 30 28 på
521 530 68 21 Hans
604 530 136 28 Kejserliga
754 530 123 29 Majestäts

115 566 87 28 nådiga
222 565 146 28 proposition
389 564 122 28 angående
525 565 292 28 rättegängsfullmäktige
833 565 43 22 och

116 599 258 28 sakförareföreningar
389 599 9 21 i
413 598 189 29 underdånighet
623 599 90 21 anmält
733 601 35 19 att
783 599 40 22 vid
839 600 38 21 be-

115 634 145 28 handlingen
281 633 27 21 af
325 632 72 30 sagda
416 632 146 29 proposition
578 632 75 22 sådan
669 633 208 29 samstämmighet,

116 676 49 16 som
184 668 37 22 för
236 667 117 29 lagenligt
368 667 174 21 ständerbeslut
557 667 8 21 i
580 667 87 28 frågan
683 674 55 14 vore
753 668 27 21 af
793 668 83 28 nöden,

116 704 52 22 icke
190 703 91 21 kunnat
303 702 73 27 ernås,
393 701 42 22 har
449 702 67 21 Hans
531 701 113 29 Majestät
662 702 8 20 i
688 702 72 21 nåder
774 702 55 22 låtit
845 702 32 22 vi-

116 738 55 22 dare
194 736 107 30 åtgärd
292 731 13 39 i
318 736 128 28 anledning
468 736 27 21 af
516 735 73 29 sagda
609 736 148 28 proposition
775 736 102 29 förfalla,

116 780 53 14 men
184 772 78 21 tillika
277 770 108 22 anbefalt
401 770 102 22 Senaten
519 772 35 20 att
568 770 121 21 inkomma
705 770 53 22 med
773 773 54 26 nytt
835 778 42 14 un-

116 806 124 28 derdånigt
255 804 90 30 förslag
361 805 37 21 till
417 804 146 29 proposition
578 804 9 22 i
603 808 80 18 ämnet
700 805 38 21 för
755 807 36 20 att
809 806 68 22 Stän-

116 842 72 21 derna
203 840 40 22 vid
258 842 70 19 nästa
342 839 99 29 lagtima
456 838 115 29 landtdag
587 839 142 28 föreläggas.

185 876 47 21 Vid
246 874 165 29 uppgörandet
431 874 26 21 af
476 874 65 21 detta
561 874 91 28 förslag
671 874 42 21 har
728 874 72 28 tagits
815 875 9 21 i
839 875 38 21 be-

117 909 125 23 traktande
259 911 36 19 att
310 908 45 21 den
371 910 48 19 rätt
433 910 36 19 att
483 907 42 22 vid
541 908 173 21 öfverrätterne
729 908 53 21 med
793 909 84 22 andras

116 943 149 24 uteslutande
281 943 76 21 såsom
373 942 290 29 rättegångsfullmäktige
677 942 94 29 betjena
781 943 97 22 allmän-

116 981 76 26 heten,
201 978 97 22 hvilken
306 985 85 21 genom
403 977 169 28 förordningen
584 977 45 21 den
641 979 27 20 23
679 977 132 22 November
824 980 53 20 1898

116 1014 91 28 tillagts
223 1013 28 22 de
266 1011 167 29 rättskunnige
448 1011 158 28 sakförarene,
622 1011 107 28 påkallar
744 1014 35 19 ett
793 1012 85 22 sådant

117 1048 119 22 ordnande
252 1047 27 21 af
292 1045 303 23 sakförareförhållandena
610 1046 9 20 i
637 1045 88 29 landet,
748 1048 35 20 att
805 1046 73 30 nödig

116 1082 118 29 reglering
250 1081 44 22 och
310 1080 103 22 kontroll
429 1080 26 21 af
467 1080 164 22 sakförarenes
642 1080 150 22 verksamhet
802 1081 75 23 ernäs.

117 1117 118 29 Derjemte
255 1116 42 22 bör
315 1114 111 22 afseende
442 1115 73 21 fästas
531 1114 61 28 derä,
610 1117 37 19 att
661 1117 58 19 utan
734 1114 145 30 förbättring

118 1152 26 22 af
158 1149 240 28 sakförareväsendet,
421 1156 50 14 som
490 1149 38 21 för
546 1149 148 21 närvarande
709 1153 26 17 är
751 1149 126 22 otillfreds-

117 1185 121 28 ställande,
256 1184 45 21 den
317 1183 125 22 tillernade
457 1183 117 21 reformen
590 1183 27 21 af
626 1183 253 28 rättegängsväsendet

117 1221 7 20 i
140 1220 80 21 landet
235 1219 52 21 icke
302 1218 60 21 låter
377 1217 37 28 sig
429 1217 156 28 genomföras.
610 1217 56 21 Men
681 1217 53 22 med
749 1217 128 30 anledning

118 1255 26 21 af
158 1254 40 21 vid
213 1256 92 19 senaste
320 1252 115 29 landtdag
454 1251 106 22 uttalade
584 1251 191 29 betänkligheter
791 1252 86 22 beträf-

117 1289 71 22 fande
207 1296 29 14 en
253 1287 80 22 alltför
351 1289 48 19 stor
417 1286 173 29 inskränkning
600 1286 9 21 i
619 1289 66 26 parts
702 1289 47 19 rätt
764 1289 35 19 att
814 1287 65 29 välja

118 1323 86 22 ombud
219 1323 43 21 har
276 1322 36 21 uti
327 1321 40 22 det
381 1328 46 21 nya
438 1321 115 28 förslaget
564 1320 161 22 medlemmars
737 1321 26 21 af
773 1321 105 22 sakföra-

117 1358 135 27 reförening
267 1355 150 22 uteslutande
433 1357 47 19 rätt
496 1358 35 18 att
547 1355 79 21 drifva
636 1355 47 21 mål
693 1355 136 22 inskränkts
840 1356 37 21 till

118 1393 176 25 öfverrätterne,
322 1389 130 28 hvarjemte
475 1389 115 22 särskilda
619 1389 26 21 af
664 1389 155 28 lagutskottet
837 1390 40 21 vid

117 1426 101 23 nämnda
228 1425 115 28 landtdag
360 1424 134 28 föreslagna
509 1423 128 28 ändringar
648 1424 34 21 uti
693 1423 114 30 förslaget
820 1431 56 15 vun-
