1111 1764
291 143 13 20 2
520 140 20 21 U.
557 140 21 21 B.
595 151 26 3 —
636 139 58 27 Prop.
711 139 34 21 N:o
761 139 21 22 9.

263 208 171 29 öfvervägende
457 208 42 21 och
515 207 7 22 i
538 207 73 22 sinom
632 207 32 21 tid
686 207 118 22 inkomma
818 208 52 21 med
888 208 86 28 förslag
990 208 33 21 till

262 243 129 29 stadgande
406 243 8 20 i
429 245 83 19 ämnet.

331 278 13 21 I
369 277 124 28 anledning
512 276 67 22 häraf
592 276 40 21 har
648 276 102 22 komitén
765 277 113 28 uppgjort
893 279 33 19 ett
940 277 85 28 lagför-

263 313 56 28 slag,
343 319 49 14 som
408 312 7 21 i
430 311 130 22 hufvudsak
583 311 72 28 ligger
677 311 36 22 till
733 311 75 28 grund
824 312 36 21 för
875 312 150 22 förevarande

262 347 86 28 nådiga
365 345 147 30 proposition.
536 345 106 22 Rörande
658 345 28 22 de
701 346 151 28 synpunkter,
869 353 48 15 som
929 347 39 21 vid
979 347 46 28 lag-

263 382 123 27 förslagets
408 380 150 22 utarbetande
580 380 60 22 varit
662 380 36 21 för
720 380 103 22 komitén
845 381 180 26 bestämmande,

263 417 41 21 har
320 415 102 22 komitén
444 415 133 25 framhållit,
597 415 108 21 hurusom
727 415 180 28 olägenheterna
921 415 25 22 af
959 416 67 21 straf-

264 451 93 28 fångars
371 449 143 23 utsändande
530 449 34 22 till
575 449 98 22 domstol
684 449 36 22 för
728 452 34 19 att
770 449 67 23 höras
848 453 75 19 såsom
934 451 91 21 vittnen

263 485 56 22 eller
343 485 66 28 eljest
430 484 36 22 för
487 484 116 22 vinnande
625 484 25 21 af
664 484 143 29 upplysning
821 485 8 20 i
845 485 108 22 brottmål
968 488 57 19 utan

264 519 84 22 tvifvel
364 519 77 21 blefve
451 519 7 21 i
468 518 114 29 väsentlig
597 520 53 19 mån
665 518 138 29 aflägsnade,
812 527 37 14 om
863 519 38 22 det
911 522 29 26 på
950 520 75 28 grund

265 554 26 22 af
302 555 15 21 4
333 554 14 29 8
364 555 24 20 17
405 553 53 29 kap.
480 553 229 28 Rättegångsbalken
731 553 7 21 i
754 553 116 22 tvistemål
893 554 132 29 tillämpade

263 588 143 23 förfarandet
424 590 34 19 att
472 588 82 25 vittne,
569 595 48 14 som
634 591 24 18 är
672 587 87 28 fjärran
775 588 88 22 boende
879 589 55 21 eller
949 589 26 22 af
988 597 37 14 an-

263 631 46 14 nan
328 623 53 28 laga
396 623 67 21 orsak
479 622 19 28 ej
515 622 44 22 kan
576 622 92 21 inställa
684 622 34 28 sig
733 622 62 22 inför
810 623 44 21 den
869 625 53 23 rätt,
938 623 39 21 der
992 631 33 14 sa-

263 658 46 22 ken
325 660 25 19 är
365 657 122 29 anhängig,
504 657 65 22 höres
584 656 60 22 inför
659 659 115 19 närmaste
783 660 52 23 rätt,
847 658 73 21 skulle
930 660 95 20 utsträc-

263 693 41 21 kas
329 692 68 22 äfven
420 692 36 22 till
478 692 115 21 brottmål.
622 692 42 21 Ett
686 692 147 28 fullständigt
854 692 146 23 likställande
1018 694 7 21 i

263 728 65 21 detta
344 726 107 22 afseende
466 726 26 22 af
504 726 109 22 brottmål
630 726 52 22 med
706 726 115 22 tvistemål
837 729 71 27 ansåg
923 727 101 23 komitén

264 762 73 22 likväl
353 762 103 21 medföra
471 763 23 20 så
511 764 61 19 stora
587 761 143 28 rubbningar
746 761 22 22 af
784 762 153 28 grundsatser,
946 762 79 23 hvilka

263 800 39 19 äro
319 796 24 22 af
358 799 84 19 största
458 796 116 28 betydelse
589 796 7 21 i
610 796 193 28 straffprocessen,
819 800 34 19 att
869 805 28 13 en
912 798 69 22 sådan
994 800 31 20 åt-

263 832 58 28 gärd
343 832 50 21 icke
416 831 76 21 kunde
510 830 146 28 rättfärdigas
672 838 83 20 genom
771 831 38 22 det
825 839 68 21 gagn,
909 839 48 15 som
973 834 51 20 med

264 874 28 15 en
315 866 173 28 lagförändring
510 865 34 22 uti
565 865 176 28 ifrågavarande
760 866 61 28 syfte
837 866 121 29 åsyftades.
990 868 35 28 Ty

264 909 37 15 om
325 901 45 21 den
392 903 52 24 rätt,
468 900 39 21 der
526 900 70 22 åtalet
611 907 54 14 vore
682 900 133 29 anhängigt,
831 901 135 22 beröfvades
982 902 43 22 till-

263 937 68 21 fället
353 938 34 19 att
409 934 142 23 omedelbart
573 934 60 22 inför
649 934 35 28 sig
700 935 97 21 anställa
812 936 79 21 förhör
905 936 52 22 med
972 936 53 22 vitt-

263 974 40 19 net
327 971 42 22 och
384 970 8 22 i
408 970 124 28 anledning
555 970 26 21 af
601 969 50 22 dess
674 969 123 22 berättelse
815 970 67 22 ställa
897 970 77 29 frågor
990 972 34 21 till

264 1006 45 22 den
332 1005 134 29 anklagade,
488 1005 69 28 ginge
579 1006 75 20 rätten
672 1004 66 22 miste
754 1012 36 14 om
807 1005 39 21 det
862 1005 63 22 bästa
940 1006 85 22 medlet

265 1044 34 19 att
314 1040 63 22 bilda
392 1040 35 28 sig
446 1042 34 19 ett
495 1039 77 21 säkert
587 1038 106 22 omdöme
708 1039 7 21 i
730 1039 77 26 saken,
823 1039 89 22 hvilket
926 1048 55 14 vore
996 1048 29 14 en

265 1076 111 22 afvikelse
398 1074 51 22 från
472 1073 277 23 bevisomedelbarhetens
771 1074 129 28 grundsats,
916 1082 48 15 som
980 1076 45 22 alla

263 1118 72 22 nyare
359 1109 221 29 straffprocesslagar
603 1108 52 22 sökt
677 1109 140 28 genomföra.
847 1110 35 21 De
899 1110 125 29 betänklig-

263 1146 73 25 heter,
353 1152 47 14 som
416 1144 98 22 sålunda
528 1144 81 28 gjorde
624 1144 36 28 sig
675 1144 106 28 gällande
791 1144 8 21 i
810 1144 65 28 fråga
890 1152 36 14 om
943 1152 28 14 en
982 1145 44 21 till-

263 1180 81 23 lätelse
367 1182 33 20 att
422 1180 8 20 i
452 1178 109 22 brottmäl
585 1178 97 22 anställa
704 1178 165 22 vittnesförhör
891 1179 38 22 vid
950 1188 75 14 annan

265 1215 99 22 domstol
386 1217 29 19 än
438 1214 44 22 den
505 1214 112 22 dömande
640 1216 82 23 rätten,
745 1214 58 28 egde
825 1214 127 22 emellertid
975 1215 50 22 icke

264 1251 8 21 i
287 1257 87 15 samma
396 1251 53 20 män
472 1248 148 29 tillämpning
634 1248 8 22 i
658 1248 45 22 alla
725 1248 115 22 brottmål.
870 1249 80 29 Enligt
964 1250 62 22 hvad

265 1284 159 23 erfarenheten
446 1284 106 22 utvisade
574 1284 142 21 förekomme
731 1286 100 19 tvärtom
847 1284 115 28 ätskilliga
977 1285 47 26 fall,

265 1320 28 22 dä
309 1319 157 23 vittnesmälet
480 1326 54 15 vore
550 1318 111 28 antingen
676 1318 26 22 af
715 1320 24 20 sä
754 1319 66 27 ringa
835 1319 119 29 betydelse
970 1320 56 21 eller

265 1354 66 29 eljest
354 1354 26 22 af
400 1354 44 22 den
465 1354 159 22 beskaffenhet
639 1356 35 19 att
688 1354 126 21 detsamma
829 1356 56 19 utan
899 1354 127 22 nämnvärd

265 1389 124 28 olägenhet
407 1389 77 22 kunde
504 1388 109 22 anställas
629 1388 26 21 af
668 1395 75 15 annan
759 1388 92 22 domare
867 1391 28 19 än
911 1389 50 26 den,
977 1396 49 15 som

265 1424 143 21 behandlade
424 1423 70 22 målet
508 1423 8 22 i
532 1423 77 28 öfrigt,
625 1423 43 22 och
683 1423 68 22 äfven
766 1423 77 22 kunde
858 1423 50 22 med
924 1423 102 22 fullstän-
