1114 1770
277 137 26 21 18
492 135 20 20 U.
529 135 20 20 B.
566 146 26 2 —
609 135 57 26 Prop.
683 134 34 22 N:o
733 134 33 21 10.

247 205 41 21 fall
311 203 73 22 borde
408 202 132 26 fastställas,
563 202 81 21 liksom
667 202 7 21 i
690 202 117 28 förslaget,
823 203 64 28 lägre
903 206 30 18 än
948 211 64 14 arvo-

247 239 39 21 det
301 238 37 21 för
354 237 147 27 rättskunnig
516 237 124 24 sakförare,
656 239 54 18 enär
726 237 45 21 den
785 244 91 14 senares
893 237 77 22 arbete
986 241 25 19 är

247 273 26 21 af
285 275 75 19 större
375 271 78 26 värde,
471 274 59 18 samt
548 272 56 26 utgä
618 271 36 20 till
667 278 28 14 en
711 271 95 21 bräkdel
816 274 16 19 t.
844 279 35 14 ex.
890 279 29 14 en
930 273 81 28 tredje-

247 307 44 26 del,
307 307 27 22 af
354 306 29 21 de
405 306 8 21 i
436 308 69 19 taxan
528 305 97 28 tidigare
647 308 119 25 upptagna
786 305 92 30 belopp,
892 306 120 23 hvaremot

246 341 135 22 Utskottets
402 340 75 21 flertal
499 342 76 19 ansett
597 339 115 22 arvodena
735 340 37 21 för
792 341 160 28 rättskunnige
968 341 43 22 och

245 375 224 28 icke-rättskunniga
486 374 117 22 sakförare
624 373 54 22 böra
694 376 56 26 utgä
765 374 35 22 till
816 382 87 15 samma
919 375 92 30 belopp,

246 412 30 27 pä
303 410 41 21 det
372 409 154 22 allmänheten
548 408 96 22 sälunda
665 410 73 19 mätte
760 409 64 22 desto
845 409 71 22 hellre
939 410 72 21 anlita

246 444 144 28 lagkunnige
412 443 130 22 advokater.
580 443 49 21 Och
651 443 35 21 fär
708 443 120 21 Utskottet
850 443 64 29 förty
936 446 74 20 säsom

246 479 36 22 sin
303 478 96 28 mening
414 477 73 22 uttala
502 480 34 18 att
552 476 109 29 förslaget
682 476 69 22 borde
773 478 7 20 i
796 478 102 28 enlighet
917 478 94 22 härmed

246 514 90 21 ändras.

316 548 12 21 I
352 546 125 29 anledning
500 546 26 22 af
545 546 62 22 hvad
630 546 122 22 Utskottet
774 546 97 22 sälunda
886 547 76 21 anfört
976 547 36 22 fär

245 582 123 23 Utskottet
382 581 118 22 vördsamt
514 580 84 22 föreslå

456 645 33 21 att
511 643 139 29 beträffande
673 643 172 28 ofvannämnda
867 645 85 28 förslag
976 645 33 21 till

387 679 181 22 administrativa
585 678 166 28 författningar
766 679 26 21 de
808 679 28 26 af
850 679 108 22 Utskottet
968 686 41 15 an-

386 713 90 22 märkta
498 712 188 29 omständigheter
705 712 66 22 måtte
786 713 8 21 i
810 713 142 22 Ständernas
967 721 42 14 un-

387 747 125 28 derdåniga
528 746 180 28 svarsskrifvelse
723 747 138 27 framhållas.

327 1450 121 24 Helsingfors,
460 1450 17 18 J.
490 1450 68 18 Simelii
571 1450 45 18 arfv.
629 1450 114 22 boktryckeri
755 1450 111 22 aktiebolag,
878 1451 50 18 1905.
