1109 1773
260 142 13 21 4
604 141 40 21 N:o
662 141 26 21 17

231 210 101 21 naderna
343 210 96 21 emellan
451 209 27 22 de
490 209 73 21 skilda
572 209 170 28 kommunerna,
752 209 141 22 fortfarande
902 210 91 22 komme

232 247 35 19 att
281 246 96 26 utgöras
394 243 23 22 af
431 243 103 27 häradet;
550 243 41 22 och
607 243 41 21 har
662 243 36 21 för
711 244 153 21 nästnämnda
875 245 118 21 ändamåls

232 278 116 21 vinnande
372 277 108 28 stadgats,
505 280 33 19 att
559 278 45 20 alla
618 277 124 22 kostnader
757 277 35 22 för
808 278 185 29 skjutsväsendet

232 313 65 21 skola
306 313 75 28 jomnt
391 312 98 21 fördelas
500 313 97 20 emellan
606 311 27 22 de
643 311 181 29 skjutsskyldiga
833 313 7 20 i
848 313 53 21 hela
909 313 83 28 skjuts-

232 348 68 27 laget.
331 347 11 20 I
361 346 102 29 enlighet
482 346 52 21 med
552 346 60 21 hvad
627 346 177 21 förnärvarande
822 347 80 28 gäller,
918 347 74 22 skulle

232 381 38 22 det
296 381 43 22 ock
363 381 115 28 framgent
496 387 54 14 vara
565 380 104 21 häradets
685 381 135 21 kommuner
835 381 109 28 obetaget
959 384 34 19 att

233 415 35 22 för
291 415 115 28 skjutslag
430 415 126 21 bestämma
580 417 68 18 annat
672 414 91 21 område
788 418 27 18 än
834 415 101 28 häradet,
956 423 35 14 om

232 449 108 28 samtliga
356 449 134 21 kommuner
506 449 77 21 derom
600 452 37 18 äro
654 456 58 13 ense.

301 484 12 21 I
332 483 60 29 syfte
416 486 33 19 att
472 483 220 28 skjutsanstalterna,
712 483 76 21 såvidt
806 483 98 28 möjligt,
920 485 72 20 måtte

233 520 75 20 kunna
328 518 114 28 uppbäras
461 517 25 22 af
502 518 96 21 trafiken
614 517 58 28 sjelf,
688 518 41 21 har
744 517 142 22 beträffande
902 519 90 28 organi-

232 553 104 21 sationen
364 552 25 21 af
411 552 115 21 desamma
551 551 113 28 vidtagits
690 552 112 21 särskilda
824 552 167 29 förändringar,

232 587 88 28 egnade
340 590 33 17 att
392 587 126 27 nedbringa
535 586 152 21 kostnaderna
702 586 36 21 för
754 586 56 21 dem.
842 587 105 21 Emellan
963 587 27 22 de

232 621 132 22 nuvarande
380 621 191 28 gästgifverierna
587 621 42 21 och
640 621 217 21 reservstationerna
868 621 123 22 förefinnes

232 656 20 28 ej
272 657 77 27 någon
369 655 154 28 väsentligare
542 655 129 21 åtskillnad.
702 655 46 21 Det
770 663 67 20 synes
861 655 59 22 dock
942 656 50 21 icke

233 698 53 14 vara
301 690 89 28 nödigt,
406 692 34 19 att
455 689 77 28 hvarje
548 689 40 21 vid
604 697 84 13 samma
704 692 46 25 väg
761 689 106 28 befintlig
879 689 113 29 skjutsan-

234 725 54 21 stalt
312 725 59 20 skall
393 727 83 25 utgöra
498 724 148 28 fullständigt
664 723 144 29 gästgifveri.
837 724 12 21 I
864 725 78 20 stället
957 725 36 21 för

235 759 191 27 reservstationer,
452 759 93 21 hvilken
572 758 140 28 benämning
736 758 19 28 ej
780 759 71 21 heller
874 759 118 29 uttrycker

232 794 60 21 hvad
316 793 92 21 dermed
431 793 63 21 torde
518 793 86 21 afsetts,
627 793 41 21 har
686 792 130 29 föreslagits
832 794 130 21 inrättande
979 795 12 20 å

233 828 109 28 lämpliga
366 829 85 27 platser
470 828 96 20 emellan
585 827 27 21 de
628 827 118 28 egentliga
762 828 192 28 gästgifverierna
970 828 22 22 af

233 862 191 30 skjutsstationer,
445 862 90 21 hvarest
550 862 81 21 endast
647 862 133 28 skjutshäst,
796 870 52 13 men
864 862 50 22 icke
930 865 60 19 natt-

234 899 111 27 härberge
369 898 40 21 och
432 897 120 28 förtäring,
569 897 73 21 skulle
658 897 36 20 stå
712 897 44 21 den
773 897 93 21 resande
883 897 35 21 till
934 897 57 22 buds

234 933 40 21 och
293 933 78 20 hvilka
386 932 87 21 således
489 932 76 21 kunde
581 931 168 28 upprätthållas
764 932 52 21 med
831 932 89 21 mindre
930 933 62 21 kost-

234 968 44 21 vad
297 971 28 18 än
347 966 167 29 gästgifverier.
547 966 117 28 Derjemte
682 966 41 21 bar
740 967 35 20 uti
798 966 194 29 författningsför-

234 1003 74 27 slaget
326 1001 119 28 upptagits
464 1003 33 19 ett
515 1001 73 28 tredje
607 1004 61 18 ännu
684 1001 105 28 billigare
805 1001 50 28 slag
872 1001 22 21 af
909 1001 83 29 skjuts-

234 1037 114 27 anstalter,
365 1036 116 28 nemligen
497 1035 229 29 skjutshaltpunkter,
743 1038 33 19 att
791 1036 97 21 inrättas
903 1036 39 21 vid
952 1039 40 19 vä-

233 1079 41 20 gar
298 1071 52 21 med
372 1070 89 21 mindre
485 1071 67 20 trafik
572 1070 42 21 och
629 1070 40 21 der
685 1070 93 21 resande
793 1077 54 14 vore
862 1070 130 29 berättigad

235 1109 35 18 att
292 1105 86 22 erhålla
402 1105 80 22 endast
504 1105 145 28 extraskjuts,
669 1112 49 14 som
733 1104 57 22 först
805 1104 58 22 efter
878 1105 114 28 förloppet

234 1141 26 21 af
272 1141 47 20 viss
335 1139 40 29 tid,
391 1140 70 21 minst
476 1140 40 21 två
531 1139 97 28 timmar,
645 1139 73 21 skulle
735 1139 77 22 ställas
828 1139 35 21 till
880 1139 56 22 hans
947 1139 45 22 för-

234 1175 106 29 fogande,
357 1182 52 14 men
425 1175 100 20 deremot
541 1175 102 21 hvarken
660 1173 112 22 ordinarie
788 1174 74 28 skjuts
878 1175 54 21 eller
941 1175 51 21 här-

234 1210 68 28 berge
314 1209 43 22 och
367 1209 119 28 förtäring.
509 1209 83 21 Vidare
604 1209 40 20 har
655 1209 8 20 i
674 1208 168 22 ofvannämnda
853 1209 60 28 syfte
921 1209 72 22 under

234 1244 172 28 öfvervägande
421 1243 85 29 jemväl
522 1244 71 28 tagits
609 1243 151 29 möjligheten
771 1245 32 20 att
814 1251 84 21 genom
910 1244 82 29 skjuts-

233 1280 80 28 legans
335 1278 98 29 höjande
457 1278 157 21 åstadkomma
637 1277 53 22 fullt
712 1277 108 30 vederlag
843 1278 36 22 för
898 1279 27 21 de
940 1279 52 21 med

234 1313 211 29 skjutshållningen
466 1313 108 21 förenade
593 1312 158 21 kostnaderna.
781 1313 31 21 Af
830 1313 162 28 markegångs-

233 1349 78 28 prisen
326 1347 36 22 för
376 1347 28 22 de
419 1349 39 20 två
474 1349 91 20 senaste
580 1347 150 21 decennierna
746 1347 106 29 framgår,
869 1351 34 18 att
912 1348 80 21 värdet

233 1383 36 22 för
291 1385 34 20 ett
348 1382 170 29 ökedagsverke
541 1381 73 22 under
632 1382 70 28 sagda
721 1382 34 21 tid
770 1382 64 22 öfver
848 1383 52 21 hela
915 1383 78 21 landet

234 1418 66 28 stigit
322 1417 52 22 med
396 1417 86 22 60—75
501 1418 100 27 procent.
630 1417 71 20 Detta
719 1417 8 20 i
745 1417 106 29 förening
869 1417 52 22 med
935 1418 57 28 pris-

234 1452 133 28 stegringen
384 1453 12 20 å
407 1452 75 28 öfriga
492 1451 177 22 förnödenheter
680 1452 40 20 har
731 1452 66 28 gjort,
810 1455 32 18 att
854 1452 43 22 den
909 1452 83 29 skjuts-
