1106 1770
416 142 40 21 N:o
473 141 26 22 17
831 142 14 21 5

114 213 52 26 lega
183 211 25 21 af
222 211 27 20 14
264 210 71 28 penni
350 209 34 22 för
400 210 141 27 kilometern,
561 216 48 15 som
625 210 77 27 enligt
721 210 152 27 kungörelsen

115 245 23 21 af
160 245 42 21 den
226 245 29 21 20
277 244 127 21 December
427 244 56 21 1888
505 243 36 22 för
557 243 144 22 närvarande
717 243 120 29 uppbäres,
853 243 20 29 ej

114 281 80 26 längre
217 281 69 26 utgör
310 285 27 14 en
360 278 126 28 tillräcklig
509 277 128 28 ersättning
656 277 37 22 för
708 277 167 29 skjutsningen.

114 313 159 28 Följaktligen
292 313 83 27 kunna,
394 313 28 27 på
441 314 46 19 sätt
505 311 178 22 ofvanbemälda
701 312 87 21 komité
807 311 68 22 äfven

114 347 115 29 uppvisat,
246 347 215 28 skjutsanstalterna
477 346 19 28 ej
512 348 56 19 utan
583 345 83 29 bidrag
677 346 26 21 af
711 347 164 20 kommunerna

115 383 55 20 bära
185 382 36 28 sig
236 389 41 13 ens
293 381 13 20 å
321 381 27 20 de
364 383 65 25 orter,
444 380 39 21 der
496 379 233 29 resandefreqvensen
740 383 24 18 är
775 381 24 20 så
809 380 65 28 liflig,

116 419 34 19 att
173 416 132 21 densamma
327 415 96 28 ungefär
446 417 126 19 motsvarar
593 414 28 21 de
643 415 14 20 å
675 415 141 21 anstalterna
831 414 44 22 för-

115 450 71 28 lagda
204 450 120 21 bästarnes
340 448 254 29 skjutsningsförmåga,
611 449 24 21 så
652 451 35 19 att
702 448 106 22 hästarne
824 448 50 22 icke

115 484 81 22 behöft
212 485 34 20 stä
262 484 128 28 sysslolösa.
420 483 46 21 Det
481 486 25 18 är
520 484 36 20 för
571 482 43 22 den
625 483 63 21 skull
702 483 23 21 af
735 483 141 28 omständig-

116 520 94 20 heterna
225 517 124 29 päkalladt,
366 519 33 19 att
415 517 143 29 skjutslegan
574 516 64 22 öfver
653 517 53 21 hela
721 517 78 21 landet
812 517 64 29 höjes

116 554 36 20 till
171 556 33 18 ett
222 553 91 27 belopp,
332 559 48 15 som
398 554 125 19 motsvarar
539 551 108 29 gällande
663 551 212 29 prisförhällanden,

116 596 52 14 men
184 587 59 22 dock
258 586 20 28 ej
296 589 24 19 är
333 587 23 21 sä
367 586 64 28 högt,
447 588 34 19 att
496 586 39 21 det
550 586 107 21 inverkar
667 586 98 28 menligt
775 587 30 27 pä
815 586 61 21 trafi-

116 623 45 21 ken
177 622 43 22 och
235 621 97 22 afhäller
347 620 94 22 resande
451 620 50 22 frän
517 622 34 20 att
567 620 71 22 anlita
649 620 227 29 skjutsanstalternas

117 657 84 27 hästar;
220 656 42 21 och
278 655 40 22 har
333 655 6 21 i
352 655 81 22 sädant
448 655 106 21 afseende
571 655 27 21 18
613 655 71 28 penni
694 655 37 22 för
741 655 135 22 kilometern

117 694 88 19 ansetts
220 698 54 14 vara
290 697 28 14 en
329 690 96 28 lämplig
441 690 52 27 lega
508 689 8 21 i
531 690 46 21 alla
591 689 76 29 öfriga
683 690 63 21 delar
761 689 25 22 af
799 690 78 21 landet

117 729 63 19 utom
193 726 7 21 i
209 725 173 28 Lappmarkens
398 724 41 22 och
455 724 69 21 Kemi
539 724 95 21 härader
650 724 23 21 af
688 724 129 29 Uleåborgs
831 725 45 27 län,

117 761 40 21 der
166 761 8 20 i
184 759 58 28 följd
258 758 26 22 af
296 759 99 21 rädande
411 759 60 28 höga
486 759 73 28 priser
573 759 69 28 legan
657 759 43 21 bör
710 759 57 28 utgä
782 759 52 21 med
849 759 28 21 20

117 795 70 28 penni
209 794 36 21 för
263 793 141 22 kilometern.
434 793 109 22 Deremot
565 793 123 21 förefinnes
704 793 19 28 ej
740 794 72 27 nägot
827 793 48 22 skäl

118 832 34 19 att
165 830 46 20 läta
223 828 143 29 skjutslegan
380 827 51 22 frän
446 827 57 28 stad,
519 827 40 22 der
573 827 155 22 kostnaderna
743 827 36 22 för
794 827 83 29 skjuts-

117 864 105 21 besväret
238 866 38 19 äro
286 862 166 28 jemförelsevis
468 862 139 28 obetydliga,
623 861 122 22 framdeles
758 863 57 27 utgä
826 862 51 22 med

117 898 71 28 högre
204 898 83 27 belopp
303 900 30 18 än
356 897 30 27 pä
396 896 83 22 landet.
503 896 11 21 I
525 896 102 28 enlighet
638 896 95 22 härmed
743 896 40 22 har
794 896 83 29 skjuts-

118 933 80 28 legans
216 932 83 27 belopp
317 930 122 22 fastställts
459 931 34 21 uti
512 930 93 29 bilagda
619 931 145 28 kungörelse,
780 930 97 22 innefat-

118 967 69 22 tande
210 966 112 22 särskilde
345 965 142 22 föreskrifter
508 966 9 20 i
540 965 105 22 afseende
665 966 13 20 &
694 965 184 29 skjutsväsendet

118 1002 42 21 och
177 1001 79 22 afsedd
271 1003 34 19 att
317 1000 104 22 utfärdas
435 1000 119 28 samtidigt
569 1007 47 14 som
633 1000 43 22 den
693 1000 130 28 föreslagna
833 1000 44 22 för-

119 1036 133 28 ordningen.

187 1069 161 29 Nästantydda
371 1069 106 28 ätgärder
499 1069 64 21 skola
583 1069 38 22 väl
641 1069 50 21 icke
710 1070 96 21 allenast
821 1072 57 18 mot-

119 1106 70 21 verka
204 1103 309 30 skjutsningskostnadernas
529 1103 106 29 stigande
650 1106 57 19 utan
723 1104 72 21 delvis
811 1103 67 22 äfven

119 1140 51 22 leda
192 1140 36 21 till
251 1138 115 29 sänkning
389 1138 23 21 af
434 1138 121 28 desamma,
577 1146 52 14 men
646 1138 7 21 i
669 1140 83 20 största
770 1138 66 22 delen
856 1138 23 21 af

119 1174 78 22 landet
220 1177 38 19 äro
281 1173 59 21 dock
362 1172 175 22 förhållandena
559 1172 91 29 sådana,
667 1175 34 19 att
719 1173 160 29 skjutsanstal-

119 1213 65 18 terna
206 1209 40 21 der
267 1208 51 21 icke
341 1208 78 21 kunna
437 1208 55 21 bära
511 1208 36 28 sig
567 1210 56 18 utan
638 1207 84 29 bidrag
737 1207 24 22 af
775 1208 104 21 kommu-

119 1252 75 14 nerna.
224 1243 82 28 Enligt
324 1242 126 22 insamlade
465 1242 119 28 uppgifter
603 1242 83 21 utfalla
703 1242 176 22 kommunernas

119 1278 123 22 kostnader
253 1278 7 20 i
271 1277 100 21 nämnda
386 1276 106 22 afseende
507 1278 30 27 pä
553 1276 61 22 olika
630 1278 61 20 orter
706 1276 92 29 mycket
812 1276 67 22 olika.

120 1313 83 22 Medan
218 1312 28 22 de
262 1312 7 21 i
285 1320 28 13 en
325 1312 36 21 del
375 1312 135 21 kommuner
521 1311 52 21 icke
583 1314 38 18 äro
633 1311 98 22 särdeles
742 1311 137 29 betydande,

120 1348 79 28 uppgä
217 1347 51 21 dei
283 1346 71 21 andra
373 1346 36 21 till
429 1345 149 22 öfverhöfvan
597 1345 61 28 höga
675 1346 88 28 belopp.
792 1346 37 21 En
844 1349 35 18 ut-

118 1382 106 29 jemning
239 1381 23 22 af
278 1380 249 29 skjutsningsbesväret
543 1380 28 22 de
586 1380 75 22 skilda
677 1383 90 19 orterna
783 1381 96 21 emellan

121 1420 25 18 är
161 1417 51 21 icke
227 1416 81 28 möjlig
324 1415 148 28 annorlunda,
489 1418 30 18 än
531 1422 84 21 genom
626 1415 150 21 statsverkets
786 1415 93 22 mellan-

120 1452 76 21 komts
206 1450 94 22 sälunda
309 1453 33 18 att
351 1450 80 28 anslag
439 1457 27 13 ur
475 1450 115 21 allmänna
599 1450 74 21 medel
679 1450 96 28 beviljas
780 1450 36 21 till
822 1450 58 21 lind-
