1111 1764
346 125 18 20 U.
381 125 20 20 B.
416 137 28 2 —
460 125 59 26 Prop.
535 125 34 20 N:o
585 124 20 21 8.
794 125 25 20 31

85 195 36 22 tid
144 195 26 20 af
188 196 36 19 tre
248 193 26 22 år
288 193 9 21 i
312 192 89 21 sender.
432 192 12 21 I
466 193 64 20 valet
544 199 54 15 vare
613 192 113 29 samtliga
740 193 111 21 notariat-

86 229 134 21 kammaren
235 226 179 28 underlydande
429 227 102 21 notarier
544 227 148 28 berättigade
704 229 35 20 att
749 227 100 28 deltaga.

393 291 27 20 52
435 290 14 28 S
464 290 34 28 (51
515 290 30 28 8).
785 297 9 8 v

157 330 226 23 Notariatkammare
399 330 91 28 åligger
504 331 36 20 att
555 329 62 22 hålla
631 337 127 21 noggrann
768 331 83 28 tillsyn

87 365 108 23 deröfver
217 366 35 20 att
274 363 76 22 under
369 363 44 22 den
435 364 103 28 lydande
560 364 102 21 notarier
679 366 173 27 samvetsgrant

87 399 111 30 uppfylla
212 399 53 22 sina
280 398 88 29 pligter
383 400 60 19 samt
458 398 104 22 undvika
577 398 48 25 allt,
640 405 51 15 som
708 399 86 21 strider
803 400 49 20 mot

87 435 48 28 god
150 434 100 28 ordning
266 433 44 21 och
326 436 26 18 är
367 433 87 28 egnadt
470 435 34 19 att
519 433 106 21 nedsätta
640 433 212 22 notariatståndets

88 469 126 26 anseende;
238 468 39 21 och
294 474 36 21 ege
346 467 213 22 notariatkammare
575 467 62 22 makt
652 469 40 26 att,
712 475 33 14 om
764 468 87 22 notarie

89 503 52 22 häri
149 503 61 28 felat,
220 503 56 26 efter
283 502 59 21 hans
350 502 100 22 hörande
460 502 83 21 tilldela
552 502 77 22 honom
637 503 108 28 varning.
761 502 89 28 (Utesl.)

159 537 133 27 Innefattar
306 536 99 22 notaries
419 537 103 26 förseelse
538 536 109 28 tjenstefel
664 537 40 22 och
713 537 92 27 pröfvas
817 537 36 22 det

91 572 20 28 ej
134 572 82 22 kunna
238 571 50 22 med
311 571 98 28 varning
433 571 74 27 aflöpa
530 571 51 21 eller
595 571 92 27 fordras
703 571 7 21 i
727 571 125 28 anledning

91 606 69 27 deraf
179 605 144 27 skadestånd,
346 605 70 21 varde
433 605 46 22 han
495 605 8 21 i
518 605 89 21 hofrätt
621 605 115 26 tilltalad;
753 605 43 22 och
812 613 40 20 ege

91 641 119 22 hofrätten
225 640 65 21 makt
306 641 35 20 att
356 639 130 22 emellertid
501 639 88 22 afhålla
604 640 109 21 notarien
728 640 53 21 från
792 647 60 22 syss-

90 676 52 21 lans
167 675 110 27 utöfning
300 673 38 22 till
364 673 51 22 dess
442 674 65 21 öfver
530 674 84 21 honom
637 674 84 22 blifvit
741 675 111 28 slutligen

91 710 82 21 dömdt
187 709 57 22 eller
258 708 121 22 hofrätten
394 708 147 21 annorlunda
555 708 130 22 förordnar.

395 771 28 22 53
438 771 14 28 8
466 771 37 28 (52
518 771 29 28 8).

163 812 122 28 Sakegare,
308 817 49 15 som
381 813 25 18 är
424 811 114 28 missnöjd
553 811 52 22 med
619 812 234 21 notariatkammares

93 847 85 27 beslut,
194 853 48 15 som
258 845 8 22 i
281 846 27 21 52
324 845 14 28 &
352 848 104 27 nämnes,
472 845 46 21 kan
534 845 63 22 inom
612 846 82 22 trettio
710 847 73 28 dagar
794 847 60 21 efter

94 883 39 22 det
162 881 102 22 beslutet
296 880 85 21 honom
406 880 149 21 meddelades
581 881 111 22 deröfver
717 881 137 29 skriftligen

93 917 71 28 klaga
185 917 9 20 i
216 915 45 22 den
283 914 95 28 hofrätt,
401 915 77 21 under
500 914 97 22 hvilken
615 916 239 22 notariatkammaren

93 951 74 30 lyder.

398 979 28 21 54
442 979 12 26 8
472 979 35 26 (53
523 979 28 28 8).

164 1018 225 24 Notariatkammare
409 1026 43 21 ege
476 1019 43 21 ock
538 1019 80 28 afgöra
634 1019 151 29 tvistigheter
800 1020 55 21 mel-

95 1055 40 22 lan
157 1054 89 22 notarie
270 1053 43 22 och
336 1053 53 26 den,
409 1060 49 14 som
474 1053 86 22 honom
577 1053 92 28 anlitar,
686 1054 120 28 angäende
822 1061 34 14 er-

94 1089 105 28 sättning
214 1089 38 21 för
266 1087 253 29 notariattörrättning,
535 1091 42 18 när
593 1087 44 22 den
651 1088 144 22 sistnämnde
806 1089 50 21 der-

93 1124 39 22 till
149 1123 141 28 samtycker,
307 1121 44 22 och
366 1123 76 27 gänge
459 1122 230 22 notariatkammares
704 1123 78 22 beslut
798 1123 8 21 i
821 1123 35 22 sä-

95 1159 47 22 dan
163 1158 67 28 fråga
252 1156 37 22 till
311 1156 183 28 verkställighet
516 1156 72 22 såsom
603 1156 124 29 skiljedom,
742 1157 114 22 hvarom
841 1152 20 38 i

95 1192 200 29 utsökningslagen
312 1193 26 20 är
352 1191 115 28 stadgadi.

428 1284 14 21 5
464 1283 67 29 kap.

242 1337 34 22 Om
292 1336 113 28 ersättning
421 1336 33 22 för
470 1335 241 29 notariatförrättningar.

401 1394 29 22 55
446 1395 12 26 8
474 1393 38 28 (54
528 1393 28 28 8).

166 1435 94 22 Notarie
282 1434 66 29 njute
370 1434 27 22 af
419 1433 53 29 den,
488 1440 50 15 som
552 1433 86 22 honom
653 1433 92 29 anlitar,
761 1433 97 30 godtgö-
