1053 1653
177 119 13 19 2
420 115 22 22 U.
459 115 22 22 B.
497 129 27 2 —
541 115 60 28 Prop.
618 115 34 22 N:o
668 115 20 21 7.

179 182 61 23 1886,
259 181 33 20 att
311 179 131 28 aflöningen
457 178 34 21 till
506 178 87 21 landets
610 178 260 28 evangelisk-lutherska
885 186 49 21 pre-

177 214 103 28 sterskap
303 213 59 22 skall
381 213 192 27 hufvudsakligen
591 214 55 26 utgä
662 212 51 21 frän
730 213 44 20 den
789 213 146 21 mantalsatta

175 249 82 28 jorden
276 255 52 14 men
352 247 109 28 därjämte
479 247 86 28 jämväl
581 247 103 28 erläggas
701 247 25 20 af
739 247 121 28 bergvärk,
877 247 57 21 bruk

178 283 42 22 och
235 283 70 21 andra
320 281 133 22 industriela
467 281 152 27 inrättningar
634 283 57 19 samt
706 281 104 21 enskilda
820 288 113 21 personer,

178 325 48 13 som
245 317 75 21 drifva
343 316 81 27 näring
447 315 55 21 eller
517 315 88 27 ätnjuta
621 315 37 21 lön
674 315 55 21 eller
745 323 76 13 annan
836 315 99 21 inkomst

177 351 50 21 med
244 350 45 22 fäst
304 350 108 22 afseende
427 351 13 19 å
455 350 85 20 sådana
556 349 150 28 inrättningar
723 349 41 21 och
779 356 107 22 personer
897 352 37 26 pä-

178 385 65 22 förda
265 384 145 22 kommunala
432 384 125 28 utskylder.
594 384 79 28 Enligt
700 384 65 21 dessa
788 384 100 28 grunder
910 387 24 18 är

177 420 195 28 prestaflöningen
390 419 7 20 i
412 418 260 28 landsförsamlingarna,
696 418 51 21 med
771 418 118 28 nndantag
911 418 26 22 af

178 454 27 21 de
220 453 158 29 lappländska,
398 452 108 28 reglerad.
536 452 12 21 I
563 452 104 21 städerna
683 454 53 24 åter,
752 452 79 22 hvilka
844 452 90 28 jämlikt

180 491 9 19 1
207 489 37 28 S:n
259 489 6 20 i
282 488 96 21 anförda
394 487 134 28 förordning
543 490 38 18 äro
597 487 129 21 bibehällna
736 487 38 21 vid
787 488 35 20 sin
832 488 102 27 urgamla

178 525 45 19 rätt
238 525 32 19 att
286 522 197 22 öfverenskomma
499 521 49 21 med
565 522 49 20 sina
630 524 86 25 prester
732 528 36 14 om
784 522 62 21 såväl
858 522 75 21 dessas

177 558 63 20 löner
262 564 49 14 som
334 556 117 25 boställen,
475 556 70 21 hafva
567 556 7 20 i
593 556 123 20 allmänhet
740 556 27 20 de
790 556 144 21 kommunala

178 592 130 21 skattörena
323 591 59 27 lagts
398 590 33 21 till
445 590 74 28 grund
530 590 35 21 för
577 590 28 21 de
616 590 106 28 kyrkliga
733 590 126 28 utskylder,
875 590 59 22 med-

177 626 123 21 lemmarna
316 626 6 20 i
338 625 250 27 stadsförsamlingarna
601 624 97 28 erlägga.
724 624 167 29 Skyldigheten
902 627 33 19 att

178 661 78 27 bygga
276 660 43 21 och
338 659 133 21 underhålla
487 659 72 28 kyrka
575 659 62 20 såväl
653 659 6 20 i
675 659 73 21 lands-
765 666 48 14 som
828 659 107 21 stadsför-

178 695 97 28 samling
298 693 58 22 skall
379 695 46 20 åter
449 693 72 28 enligt
540 692 164 29 förordningen
720 693 43 21 den
781 696 25 19 19
820 693 43 28 juli
880 695 54 20 1892

177 729 111 28 fullgöras
304 728 26 21 af
344 728 27 21 de
382 728 74 21 därtill
466 727 138 29 förpliktade
615 727 57 21 efter
683 727 28 21 de
722 728 106 27 grunder,
840 735 49 14 som
899 728 36 21 för

179 763 141 28 aflöningens
341 762 126 29 utgörande
490 762 34 21 till
542 762 168 28 presterskapet
726 762 75 21 blifvit
816 762 119 21 faststälda

179 798 53 21 eller
256 797 54 28 eljes
335 800 38 19 äro
389 797 111 28 gällande.
533 796 48 21 Och
597 796 59 21 hvad
673 796 107 21 beträffar
795 797 140 28 prestgårds-

179 831 232 30 byggnadsbesväret,
427 833 25 19 så
467 833 92 26 utgöres
576 831 62 21 detta
648 831 109 21 likaledes
769 831 72 28 enligt
852 839 27 13 en
891 831 43 22 för-

178 867 104 28 ordning,
305 873 49 14 som
376 866 68 21 också
467 868 24 18 är
513 865 107 22 utfärdad
640 865 43 21 den
700 867 26 19 19
740 865 42 28 juli
800 867 61 24 1892,
877 865 58 22 efter

179 901 28 22 de
222 901 106 28 grunder,
351 907 48 15 som
414 900 60 28 gälla
489 899 36 22 för
541 899 333 28 församlingsmedlemmarnes
890 900 45 21 del-

178 936 98 28 tagande
291 935 7 22 i
314 935 224 28 aflöningsbesväret.

246 970 133 21 Emellertid
402 969 73 28 gifves
499 969 38 21 det
560 976 28 14 en
611 969 36 21 del
670 969 106 28 kyrkliga
795 969 108 28 afgälder,
923 972 12 19 å

177 1005 89 21 hvilkas
289 1004 125 28 uttagande
437 1011 32 14 nu
491 1003 94 29 angifna
608 1003 100 28 grunder
722 1004 50 21 icke
788 1006 55 19 utan
858 1004 77 22 vidare

178 1040 77 21 kunna
277 1039 119 28 tillämpas.
435 1038 90 22 Sådana
549 1038 96 28 utgifter
671 1040 39 19 äro
734 1038 201 29 församlingarnas

179 1074 79 28 bidrag
278 1074 34 20 till
334 1072 144 22 underhållet
497 1072 26 21 af
536 1072 28 22 de
580 1072 176 22 ambulatoriska
771 1073 106 21 skolorna
893 1073 42 21 och

178 1108 34 21 till
228 1107 148 23 anskaffande
392 1107 26 21 af
430 1107 280 28 undervisningsmaterial
725 1107 34 21 till
774 1108 66 21 dessa
853 1108 82 26 skolor,

177 1143 78 21 vidare
275 1142 96 29 utgifter
392 1142 34 20 till
448 1142 90 21 förmån
561 1141 36 22 för
620 1141 38 22 det
681 1141 107 29 kyrkliga
804 1142 131 22 diakonatet

178 1185 28 14 m.
222 1177 22 22 fl.
260 1176 96 29 utgifter
372 1176 25 22 af
409 1176 87 22 mindre
512 1176 119 28 betydelse
647 1176 42 22 och
701 1176 50 22 icke
767 1176 72 22 sällan
854 1176 26 22 af
893 1177 42 21 till-

178 1212 66 28 fällig
265 1210 74 23 natur.
370 1210 126 29 Angäende
519 1210 131 29 grunderna
672 1210 36 22 för
731 1211 78 28 dylika
831 1211 104 29 afgifters

177 1246 127 29 utgörande
319 1246 73 22 finnes
408 1246 49 21 icke
472 1248 72 26 något
559 1246 106 21 särskildt
680 1246 106 28 stadgadt
802 1246 43 22 och
860 1246 7 21 i
878 1246 57 28 följd

177 1281 69 22 häraf
266 1281 40 21 har
325 1280 43 22 ock
389 1280 43 22 den
447 1280 76 29 praxis
539 1280 97 22 utbildat
652 1280 41 28 sig,
710 1282 32 19 att
759 1280 176 29 kyrkostämma,

178 1316 29 21 då
222 1316 44 21 den
290 1315 93 28 beviljat
402 1315 73 21 medel
493 1315 35 20 till
544 1314 154 22 bestridandet
714 1314 26 22 af
753 1315 65 21 dessa
833 1315 103 28 utgifter,

177 1350 73 21 tillika
262 1349 102 22 faststält
374 1349 44 22 den
429 1349 156 28 grund-enligt
599 1349 94 21 hvilken
704 1349 65 22 dessa
780 1349 73 22 medel
864 1349 72 22 skulle

178 1384 120 23 anskaffas.
328 1384 12 21 I
356 1383 26 22 de
397 1383 66 22 flesta
477 1383 42 22 fall
535 1383 42 22 och
593 1383 106 22 särskildt
710 1383 8 22 i
728 1384 106 21 städerna
848 1384 41 21 har
902 1384 35 21 till

178 1419 74 28 grund
268 1419 36 22 för
319 1418 159 29 uttaxeringen
493 1418 60 28 lagts
569 1418 117 25 skattöret,
701 1425 52 14 men
764 1418 41 22 fall
816 1418 40 22 har
868 1418 68 22 också

246 1459 48 23 Lag-
306 1459 32 18 och
350 1458 174 19 ekonomiutskottets
537 1458 110 19 betänkande
659 1458 36 18 N:o
707 1459 17 18 3.
