1064 1695
344 129 29 22 U.
390 128 26 23 B.
433 142 27 2 —
475 129 75 28 Prop.
566 129 46 22 N:o
627 129 38 22 12.
858 131 25 20 15

331 200 59 29 lopp
415 199 32 22 af
466 200 131 25 400,000
615 200 77 22 mark
711 201 41 21 till
771 200 112 22 kommu-

328 241 81 15 nerna
436 234 10 21 i
471 234 95 26 landet,
586 234 130 22 hvarefter
739 234 144 23 äterstoden

330 268 32 22 af
382 268 84 22 denna
489 268 194 23 skatteinkomst
703 269 40 22 för
761 268 31 22 är
811 269 72 22 1905

330 303 68 21 skall
417 303 142 22 öfverföras
578 303 41 21 till
638 303 245 23 kommunikations-

331 337 107 27 fonden;
458 338 66 21 samt

400 372 37 21 att
462 371 59 22 från
540 371 341 27 kommunikationstonden,

331 406 103 21 hvilken
448 405 140 22 bibehälles
600 405 11 22 i
624 406 113 28 enlighet
747 406 58 21 med
814 406 69 21 stad-

330 440 122 29 gandena
472 440 10 21 i
494 439 100 29 nådiga
607 439 171 29 kungörelsen
792 440 32 22 at
834 440 49 22 den

330 475 36 22 25
390 474 112 28 januari
534 474 77 26 1886,
641 474 74 22 skola
743 474 82 22 under
852 474 31 22 är

332 509 73 22 1905
428 509 127 22 bestridas
574 509 182 22 annuiteterna
775 508 16 23 ä
810 510 72 21 stats-

331 543 77 22 lånen
416 543 84 28 jämte
514 543 86 28 öfriga
610 543 139 22 kostnader
760 543 41 22 för
810 544 73 21 stats-

331 578 115 26 skulden,
467 577 111 22 förutom
596 577 32 22 de
641 577 106 29 utgifter
760 577 40 22 för
809 577 74 29 järn-

331 612 185 29 vägsväsendet
528 611 136 29 angäende
677 612 89 22 hvilka
777 612 106 22 bestäm-

331 647 95 28 ningar
446 646 136 23 framdeles
600 647 85 22 varda
705 647 158 22 meddelade.

193 716 165 29 Helsingfors,
378 716 48 22 den
446 715 33 22 29
498 715 132 23 december
651 716 74 22 1904.

195 895 11 21 I
225 894 68 22 detta
312 893 108 23 ärendes
439 893 155 29 behandling
614 894 78 22 hafva
711 894 105 28 deltagit
829 894 55 22 ord-

126 929 105 22 förande
250 928 26 22 L.
295 928 129 26 Mechelin,
438 928 173 22 ledamöterna
626 928 30 22 G.
671 928 122 26 Granfelt,
807 928 77 22 Törn-

125 970 70 22 gren,
213 963 29 23 G.
263 962 189 30 Björkenheim,
472 962 109 26 Donner,
595 962 81 22 Josua
688 962 151 29 Johansson,
852 963 31 22 E.

127 998 28 22 G.
175 998 109 28 Palmén,
307 996 144 30 Runeberg,
470 996 130 30 Hallberg,
620 997 28 22 F.
663 997 97 26 Heikel,
775 992 108 32 Öhman,

126 1032 97 26 Idman,
246 1032 110 26 Eklund,
380 1031 138 29 Kykkling,
544 1031 109 23 Penttilä
678 1032 46 22 och
744 1031 87 27 Wärri,
850 1032 35 22 äf-

126 1073 104 16 vensom
251 1066 81 22 delvis
352 1066 197 28 suppleanterna
568 1066 77 22 Malin
664 1066 46 22 och
721 1066 162 22 Parviainen.

197 1476 162 18 Statsutskotteis
373 1476 121 18 betänkande
506 1476 39 18 N:o
557 1477 15 16 1.
