1109 1767
448 132 42 22 N:o
506 133 26 21 17
812 133 29 21 35

403 202 63 16 IV
480 202 100 20 kap.

110 265 36 22 Om
165 270 71 16 ansvar
256 264 31 22 för
306 264 139 22 öfverträdelse
460 264 20 22 af
495 264 149 22 föreskrifterna
660 264 4 22 i
681 264 64 22 denna
759 264 111 28 förordning

458 326 28 22 62
501 328 19 25 8.

180 366 85 22 Finnes
285 366 19 28 ej
325 367 13 20 å
357 366 159 28 skjutsanstalt
539 368 34 19 att
594 366 70 28 tillgå
679 366 28 22 de
722 366 10 22 i
745 366 125 28 behörigen

111 400 106 23 faststäld
240 403 54 19 taxa
313 402 119 26 upptagna
446 400 177 22 förnödenheter
638 401 56 21 eller
709 400 96 29 dugliga
819 400 53 22 kör-

111 435 104 28 redskap,
231 435 55 21 eller
301 434 151 21 förekommer
468 434 39 21 der
522 442 76 13 annan
613 434 115 29 oordning
744 435 22 21 af
781 436 90 20 svårare

114 469 163 27 beskaffenhet,
293 469 69 21 varde
377 468 172 22 föreståndaren
564 468 36 22 för
614 469 192 28 skjutsanstalten
816 469 56 21 eller

112 504 251 28 skjutsentreprenören
382 503 70 21 dömd
467 505 34 19 att
515 503 55 21 böta
584 503 70 28 högst
670 503 123 22 etthundra
807 503 64 21 mark

113 539 55 20 eller
183 540 34 19 att
232 537 51 22 från
298 537 160 28 befattningen
474 537 84 28 skiljas.

461 611 28 22 63
504 613 18 26 8.

183 652 167 21 Föreståndare
365 651 35 22 för
415 651 166 29 skjutsanstalt,
597 659 50 14 som
662 654 57 19 utan
730 652 49 21 skäl
789 655 84 25 vägrar

114 687 45 22 den
181 687 95 21 resande
298 686 112 29 härberge
432 687 56 20 eller
502 685 121 29 förtäring,
642 688 60 20 samt
717 686 155 22 föreståndare

114 721 36 22 för
164 721 166 28 skjutsanstalt,
342 720 221 29 skjutsentreprenör
573 721 55 21 eller
644 728 76 14 annan
730 721 142 28 skjutsande,

115 763 49 14 som
186 758 55 19 utan
264 755 51 21 skäl
336 755 94 21 hindrar
452 755 44 21 den
518 755 94 21 resande
628 757 35 19 att
678 755 108 22 fortsätta
800 763 72 20 resan,

115 790 88 22 straffes
219 789 52 22 med
285 789 67 22 böter
365 789 70 28 högst
450 789 124 22 etthundra
588 790 66 21 mark
669 789 44 22 och
728 792 84 19 ersätte
827 789 45 22 den

114 824 94 22 resande
224 824 134 28 derigenom
374 823 108 22 åsamkad
496 823 82 22 förlust

183 859 99 21 Fordrar
304 858 142 28 gästgifvare
469 859 55 20 eller
547 858 134 29 skjutsande
704 858 36 22 för
761 858 112 28 härberge

116 894 43 21 och
176 893 113 28 förtäring
305 893 55 21 eller
376 892 131 29 skjutsning
522 893 72 28 högre
609 893 121 28 betalning
746 896 28 18 än
789 893 84 21 honom

116 928 145 27 tillkommer,
284 927 54 22 böte
358 927 69 28 högst
442 927 85 28 fyratio
542 927 65 21 mark
623 927 43 21 och
682 927 117 28 återgälde
813 927 62 21 hvad

116 963 47 21 han
178 962 35 21 för
228 962 92 29 mycket
335 961 115 28 uppburit.

464 1013 29 21 64
507 1015 19 25 8.

187 1054 95 21 Tillåter
304 1053 156 22 föreståndare
482 1053 36 22 för
534 1053 161 28 skjutsanstalt
710 1053 100 21 drucken
825 1060 50 21 per-

118 1097 39 14 son
182 1091 33 18 att
238 1088 94 28 skjutsa,
355 1087 53 22 böte
423 1087 69 28 högst
507 1087 85 29 fyratio
607 1087 65 22 mark
688 1087 43 22 och
746 1089 83 20 ersätte
844 1087 32 21 all

118 1123 76 28 skada,
210 1130 49 14 som
274 1122 95 21 resande
384 1121 133 29 derigenom
532 1122 46 21 kan
594 1122 144 29 tillskyndas.

466 1197 29 21 65
510 1198 18 27 8.

187 1237 167 23 Föreståndare
365 1237 36 22 för
412 1237 160 28 skjutsanstalt
582 1237 55 21 eller
649 1237 227 28 skjutsentreprenör,

119 1281 49 14 som
190 1275 42 26 gör
255 1272 124 28 ändringar
402 1272 55 21 eller
479 1271 85 28 tillägg
584 1271 8 21 i
610 1271 99 28 dagbok,
733 1271 54 22 böte
808 1271 70 28 högst

118 1307 128 22 tvåhundra
261 1307 70 21 mark.

188 1340 140 23 Missbrukar
354 1340 156 22 föreståndare
535 1339 36 22 för
594 1339 168 29 skjutsanstalt,
783 1339 95 21 hvilken

120 1376 118 22 förbundit
254 1375 36 28 sig
306 1377 34 19 att
354 1374 37 22 för
407 1382 75 14 annan
496 1374 102 28 fullgöra
613 1373 132 29 skjutsning
756 1374 24 21 in
790 1375 87 26 natura,

120 1411 82 21 sådant
221 1409 113 29 åtagande
356 1409 37 21 till
408 1408 76 29 öfriga
499 1408 145 29 skjutsandes
659 1408 94 28 förfäng
768 1408 55 21 eller
837 1415 42 14 un-

120 1445 98 21 derläter
239 1444 46 21 han
308 1446 34 18 att
365 1444 69 21 ställa
456 1443 36 28 sig
511 1442 51 22 dei
577 1442 29 22 35
621 1442 42 22 och
679 1442 28 21 36
723 1444 27 26 88
765 1442 113 28 ingående
