<?xml version="1.0" encoding="UTF-8"?>
<alto xmlns="http://www.loc.gov/standards/alto/ns-v3#" xmlns:xlink="http://www.w3.org/1999/xlink" xmlns:xsi="http://www.w3.org/2001/XMLSchema-instance" xsi:schemaLocation="http://www.loc.gov/standards/alto/ns-v3# http://www.loc.gov/alto/v3/alto-3-0.xsd">
	<Description>
		<MeasurementUnit>pixel</MeasurementUnit>
		<sourceImageInformation>
			<fileName>/tmp/tess_tl4vipzl_input.PNG</fileName>
		</sourceImageInformation>
		<OCRProcessing ID="OCR_0">
			<ocrProcessingStep>
				<processingSoftware>
					<softwareName>tesseract 5.3.4</softwareName>
				</processingSoftware>
			</ocrProcessingStep>
		</OCRProcessing>
	</Description>
	<Layout>
		<Page WIDTH="1053" HEIGHT="1650" PHYSICAL_IMG_NR="0" ID="page_0">
			<PrintSpace HPOS="0" VPOS="0" WIDTH="1053" HEIGHT="1650">
				<ComposedBlock ID="cblock_0" HPOS="357" VPOS="110" WIDTH="509" HEIGHT="28">
					<TextBlock ID="block_0" HPOS="357" VPOS="110" WIDTH="509" HEIGHT="28">
						<TextLine ID="line_0" HPOS="357" VPOS="110" WIDTH="509" HEIGHT="28">
							<String ID="string_0" HPOS="357" VPOS="110" WIDTH="21" HEIGHT="22" WC="0.92" CONTENT="U."/><SP WIDTH="17" VPOS="110" HPOS="378"/>
							<String ID="string_1" HPOS="395" VPOS="110" WIDTH="21" HEIGHT="22" WC="0.90" CONTENT="B."/><SP WIDTH="18" VPOS="110" HPOS="416"/>
							<String ID="string_2" HPOS="434" VPOS="124" WIDTH="25" HEIGHT="2" WC="0.92" CONTENT="—"/><SP WIDTH="17" VPOS="124" HPOS="459"/>
							<String ID="string_3" HPOS="476" VPOS="110" WIDTH="61" HEIGHT="28" WC="0.96" CONTENT="Prop."/><SP WIDTH="17" VPOS="110" HPOS="537"/>
							<String ID="string_4" HPOS="554" VPOS="110" WIDTH="34" HEIGHT="22" WC="0.96" CONTENT="N:o"/><SP WIDTH="16" VPOS="110" HPOS="588"/>
							<String ID="string_5" HPOS="604" VPOS="111" WIDTH="21" HEIGHT="22" WC="0.96" CONTENT="7."/><SP WIDTH="228" VPOS="111" HPOS="625"/>
							<String ID="string_6" HPOS="853" VPOS="112" WIDTH="13" HEIGHT="20" WC="0.96" CONTENT="3"/>
						</TextLine>
					</TextBlock>
				</ComposedBlock>
				<ComposedBlock ID="cblock_1" HPOS="108" VPOS="173" WIDTH="759" HEIGHT="753">
					<TextBlock ID="block_1" HPOS="110" VPOS="173" WIDTH="757" HEIGHT="166">
						<TextLine ID="line_1" HPOS="110" VPOS="173" WIDTH="757" HEIGHT="29">
							<String ID="string_7" HPOS="110" VPOS="174" WIDTH="152" HEIGHT="25" WC="0.91" CONTENT="förekommit,"/><SP WIDTH="24" VPOS="174" HPOS="262"/>
							<String ID="string_8" HPOS="286" VPOS="173" WIDTH="40" HEIGHT="21" WC="0.93" CONTENT="där"/><SP WIDTH="23" VPOS="173" HPOS="326"/>
							<String ID="string_9" HPOS="349" VPOS="173" WIDTH="126" HEIGHT="29" WC="0.91" CONTENT="ordningen"/><SP WIDTH="22" VPOS="173" HPOS="475"/>
							<String ID="string_10" HPOS="497" VPOS="173" WIDTH="36" HEIGHT="22" WC="0.93" CONTENT="för"/><SP WIDTH="20" VPOS="173" HPOS="533"/>
							<String ID="string_11" HPOS="553" VPOS="174" WIDTH="100" HEIGHT="21" WC="0.93" CONTENT="medlens"/><SP WIDTH="16" VPOS="174" HPOS="653"/>
							<String ID="string_12" HPOS="669" VPOS="174" WIDTH="125" HEIGHT="28" WC="0.91" CONTENT="uttagande"/><SP WIDTH="14" VPOS="174" HPOS="794"/>
							<String ID="string_13" HPOS="808" VPOS="174" WIDTH="59" HEIGHT="22" WC="0.96" CONTENT="varit"/>
						</TextLine>
						<TextLine ID="line_2" HPOS="111" VPOS="207" WIDTH="756" HEIGHT="29">
							<String ID="string_14" HPOS="111" VPOS="215" WIDTH="28" HEIGHT="14" WC="0.96" CONTENT="en"/><SP WIDTH="16" VPOS="215" HPOS="139"/>
							<String ID="string_15" HPOS="155" VPOS="215" WIDTH="81" HEIGHT="14" WC="0.96" CONTENT="annan."/><SP WIDTH="31" VPOS="215" HPOS="236"/>
							<String ID="string_16" HPOS="267" VPOS="208" WIDTH="53" HEIGHT="21" WC="0.96" CONTENT="Men"/><SP WIDTH="23" VPOS="208" HPOS="320"/>
							<String ID="string_17" HPOS="343" VPOS="207" WIDTH="28" HEIGHT="21" WC="0.96" CONTENT="dä"/><SP WIDTH="18" VPOS="207" HPOS="371"/>
							<String ID="string_18" HPOS="389" VPOS="208" WIDTH="69" HEIGHT="28" WC="0.93" CONTENT="ingen"/><SP WIDTH="18" VPOS="208" HPOS="458"/>
							<String ID="string_19" HPOS="476" VPOS="208" WIDTH="65" HEIGHT="21" WC="0.92" CONTENT="säker"/><SP WIDTH="20" VPOS="208" HPOS="541"/>
							<String ID="string_20" HPOS="561" VPOS="208" WIDTH="74" HEIGHT="28" WC="0.96" CONTENT="grund"/><SP WIDTH="21" VPOS="208" HPOS="635"/>
							<String ID="string_21" HPOS="656" VPOS="208" WIDTH="36" HEIGHT="22" WC="0.92" CONTENT="för"/><SP WIDTH="15" VPOS="208" HPOS="692"/>
							<String ID="string_22" HPOS="707" VPOS="208" WIDTH="160" HEIGHT="28" WC="0.92" CONTENT="uttaxeringen"/>
						</TextLine>
						<TextLine ID="line_3" HPOS="110" VPOS="242" WIDTH="756" HEIGHT="29">
							<String ID="string_23" HPOS="110" VPOS="242" WIDTH="139" HEIGHT="21" WC="0.85" CONTENT="förefunnits"/><SP WIDTH="16" VPOS="242" HPOS="249"/>
							<String ID="string_24" HPOS="265" VPOS="242" WIDTH="69" HEIGHT="21" WC="0.93" CONTENT="hafva"/><SP WIDTH="15" VPOS="242" HPOS="334"/>
							<String ID="string_25" HPOS="349" VPOS="242" WIDTH="222" HEIGHT="28" WC="0.91" CONTENT="kyrkostämmornas"/><SP WIDTH="16" VPOS="242" HPOS="571"/>
							<String ID="string_26" HPOS="587" VPOS="242" WIDTH="75" HEIGHT="22" WC="0.95" CONTENT="beslut"/><SP WIDTH="14" VPOS="242" HPOS="662"/>
							<String ID="string_27" HPOS="676" VPOS="243" WIDTH="8" HEIGHT="21" WC="0.93" CONTENT="i"/><SP WIDTH="10" VPOS="243" HPOS="684"/>
							<String ID="string_28" HPOS="694" VPOS="242" WIDTH="66" HEIGHT="29" WC="0.96" CONTENT="fråga"/><SP WIDTH="15" VPOS="242" HPOS="760"/>
							<String ID="string_29" HPOS="775" VPOS="250" WIDTH="37" HEIGHT="14" WC="0.93" CONTENT="om"/><SP WIDTH="15" VPOS="250" HPOS="812"/>
							<String ID="string_30" HPOS="827" VPOS="242" WIDTH="39" HEIGHT="29" WC="0.91" CONTENT="dy-"/>
						</TextLine>
						<TextLine ID="line_4" HPOS="110" VPOS="276" WIDTH="756" HEIGHT="29">
							<String ID="string_31" HPOS="110" VPOS="276" WIDTH="47" HEIGHT="22" WC="0.96" CONTENT="lika"/><SP WIDTH="15" VPOS="276" HPOS="157"/>
							<String ID="string_32" HPOS="172" VPOS="276" WIDTH="95" HEIGHT="28" WC="0.93" CONTENT="utgifter"/><SP WIDTH="15" VPOS="276" HPOS="267"/>
							<String ID="string_33" HPOS="282" VPOS="278" WIDTH="98" HEIGHT="26" WC="0.92" CONTENT="mängen"/><SP WIDTH="19" VPOS="278" HPOS="380"/>
							<String ID="string_34" HPOS="399" VPOS="278" WIDTH="61" HEIGHT="26" WC="0.92" CONTENT="gäng"/><SP WIDTH="16" VPOS="278" HPOS="460"/>
							<String ID="string_35" HPOS="476" VPOS="276" WIDTH="67" HEIGHT="28" WC="0.92" CONTENT="gifvit"/><SP WIDTH="16" VPOS="276" HPOS="543"/>
							<String ID="string_36" HPOS="559" VPOS="276" WIDTH="125" HEIGHT="29" WC="0.92" CONTENT="anledning"/><SP WIDTH="15" VPOS="276" HPOS="684"/>
							<String ID="string_37" HPOS="699" VPOS="277" WIDTH="34" HEIGHT="21" WC="0.93" CONTENT="till"/><SP WIDTH="16" VPOS="277" HPOS="733"/>
							<String ID="string_38" HPOS="749" VPOS="276" WIDTH="117" HEIGHT="29" WC="0.92" CONTENT="stridighe-"/>
						</TextLine>
						<TextLine ID="line_5" HPOS="110" VPOS="310" WIDTH="755" HEIGHT="29">
							<String ID="string_39" HPOS="110" VPOS="313" WIDTH="35" HEIGHT="19" WC="0.91" CONTENT="ter"/><SP WIDTH="24" VPOS="313" HPOS="145"/>
							<String ID="string_40" HPOS="169" VPOS="311" WIDTH="42" HEIGHT="21" WC="0.91" CONTENT="och"/><SP WIDTH="23" VPOS="311" HPOS="211"/>
							<String ID="string_41" HPOS="234" VPOS="311" WIDTH="132" HEIGHT="28" WC="0.93" CONTENT="därigenom"/><SP WIDTH="14" VPOS="311" HPOS="366"/>
							<String ID="string_42" HPOS="380" VPOS="310" WIDTH="97" HEIGHT="29" WC="0.93" CONTENT="fördröjt"/><SP WIDTH="16" VPOS="310" HPOS="477"/>
							<String ID="string_43" HPOS="493" VPOS="311" WIDTH="105" HEIGHT="21" WC="0.92" CONTENT="ärendets"/><SP WIDTH="15" VPOS="311" HPOS="598"/>
							<String ID="string_44" HPOS="613" VPOS="311" WIDTH="93" HEIGHT="28" WC="0.96" CONTENT="slutliga"/><SP WIDTH="14" VPOS="311" HPOS="706"/>
							<String ID="string_45" HPOS="720" VPOS="311" WIDTH="145" HEIGHT="28" WC="0.96" CONTENT="behandling."/>
						</TextLine>
					</TextBlock>
					<TextBlock ID="block_2" HPOS="108" VPOS="345" WIDTH="758" HEIGHT="581">
						<TextLine ID="line_6" HPOS="181" VPOS="345" WIDTH="685" HEIGHT="29">
							<String ID="string_46" HPOS="181" VPOS="345" WIDTH="35" HEIGHT="21" WC="0.89" CONTENT="Dä"/><SP WIDTH="16" VPOS="345" HPOS="216"/>
							<String ID="string_47" HPOS="232" VPOS="345" WIDTH="95" HEIGHT="21" WC="0.92" CONTENT="sälunda"/><SP WIDTH="16" VPOS="345" HPOS="327"/>
							<String ID="string_48" HPOS="343" VPOS="345" WIDTH="107" HEIGHT="21" WC="0.91" CONTENT="behofvet"/><SP WIDTH="12" VPOS="345" HPOS="450"/>
							<String ID="string_49" HPOS="462" VPOS="345" WIDTH="26" HEIGHT="21" WC="0.96" CONTENT="af"/><SP WIDTH="7" VPOS="345" HPOS="488"/>
							<String ID="string_50" HPOS="495" VPOS="345" WIDTH="147" HEIGHT="29" WC="0.96" CONTENT="lagstiftning"/><SP WIDTH="11" VPOS="345" HPOS="642"/>
							<String ID="string_51" HPOS="653" VPOS="348" WIDTH="30" HEIGHT="26" WC="0.93" CONTENT="pä"/><SP WIDTH="10" VPOS="348" HPOS="683"/>
							<String ID="string_52" HPOS="693" VPOS="345" WIDTH="173" HEIGHT="29" WC="0.90" CONTENT="ifrägavarande"/>
						</TextLine>
						<TextLine ID="line_7" HPOS="111" VPOS="379" WIDTH="753" HEIGHT="29">
							<String ID="string_53" HPOS="111" VPOS="380" WIDTH="92" HEIGHT="21" WC="0.93" CONTENT="omräde"/><SP WIDTH="19" VPOS="380" HPOS="203"/>
							<String ID="string_54" HPOS="222" VPOS="379" WIDTH="60" HEIGHT="29" WC="0.96" CONTENT="gjort"/><SP WIDTH="16" VPOS="379" HPOS="282"/>
							<String ID="string_55" HPOS="298" VPOS="380" WIDTH="36" HEIGHT="28" WC="0.96" CONTENT="sig"/><SP WIDTH="15" VPOS="380" HPOS="334"/>
							<String ID="string_56" HPOS="349" VPOS="380" WIDTH="104" HEIGHT="28" WC="0.96" CONTENT="gällande"/><SP WIDTH="16" VPOS="380" HPOS="453"/>
							<String ID="string_57" HPOS="469" VPOS="382" WIDTH="57" HEIGHT="19" WC="0.96" CONTENT="samt"/><SP WIDTH="16" VPOS="382" HPOS="526"/>
							<String ID="string_58" HPOS="542" VPOS="380" WIDTH="27" HEIGHT="21" WC="0.96" CONTENT="de"/><SP WIDTH="15" VPOS="380" HPOS="569"/>
							<String ID="string_59" HPOS="584" VPOS="380" WIDTH="103" HEIGHT="28" WC="0.96" CONTENT="utgifter,"/><SP WIDTH="16" VPOS="380" HPOS="687"/>
							<String ID="string_60" HPOS="703" VPOS="380" WIDTH="161" HEIGHT="28" WC="0.96" CONTENT="församlingen"/>
						</TextLine>
						<TextLine ID="line_8" HPOS="110" VPOS="410" WIDTH="756" HEIGHT="32">
							<String ID="string_61" HPOS="110" VPOS="414" WIDTH="24" HEIGHT="21" WC="0.93" CONTENT="få"/><SP WIDTH="19" VPOS="414" HPOS="134"/>
							<String ID="string_62" HPOS="153" VPOS="414" WIDTH="127" HEIGHT="21" WC="0.90" CONTENT="vidkännas"/><SP WIDTH="18" VPOS="414" HPOS="280"/>
							<String ID="string_63" HPOS="298" VPOS="413" WIDTH="37" HEIGHT="22" WC="0.93" CONTENT="för"/><SP WIDTH="20" VPOS="413" HPOS="335"/>
							<String ID="string_64" HPOS="355" VPOS="414" WIDTH="177" HEIGHT="28" WC="0.93" CONTENT="prästerskapets"/><SP WIDTH="19" VPOS="414" HPOS="532"/>
							<String ID="string_65" HPOS="551" VPOS="410" WIDTH="119" HEIGHT="25" WC="0.92" CONTENT="aflönande"/><SP WIDTH="18" VPOS="410" HPOS="670"/>
							<String ID="string_66" HPOS="688" VPOS="416" WIDTH="58" HEIGHT="19" WC="0.96" CONTENT="samt"/><SP WIDTH="14" VPOS="416" HPOS="746"/>
							<String ID="string_67" HPOS="760" VPOS="414" WIDTH="34" HEIGHT="21" WC="0.93" CONTENT="till"/><SP WIDTH="15" VPOS="414" HPOS="794"/>
							<String ID="string_68" HPOS="809" VPOS="414" WIDTH="57" HEIGHT="28" WC="0.92" CONTENT="byg-"/>
						</TextLine>
						<TextLine ID="line_9" HPOS="110" VPOS="449" WIDTH="755" HEIGHT="28">
							<String ID="string_69" HPOS="110" VPOS="449" WIDTH="75" HEIGHT="28" WC="0.92" CONTENT="gande"/><SP WIDTH="23" VPOS="449" HPOS="185"/>
							<String ID="string_70" HPOS="208" VPOS="449" WIDTH="43" HEIGHT="21" WC="0.93" CONTENT="och"/><SP WIDTH="22" VPOS="449" HPOS="251"/>
							<String ID="string_71" HPOS="273" VPOS="449" WIDTH="119" HEIGHT="21" WC="0.92" CONTENT="underhäll"/><SP WIDTH="20" VPOS="449" HPOS="392"/>
							<String ID="string_72" HPOS="412" VPOS="449" WIDTH="26" HEIGHT="21" WC="0.96" CONTENT="af"/><SP WIDTH="16" VPOS="449" HPOS="438"/>
							<String ID="string_73" HPOS="454" VPOS="449" WIDTH="73" HEIGHT="28" WC="0.96" CONTENT="kyrka"/><SP WIDTH="20" VPOS="449" HPOS="527"/>
							<String ID="string_74" HPOS="547" VPOS="449" WIDTH="42" HEIGHT="21" WC="0.92" CONTENT="och"/><SP WIDTH="23" VPOS="449" HPOS="589"/>
							<String ID="string_75" HPOS="612" VPOS="449" WIDTH="126" HEIGHT="28" WC="0.91" CONTENT="prästgärd,"/><SP WIDTH="24" VPOS="449" HPOS="738"/>
							<String ID="string_76" HPOS="762" VPOS="449" WIDTH="103" HEIGHT="28" WC="0.91" CONTENT="erläggas"/>
						</TextLine>
						<TextLine ID="line_10" HPOS="110" VPOS="483" WIDTH="755" HEIGHT="29">
							<String ID="string_77" HPOS="110" VPOS="483" WIDTH="59" HEIGHT="21" WC="0.92" CONTENT="efter"/><SP WIDTH="14" VPOS="483" HPOS="169"/>
							<String ID="string_78" HPOS="183" VPOS="483" WIDTH="155" HEIGHT="28" WC="0.92" CONTENT="lagbestämda"/><SP WIDTH="15" VPOS="483" HPOS="338"/>
							<String ID="string_79" HPOS="353" VPOS="483" WIDTH="106" HEIGHT="28" WC="0.93" CONTENT="grunder,"/><SP WIDTH="16" VPOS="483" HPOS="459"/>
							<String ID="string_80" HPOS="475" VPOS="491" WIDTH="68" HEIGHT="20" WC="0.92" CONTENT="synes"/><SP WIDTH="16" VPOS="491" HPOS="543"/>
							<String ID="string_81" HPOS="559" VPOS="483" WIDTH="29" HEIGHT="22" WC="0.93" CONTENT="all"/><SP WIDTH="16" VPOS="483" HPOS="588"/>
							<String ID="string_82" HPOS="604" VPOS="484" WIDTH="124" HEIGHT="28" WC="0.92" CONTENT="anledning"/><SP WIDTH="12" VPOS="484" HPOS="728"/>
							<String ID="string_83" HPOS="740" VPOS="483" WIDTH="125" HEIGHT="22" WC="0.93" CONTENT="förefinnas"/>
						</TextLine>
						<TextLine ID="line_11" HPOS="110" VPOS="517" WIDTH="756" HEIGHT="29">
							<String ID="string_84" HPOS="110" VPOS="520" WIDTH="33" HEIGHT="19" WC="0.91" CONTENT="att"/><SP WIDTH="21" VPOS="520" HPOS="143"/>
							<String ID="string_85" HPOS="164" VPOS="517" WIDTH="86" HEIGHT="28" WC="0.91" CONTENT="jämväl"/><SP WIDTH="25" VPOS="517" HPOS="250"/>
							<String ID="string_86" HPOS="275" VPOS="517" WIDTH="141" HEIGHT="22" WC="0.93" CONTENT="beträffande"/><SP WIDTH="23" VPOS="517" HPOS="416"/>
							<String ID="string_87" HPOS="439" VPOS="518" WIDTH="126" HEIGHT="28" WC="0.92" CONTENT="ordningen"/><SP WIDTH="20" VPOS="518" HPOS="565"/>
							<String ID="string_88" HPOS="585" VPOS="518" WIDTH="37" HEIGHT="21" WC="0.93" CONTENT="för"/><SP WIDTH="19" VPOS="518" HPOS="622"/>
							<String ID="string_89" HPOS="641" VPOS="519" WIDTH="130" HEIGHT="27" WC="0.91" CONTENT="uttaxering"/><SP WIDTH="20" VPOS="519" HPOS="771"/>
							<String ID="string_90" HPOS="791" VPOS="518" WIDTH="26" HEIGHT="21" WC="0.96" CONTENT="af"/><SP WIDTH="18" VPOS="518" HPOS="817"/>
							<String ID="string_91" HPOS="835" VPOS="525" WIDTH="31" HEIGHT="14" WC="0.96" CONTENT="nu"/>
						</TextLine>
						<TextLine ID="line_12" HPOS="109" VPOS="552" WIDTH="755" HEIGHT="29">
							<String ID="string_92" HPOS="109" VPOS="552" WIDTH="176" HEIGHT="29" WC="0.92" CONTENT="ifrägavarande"/><SP WIDTH="22" VPOS="552" HPOS="285"/>
							<String ID="string_93" HPOS="307" VPOS="552" WIDTH="95" HEIGHT="28" WC="0.92" CONTENT="utgifter"/><SP WIDTH="19" VPOS="552" HPOS="402"/>
							<String ID="string_94" HPOS="421" VPOS="552" WIDTH="23" HEIGHT="22" WC="0.92" CONTENT="fä"/><SP WIDTH="20" VPOS="552" HPOS="444"/>
							<String ID="string_95" HPOS="464" VPOS="552" WIDTH="116" HEIGHT="22" WC="0.92" CONTENT="bestämda"/><SP WIDTH="25" VPOS="552" HPOS="580"/>
							<String ID="string_96" HPOS="605" VPOS="552" WIDTH="141" HEIGHT="22" WC="0.93" CONTENT="föreskrifter"/><SP WIDTH="22" VPOS="552" HPOS="746"/>
							<String ID="string_97" HPOS="768" VPOS="553" WIDTH="96" HEIGHT="21" WC="0.91" CONTENT="införda."/>
						</TextLine>
						<TextLine ID="line_13" HPOS="110" VPOS="587" WIDTH="755" HEIGHT="29">
							<String ID="string_98" HPOS="110" VPOS="587" WIDTH="87" HEIGHT="21" WC="0.96" CONTENT="Härvid"/><SP WIDTH="16" VPOS="587" HPOS="197"/>
							<String ID="string_99" HPOS="213" VPOS="587" WIDTH="77" HEIGHT="21" WC="0.96" CONTENT="kunde"/><SP WIDTH="15" VPOS="587" HPOS="290"/>
							<String ID="string_100" HPOS="305" VPOS="587" WIDTH="35" HEIGHT="21" WC="0.96" CONTENT="till"/><SP WIDTH="14" VPOS="587" HPOS="340"/>
							<String ID="string_101" HPOS="354" VPOS="587" WIDTH="74" HEIGHT="28" WC="0.96" CONTENT="grund"/><SP WIDTH="17" VPOS="587" HPOS="428"/>
							<String ID="string_102" HPOS="445" VPOS="587" WIDTH="36" HEIGHT="21" WC="0.93" CONTENT="för"/><SP WIDTH="13" VPOS="587" HPOS="481"/>
							<String ID="string_103" HPOS="494" VPOS="588" WIDTH="160" HEIGHT="28" WC="0.93" CONTENT="uttaxeringen"/><SP WIDTH="10" VPOS="588" HPOS="654"/>
							<String ID="string_104" HPOS="664" VPOS="588" WIDTH="80" HEIGHT="28" WC="0.92" CONTENT="läggas"/><SP WIDTH="11" VPOS="588" HPOS="744"/>
							<String ID="string_105" HPOS="755" VPOS="588" WIDTH="39" HEIGHT="21" WC="0.93" CONTENT="det"/><SP WIDTH="10" VPOS="588" HPOS="794"/>
							<String ID="string_106" HPOS="804" VPOS="588" WIDTH="61" HEIGHT="21" WC="0.91" CONTENT="kom-"/>
						</TextLine>
						<TextLine ID="line_14" HPOS="109" VPOS="622" WIDTH="756" HEIGHT="28">
							<String ID="string_107" HPOS="109" VPOS="622" WIDTH="92" HEIGHT="21" WC="0.91" CONTENT="munala"/><SP WIDTH="15" VPOS="622" HPOS="201"/>
							<String ID="string_108" HPOS="216" VPOS="622" WIDTH="117" HEIGHT="25" WC="0.92" CONTENT="skattöret,"/><SP WIDTH="16" VPOS="622" HPOS="333"/>
							<String ID="string_109" HPOS="349" VPOS="622" WIDTH="148" HEIGHT="28" WC="0.92" CONTENT="hvarigenom"/><SP WIDTH="15" VPOS="622" HPOS="497"/>
							<String ID="string_110" HPOS="512" VPOS="622" WIDTH="103" HEIGHT="22" WC="0.92" CONTENT="fördelen"/><SP WIDTH="15" VPOS="622" HPOS="615"/>
							<String ID="string_111" HPOS="630" VPOS="622" WIDTH="93" HEIGHT="22" WC="0.92" CONTENT="vunnits"/><SP WIDTH="14" VPOS="622" HPOS="723"/>
							<String ID="string_112" HPOS="737" VPOS="622" WIDTH="26" HEIGHT="21" WC="0.97" CONTENT="af"/><SP WIDTH="9" VPOS="622" HPOS="763"/>
							<String ID="string_113" HPOS="772" VPOS="630" WIDTH="28" HEIGHT="13" WC="0.93" CONTENT="en"/><SP WIDTH="8" VPOS="630" HPOS="800"/>
							<String ID="string_114" HPOS="808" VPOS="622" WIDTH="57" HEIGHT="28" WC="0.90" CONTENT="jäm-"/>
						</TextLine>
						<TextLine ID="line_15" HPOS="109" VPOS="656" WIDTH="755" HEIGHT="28">
							<String ID="string_115" HPOS="109" VPOS="664" WIDTH="55" HEIGHT="13" WC="0.96" CONTENT="nare"/><SP WIDTH="15" VPOS="664" HPOS="164"/>
							<String ID="string_116" HPOS="179" VPOS="656" WIDTH="110" HEIGHT="28" WC="0.95" CONTENT="taxering."/><SP WIDTH="31" VPOS="656" HPOS="289"/>
							<String ID="string_117" HPOS="320" VPOS="656" WIDTH="52" HEIGHT="22" WC="0.96" CONTENT="Men"/><SP WIDTH="21" VPOS="656" HPOS="372"/>
							<String ID="string_118" HPOS="393" VPOS="656" WIDTH="28" HEIGHT="22" WC="0.60" CONTENT="dä"/><SP WIDTH="15" VPOS="656" HPOS="421"/>
							<String ID="string_119" HPOS="436" VPOS="656" WIDTH="7" HEIGHT="21" WC="0.60" CONTENT="i"/><SP WIDTH="16" VPOS="656" HPOS="443"/>
							<String ID="string_120" HPOS="459" VPOS="656" WIDTH="166" HEIGHT="22" WC="0.92" CONTENT="ofvananförda"/><SP WIDTH="15" VPOS="656" HPOS="625"/>
							<String ID="string_121" HPOS="640" VPOS="656" WIDTH="160" HEIGHT="28" WC="0.96" CONTENT="förordningar"/><SP WIDTH="14" VPOS="656" HPOS="800"/>
							<String ID="string_122" HPOS="814" VPOS="657" WIDTH="50" HEIGHT="21" WC="0.96" CONTENT="från"/>
						</TextLine>
						<TextLine ID="line_16" HPOS="110" VPOS="690" WIDTH="755" HEIGHT="29">
							<String ID="string_123" HPOS="110" VPOS="692" WIDTH="24" HEIGHT="20" WC="0.93" CONTENT="är"/><SP WIDTH="21" VPOS="692" HPOS="134"/>
							<String ID="string_124" HPOS="155" VPOS="692" WIDTH="54" HEIGHT="20" WC="0.93" CONTENT="1892"/><SP WIDTH="20" VPOS="692" HPOS="209"/>
							<String ID="string_125" HPOS="229" VPOS="690" WIDTH="194" HEIGHT="29" WC="0.92" CONTENT="prästaflöningen"/><SP WIDTH="19" VPOS="690" HPOS="423"/>
							<String ID="string_126" HPOS="442" VPOS="691" WIDTH="59" HEIGHT="28" WC="0.96" CONTENT="lagts"/><SP WIDTH="20" VPOS="691" HPOS="501"/>
							<String ID="string_127" HPOS="521" VPOS="690" WIDTH="34" HEIGHT="22" WC="0.96" CONTENT="till"/><SP WIDTH="18" VPOS="690" HPOS="555"/>
							<String ID="string_128" HPOS="573" VPOS="691" WIDTH="74" HEIGHT="28" WC="0.96" CONTENT="grund"/><SP WIDTH="23" VPOS="691" HPOS="647"/>
							<String ID="string_129" HPOS="670" VPOS="691" WIDTH="36" HEIGHT="21" WC="0.96" CONTENT="för"/><SP WIDTH="24" VPOS="691" HPOS="706"/>
							<String ID="string_130" HPOS="730" VPOS="691" WIDTH="27" HEIGHT="21" WC="0.96" CONTENT="de"/><SP WIDTH="15" VPOS="691" HPOS="757"/>
							<String ID="string_131" HPOS="772" VPOS="691" WIDTH="8" HEIGHT="21" WC="0.96" CONTENT="i"/><SP WIDTH="15" VPOS="691" HPOS="780"/>
							<String ID="string_132" HPOS="795" VPOS="691" WIDTH="70" HEIGHT="28" WC="0.96" CONTENT="sagda"/>
						</TextLine>
						<TextLine ID="line_17" HPOS="109" VPOS="725" WIDTH="755" HEIGHT="29">
							<String ID="string_133" HPOS="109" VPOS="725" WIDTH="164" HEIGHT="29" WC="0.92" CONTENT="författningar"/><SP WIDTH="11" VPOS="725" HPOS="273"/>
							<String ID="string_134" HPOS="284" VPOS="725" WIDTH="95" HEIGHT="21" WC="0.96" CONTENT="berörda"/><SP WIDTH="10" VPOS="725" HPOS="379"/>
							<String ID="string_135" HPOS="389" VPOS="725" WIDTH="101" HEIGHT="29" WC="0.96" CONTENT="utgifter,"/><SP WIDTH="11" VPOS="725" HPOS="490"/>
							<String ID="string_136" HPOS="501" VPOS="726" WIDTH="41" HEIGHT="21" WC="0.93" CONTENT="har"/><SP WIDTH="11" VPOS="726" HPOS="542"/>
							<String ID="string_137" HPOS="553" VPOS="726" WIDTH="111" HEIGHT="21" WC="0.92" CONTENT="utskottet"/><SP WIDTH="10" VPOS="726" HPOS="664"/>
							<String ID="string_138" HPOS="674" VPOS="726" WIDTH="36" HEIGHT="21" WC="0.93" CONTENT="för"/><SP WIDTH="8" VPOS="726" HPOS="710"/>
							<String ID="string_139" HPOS="718" VPOS="726" WIDTH="146" HEIGHT="21" WC="0.92" CONTENT="undvikande"/>
						</TextLine>
						<TextLine ID="line_18" HPOS="109" VPOS="760" WIDTH="756" HEIGHT="28">
							<String ID="string_140" HPOS="109" VPOS="760" WIDTH="26" HEIGHT="21" WC="0.93" CONTENT="af"/><SP WIDTH="14" VPOS="760" HPOS="135"/>
							<String ID="string_141" HPOS="149" VPOS="762" WIDTH="38" HEIGHT="19" WC="0.92" CONTENT="tvä"/><SP WIDTH="16" VPOS="762" HPOS="187"/>
							<String ID="string_142" HPOS="203" VPOS="760" WIDTH="109" HEIGHT="21" WC="0.93" CONTENT="särskilda"/><SP WIDTH="18" VPOS="760" HPOS="312"/>
							<String ID="string_143" HPOS="330" VPOS="760" WIDTH="227" HEIGHT="28" WC="0.92" CONTENT="taxeringsgrunders"/><SP WIDTH="15" VPOS="760" HPOS="557"/>
							<String ID="string_144" HPOS="572" VPOS="760" WIDTH="120" HEIGHT="22" WC="0.96" CONTENT="införande"/><SP WIDTH="15" VPOS="760" HPOS="692"/>
							<String ID="string_145" HPOS="707" VPOS="760" WIDTH="36" HEIGHT="21" WC="0.93" CONTENT="för"/><SP WIDTH="15" VPOS="760" HPOS="743"/>
							<String ID="string_146" HPOS="758" VPOS="760" WIDTH="107" HEIGHT="28" WC="0.92" CONTENT="kyrkliga"/>
						</TextLine>
						<TextLine ID="line_19" HPOS="109" VPOS="794" WIDTH="756" HEIGHT="29">
							<String ID="string_147" HPOS="109" VPOS="794" WIDTH="104" HEIGHT="28" WC="0.92" CONTENT="afgälder"/><SP WIDTH="15" VPOS="794" HPOS="213"/>
							<String ID="string_148" HPOS="228" VPOS="794" WIDTH="43" HEIGHT="22" WC="0.96" CONTENT="och"/><SP WIDTH="15" VPOS="794" HPOS="271"/>
							<String ID="string_149" HPOS="286" VPOS="794" WIDTH="7" HEIGHT="21" WC="0.93" CONTENT="i"/><SP WIDTH="15" VPOS="794" HPOS="293"/>
							<String ID="string_150" HPOS="308" VPOS="794" WIDTH="147" HEIGHT="21" WC="0.92" CONTENT="betraktande"/><SP WIDTH="14" VPOS="794" HPOS="455"/>
							<String ID="string_151" HPOS="469" VPOS="794" WIDTH="26" HEIGHT="21" WC="0.97" CONTENT="af"/><SP WIDTH="8" VPOS="794" HPOS="495"/>
							<String ID="string_152" HPOS="503" VPOS="794" WIDTH="28" HEIGHT="22" WC="0.93" CONTENT="de"/><SP WIDTH="8" VPOS="794" HPOS="531"/>
							<String ID="string_153" HPOS="539" VPOS="794" WIDTH="166" HEIGHT="28" WC="0.92" CONTENT="jämförelsevis"/><SP WIDTH="11" VPOS="794" HPOS="705"/>
							<String ID="string_154" HPOS="716" VPOS="796" WIDTH="48" HEIGHT="20" WC="0.91" CONTENT="smä"/><SP WIDTH="10" VPOS="796" HPOS="764"/>
							<String ID="string_155" HPOS="774" VPOS="794" WIDTH="91" HEIGHT="29" WC="0.92" CONTENT="belopp,"/>
						</TextLine>
						<TextLine ID="line_20" HPOS="108" VPOS="828" WIDTH="756" HEIGHT="30">
							<String ID="string_156" HPOS="108" VPOS="828" WIDTH="93" HEIGHT="22" WC="0.90" CONTENT="hvartill"/><SP WIDTH="22" VPOS="828" HPOS="201"/>
							<String ID="string_157" HPOS="223" VPOS="828" WIDTH="149" HEIGHT="22" WC="0.92" CONTENT="förevarande"/><SP WIDTH="22" VPOS="828" HPOS="372"/>
							<String ID="string_158" HPOS="394" VPOS="828" WIDTH="95" HEIGHT="29" WC="0.96" CONTENT="utgifter"/><SP WIDTH="16" VPOS="828" HPOS="489"/>
							<String ID="string_159" HPOS="505" VPOS="829" WIDTH="7" HEIGHT="21" WC="0.93" CONTENT="i"/><SP WIDTH="15" VPOS="829" HPOS="512"/>
							<String ID="string_160" HPOS="527" VPOS="829" WIDTH="123" HEIGHT="21" WC="0.90" CONTENT="allmänhet"/><SP WIDTH="20" VPOS="829" HPOS="650"/>
							<String ID="string_161" HPOS="670" VPOS="831" WIDTH="84" HEIGHT="27" WC="0.91" CONTENT="uppgä,"/><SP WIDTH="20" VPOS="831" HPOS="754"/>
							<String ID="string_162" HPOS="774" VPOS="832" WIDTH="90" HEIGHT="18" WC="0.96" CONTENT="stannat"/>
						</TextLine>
						<TextLine ID="line_21" HPOS="108" VPOS="863" WIDTH="757" HEIGHT="29">
							<String ID="string_163" HPOS="108" VPOS="863" WIDTH="40" HEIGHT="22" WC="0.96" CONTENT="vid"/><SP WIDTH="19" VPOS="863" HPOS="148"/>
							<String ID="string_164" HPOS="167" VPOS="863" WIDTH="38" HEIGHT="21" WC="0.96" CONTENT="det"/><SP WIDTH="15" VPOS="863" HPOS="205"/>
							<String ID="string_165" HPOS="220" VPOS="863" WIDTH="8" HEIGHT="21" WC="0.96" CONTENT="i"/><SP WIDTH="15" VPOS="863" HPOS="228"/>
							<String ID="string_166" HPOS="243" VPOS="863" WIDTH="43" HEIGHT="21" WC="0.93" CONTENT="den"/><SP WIDTH="19" VPOS="863" HPOS="286"/>
							<String ID="string_167" HPOS="305" VPOS="863" WIDTH="84" HEIGHT="28" WC="0.91" CONTENT="nädiga"/><SP WIDTH="15" VPOS="863" HPOS="389"/>
							<String ID="string_168" HPOS="404" VPOS="863" WIDTH="169" HEIGHT="29" WC="0.93" CONTENT="propositionen"/><SP WIDTH="16" VPOS="863" HPOS="573"/>
							<String ID="string_169" HPOS="589" VPOS="863" WIDTH="81" HEIGHT="29" WC="0.92" CONTENT="gjorda"/><SP WIDTH="15" VPOS="863" HPOS="670"/>
							<String ID="string_170" HPOS="685" VPOS="863" WIDTH="121" HEIGHT="29" WC="0.92" CONTENT="förslaget;"/><SP WIDTH="16" VPOS="863" HPOS="806"/>
							<String ID="string_171" HPOS="822" VPOS="864" WIDTH="43" HEIGHT="21" WC="0.96" CONTENT="och"/>
						</TextLine>
						<TextLine ID="line_22" HPOS="108" VPOS="898" WIDTH="481" HEIGHT="28">
							<String ID="string_172" HPOS="108" VPOS="898" WIDTH="37" HEIGHT="22" WC="0.96" CONTENT="får"/><SP WIDTH="14" VPOS="898" HPOS="145"/>
							<String ID="string_173" HPOS="159" VPOS="898" WIDTH="117" HEIGHT="22" WC="0.93" CONTENT="Utskottet"/><SP WIDTH="16" VPOS="898" HPOS="276"/>
							<String ID="string_174" HPOS="292" VPOS="898" WIDTH="62" HEIGHT="28" WC="0.92" CONTENT="förty"/><SP WIDTH="15" VPOS="898" HPOS="354"/>
							<String ID="string_175" HPOS="369" VPOS="898" WIDTH="115" HEIGHT="22" WC="0.93" CONTENT="vördsamt"/><SP WIDTH="15" VPOS="898" HPOS="484"/>
							<String ID="string_176" HPOS="499" VPOS="898" WIDTH="90" HEIGHT="26" WC="0.96" CONTENT="föreslå,"/>
						</TextLine>
					</TextBlock>
				</ComposedBlock>
				<ComposedBlock ID="cblock_2" HPOS="282" VPOS="967" WIDTH="586" HEIGHT="63">
					<TextBlock ID="block_3" HPOS="282" VPOS="967" WIDTH="586" HEIGHT="63">
						<TextLine ID="line_23" HPOS="350" VPOS="967" WIDTH="518" HEIGHT="29">
							<String ID="string_177" HPOS="350" VPOS="968" WIDTH="32" HEIGHT="20" WC="0.95" CONTENT="att"/><SP WIDTH="21" VPOS="968" HPOS="382"/>
							<String ID="string_178" HPOS="403" VPOS="968" WIDTH="41" HEIGHT="21" WC="0.96" CONTENT="den"/><SP WIDTH="23" VPOS="968" HPOS="444"/>
							<String ID="string_179" HPOS="467" VPOS="967" WIDTH="82" HEIGHT="29" WC="0.94" CONTENT="nådiga"/><SP WIDTH="22" VPOS="967" HPOS="549"/>
							<String ID="string_180" HPOS="571" VPOS="967" WIDTH="159" HEIGHT="27" WC="0.94" CONTENT="propositionen"/><SP WIDTH="24" VPOS="967" HPOS="730"/>
							<String ID="string_181" HPOS="754" VPOS="967" WIDTH="65" HEIGHT="22" WC="0.94" CONTENT="måtte"/><SP WIDTH="22" VPOS="967" HPOS="819"/>
							<String ID="string_182" HPOS="841" VPOS="968" WIDTH="27" HEIGHT="28" WC="0.96" CONTENT="af"/>
						</TextLine>
						<TextLine ID="line_24" HPOS="282" VPOS="1001" WIDTH="391" HEIGHT="29">
							<String ID="string_183" HPOS="282" VPOS="1001" WIDTH="124" HEIGHT="22" WC="0.92" CONTENT="Ständerna"/><SP WIDTH="16" VPOS="1001" HPOS="406"/>
							<String ID="string_184" HPOS="422" VPOS="1002" WIDTH="136" HEIGHT="28" WC="0.93" CONTENT="oförändrad"/><SP WIDTH="15" VPOS="1002" HPOS="558"/>
							<String ID="string_185" HPOS="573" VPOS="1004" WIDTH="100" HEIGHT="26" WC="0.91" CONTENT="antagas."/>
						</TextLine>
					</TextBlock>
				</ComposedBlock>
				<ComposedBlock ID="cblock_3" HPOS="108" VPOS="1146" WIDTH="757" HEIGHT="201">
					<TextBlock ID="block_4" HPOS="108" VPOS="1146" WIDTH="757" HEIGHT="167">
						<TextLine ID="line_25" HPOS="177" VPOS="1146" WIDTH="687" HEIGHT="29">
							<String ID="string_186" HPOS="177" VPOS="1146" WIDTH="40" HEIGHT="22" WC="0.90" CONTENT="Uti"/><SP WIDTH="22" VPOS="1146" HPOS="217"/>
							<String ID="string_187" HPOS="239" VPOS="1146" WIDTH="104" HEIGHT="21" WC="0.91" CONTENT="ärendets"/><SP WIDTH="25" VPOS="1146" HPOS="343"/>
							<String ID="string_188" HPOS="368" VPOS="1146" WIDTH="139" HEIGHT="28" WC="0.93" CONTENT="behandling"/><SP WIDTH="24" VPOS="1146" HPOS="507"/>
							<String ID="string_189" HPOS="531" VPOS="1146" WIDTH="70" HEIGHT="22" WC="0.92" CONTENT="hafva"/><SP WIDTH="25" VPOS="1146" HPOS="601"/>
							<String ID="string_190" HPOS="626" VPOS="1147" WIDTH="96" HEIGHT="28" WC="0.89" CONTENT="deltagit"/><SP WIDTH="25" VPOS="1147" HPOS="722"/>
							<String ID="string_191" HPOS="747" VPOS="1146" WIDTH="117" HEIGHT="23" WC="0.89" CONTENT="ordföran-"/>
						</TextLine>
						<TextLine ID="line_26" HPOS="109" VPOS="1181" WIDTH="755" HEIGHT="28">
							<String ID="string_192" HPOS="109" VPOS="1182" WIDTH="45" HEIGHT="21" WC="0.96" CONTENT="den"/><SP WIDTH="15" VPOS="1182" HPOS="154"/>
							<String ID="string_193" HPOS="169" VPOS="1181" WIDTH="109" HEIGHT="28" WC="0.72" CONTENT="Ignatius,"/><SP WIDTH="16" VPOS="1181" HPOS="278"/>
							<String ID="string_194" HPOS="294" VPOS="1181" WIDTH="154" HEIGHT="21" WC="0.96" CONTENT="ledamöterna"/><SP WIDTH="15" VPOS="1181" HPOS="448"/>
							<String ID="string_195" HPOS="463" VPOS="1181" WIDTH="95" HEIGHT="21" WC="0.96" CONTENT="friherre"/><SP WIDTH="17" VPOS="1181" HPOS="558"/>
							<String ID="string_196" HPOS="575" VPOS="1181" WIDTH="53" HEIGHT="22" WC="0.96" CONTENT="Otto"/><SP WIDTH="16" VPOS="1181" HPOS="628"/>
							<String ID="string_197" HPOS="644" VPOS="1181" WIDTH="27" HEIGHT="22" WC="0.96" CONTENT="A."/><SP WIDTH="18" VPOS="1181" HPOS="671"/>
							<String ID="string_198" HPOS="689" VPOS="1181" WIDTH="91" HEIGHT="26" WC="0.96" CONTENT="Wrede,"/><SP WIDTH="16" VPOS="1181" HPOS="780"/>
							<String ID="string_199" HPOS="796" VPOS="1181" WIDTH="30" HEIGHT="22" WC="0.91" CONTENT="K."/><SP WIDTH="11" VPOS="1181" HPOS="826"/>
							<String ID="string_200" HPOS="837" VPOS="1181" WIDTH="27" HEIGHT="22" WC="0.91" CONTENT="A."/>
						</TextLine>
						<TextLine ID="line_27" HPOS="109" VPOS="1215" WIDTH="756" HEIGHT="29">
							<String ID="string_201" HPOS="109" VPOS="1216" WIDTH="146" HEIGHT="24" WC="0.96" CONTENT="Schroderus,"/><SP WIDTH="25" VPOS="1216" HPOS="255"/>
							<String ID="string_202" HPOS="280" VPOS="1215" WIDTH="132" HEIGHT="28" WC="0.96" CONTENT="Malmberg,"/><SP WIDTH="24" VPOS="1215" HPOS="412"/>
							<String ID="string_203" HPOS="436" VPOS="1215" WIDTH="123" HEIGHT="28" WC="0.90" CONTENT="Wegelius,"/><SP WIDTH="20" VPOS="1215" HPOS="559"/>
							<String ID="string_204" HPOS="579" VPOS="1215" WIDTH="27" HEIGHT="21" WC="0.93" CONTENT="A."/><SP WIDTH="17" VPOS="1215" HPOS="606"/>
							<String ID="string_205" HPOS="623" VPOS="1215" WIDTH="101" HEIGHT="26" WC="0.93" CONTENT="Castrén,"/><SP WIDTH="16" VPOS="1215" HPOS="724"/>
							<String ID="string_206" HPOS="740" VPOS="1216" WIDTH="125" HEIGHT="28" WC="0.96" CONTENT="Wuolijoki"/>
						</TextLine>
						<TextLine ID="line_28" HPOS="109" VPOS="1250" WIDTH="753" HEIGHT="28">
							<String ID="string_207" HPOS="109" VPOS="1251" WIDTH="43" HEIGHT="21" WC="0.96" CONTENT="och"/><SP WIDTH="19" VPOS="1251" HPOS="152"/>
							<String ID="string_208" HPOS="171" VPOS="1250" WIDTH="151" HEIGHT="22" WC="0.96" CONTENT="Kaasalainen"/><SP WIDTH="20" VPOS="1250" HPOS="322"/>
							<String ID="string_209" HPOS="342" VPOS="1252" WIDTH="58" HEIGHT="19" WC="0.93" CONTENT="samt"/><SP WIDTH="16" VPOS="1252" HPOS="400"/>
							<String ID="string_210" HPOS="416" VPOS="1250" WIDTH="159" HEIGHT="28" WC="0.92" CONTENT="supleanterna"/><SP WIDTH="15" VPOS="1250" HPOS="575"/>
							<String ID="string_211" HPOS="590" VPOS="1250" WIDTH="126" HEIGHT="26" WC="0.91" CONTENT="Kuhlefelt,"/><SP WIDTH="16" VPOS="1250" HPOS="716"/>
							<String ID="string_212" HPOS="732" VPOS="1250" WIDTH="92" HEIGHT="26" WC="0.96" CONTENT="Munck,"/><SP WIDTH="17" VPOS="1250" HPOS="824"/>
							<String ID="string_213" HPOS="841" VPOS="1250" WIDTH="21" HEIGHT="22" WC="0.96" CONTENT="J."/>
						</TextLine>
						<TextLine ID="line_29" HPOS="108" VPOS="1284" WIDTH="637" HEIGHT="29">
							<String ID="string_214" HPOS="108" VPOS="1285" WIDTH="106" HEIGHT="24" WC="0.95" CONTENT="Jansson,"/><SP WIDTH="15" VPOS="1285" HPOS="214"/>
							<String ID="string_215" HPOS="229" VPOS="1284" WIDTH="113" HEIGHT="22" WC="0.96" CONTENT="Ruhanen"/><SP WIDTH="16" VPOS="1284" HPOS="342"/>
							<String ID="string_216" HPOS="358" VPOS="1284" WIDTH="89" HEIGHT="28" WC="0.96" CONTENT="(delvis)"/><SP WIDTH="16" VPOS="1284" HPOS="447"/>
							<String ID="string_217" HPOS="463" VPOS="1284" WIDTH="41" HEIGHT="22" WC="0.96" CONTENT="och"/><SP WIDTH="17" VPOS="1284" HPOS="504"/>
							<String ID="string_218" HPOS="521" VPOS="1284" WIDTH="113" HEIGHT="29" WC="0.96" CONTENT="Nykänen"/><SP WIDTH="16" VPOS="1284" HPOS="634"/>
							<String ID="string_219" HPOS="650" VPOS="1285" WIDTH="95" HEIGHT="28" WC="0.96" CONTENT="(delvis)."/>
						</TextLine>
					</TextBlock>
					<TextBlock ID="block_5" HPOS="177" VPOS="1318" WIDTH="407" HEIGHT="29">
						<TextLine ID="line_30" HPOS="177" VPOS="1318" WIDTH="407" HEIGHT="29">
							<String ID="string_220" HPOS="177" VPOS="1318" WIDTH="144" HEIGHT="28" WC="0.96" CONTENT="Helsingfors"/><SP WIDTH="16" VPOS="1318" HPOS="321"/>
							<String ID="string_221" HPOS="337" VPOS="1318" WIDTH="44" HEIGHT="22" WC="0.96" CONTENT="den"/><SP WIDTH="17" VPOS="1318" HPOS="381"/>
							<String ID="string_222" HPOS="398" VPOS="1320" WIDTH="26" HEIGHT="20" WC="0.96" CONTENT="14"/><SP WIDTH="16" VPOS="1320" HPOS="424"/>
							<String ID="string_223" HPOS="440" VPOS="1318" WIDTH="66" HEIGHT="29" WC="0.96" CONTENT="April"/><SP WIDTH="17" VPOS="1318" HPOS="506"/>
							<String ID="string_224" HPOS="523" VPOS="1321" WIDTH="61" HEIGHT="20" WC="0.96" CONTENT="1905."/>
						</TextLine>
					</TextBlock>
				</ComposedBlock>
				<ComposedBlock ID="cblock_4" HPOS="177" VPOS="1456" WIDTH="475" HEIGHT="23">
					<TextBlock ID="block_6" HPOS="177" VPOS="1456" WIDTH="475" HEIGHT="23">
						<TextLine ID="line_31" HPOS="177" VPOS="1456" WIDTH="475" HEIGHT="23">
							<String ID="string_225" HPOS="177" VPOS="1457" WIDTH="47" HEIGHT="22" WC="0.16" CONTENT="Lag:"/><SP WIDTH="12" VPOS="1457" HPOS="224"/>
							<String ID="string_226" HPOS="236" VPOS="1456" WIDTH="31" HEIGHT="18" WC="0.92" CONTENT="och"/><SP WIDTH="12" VPOS="1456" HPOS="267"/>
							<String ID="string_227" HPOS="279" VPOS="1456" WIDTH="174" HEIGHT="19" WC="0.91" CONTENT="ekonomiutskottets"/><SP WIDTH="12" VPOS="1456" HPOS="453"/>
							<String ID="string_228" HPOS="465" VPOS="1457" WIDTH="112" HEIGHT="19" WC="0.96" CONTENT="betänkande"/><SP WIDTH="12" VPOS="1457" HPOS="577"/>
							<String ID="string_229" HPOS="589" VPOS="1458" WIDTH="35" HEIGHT="18" WC="0.95" CONTENT="N:o"/><SP WIDTH="12" VPOS="1458" HPOS="624"/>
							<String ID="string_230" HPOS="636" VPOS="1460" WIDTH="16" HEIGHT="15" WC="0.96" CONTENT="3."/>
						</TextLine>
					</TextBlock>
				</ComposedBlock>
			</PrintSpace>
		</Page>
	</Layout>
</alto>
