1106 1773
250 134 13 20 6
559 132 40 22 N:o
617 133 26 21 17

221 202 70 21 rande
308 201 24 21 af
345 200 296 29 skjutsningskostnaderna
657 201 13 21 å
685 202 85 21 sådana
786 204 66 26 orter,
865 202 40 22 der
917 202 66 22 dessa

221 238 38 19 äro
266 234 169 30 jemförelsevis
443 235 66 28 höga.
525 235 92 21 Statens
628 235 135 28 skyldighet
771 236 48 21 att
815 230 10 38 i
829 236 52 22 dem
890 237 93 27 deltaga

220 270 41 20 har
284 271 88 20 ansetts
391 269 55 21 böra
465 269 96 28 inträda,
581 269 28 21 dä
629 269 38 21 det
683 269 90 29 belopp,
790 278 49 14 som
854 271 37 21 till
906 271 76 21 betäc-

220 304 75 21 kande
320 302 26 22 af
363 303 152 21 kostnaderna
530 302 36 22 för
582 303 190 28 skjutsväsendet,
790 304 141 22 oberäknadt
946 308 36 19 ut-

220 337 102 28 gifterna
346 336 35 22 för
403 337 118 21 inlösande
540 337 25 21 af
583 337 135 29 erforderlig
737 338 64 21 mark
815 338 37 22 till
868 338 114 29 skjutsan-

220 372 55 21 stalt
299 372 44 21 och
365 370 142 29 uppförande
527 371 23 21 af
570 371 75 21 derför
665 372 115 28 behöfliga
799 372 50 28 hus,
866 373 58 21 skall
940 374 41 21 hos

220 406 28 21 de
263 405 242 29 betalningsskyldiga
520 406 8 20 i
544 405 138 29 skjutslaget
695 408 99 26 uttagas,
807 406 136 29 öfverstiger
953 408 29 21 30

219 440 65 22 mark
299 441 32 27 pä
346 440 115 28 mantalet,
479 448 48 13 som
543 440 6 21 i
565 440 39 21 det
618 443 115 19 närmaste
748 443 126 20 motsvarar
885 442 43 21 den
939 450 42 13 nu-

220 475 100 21 varande
339 475 201 21 medelkostnaden
556 475 8 21 i
579 475 87 27 landot;
687 475 42 21 och
745 475 40 22 har
800 476 33 21 uti
851 477 81 21 sädant
949 477 32 21 af-

220 509 82 22 seende
319 509 8 21 i
342 508 261 29 författningsförslaget
619 509 110 28 stadgats,
746 512 33 19 att
795 512 34 19 tre
844 510 137 28 fjerdedelar

220 543 22 22 af
263 544 38 21 det
322 543 185 28 öfverskjutande
527 544 108 28 beloppet
654 544 58 21 skall
727 545 80 28 gäldas
823 553 27 13 ur
865 545 116 22 allmänna

220 578 79 21 medel.
330 578 123 21 Dessutom
476 579 41 20 har
540 578 159 28 töreskrifvits,
724 582 34 18 att
778 579 29 21 dä
822 579 119 22 inlösande
958 580 25 21 af

219 613 65 20 mark
300 613 44 21 och
359 612 142 28 uppförande
517 612 22 21 af
554 613 43 20 hus
613 612 35 22 för
664 613 161 28 skjutsanstalt
839 613 140 28 ifrägakom-

219 655 53 20 mer,
289 655 29 13 en
338 646 110 28 tredjedel
464 646 23 22 af
502 647 27 21 de
545 647 64 21 deraf
623 646 134 22 föranledda
772 647 154 22 kostnaderna
942 649 38 21 be-

220 681 81 22 strides
326 680 26 22 af
373 681 114 21 allmänna
510 681 74 21 medel
608 681 43 21 och
674 681 81 22 endast
778 682 142 22 äterstäende
940 684 40 20 tvä

218 715 138 29 tredjedelar
372 715 104 28 erläggas
492 715 25 22 af
530 715 27 22 de
573 715 188 29 skjutsskyldiga.

288 751 78 20 Jemte
389 750 38 21 det
450 751 23 20 ät
493 750 147 21 Guvernören
661 750 162 22 öfverlemnats
843 751 136 28 afgörandet

219 784 143 22 beträffande
388 783 225 29 skjutsanstalternas
637 785 125 28 placering,
786 786 87 21 antalet
895 786 83 28 hästar,

219 827 48 14 som
290 819 40 21 der
355 819 53 20 böra
429 819 88 27 hälllas,
542 819 43 21 och
604 818 105 29 skjutsar,
730 827 47 14 som
797 820 65 21 skola
877 823 101 26 utgöras,

218 853 52 22 med
292 853 54 22 flere
369 853 77 28 frägor
469 852 23 22 af
510 854 25 20 sä
550 853 95 22 allmänt
665 853 102 29 intresse,
783 857 34 18 att
832 855 65 21 deras
913 855 64 28 afgö-

219 888 68 22 rande
310 888 52 21 icke
384 888 45 21 kan
449 888 251 28 statsmyndigheterna
715 872 167 46 undandragas,
899 890 78 22 äfven-

218 930 49 14 som
282 922 160 28 föreskrifvits,
459 925 33 19 att
509 922 143 22 underhållet
668 922 23 22 af
706 924 214 28 skjutsanstalterna
936 925 42 21 och

219 957 183 29 ombesörjandet
419 957 22 21 af
457 957 160 29 skjutsningen
634 957 106 22 öfverallt
756 958 57 22 skall
829 959 108 28 utbjudas
948 960 30 28 pä

220 992 158 28 entreprenad,
390 992 40 21 har
440 992 138 28 pröfningen
589 992 40 21 och
640 993 139 27 antagandet
788 992 25 22 af
819 994 159 28 entreprenad-

219 1027 107 21 anbuden
356 1028 85 20 ansetts
464 1027 55 21 böra
542 1027 121 21 ankomma
680 1028 13 20 ä
707 1028 165 22 kommunerna
891 1028 86 28 sjelfva,

218 1062 80 21 hvilka
313 1062 9 20 i
337 1061 94 21 främsta
446 1064 99 18 rummet
560 1061 134 22 underhålla
710 1062 214 28 skjutsanstalterna
935 1063 41 21 och

218 1096 76 22 derför
317 1095 67 22 äfven
404 1096 55 21 böra
479 1103 42 21 oga
541 1096 140 28 befogenhet
700 1099 34 19 att
754 1097 70 21 ordna
840 1097 64 21 deras
920 1105 57 21 upp-

219 1130 153 22 rätthällande
387 1131 30 27 på
432 1130 147 28 lämpligaste
595 1130 41 22 och
655 1130 114 28 billigaste
785 1134 50 18 sätt.
861 1132 12 20 I
889 1132 38 21 det
937 1132 41 21 all-

218 1168 94 18 männas
328 1165 96 21 intresse
439 1165 41 21 har
495 1164 60 22 dock
570 1164 110 29 stadgats,
692 1168 33 18 att
736 1166 241 22 kommunalstämmas

218 1201 81 27 beslut,
323 1200 149 28 hvarigenom
495 1200 121 21 underhåll
637 1200 24 21 af
680 1200 159 28 skjutsanstalt
855 1201 55 21 eller
925 1200 52 22 full-

217 1235 101 29 görande
340 1234 25 22 af
384 1234 131 29 skjutsning
531 1234 162 22 öfverlemnats
710 1236 23 20 åt
749 1238 152 25 entreprenör,
918 1236 58 21 skall

218 1270 152 21 underställas
404 1269 161 21 Guvernörens
597 1268 150 22 stadfästelse.
792 1270 45 21 Till
865 1270 112 21 förekom-

217 1304 83 21 mande
323 1303 23 22 af
369 1304 88 28 oskälig
481 1304 104 28 stegring
606 1304 8 20 i
633 1303 149 29 skjutslagets
797 1304 124 22 kostnader
936 1304 42 22 har

217 1346 132 21 gemensam
364 1338 232 22 kommunalstämma
611 1338 136 28 berättigats
763 1341 38 26 att,
817 1338 35 22 för
868 1339 43 21 den
922 1339 55 21 hän-

216 1374 62 20 delse
300 1376 113 18 stämman
435 1372 71 22 funne
529 1372 228 28 entreprenadanbud
773 1373 35 21 för
823 1374 64 28 högt,
904 1373 73 22 öfver-

217 1408 75 21 lemna
309 1408 132 28 skjutsning
457 1408 54 20 eller
526 1408 120 20 underhåll
662 1407 26 21 af
701 1408 159 28 skjutsanstalt
875 1411 34 19 att
924 1408 53 22 full-

220 1445 68 26 göras
305 1442 25 22 af
344 1442 42 21 den
402 1442 117 28 kommun,
535 1442 40 21 der
591 1442 112 21 anstalten
720 1446 24 18 är
754 1443 103 28 belägen,
869 1449 48 15 mot
927 1444 50 20 skä-
