1106 1767
340 131 19 20 U.
377 130 20 21 B.
413 142 27 3 —
457 131 56 26 Prop.
531 130 33 22 N:o
580 130 32 21 10.
817 132 11 20 7

98 202 34 19 att
155 202 70 18 taxan
240 199 8 20 i
264 198 27 21 de
307 198 65 21 flesta
388 198 40 20 fall
444 197 77 22 blefve
536 198 144 26 latitudinär,
695 201 56 18 utan
767 199 42 21 ock
825 201 34 19 att

98 234 131 21 densamma
240 232 59 22 efter
309 232 108 28 pröfning
427 231 61 28 finge
500 231 156 22 öfverskridas
665 232 50 21 ifall
722 232 70 21 målet
799 232 60 22 varit

98 268 26 21 af
140 267 117 29 synnerlig
273 266 50 28 vigt
339 266 54 21 eller
409 265 66 29 eljest
490 266 62 21 kräft
566 273 48 13 mer
632 268 29 19 än
677 266 90 28 vanligt
782 266 76 22 arbete

98 302 42 21 och
156 302 114 25 omtanke,
286 300 120 22 hvarutom
423 300 28 21 de
466 301 7 19 i
489 303 69 18 taxan
571 302 127 26 upptagna,
709 300 35 22 för
754 301 52 21 hela
816 303 43 19 rät-

98 338 115 26 tegängen
235 336 8 20 i
265 342 87 14 samma
373 334 88 22 instans
484 334 93 21 afsedda
599 334 118 29 beloppen
736 334 68 29 finge,
822 342 36 14 om

97 371 70 21 mälet
183 370 26 22 af
221 369 100 25 orsaker,
332 376 48 14 som
389 368 20 28 ej
421 368 76 22 berott
506 369 23 21 af
538 368 142 27 sakföraren,
688 369 123 29 handlagts
821 370 39 20 vid

98 405 54 21 flere
167 404 192 25 sammanträden,
374 403 65 28 höjas
454 403 7 21 i
475 405 52 19 män
539 403 23 21 af
571 403 58 21 hans
640 404 134 28 härigenom
786 404 72 21 ökade

98 440 83 21 arbete.
212 439 45 21 Det
273 445 55 15 vore
344 440 34 19 att
392 440 57 26 göra
463 438 125 28 sakegaren
604 445 29 14 en
650 441 48 18 stor
714 438 90 29 otjenst,
820 446 37 14 om

98 474 144 28 lagstiftaren
265 472 105 28 förbjöde
392 473 84 20 honom
500 475 33 18 att
555 479 84 21 genom
664 473 56 21 aftal
739 473 52 21 med
806 473 52 21 full-

98 508 117 28 mäktigen
235 509 30 27 på
285 507 97 21 förhand
401 507 112 21 bestämdt
527 507 70 21 fixera
614 507 86 22 dennes
716 507 84 22 arvode
816 508 42 21 och

98 543 95 21 sålunda
213 541 134 22 säkerställa
366 542 33 27 sig
415 541 35 22 för
465 549 29 13 en
509 541 144 28 opåräknadt
669 542 45 28 hög
730 542 128 28 debitering

98 577 44 22 och
164 577 35 22 för
222 576 115 27 obehaget
360 575 25 21 af
405 583 28 14 en
456 576 115 21 eventuell
592 576 88 28 vädjan
703 577 35 20 till
754 577 103 21 domstol.

98 613 46 20 Det
166 613 45 20 kan
234 611 116 21 dessutom
365 610 82 24 hända,
467 613 33 18 att
516 610 114 28 sakegare,
648 611 40 21 der
702 613 118 26 utgången
835 611 23 21 af

98 647 56 21 hans
170 647 41 20 sak
226 652 67 22 synes
313 645 86 25 osäker,
416 644 130 29 föredrager
562 647 34 19 att
618 645 54 22 med
696 645 161 28 fullmäktigen

98 681 60 21 sluta
181 680 81 21 sådant
278 679 63 26 aftal,
363 682 34 18 att
412 679 74 21 denne
499 679 34 21 får
542 679 176 29 beräkna'ät'sig
730 680 57 21 visst
796 687 61 15 arvo-

100 715 27 21 de
146 715 8 21 i
174 715 41 21 fall
230 715 150 26 rättegängen
399 714 87 26 vinnes,
502 721 52 14 men
569 714 7 21 i
591 717 97 19 motsatt
702 714 108 22 händelse
826 722 31 13 er-

99 749 71 22 häller
187 749 147 28 godtgörelse
349 748 81 22 endast
445 749 36 20 för
495 748 60 22 hvad
572 748 45 21 han
633 749 7 20 i
656 751 151 26 rättegängen
823 749 35 21 för

99 784 35 21 sin
155 783 142 22 hufvudman
320 783 81 28 utlagt.
431 777 78 27 Äfven
530 785 34 19 ett
582 783 82 21 sädant
680 783 56 22 aftal
752 783 41 22 bör
808 783 50 22 icke

100 818 25 21 af
138 818 143 28 lagstiftaren
297 817 126 28 förbjudas.

168 853 46 20 Det
235 859 78 14 senare
336 852 26 21 af
381 851 170 22 ofvannämnda
566 853 39 20 tvä
621 851 87 29 förslag
722 853 80 20 träffas
817 854 41 20 vis-

100 887 97 28 serligen
211 887 50 21 icke
277 886 26 21 af
316 886 65 21 dessa
397 886 183 28 anmärkningar,
596 887 79 21 sävida
691 887 125 21 detsamma
826 894 32 14 er-

99 922 86 21 känner
209 921 174 26 aftalsfriheten,
406 921 116 28 nemligen
545 921 7 20 i
574 921 86 21 sådana
683 921 47 26 fall,
749 929 48 14 som
813 921 19 28 ej
850 921 7 21 i

100 960 68 17 taxan
188 956 126 25 förutsatts,
330 955 55 21 eller
399 955 8 21 i
422 955 79 22 hvilka
516 955 38 21 det
569 955 7 21 i
592 958 54 19 taxa
661 955 119 22 bestämda
795 963 64 14 arvo-

100 991 38 21 det
154 990 18 28 ej
190 993 127 19 motsvarar
332 989 172 28 fullmäktigens
520 989 83 22 arbete.
634 990 54 21 Men
704 990 7 21 i
727 990 69 28 öfrigt
809 990 48 28 gäl-

99 1025 33 21 ler
154 1025 38 21 det
215 1024 96 22 anförda
335 1024 68 21 äfven
419 1024 63 21 detta
497 1024 203 29 ändringstörslag.
731 1025 69 21 Emot
815 1025 43 21 för-

100 1060 72 27 slaget
187 1059 45 21 kan
248 1059 116 21 dessutom
379 1058 127 26 anmärkas,
515 1061 34 18 att
562 1059 38 21 det
611 1066 69 21 synes
690 1059 168 22 inkonsekvent

100 1097 34 18 att
156 1094 74 21 tilläta
245 1093 57 22 aftal
321 1100 37 14 om
375 1093 90 27 arvode,
481 1093 50 21 ifall
546 1093 64 21 detta
625 1093 137 28 öfverstiger
778 1096 79 19 taxans

100 1128 187 28 maximibelopp,
302 1135 54 14 men
371 1127 108 29 förbjuda
494 1127 54 22 slikt
564 1127 56 22 aftal
635 1128 63 21 inom
714 1133 81 16 taxans
810 1128 49 21 lati-

100 1163 47 26 tud,
163 1170 28 14 en
206 1162 175 26 inkonsekvens,
398 1169 49 14 som
463 1161 83 22 blifver
562 1162 64 21 desto
639 1165 78 23 större,
727 1163 26 28 ju
764 1163 94 21 bredare

100 1197 111 22 latituden
227 1199 76 19 sättes.

168 1231 54 22 Man
247 1231 45 21 kan
314 1231 135 28 visserligen
471 1231 50 21 icke
544 1231 135 28 ifrägasätta
702 1231 155 28 lagstiftarens

102 1266 135 28 befogenhet
245 1269 32 18 att
286 1265 51 22 från
349 1265 369 29 offentligträttsligasynpunkter
723 1266 136 21 föreskrifva

100 1308 28 14 en
144 1301 153 28 begränsning
313 1301 26 20 af
353 1300 169 21 aftalsfriheten
537 1300 7 21 i
559 1302 25 19 sä
598 1302 80 25 måtto,
688 1303 34 19 att
737 1308 29 14 en
775 1303 29 27 pä
815 1300 42 22 för-

100 1336 60 21 hand
175 1335 83 21 träffad
273 1335 232 21 öfverenskommelse
516 1342 37 14 om
564 1335 214 22 sakförarearvodet
787 1335 72 21 under

99 1370 61 22 vissa
174 1370 192 27 förutsättningar
381 1370 46 20 kan
442 1370 86 20 lemnas
544 1375 56 15 utan
616 1370 113 21 afseende.
758 1370 101 21 Sälunda

100 1405 58 21 hade
171 1404 86 28 jemväl
273 1404 152 28 lagutskottet
436 1404 39 22 vid
485 1404 59 21 bäde
557 1405 53 21 1897
623 1404 43 21 och
676 1405 55 21 1900
742 1406 34 20 ärs
786 1404 73 22 landt-

100 1439 69 29 dagar
178 1438 125 28 föreslagit,
310 1441 34 19 att
350 1438 99 22 domstol
457 1438 57 28 egde
522 1438 64 21 makt
595 1441 34 19 att
638 1438 76 29 jemka
723 1439 97 21 aftaladt
827 1446 32 14 ar-
