1109 1759
447 122 42 22 N:o
505 122 27 23 17
811 123 29 21 43

317 392 96 32 Förslag
430 391 40 26 till
488 389 90 35 Nådiga
594 391 142 34 förordning
748 390 121 35 angående

248 437 63 26 hvad
329 438 119 33 iakttagas
466 438 52 31 bör,
531 440 43 23 när
586 438 100 25 resande
698 438 62 26 eller
772 438 97 26 farande

249 486 83 24 mötas.

468 541 47 27 18

181 582 48 22 När
251 581 27 21 de
298 588 49 14 som
362 580 76 22 färdas
453 580 52 22 med
519 580 53 22 häst
587 580 9 21 i
610 580 52 22 stad
678 581 55 21 eller
748 582 30 27 på
792 581 78 22 landet

112 618 81 26 mötas,
209 616 53 21 vike
278 615 57 21 hvar
350 616 24 20 åt
390 615 35 21 sin
440 615 74 28 högra
528 614 56 29 sida,
600 615 25 21 så
642 617 34 19 att
690 615 28 21 de
733 615 78 22 kunna
821 616 50 21 hin-

112 651 86 21 derlöst
212 649 61 23 förbi
288 649 126 22 hvarandra
429 650 97 21 komma.

467 725 48 27 28

181 760 33 27 Är
228 768 77 25 vägen
320 765 25 21 så
359 765 68 27 trång
443 766 33 20 att
492 764 83 22 endera
589 764 41 22 vid
645 764 107 22 mötande
768 765 103 22 nödvän-

113 800 52 28 digt
183 800 73 21 måste
272 800 24 20 åt
312 798 71 29 sidan,
399 798 29 22 då
443 799 53 21 vike
512 798 88 29 gående
615 798 37 22 för
666 799 100 29 ridande,
778 799 93 22 ridande

113 835 36 21 för
164 834 94 28 åkande,
274 834 66 21 kärra
355 832 36 23 för
406 840 68 21 vagn,
490 833 89 22 mindre
594 840 63 22 vagn
671 833 36 22 för
722 836 79 26 större,
812 836 60 20 tomt

114 868 75 23 åkdon
212 868 43 22 och
277 867 75 23 åkdon
374 867 53 23 med
441 867 50 23 folk
506 868 36 22 uti
558 867 37 23 för
610 868 76 22 åkdon
700 868 53 22 med
768 869 45 22 lass
829 869 43 22 och

114 904 88 22 mindre
224 904 45 21 lass
291 902 37 22 för
350 905 76 19 större.
456 903 45 21 Vid
524 904 69 27 trång
615 903 41 21 bro
671 905 69 20 vänte
756 903 50 29 den,
823 911 49 14 som

114 938 53 22 med
188 938 82 22 tecken
293 938 55 20 eller
370 944 41 21 rop
432 937 57 22 först
503 937 87 22 varnad
605 936 89 29 blifver,
710 938 37 21 till
762 938 51 22 dess
828 938 44 22 den

115 973 71 22 andra
203 972 54 23 farit
276 971 68 22 öfver.
374 972 50 21 Den
441 979 49 14 som
504 972 77 21 färdas
598 972 12 21 å
624 971 63 29 jemn
701 976 53 24 väg,
769 972 54 22 vike
837 972 36 22 för

114 1008 51 28 den,
180 1006 95 22 hvilken
289 1006 63 22 utför
367 1006 71 22 backe
453 1006 108 28 kommer,
579 1006 41 22 och
634 1006 9 21 i
652 1006 68 22 brant
730 1006 72 22 backe
814 1007 58 21 skall

115 1043 50 27 den,
181 1049 49 15 som
244 1040 84 30 uppför
343 1040 40 29 far,
400 1041 110 28 antingen
526 1040 64 29 dröja
604 1041 76 21 nedan
696 1042 54 20 eller
766 1041 43 21 ock
818 1042 55 21 vika

114 1076 83 22 undan.
226 1076 94 28 Nödgas
343 1075 89 29 endera,
455 1075 36 22 för
505 1078 87 26 vägens
608 1076 109 28 trängsel,
733 1076 79 28 stryka
826 1076 47 22 till-

114 1111 66 28 baka,
200 1110 77 29 stryke
296 1110 29 21 då
340 1110 50 28 den,
406 1116 50 15 som
470 1109 85 22 minsta
570 1112 77 26 vägen
661 1110 41 21 har
718 1110 55 21 eller
789 1118 83 14 annars

115 1146 46 21 kan
183 1145 38 21 det
243 1144 169 29 beqvämligast
434 1147 62 25 göra.
525 1144 54 21 Kan
600 1144 126 28 ingendera
742 1144 86 29 stryka,
844 1145 30 21 då

115 1180 42 22 bör
179 1180 82 21 endera
282 1178 81 22 aflassa
386 1179 54 21 eller
463 1179 40 21 sitt
526 1178 75 22 åkdon
617 1178 137 29 söndertaga
770 1179 43 21 och
828 1179 45 21 den

116 1214 70 22 andra
207 1214 76 28 hjelpe
305 1213 86 22 honom
414 1214 62 21 såväl
499 1213 40 21 vid
555 1212 33 22 af-
603 1213 42 21 och
661 1213 147 28 pålassandet
823 1221 47 14 som

115 1248 40 23 vid
170 1248 110 22 åkdonets
296 1248 182 28 söndertagande
494 1247 43 22 och
552 1248 215 21 sammansättande.

471 1322 48 28 38

185 1364 64 21 Hvar
271 1370 48 14 som
342 1362 78 29 bryter
436 1364 61 20 emot
519 1362 173 22 föreskrifterna
706 1362 10 22 i
731 1362 75 22 denna
828 1362 45 22 för-

117 1398 103 28 ordning,
236 1397 54 22 böte
304 1397 70 28 högst
389 1396 69 30 tjugu
472 1397 66 21 mark
551 1396 43 22 och
610 1398 84 20 ersätte
702 1397 31 21 all
744 1396 72 22 skada
826 1404 48 15 som

116 1439 84 22 genom
215 1432 57 22 hans
286 1431 107 22 vållande
408 1432 110 28 uppstått.
