1056 1670
184 141 26 20 18
423 138 22 22 U.
462 137 23 23 B.
501 150 26 4 —
543 137 61 27 Prop.
620 137 36 22 N:o
670 137 31 22 16.

490 268 142 22 Reservation.

249 338 81 22 Ehuru
345 336 188 29 lagstadganden,
545 344 48 14 som
606 336 112 28 begränsa
729 337 140 23 arbetstiden
880 339 61 22 inom

182 375 33 20 ett
229 373 75 28 lofligt
319 372 44 22 och
378 371 171 28 allmännyttigt
563 371 64 28 yrke,
638 373 82 26 utgöra
730 378 47 14 mer
788 372 55 22 eller
853 373 87 22 mindre

181 407 135 22 hämmande
331 406 64 21 band
410 407 29 26 på
454 406 99 21 arbetets
568 405 70 21 frihet
653 405 43 21 och
712 405 89 22 derföre
817 414 27 13 ur
858 407 82 28 princi-

180 441 45 29 piel
251 441 120 28 synpunkt
395 442 38 19 äro
459 439 140 28 förkastliga,
623 446 69 21 synas
715 439 59 22 dock
795 440 29 22 de
840 441 100 23 rådande

180 474 229 23 missförhållandena
431 474 7 21 i
461 481 29 14 en
512 475 47 20 stor
580 473 86 28 mängd
688 473 26 22 af
731 474 89 22 landets
838 475 101 28 bagerier

179 518 56 14 vara
258 510 25 21 af
303 510 46 21 den
371 508 158 22 beskaffenhet
552 510 33 19 att
603 508 28 21 de
646 508 188 29 oundgängligen
849 510 90 28 påkalla

179 544 188 29 lagstiftningens
390 543 165 21 mellankomst.
586 542 55 26 Här,
656 542 96 22 likasom
766 543 70 22 också
851 544 7 21 i
873 544 66 29 fråga

180 585 37 15 om
243 577 168 23 arbetsaftalets
437 577 76 25 frihet,
539 578 71 19 måste
632 577 120 21 teoretiskt
773 577 165 24 konstruerade

181 613 116 22 doktriner
319 612 25 21 få
367 611 64 29 gifva
455 611 53 22 vika
530 611 37 22 för
589 618 28 14 en
639 613 30 26 på
690 611 103 28 praktisk
810 612 129 23 erfarenhet

179 647 104 29 grundad
307 645 155 30 öfvertygelse
485 653 37 14 om
545 645 61 22 hvad
624 645 104 29 sakläget
746 646 95 22 fordrar.
872 647 11 22 I
898 647 40 22 lik-

178 682 40 21 het
241 681 51 22 med
315 681 124 21 utskottets
461 679 115 29 majoritet
600 687 54 14 anse
672 680 90 21 derföre
776 681 70 22 också
865 682 23 21 vi
906 684 32 19 att

179 715 88 22 arbetet
288 714 39 22 vid
351 713 134 28 bagerierna
507 714 72 27 några
600 713 90 21 timmar
712 713 79 28 hvarje
814 714 64 29 dygn
898 715 40 22 bör

178 757 55 14 vara
255 748 101 25 instäldt,
379 747 63 22 såväl
464 747 37 22 för
523 749 33 19 att
574 747 83 21 bereda
672 747 117 22 arbetarne
804 749 71 28 nödig
890 751 48 20 åtta

178 784 101 21 timmars
302 782 103 25 hvilotid,
427 789 48 14 som
491 781 69 22 också
575 781 26 22 af
614 781 90 29 hänsyn
719 782 34 21 till
768 782 113 23 allmänna
896 783 41 29 hy-

178 817 103 29 gieniska
304 816 135 28 fordringar.
470 815 109 22 Deremot
602 815 77 22 kunna
702 816 24 21 vi
740 817 50 21 icke
805 817 80 21 förena
900 825 36 14 oss

178 858 37 16 om
230 851 89 28 äsigten
335 852 33 20 att
383 850 75 21 denna
473 850 129 21 förbudstid
619 850 49 21 icke
681 853 103 19 närmare
794 851 142 27 bestämmes,

177 888 56 20 utan
254 884 127 23 utsträckes
404 884 35 21 till
463 892 28 14 en
513 886 47 19 åtta
583 884 101 21 timmars
700 884 52 22 frist
766 885 37 21 för
818 886 118 21 arbetaren

177 920 96 22 emellan
297 919 30 21 kl
351 920 12 20 8
386 920 29 27 pä
437 918 96 22 aftonen
557 918 43 22 och
624 920 12 19 6
660 920 30 27 pä
704 918 158 30 förmiddagen
878 923 58 19 samt

176 954 67 22 alltsä
257 954 62 22 inom
335 953 74 21 denna
423 952 147 28 temmeligen
586 952 54 22 vida
655 960 48 14 ram
712 956 64 25 göres
787 954 113 22 beroende
912 954 26 22 af

177 988 192 28 arbetsgifvarens
385 987 121 28 godtycke.
529 986 42 22 Om
587 987 51 21 icke
654 994 28 14 en
697 987 103 22 bestämd
815 988 119 22 minimitid

176 1024 103 24 utsättes,
302 1022 30 21 dä
354 1021 133 29 bagerierna
511 1021 55 21 böra
589 1028 55 14 vara
666 1022 97 28 stängda
778 1022 55 22 eller
848 1023 87 22 arbetet

176 1057 39 22 vid
235 1057 52 21 dem
301 1056 94 22 instäldt
409 1058 70 23 möta,
495 1058 62 19 snart
573 1055 75 28 sagdt,
664 1056 208 30 oöfvervinnerliga
887 1059 49 20 svä-

176 1091 101 29 righeter
293 1093 33 19 att
341 1090 125 22 öfvervaka
481 1090 174 28 författningen,
680 1090 139 22 Arbetarens
828 1093 46 20 åtta
884 1092 51 22 tim-

176 1133 59 15 mars
250 1124 97 23 hvilotid
362 1124 52 26 kan,
431 1124 69 22 äfven
516 1131 37 15 om
568 1124 45 22 den
628 1124 72 22 under
716 1125 84 22 sädana
814 1126 119 22 förhällan-

176 1160 45 21 den
243 1167 40 14 ens
301 1158 74 23 skulle
389 1160 133 27 noggrannt
537 1158 120 29 iakttagas,
673 1159 87 22 variera
775 1160 79 28 hvarje
870 1161 64 28 dygn

176 1194 96 22 emellan
292 1193 61 22 olika
367 1193 126 28 klockslag,
511 1193 111 21 beroende
638 1195 74 20 säsom
727 1194 67 28 sagdt
809 1195 26 20 af
848 1195 86 28 bageri-

175 1228 176 22 innehafvarens
374 1227 121 28 godtycke.
525 1227 142 28 Härigenom
682 1227 77 22 kunna
773 1228 43 21 lätt
831 1229 103 22 förveck-

175 1262 74 29 lingar
271 1262 44 22 och
337 1261 146 29 stridigheter
505 1263 90 27 uppstå,
620 1261 78 22 hvilka
717 1262 175 30 lagstiftningen
906 1265 24 20 sä

174 1297 51 22 vidt
245 1296 91 29 möjligt
359 1295 70 23 borde
453 1296 55 21 söka
527 1295 147 22 förekomma.
704 1296 34 21 På
754 1296 64 22 dessa
833 1298 99 28 grunder

175 1331 87 22 skänka
285 1331 23 22 vi
331 1330 36 22 för
385 1332 42 20 vår
443 1330 36 21 del
495 1332 33 19 ett
543 1330 103 28 afgjordt
661 1330 114 22 företräde
790 1333 23 19 åt
828 1332 104 28 stadgan-

175 1366 58 21 dena
255 1365 8 21 i
285 1365 45 21 den
351 1364 86 29 nådiga
460 1364 179 29 propositionen.
672 1364 33 22 Då
727 1366 124 22 emellertid
869 1366 63 22 tiden

175 1400 95 22 emellan
293 1399 30 21 kl.
347 1401 26 19 12
397 1400 30 27 på
445 1401 80 19 natten
541 1398 42 22 och
600 1401 12 19 6
628 1401 30 26 på
672 1406 125 22 morgonen
813 1408 67 21 synes
896 1408 36 14 oss

174 1434 88 22 mindre
278 1434 38 22 väl
331 1433 60 26 vald,
407 1433 55 22 ville
477 1433 24 22 vi
515 1433 86 21 föreslå
615 1433 63 22 tiden
693 1434 51 21 från
759 1434 29 22 kl.
805 1437 13 19 8
834 1437 29 26 på
875 1435 56 22 afto-

382 1473 47 23 Lag-
442 1473 31 19 och
485 1473 185 19 ekonomieutskottets
682 1474 110 19 betänkande
804 1481 30 12 n:o
846 1476 18 18 2.
