1064 1692
303 152 3 2 .
315 133 29 21 U.
361 133 25 21 B.
402 145 27 3 —
445 132 72 28 Prop.
532 132 41 23 N:o
588 132 37 22 12.

370 503 249 22 Statsutskottets
658 503 196 22 betänkande

300 538 43 22 N:o
364 538 38 21 1i
424 537 133 28 anledning
579 538 29 22 af
629 538 67 22 Hans
718 538 136 29 Kejserliga

301 573 123 26 Majestäts
441 571 89 28 nädiga
540 573 159 27 proposition
712 573 43 22 N:o
768 573 36 27 12,
814 579 40 16 om

301 607 66 22 skatt
391 607 40 22 för
453 607 165 27 tillverkning
641 607 28 22 af
686 607 114 27 bränvin,
815 607 39 22 be-

299 641 108 27 villning
418 640 41 22 för
466 641 167 28 tillverkning
643 641 28 22 af
676 641 178 28 maltdrycker,

301 675 139 28 bevillning
454 675 41 22 för
511 675 113 28 spelkort
635 676 64 22 samt
709 676 145 28 stämpelbe-

300 710 108 27 villning
426 710 80 21 under
528 709 28 23 är
574 710 73 27 1905,
671 710 124 23 äfvensom
814 717 40 16 an-

300 744 94 27 gående
416 744 148 28 provisione]
586 745 127 27 reglering
728 745 28 22 af
770 745 85 22 bevill-

300 779 205 27 ningsbudgeten.

164 884 180 23 Förevarande
369 884 93 28 nädiga
486 884 159 28 proposition
674 884 46 22 har
739 884 26 22 af
783 886 73 20 samt-

95 920 52 31 liga
176 919 80 23 Stånd
274 918 84 22 blifvit
376 918 144 22 remitterad
540 918 74 22 såväl
633 918 36 22 till
688 919 167 29 Bevillnings-

95 954 122 22 utskottet
230 960 54 16 som
297 953 37 22 till
348 952 195 22 Statsutskottet.
582 952 199 28 Statsutskottet,
802 960 53 16 som

95 989 47 22 har
171 990 35 20 att
224 987 80 23 uttala
329 988 39 28 sig
390 987 8 22 i
418 987 118 22 afseende
555 988 15 21 å
591 988 199 28 användningen
810 988 45 22 och

95 1023 177 29 fördelningen
298 1022 26 22 af
348 1022 32 22 de
398 1022 33 28 på
450 1022 84 28 grund
554 1022 26 22 af
599 1022 196 29 förordningens
815 1029 41 15 an-

95 1058 111 29 tagande
225 1056 141 29 inflytande
385 1056 88 26 medel,
499 1056 46 22 har
564 1056 68 22 ifrån
653 1056 141 30 Kejserliga
815 1056 41 23 Se-

95 1094 77 20 naten
200 1092 47 22 fått
275 1092 127 28 emottaga
430 1091 41 21 det
498 1090 43 22 vid
561 1091 120 22 ärendets
700 1091 156 29 behandling

96 1126 134 23 därstädes
258 1126 130 22 tillkomna
416 1125 307 29 omröstningsprotokoll.
767 1126 89 22 Tillika

96 1162 47 21 har
167 1161 129 22 Utskottet
320 1160 47 22 fått
392 1161 126 27 emottaga
538 1160 103 22 afskrift
660 1160 25 22 af
705 1160 151 22 Statssekre-

96 1196 114 22 tariatets
245 1195 39 22 för
320 1194 241 22 Storfurstendömet
586 1194 109 22 Finland
728 1195 36 21 till
792 1196 16 21 t.
839 1195 16 22 f.

97 1230 272 29 Generalguvernören
388 1229 82 22 stälda
489 1228 136 23 skrifvelse
645 1229 26 22 af
689 1229 48 22 den
751 1230 33 21 24
802 1230 54 28 juni

98 1264 75 27 1904,
203 1264 48 22 N:o
279 1264 59 26 796,
368 1263 131 29 angående
518 1264 93 28 regler,
635 1264 88 22 hvilka
743 1264 25 22 af
786 1264 70 22 Hans

97 1299 141 29 Kejserliga
258 1299 118 28 Majestät
394 1298 42 22 vid
455 1298 157 28 föregående
631 1298 51 29 dag
701 1298 81 22 skedd
794 1298 64 22 före-

97 1334 127 28 dragning
251 1333 123 22 faststälts
400 1334 35 20 att
452 1332 40 22 för
510 1332 137 22 framtiden
667 1333 127 29 iakttagas
814 1334 43 21 vid

96 1368 168 29 uppgörande
293 1368 26 22 af
345 1367 193 29 budgetförslag
572 1367 41 22 för
643 1367 115 22 Finland.
798 1367 60 23 Sist-

97 1403 110 22 nämnda
234 1402 141 25 skrifvelse,
401 1402 101 21 hvilken
527 1401 57 22 icke
611 1402 153 27 publicerats
784 1402 7 21 i
810 1402 48 21 för-

97 1436 273 29 fattningssamlingen,
382 1435 139 22 innehåller
530 1435 116 29 följande
656 1436 201 29 bestämningar:

167 1481 163 18 Statsutskottets
344 1481 118 18 betänkande
475 1481 40 17 N:o
528 1482 16 15 1.
