1070 1770
456 161 40 21 N:o
514 162 25 19 14
843 163 11 19 5

119 231 142 26 hufvudgata,
276 229 172 28 Nyslottsgatan,
464 229 35 21 vid
515 230 60 20 östra
589 229 105 21 stranden
712 229 23 21 af
745 229 140 28 Haapasalmi

121 266 38 21 och
175 265 94 22 derefter
286 264 77 26 dragas
379 263 32 22 till
427 263 173 27 Hevonpäälahti
616 264 44 21 vik.

189 297 87 30 Enligt?
292 298 121 21 Alternativ
435 298 21 21 II
478 297 69 22 skulle
568 297 75 22 banan
662 298 87 27 öfvergå
764 298 121 27 Kyrösalmi

121 335 29 27 på
172 334 64 21 södra
260 332 60 21 sidan
338 339 34 14 om
392 331 119 28 Olofsborg,
527 333 53 20 utan
598 333 35 20 att
650 332 54 21 dock
718 332 78 21 beröra
812 332 74 27 sjelfva

122 370 81 25 slottet,
224 367 39 21 och
282 366 92 22 derefter
392 367 27 26 gå
435 372 74 21 genom
526 366 66 21 södra
609 367 62 21 delen
688 366 23 21 af
723 367 71 26 gamla
809 367 75 21 staden

121 403 40 21 och
176 402 76 22 förena
267 401 33 27 sig
316 401 48 21 med
380 401 107 21 Alternat.
501 401 10 20 I
527 401 28 26 på
570 407 18 14 s.
604 401 22 21 k.
642 407 43 21 nya
699 401 88 22 stadens
798 401 88 22 område

123 438 29 26 på
166 438 73 20 vestra
255 435 103 21 stranden
375 435 23 21 af
411 435 140 27 Haapasalmi
566 435 65 21 sund.

191 471 32 21 De
241 471 81 25 ytterst
342 475 137 21 ogynsamma
495 468 256 28 terrängförhållandena
765 469 99 22 försvåra
879 470 6 20 i

123 506 42 26 hög
180 505 54 27 grad
249 504 171 26 banbyggnaden
437 503 57 21 invid
509 503 88 27 Nyslott
614 504 40 21 och
670 504 49 27 höja
730 504 156 21 kostnaderna.

123 540 58 21 Bron
197 539 59 21 öfver
272 538 136 26 Kyrönsalmi
419 538 107 21 beräknas
538 538 68 26 enligt
616 538 84 21 Altern.
711 538 11 21 I
733 540 84 20 ensamt
828 538 58 22 med-

124 574 46 22 föra
181 580 25 15 en
218 572 95 22 kostnad
325 572 21 21 af
356 573 92 26 930,000
459 572 38 21 och
509 572 66 27 enligt
587 572 85 22 Altern.
682 572 22 22 II
715 573 91 27 550,000
817 573 69 21 mark.

125 607 327 29 Expropriationskostnaderna
468 607 65 21 blifva
549 607 66 21 också
630 607 88 21 relativt
733 607 62 27 höga,
807 607 28 21 då
849 609 37 20 nö-

126 644 44 27 digt
178 643 40 21 blir
228 644 32 20 att
268 642 35 21 för
310 641 171 28 banbyggnaden
490 642 7 21 i
505 641 88 27 Nyslott
601 642 71 21 inlösa
680 642 112 27 bebyggda
800 642 86 27 gårdar.

125 678 41 21 Vid
182 677 152 27 uppgörandet
346 676 22 21 af
376 677 87 20 senaste
473 675 189 28 kostnadsförslag
672 676 41 21 har
723 677 70 26 någon
807 676 80 21 minsk-

125 713 52 26 ning
192 711 203 26 öfverhufvudtaget
410 710 23 21 af
446 712 103 25 posterna
563 711 7 20 i
587 711 37 20 det
635 711 139 27 preliminära
784 710 104 27 förslaget

125 747 45 21 icke
193 745 109 22 befunnits
322 745 77 27 möjlig.
431 745 98 21 Fastmer
548 744 64 22 hafva
627 745 148 22 kostnaderna
791 745 13 21 å
819 746 69 26 några

124 782 74 21 littera
221 781 64 25 höjts.
316 779 84 22 Endast
419 779 7 21 i
447 779 100 22 afseende
566 780 12 20 å
594 779 150 22 kostnaderna
765 779 34 21 för
821 779 67 28 rörlig

127 815 95 22 materiel
246 815 40 20 har
307 821 26 14 en
352 814 116 27 besparing
490 813 23 21 af
534 814 59 21 cirka
612 815 93 25 600,000
723 814 61 21 mark
804 815 83 20 ansetts

127 851 71 21 kunna
225 849 161 27 ifrågakomma.
420 848 212 21 Totalkostnaderna
658 848 34 21 för
715 848 172 27 banbyggnaden

127 885 63 21 hafva
212 884 118 21 beräknats
354 883 66 27 enligt
439 883 82 21 Altern.
542 883 10 20 I
571 883 32 20 till
622 883 127 26 10,736,000
768 883 61 20 mark
848 883 40 21 och

129 919 64 27 enligt
211 918 82 21 Altern.
311 917 22 21 II
351 917 31 21 till
404 918 126 25 10,949,000
545 917 68 21 mark.
638 917 11 21 I
666 917 62 21 dessa
743 916 78 28 belopp
837 917 51 27 ingä

127 954 47 21 icke
189 952 148 22 kostnaderna
351 951 34 21 för
400 958 26 14 en
442 951 79 21 körbro
538 951 59 21 öfver
612 951 137 27 Kyrönsalmi
764 951 7 21 i
780 951 108 22 samman-

127 988 57 26 hang
200 987 48 21 med
260 986 164 28 jernvägsbron.
448 985 153 21 Kostnaderna
615 985 33 21 för
659 992 26 15 en
697 985 66 21 sädan
775 985 39 21 bro
825 985 63 22 hafva

123 1022 122 21 beräknats
268 1021 33 21 till
324 1021 92 26 840,000
435 1020 61 21 mark
515 1020 66 27 enligt
601 1019 83 22 Altern.
701 1020 10 21 I
727 1020 38 20 och
781 1020 32 20 till
830 1020 58 21 cirka

129 1057 89 24 500,000
235 1055 67 21 mark.
319 1055 67 27 enligt
400 1054 82 22 Altern.
499 1054 28 21 II.

197 1090 60 22 Hans
277 1089 103 27 Majestät
400 1089 104 27 Kejsaren
520 1088 40 22 har
575 1089 49 21 med
640 1088 159 28 godkännande
815 1088 23 22 af
852 1088 36 22 Se-

130 1128 76 19 natens
229 1124 81 27 förslag
329 1124 6 20 i
358 1124 74 26 frågan
450 1124 40 20 den
509 1124 24 20 18
550 1123 46 27 (31)
612 1123 118 21 December
748 1124 53 21 1903
818 1124 70 20 täckts

129 1161 7 21 i
159 1160 66 22 nåder
251 1159 72 21 tillåta
349 1160 33 20 att
409 1158 258 27 Nyslott-—Elisenvaara
689 1158 89 27 jernväg
806 1158 82 21 utföres

131 1195 67 27 enligt
220 1194 37 21 det
279 1194 74 20 såsom
373 1192 83 22 Altern.
474 1192 11 21 I
503 1192 134 22 betecknade
657 1192 81 28 förslag
755 1192 33 21 för
806 1198 25 16 en
853 1192 36 21 be-

130 1229 84 22 räknad
234 1228 93 22 kostnad
346 1228 22 20 af
390 1228 125 26 10,736,000
531 1227 61 21 mark
605 1227 68 27 jemte
691 1226 162 28 tilläggsanslag
869 1226 23 22 af

131 1266 77 25 65,000
223 1263 62 21 mark
299 1262 35 21 för
349 1261 139 22 anskaffande
504 1261 23 21 af
536 1263 76 25 tyngre
624 1261 124 25 lokomotiv,
762 1261 48 21 med
820 1261 70 21 vilkor

131 1301 34 19 att
187 1298 69 21 under
278 1296 174 28 finansperioden
478 1297 142 20 1901—1904
642 1295 34 22 för
699 1296 67 26 sagda
780 1296 110 26 banbygg-

132 1333 42 21 nad
189 1333 56 26 finge
260 1330 94 27 utgifvas
368 1331 65 26 högst
451 1331 111 26 1,000,000
578 1330 62 21 mark
656 1331 57 20 samt
728 1331 34 20 att
772 1329 118 22 tillsvidare

127 1367 43 22 och
193 1367 23 21 så
239 1366 62 26 länge
324 1365 37 21 det
384 1365 104 21 befunnes
507 1364 96 27 omöjligt
622 1366 34 19 att
671 1363 33 22 för
719 1363 169 28 bandyggnaden

131 1402 62 21 anslä
215 1402 70 20 större
308 1400 85 27 belopp,
416 1399 69 21 andra
501 1399 102 27 ätgärder
617 1399 47 21 icke
680 1399 54 21 böra
749 1398 98 28 vidtagas
863 1400 26 20 än

131 1435 152 28 uppgörandet
312 1434 23 21 af
355 1434 122 26 räkenskap
502 1434 47 20 med
575 1433 69 21 andra
665 1432 227 28 jernvägsbyggnader

132 1470 92 22 rörande
241 1470 141 20 instrument-
398 1468 39 21 och
448 1467 200 22 materialförräden
660 1470 57 19 samt
729 1469 112 25 transport
852 1467 39 21 och
