1111 1773
262 138 10 18 2
572 134 40 21 N:o
630 134 26 20 15

231 210 69 21 passa
321 201 208 29 bestämningarna
548 201 7 21 i
575 203 83 26 ämnet,
675 202 25 21 så
716 204 36 19 att
767 201 28 22 de
811 202 77 29 lämpa
904 202 37 29 sig
957 203 36 22 för

232 237 64 22 olika
315 235 167 22 förhållanden
500 243 29 13 m.
549 243 19 13 a.
589 242 27 20 o.,
637 237 35 20 att
691 239 128 24 gränserna
838 236 38 21 för
891 236 40 22 det
946 244 47 15 om-

232 271 62 27 råde,
311 271 65 21 inom
391 269 92 22 hvilket
495 269 98 22 laxfiske
604 273 25 18 är
639 269 126 29 förbjudet,
776 270 52 21 icke
839 274 40 18 äro
890 278 29 14 en
930 271 64 29 gång

232 305 38 21 för
290 304 47 21 alla
359 303 126 28 bestämda,
503 306 57 19 utan
578 303 79 22 kunna
678 304 61 21 efter
756 304 113 29 pröfning
888 305 8 20 i
911 305 83 29 hvarje

232 339 43 22 fall
291 339 142 22 inskränkas
449 339 56 21 eller
517 339 132 21 utsträckas
661 339 33 21 alt
705 339 60 21 efter
775 347 49 13 som
834 339 114 22 behofvet
959 341 34 20 så-

233 374 57 21 dant
306 373 113 29 påkallar.
445 373 46 21 Det
506 381 32 13 nu
553 373 109 28 gällande
676 373 141 28 stadgandet
828 381 37 14 om
876 374 47 21 fem
935 374 58 22 kilo-

232 411 74 19 meter
315 415 70 21 synes
394 407 83 21 härvid
485 407 80 22 kunna
574 407 130 22 bibehållas
712 408 76 21 såsom
797 415 28 14 en
830 407 78 29 lägsta
915 412 78 24 gräns,

234 442 98 22 hvilken
349 441 9 22 i
373 441 28 22 de
417 441 68 22 flesta
500 441 44 22 fall
560 442 70 21 äfven
646 441 66 22 torde
727 449 56 14 vara
793 442 136 29 tillräcklig,
940 450 53 14 men

234 477 43 21 bör
293 476 137 21 densamma
445 475 60 22 dock
521 476 79 21 kunna
616 475 8 22 i
634 475 191 22 förekommande
837 476 44 21 fall
895 478 99 20 utsträc-

234 511 41 21 kas
292 510 63 22 ända
370 510 37 21 till
423 510 68 28 tjugu
508 510 122 21 kilometer
644 510 54 21 från
714 510 185 29 elfmynningen,
917 511 24 22 så
958 514 35 19 att

233 545 81 22 laxens
337 544 157 29 uppstigande
514 545 8 20 i
542 544 80 29 hvarje
642 544 112 22 händelse
774 545 122 28 verkligen
917 545 76 22 säker-

236 579 87 22 ställes.

303 614 49 21 För
374 613 29 22 de
426 613 63 22 olika
508 613 213 29 lagstadgandenas
740 613 131 29 bringande
890 614 8 21 i
918 615 76 20 öfver-

232 647 178 23 ensstämmelse
430 647 53 22 med
501 647 139 28 hvarandra,
656 655 70 20 synes
742 648 39 21 det
795 648 148 29 nödvändigt
959 650 36 19 att

234 683 78 21 införa
328 681 164 22 motsvarande
509 681 100 29 ändring
624 682 8 20 i
648 683 12 20 3
677 683 12 26 8
704 684 25 19 18
741 682 52 29 kap.
805 682 26 21 af
840 682 154 29 Byggninga-

234 717 94 22 balken.

302 751 12 22 I
337 750 60 29 följd
420 751 71 21 häraf
512 751 42 20 har
573 751 67 20 Hans
655 750 134 30 Kejserliga
804 751 113 29 Majestät
931 751 64 22 velat

233 786 36 22 till
284 785 116 22 Finlands
417 784 112 22 Ständers
544 784 145 30 behandling
705 786 143 21 öfverlemna
864 786 115 28 följande:

441 866 78 28 Förslag
539 866 25 22 till
585 866 59 28 Nädig
665 866 116 28 förordning,
801 873 30 16 om
851 868 79 27 ändring
947 868 47 26 af
982 862 17 37 $

372 907 22 22 12
409 907 42 26 kap.
471 906 21 22 17
508 907 35 21 och
559 907 13 21 3
588 908 12 25 $
616 907 43 26 kap.
675 906 22 23 18
712 907 4 21 i
733 907 62 28 Lagen
812 907 20 22 af
847 908 37 21 den
902 909 44 25 '%/,5
961 908 33 22 Juli

373 947 56 27 1902,
450 946 101 28 angäende
571 952 22 22 ny
612 947 72 27 lydelse
703 947 21 21 af
743 947 20 22 17
785 948 34 21 och
839 947 22 22 18
877 947 42 27 kap.
935 948 60 27 Bygg-

375 987 133 27 ningabalken.

527 1039 49 16 18
595 1039 109 20 kap.

587 1092 25 19 12
629 1091 19 26 8.

302 1130 132 29 Storryssja
449 1130 56 21 eller
521 1137 78 14 annan
614 1130 102 22 likartad
732 1131 53 21 med
800 1131 82 21 botten
898 1131 97 22 försedd

234 1165 147 28 fiskredskap
396 1165 38 21 mä
449 1164 21 29 ej
487 1166 101 20 utsättas
602 1168 104 18 närmast
716 1165 95 22 utanför
821 1165 66 28 sund,
899 1173 49 14 som
959 1169 36 19 ut-

236 1204 43 26 gör
298 1200 61 22 enda
379 1199 56 22 eller
455 1199 185 30 hufvudsakliga
660 1200 150 21 vattenleden
830 1200 38 21 för
882 1200 42 22 vik
939 1201 56 21 eller

236 1235 70 29 fjärd,
327 1237 61 19 samt
407 1234 20 29 ej
447 1234 75 21 heller
540 1234 8 21 i
568 1234 99 29 saltsjön
682 1234 62 22 inom
760 1237 34 19 ett
809 1235 99 28 omräde,
924 1238 71 19 sträc-

236 1270 78 21 kande
333 1269 43 28 sig,
397 1269 76 28 enligt
494 1269 178 22 bestämmande
688 1269 26 22 af
729 1270 112 21 Senatens
857 1269 139 23 Ekonomie-

238 1304 167 29 departement,
421 1303 54 22 frän
490 1303 48 22 fem
554 1303 38 22 till
608 1303 43 22 och
667 1303 52 22 med
733 1303 68 30 tjugu
811 1303 123 22 kilometer
943 1305 53 22 utät

238 1339 44 22 och
300 1339 25 21 ät
345 1338 115 22 hvardera
479 1338 68 22 sidan
566 1339 55 21 från
640 1339 145 28 mynningen
805 1339 27 21 af
850 1339 35 21 elf
904 1339 55 22 eller
975 1341 20 27 ä,

238 1373 50 22 deri
303 1373 40 22 lax
358 1373 57 21 eller
430 1373 37 21 sik
481 1373 163 22 förekommer.

307 1407 82 23 Under
410 1407 40 22 lax
469 1407 134 29 inbegripes
624 1408 70 21 äfven
715 1408 145 23 annorlunda
880 1409 116 22 benämnd

237 1443 45 21 fisk
299 1442 26 22 af
340 1442 132 29 laxslägtet.
