1109 1767
261 132 13 20 8
574 129 44 23 N:o
634 131 13 21 8

232 198 85 22 ärende
332 199 79 21 såsom
425 198 97 22 notarie.
546 199 44 22 Om
605 199 84 22 sådant
701 198 40 30 jäf
753 200 61 22 skall
828 200 110 23 notarien
953 208 39 22 ge-

230 234 55 20 nast
298 232 102 30 upplysa
414 232 150 30 sakegarene.

299 266 107 29 Urkund,
430 274 50 14 som
503 267 27 21 af
554 268 92 21 notarie
668 270 140 27 upprättats,
828 270 63 21 ändå
909 272 35 19 att
956 270 39 29 jäf

231 301 123 29 förelegat,
371 308 42 22 ege
424 301 21 29 ej
457 301 110 30 offentlig
577 302 163 29 trovärdighet
750 304 76 21 såsom
836 304 9 21 i
858 306 24 19 12
894 306 13 26 $
918 307 74 26 säges.

581 378 25 20 18
621 378 20 26 8.

298 416 30 29 Ej
352 416 38 22 mä
408 416 90 22 notarie
513 418 58 19 utan
586 416 54 28 laga
654 416 52 22 skäl
720 416 138 29 uppenbara
873 417 63 22 hvad
951 418 41 22 ho-

229 458 55 14 nom
299 450 8 22 i
322 450 94 29 sysslan
431 450 124 28 anförtros,
570 452 58 20 utan
643 451 26 21 så
684 454 26 18 är
726 453 35 19 att
776 451 113 29 sakegare
904 452 87 22 honom

230 485 54 22 från
302 484 172 30 tystnadspligt
494 485 100 29 fritagit.

581 560 26 22 19
622 562 20 26 8.

296 600 99 23 Notarie
410 600 91 29 äligger
516 602 35 20 att
566 600 52 22 föra
632 600 104 29 register,
753 601 50 22 deri
818 601 82 30 hvarje
915 602 27 22 af
950 602 40 22 ho-

229 642 54 15 nom
306 635 113 28 vidtagen
442 634 188 29 notariatätgärd
652 635 61 22 skall
727 635 9 21 i
752 636 150 28 fortlöpande
924 644 66 14 num-

228 669 110 29 merföljd
362 669 132 29 korteligen
517 669 133 22 antecknas.
686 670 79 22 Sådan
784 670 145 29 anteckning
948 671 42 21 bör

228 706 105 26 upptaga
356 703 77 29 dagen
455 704 38 21 för
515 704 115 28 ätgärden
649 703 44 23 och
712 704 194 22 beskaffenheten
922 705 69 22 deraf

227 740 61 20 samt
303 738 125 28 sakegares
444 745 77 21 namn,
537 738 71 22 ständ
623 738 57 22 eller
694 738 58 29 yrke
768 738 43 22 och
826 738 108 23 hemvist.

297 773 77 21 Innan
391 772 203 29 notariatregister
612 772 38 22 fär
669 773 37 21 för
721 772 43 22 sitt
780 772 108 23 ändamäl
903 773 87 29 begag-

227 814 49 21 nas,
299 807 49 22 låte
370 807 107 22 notarien
500 806 129 22 detsamma
653 807 171 29 genomdragas
848 808 44 22 och
915 808 74 22 förses

226 842 54 22 med
302 841 150 29 fortlöpande
474 841 147 29 paginering,
645 842 44 21 och
710 841 72 23 varde
802 842 106 22 sidornas
924 843 65 21 antal

227 877 27 21 af
266 876 177 23 vederbörande
458 876 142 22 ordförande
615 876 9 21 i
638 876 174 22 rädstufvurätt
827 877 58 22 eller
894 877 95 22 härads-

226 910 102 30 höfding
347 910 53 22 med
416 910 52 22 dess
482 910 149 22 underskrift
646 910 43 22 och
705 910 153 30 embetssigill
874 911 114 29 bestyrkt.

294 946 52 22 Har
367 945 201 22 ställföreträdare
588 945 172 22 tillförordnats
779 948 35 20 att
829 946 104 22 bestrida
948 954 40 15 no-

227 980 70 22 taries
314 980 136 29 befattning
465 981 22 27 ($
503 982 28 26 9),
548 980 61 22 skall
624 980 8 22 i
647 980 110 29 registret
769 980 44 22 ock
824 981 110 29 angifvas
945 985 43 18 när

226 1014 222 23 ställföreträdaren
466 1014 104 22 tillträdt
592 1014 92 30 sysslan
703 1015 45 22 och
767 1018 43 19 när
829 1015 49 23 han
893 1016 95 22 dermed

226 1050 110 28 upphört.

576 1091 26 21 20
619 1090 19 28 $.

294 1129 138 29 Originalen
452 1129 37 22 till
508 1130 111 28 samtliga
637 1130 230 30 notariaturkunder,
883 1138 49 15 som
947 1135 39 18 äro

225 1164 141 30 upprättade
376 1164 8 22 i
394 1164 61 22 form
471 1165 27 21 af
511 1164 124 29 protokoll,
651 1164 67 23 skola
732 1167 84 20 stanna
826 1166 42 22 hos
879 1166 108 22 notarien

226 1200 44 22 och
284 1200 28 21 af
325 1199 87 22 honom
427 1199 135 29 sorgfälligt
578 1200 113 22 förvaras.

293 1234 35 22 Pä
347 1234 126 28 originalet
492 1234 38 22 till
544 1234 75 22 sädan
633 1234 95 22 urkund
742 1235 26 22 sä
784 1235 43 22 ock
842 1236 30 28 pä
888 1236 99 22 utskrift

225 1269 68 22 deraf
306 1268 63 22 skall
384 1268 45 23 den
443 1276 107 15 nummer
566 1269 134 29 antecknas,
715 1270 74 22 under
804 1270 98 22 hvilken
917 1270 70 29 origi-

224 1304 65 22 nalet
304 1307 26 19 är
344 1303 9 22 i
368 1304 215 29 notariatregistret
597 1304 98 22 infördt.

298 1339 119 22 Omfattar
431 1338 199 23 notariaturkund
646 1339 56 22 flere
718 1339 43 22 ark
776 1339 56 23 eller
847 1341 43 21 hör
906 1339 78 23 dertill

224 1374 86 28 bilaga,
326 1373 73 23 varde
413 1374 124 22 urkunden
552 1374 54 22 med
621 1374 63 22 hvad
700 1374 80 22 dertill
796 1375 41 21 hör
846 1375 138 29 genomdra-

223 1416 47 22 gen
285 1408 45 23 och
345 1408 126 30 förseglad.
