1064 1695
317 118 29 22 U.
361 118 29 21 B.
406 130 27 3 —
448 117 74 28 Prop.
538 117 45 22 N:o
598 117 36 22 12.
848 119 10 20 7

99 191 80 24 ändra
209 190 119 29 reglerna
355 188 40 22 för
428 187 241 30 statsbokföringen.
718 188 88 23 Redan
836 189 25 21 af

98 227 69 22 detta
195 225 55 22 skäl
278 223 66 22 hade
372 223 42 22 det
440 222 58 22 bort
524 222 128 22 undvikas
679 223 36 22 att
733 223 57 22 med
808 229 52 22 nya

98 259 158 24 föreskrifter
281 258 69 22 störa
375 257 191 28 tillämpningen
585 257 26 21 af
629 257 44 22 det
692 257 168 28 räkenskaps-

99 295 47 22 och
167 293 200 29 budgetsystem,
388 297 53 16 som
459 291 57 22 med
534 291 54 22 icke
607 291 76 28 ringa
702 291 160 29 svårigheter

99 329 84 22 blifvit
201 326 162 31 genomfördt
381 325 78 22 sedan
479 325 28 22 år
528 325 73 22 1901.
639 325 157 29 Visserligen
814 326 48 21 har

100 361 276 29 Finansexpeditionen
401 360 7 21 i
433 360 38 21 sin
497 360 105 21 relation
627 366 42 15 om
695 360 166 22 statsverkets

101 397 111 23 tillstånd
232 396 68 21 velat
318 395 8 21 i
348 395 30 22 de
397 401 51 22 nya
466 394 193 22 föreskrifterna
678 401 27 15 se
719 401 30 15 en
762 394 100 23 förenk-

101 432 61 28 ling,
183 431 32 22 då
235 430 79 28 enligt
333 428 128 22 desamma
480 428 89 22 endast
588 428 43 22 två
651 428 91 22 fonder
758 428 7 22 i
780 428 82 22 stället

101 466 40 22 för
165 466 40 28 sju
229 463 111 23 behöfde
366 463 7 21 i
395 463 128 29 budgeten
542 464 136 27 upptagas.
716 463 57 22 Men
793 463 69 22 detta

101 500 115 22 omdöme
240 498 92 22 halkar
356 498 73 21 öfver
450 498 48 21 den
518 497 138 29 vigtigaste
677 497 185 29 omständighe-

102 535 51 22 ten.
195 534 49 22 Det
270 538 51 23 nya
349 532 113 28 påbudet
489 532 152 22 inskränker
669 532 40 28 sig
735 532 127 28 nämligen

102 569 55 22 icke
184 568 37 22 till
250 574 30 16 en
305 566 135 22 reduktion
460 566 25 22 af
502 566 138 22 fondernas
661 566 76 26 antal,
758 566 42 22 det
819 566 44 22 till-

103 604 102 28 skapar,
233 602 82 22 under
342 607 76 15 namn
446 601 25 21 af
499 601 41 21 två
569 600 100 27 fonder,
695 602 93 20 tvenne
806 600 57 22 från

103 637 147 23 hvarandra
276 635 109 23 åtskilda
414 635 126 29 budgeter,
561 635 46 22 och
637 635 95 22 förstör
756 635 108 22 sålunda

104 673 49 22 den
178 678 91 22 genom
294 670 286 28 räkenskapsreformen
605 670 115 22 ernädda
745 670 119 28 enhetlig-

106 707 75 22 heten
206 706 7 22 i
233 704 206 28 statsbudgetens
458 704 181 29 uppställning,
657 704 104 22 hvilken
781 704 83 22 enhet-

104 741 79 29 lighet
207 740 54 22 icke
285 739 116 22 hindrats
424 745 89 22 genom
532 738 120 22 tillvaron
673 738 25 22 af
716 738 66 22 olika
802 745 19 15 s.
841 738 23 22 k.

105 776 98 25 fonder,
224 775 61 21 enär
304 774 74 21 dessa
398 773 72 22 säväl
488 773 8 22 i
515 773 146 28 räkenskap
681 780 52 15 som
747 773 8 21 i
768 772 97 30 budget

105 810 98 22 kunnat
222 808 140 23 behandlas
382 808 83 22 säsom
484 808 67 21 olika
569 808 80 26 konti,
671 807 194 29 ingredierande

105 845 8 20 i
138 844 143 28 budgetens
306 842 46 21 och
372 842 140 21 bokslutets
531 842 82 21 enhet.
655 842 102 22 Således
777 842 28 21 är
824 842 42 22 det

107 878 76 22 äfven
207 884 30 15 ur
262 877 48 22 den
335 876 131 28 praktiska
486 878 102 27 nyttans
608 876 133 29 synpunkt
760 876 25 22 af
802 876 62 29 vigt,

107 914 36 21 att
162 911 163 23 merberörda
344 911 157 22 föreskrifter
521 911 21 28 ej
563 911 40 22 mä
618 911 81 22 varda
712 910 152 29 tillämpade.

177 946 105 23 Oafsedt
302 945 68 22 detta
389 945 47 22 har
455 945 42 22 det
516 946 70 27 synts
607 945 129 22 Utskottet
754 945 112 22 nödvän-

107 982 55 28 digt
181 982 36 21 att
238 980 149 25 Ständerna,
406 980 56 21 med
482 979 119 22 afseende
621 979 64 22 därä
705 980 36 21 att
759 979 49 22 den
822 979 46 22 till-

108 1016 95 22 ärnade
232 1014 228 29 omgestaltningen
490 1014 25 22 af
538 1014 131 29 budgeten
697 1013 92 23 strider
816 1015 51 20 mot

109 1050 127 30 grundlag
260 1049 46 23 och
334 1048 156 23 Ständernas
509 1049 158 29 rättigheter,
687 1049 8 21 i
713 1049 43 22 sitt
774 1055 60 15 svar
853 1048 14 22 å

109 1085 49 22 den
176 1085 94 28 nådiga
289 1083 190 29 propositionen
499 1084 134 28 angående
645 1083 155 29 provisionel
813 1089 54 23 reg-

108 1120 83 28 lering
209 1119 26 22 af
252 1118 283 29 bevillningsbudgeten
555 1118 84 22 införa
658 1124 31 16 en
707 1117 161 29 underdänig

109 1154 149 22 hemställan
278 1153 87 22 därom

386 1222 38 21 att
459 1221 76 23 Hans
570 1221 146 29 Kejserliga
746 1222 124 28 Majestät

318 1256 94 22 täcktes
437 1256 10 21 i
468 1255 82 23 nåder
569 1256 127 22 förordna
715 1257 37 21 att
771 1256 31 22 de
821 1256 49 22 den

318 1291 36 22 23
372 1288 55 31 (10)
442 1290 63 29 juni
525 1291 72 22 1904
619 1291 152 22 meddelade
789 1291 81 28 regler

318 1324 135 29 angäende
477 1325 171 28 uppgörande
672 1325 33 22 af
727 1325 143 29 budgetför-

320 1359 58 29 slag
404 1359 40 22 för
468 1359 116 22 Finland
609 1359 73 22 skola
701 1360 170 22 underkastas

318 1393 104 23 sädana
448 1393 195 30 förändringar,
662 1401 54 15 som
739 1394 132 23 erfordras

320 1428 40 22 för
388 1429 38 21 att
452 1428 94 29 bringa
574 1428 134 23 desamma
733 1429 41 22 till
793 1428 79 23 öfver-

181 1472 164 18 Statsutskottets
358 1471 121 18 betänkande
491 1471 39 18 N:o
546 1472 14 16 1.
