1045 1767
179 140 12 20 2
395 137 71 23 Ständ.
481 137 35 23 Sv.
533 150 25 2 —
576 137 60 27 Prop.
653 137 35 22 N:o
705 137 21 22 8.

248 215 48 22 Vid
310 214 118 22 ärendets
442 214 193 28 handläggning
648 214 46 22 hos
707 214 144 23 Ständerna
862 215 77 22 hafva

179 255 191 28 Ridderskapet
394 254 45 22 och
465 254 81 22 Adeln
566 255 64 21 samt
648 254 219 28 Borgareståndet
885 255 55 22 fun-

179 296 37 22 nit
234 295 123 22 hurusom
377 294 31 22 de
428 294 25 22 af
470 294 82 22 Eders
572 294 142 28 Kejserliga
734 294 118 29 Majestät
869 295 8 21 i
898 302 41 15 an-

177 335 105 29 ledning
308 335 25 21 af
360 334 154 22 Ständernas
539 334 49 22 den
611 334 31 21 31
664 334 133 22 december
818 334 68 23 1904
905 334 34 22 af-

178 376 70 22 lätna
282 374 178 28 underdäniga
492 374 104 28 petition
627 373 161 23 beträffande
820 374 119 29 åtgärder

179 416 40 22 för
247 415 49 22 den
323 414 96 29 lagliga
447 414 154 28 ordningens
627 414 180 22 äterställande
827 414 7 22 i
853 414 86 22 landet

178 455 122 29 vidtagna
325 454 95 29 nådiga
445 453 168 29 förfoganden
634 453 132 29 angående
786 454 152 22 inställande

179 495 49 22 tills
253 495 89 22 vidare
366 494 25 21 af
410 493 189 28 tillämpningen
620 493 25 22 af
663 493 49 22 den
731 494 207 28 värnepliktsför-

178 535 119 28 fattning,
318 540 54 16 som
397 533 125 22 utfärdats
547 533 49 22 den
621 533 30 22 12
671 533 46 29 juli
737 533 75 27 1901,
833 534 46 22 och
898 541 39 15 om

179 574 184 29 upphäfvande
383 574 25 21 af
426 574 144 27 temporära
588 573 182 29 förordningen
787 574 49 22 den
851 575 32 21 14
896 581 42 15 au-

180 615 68 28 gusti
269 615 65 22 1902
356 613 132 30 angående
507 613 141 29 ordningen
661 613 40 22 för
715 614 166 28 tjänstemäns
894 615 43 21 vid

178 655 179 28 justitiestaten
383 654 125 29 skiljande
530 653 57 22 från
607 653 109 29 tjänsten
735 654 54 22 icke
809 661 127 15 ensamma

178 695 40 22 för
245 695 39 29 sig
311 694 157 23 innefattade
495 693 226 29 tillfyllesgörande
750 694 120 29 åtgärder
898 695 39 21 för

179 735 48 22 den
256 735 95 29 lagliga
380 734 155 29 ordningens
565 733 185 27 återställande,
773 735 8 21 i
811 735 125 22 anseende

179 775 103 22 hvartill
300 775 47 22 och
367 774 105 22 emedan
490 773 82 22 under
591 773 96 22 sådana
706 774 185 27 förhållanden,
904 775 32 22 då

179 815 138 22 bestående
330 815 42 28 lag
386 814 54 22 icke
453 813 26 23 af
491 814 235 29 regeringsmakten
739 814 80 22 hölles
833 815 8 21 i
851 814 84 29 helgd,

179 863 34 21 ny
237 855 44 29 lag
308 855 22 28 ej
360 854 80 22 borde
467 853 91 27 stiftas,
579 853 186 29 Ridderskapet
790 855 47 21 och
856 855 80 22 Adeln

179 898 65 19 samt
264 893 217 31 Borgareständet
499 894 39 21 för
557 894 161 21 närvarande
738 894 81 29 afböjt
833 895 48 21 den
894 895 43 22 nä-

179 936 59 29 diga
267 934 196 29 propositionen.
500 933 189 22 Presteständet
716 934 46 22 har
791 935 60 25 äter,
876 936 61 21 enär

181 975 155 23 Ständernas
350 974 158 29 Lagutskott,
520 974 37 21 till
570 973 77 22 hvars
661 974 193 29 handläggning
867 976 70 21 ären-

179 1016 43 22 det
234 1015 190 26 öfverlämnats,
436 1016 82 20 ansett
528 1014 39 29 sig
578 1014 81 21 under
670 1014 121 22 afvaktan
802 1015 33 28 pä
849 1015 88 29 nädigt

179 1063 60 15 svar
258 1056 14 21 &
293 1055 155 22 Ständernas
467 1055 150 22 förberörda
635 1055 105 27 petition
757 1055 47 22 och
817 1055 8 22 i
839 1055 97 23 saknad

180 1096 25 23 af
235 1096 32 22 de
298 1095 94 29 nödiga
422 1095 245 28 förutsättningarna
698 1095 38 22 för
767 1097 36 20 ett
829 1096 109 22 normalt

178 1135 226 30 landtdagsarbete
426 1135 63 22 böra
512 1135 210 22 förberedelsevis
744 1137 117 28 uppgöra
881 1136 56 22 alle-

179 1178 58 21 nast
255 1177 35 21 ett
308 1175 86 23 utkast
413 1175 36 22 till
468 1175 153 29 detaljeradt
639 1175 161 23 betänkande
818 1177 4 20 i
836 1176 100 29 frägan,

179 1217 98 22 hvilket
289 1216 55 22 icke
356 1215 115 22 insändts
485 1215 36 22 till
536 1215 120 26 Ständen,
665 1215 192 24 äterremitterat
868 1217 69 22 ären-

179 1257 42 22 det
240 1257 37 22 till
296 1256 127 23 Utskottet
441 1255 39 22 för
500 1257 35 20 att
555 1255 66 29 ånyo
632 1255 159 30 handläggas
805 1257 56 22 med
873 1257 64 22 före-

179 1297 74 22 skrift
269 1297 39 22 för
322 1296 127 22 Utskottet
463 1297 35 21 att
510 1296 61 28 ingå
581 1295 8 22 i
599 1295 238 30 detaljgranskning
851 1297 25 22 af
888 1297 48 22 den

179 1337 94 29 nädiga
304 1336 190 29 propositionen
525 1336 54 26 och,
600 1336 28 21 sä
659 1337 70 21 snart
751 1336 93 22 sädant
862 1337 73 26 skett,

179 1377 119 23 deröfver
318 1376 35 23 till
374 1376 143 22 Ständerna
532 1376 96 28 afgifva
641 1376 169 23 betänkande.
840 1377 97 22 Bonde-

180 1417 102 23 ständet
292 1418 46 21 har
349 1416 114 22 däremot
472 1416 55 22 icke
538 1416 91 22 hunnit
639 1416 177 23 slutbehandla
825 1418 110 22 ärendet.
