1109 1770
261 138 33 35 38
571 141 41 22 N:o
629 142 26 21 17

234 209 155 23 föreskrifven
407 209 146 29 anteckning,
569 208 88 23 straffes
672 209 53 21 med
740 209 66 21 böter
825 209 70 29 högst
911 210 85 28 fyratio

235 244 72 22 mark.

305 279 52 27 Lag
373 286 86 14 samma
472 285 61 21 vare,
549 285 37 14 om
601 278 100 27 resande,
719 285 49 14 som
782 278 119 28 begagnar
915 278 81 28 skjuts,

235 313 78 22 färdas
336 312 52 22 med
409 315 72 19 större
496 312 117 28 hastighet
628 314 28 19 än
672 312 147 21 föreskrifvet
835 315 24 19 är
875 313 57 21 eller
945 312 51 22 icke

235 348 59 20 låter
315 347 84 21 hästen
420 347 63 21 hvila
506 347 13 21 å
541 346 76 22 derför
639 346 106 21 bestämd
766 346 67 28 plats,
852 348 31 26 på
898 349 46 19 sätt
960 347 9 21 i
983 347 13 21 2

235 389 70 14 mom.
327 381 30 21 54
379 383 13 25 8
415 384 25 18 är
455 380 114 29 stadgadt,
593 381 55 21 eller
670 380 117 22 använder
809 380 129 29 skjutshäst
961 380 36 23 för

237 416 80 28 längre
333 416 91 21 sträcka
439 418 30 19 än
484 415 93 21 hvartill
592 414 46 22 han
653 418 25 18 är
692 415 136 28 berättigad.

587 495 27 21 73
629 496 18 26 8.

305 535 78 27 Böter,
405 535 80 22 hvilka
503 535 74 28 enligt
595 535 74 21 denna
684 534 135 29 förordning
835 535 99 28 ädömas,
950 535 46 22 till-

237 569 56 22 falla
307 569 95 22 kronan.

308 604 89 21 Saknas
419 604 100 28 tillgäng
542 603 37 21 till
601 603 107 22 böternas
727 603 122 29 gäldande,
865 603 131 22 förvandlas

236 638 29 21 de
280 639 37 20 till
332 638 171 28 fängelsestraff
517 637 74 28 enligt
606 637 139 28 strafflagen.

539 765 38 16 'V
595 765 99 19 kap.

497 815 100 22 Särskilda
611 815 128 28 stadganden.

587 872 28 22 74
630 873 19 26 8.

306 914 53 20 Den
381 912 109 29 lägenhet
513 913 55 21 eller
590 912 102 28 lagligen
715 912 110 22 utbrutna
845 912 37 22 del
897 912 70 29 deraf,
984 914 12 20 ä

237 948 68 21 hvars
328 948 65 21 mark
415 946 138 29 gästgifveri
576 950 25 18 är
615 946 108 28 förlagdt,
739 947 64 28 skall,
820 947 75 22 derest
910 947 86 28 nödiga

238 982 137 29 byggnader
399 981 36 22 för
461 980 162 29 gästgifveriet
647 983 57 19 utan
726 982 129 28 ersättning
877 982 119 28 upplätits,

237 1016 75 22 ehvad
339 1016 305 28 gästgifvarebefattningen
671 1015 25 21 af
719 1016 151 28 lägenhetens
893 1016 103 21 innehaf-

238 1058 54 14 vare
307 1050 53 30 sjelf
374 1050 142 22 handhafves
534 1050 55 21 eller
604 1050 79 21 blifvit
698 1050 25 21 af
735 1050 84 22 honom
833 1051 25 21 ät
873 1058 76 14 annan
964 1050 33 22 öf-

238 1085 139 27 verlemnad,
387 1084 89 28 ätnjuta
486 1084 69 21 frihet
566 1084 50 21 frän
627 1084 157 28 ingvartering
795 1085 42 21 och
845 1084 152 29 kronoskjuts.

308 1119 149 22 Handhafves
473 1118 210 29 skjutshällningen
699 1118 25 21 af
737 1122 146 25 entreprenör
899 1120 43 21 och
956 1120 42 20 har

239 1155 73 21 denne
335 1154 50 22 sina
406 1154 78 21 hästar
505 1153 105 28 förlagda
626 1154 13 20 &
653 1153 167 29 gästgifveriet,
844 1161 53 21 eger
919 1154 78 28 lägen-

239 1190 80 20 hetens
339 1188 148 22 innehafvare
507 1188 155 28 tillgodogöra
677 1188 36 28 sig
729 1188 141 28 spillningen
885 1188 58 22 efter
958 1189 39 21 hä-

239 1226 82 19 starna.

588 1269 28 22 75
631 1270 18 26 8.

308 1305 107 33 Ändring
437 1309 36 21 uti
494 1311 126 26 guvernörs
643 1309 77 27 utslag
736 1309 7 20 i
759 1309 104 27 ärenden,
879 1309 96 21 hvarom
989 1309 9 21 i

239 1345 76 21 denna
336 1344 136 28 förordning
494 1343 100 28 stadgas,
618 1343 66 21 sökes
704 1343 8 21 i
735 1342 129 29 Kejserliga
887 1343 110 21 Senatens

239 1380 36 22 för
299 1379 100 22 Finland
420 1378 287 28 Ekonomiedepartement
729 1378 48 21 före
798 1378 98 21 klockan
919 1378 46 21 tolf
985 1378 13 21 &

239 1413 201 30 fyrationdefemte
467 1413 74 27 dagen
568 1412 57 21 efter
651 1412 135 27 delfäendet,
810 1412 75 28 dagen
908 1412 28 21 dä
959 1412 39 22 det

239 1448 85 22 skedde
339 1448 73 22 likväl
427 1447 106 22 oräknad.
