1109 1759
262 82 12 20 6
574 80 41 20 N:o
632 80 26 20 16

234 151 51 21 hela
304 152 80 20 natten
404 149 57 21 efter
476 151 51 19 sön-
543 149 54 21 eller
616 148 99 28 helgdag
734 154 58 15 samt
809 148 131 22 derutöfver
960 149 35 21 för

233 184 214 22 tillfredsställande
467 183 22 21 af
508 183 118 28 tillfälliga
644 185 71 19 större
737 183 68 21 behot
820 184 73 20 under
909 189 32 15 ctt
957 184 37 20 be-

234 218 111 30 gränsadt
361 218 61 21 antal
438 220 76 19 nätter
529 225 37 14 om
582 218 47 20 året
644 217 141 28 medgifvits.

303 254 34 20 På
353 252 75 28 grund
443 252 67 22 häraf
522 252 41 21 har
578 252 63 21 Hans
658 252 130 28 Kejserliga
803 252 107 27 Majestät
927 253 7 20 i
950 253 45 21 Nå-

233 288 40 22 der
296 288 63 21 velat
382 287 92 21 härmed
495 287 34 20 till
551 286 137 21 Ständernas
709 286 129 28 antagande
854 286 140 22 öfverlemna

234 327 31 17 ett
283 322 125 28 sälydande

443 431 77 27 Förslag
531 432 25 20 till
568 430 58 28 Nädig
638 430 111 27 förordning
760 430 102 28 angående
873 431 121 21 arbetstiden

375 466 3 21 i
395 466 93 27 bagerier.

592 540 46 24 81.

306 586 9 22 I
332 586 85 27 bageri,
435 585 38 21 der
489 585 150 28 tillverkning
655 585 52 21 sker
723 585 35 20 till
775 584 73 22 afsalu
859 585 55 21 eller
925 593 70 13 varan

236 622 29 27 pä
281 623 70 19 annat
367 623 45 18 sätt
427 619 115 29 föryttras,
560 619 56 21 skall
634 619 87 21 arbetet
736 627 54 13 vara
806 619 107 21 instäldt:
925 620 69 20 minst

235 655 120 29 tjugufyra
378 654 91 21 timmar
491 653 50 21 frän
566 653 99 21 klockan
688 654 13 19 6
723 654 30 27 pä
771 654 94 21 aftonen
880 653 47 22 före
943 656 51 19 sön-

234 691 56 20 eller
321 689 109 28 helgdag;
457 688 116 21 äfvensom
604 687 78 28 hvarje
706 688 129 26 söckendag
861 688 68 21 minst
956 696 38 13 sex

235 725 93 21 timmar
344 723 50 21 från
409 723 97 21 klockan
524 723 25 20 12
566 724 29 26 på
610 725 85 18 natten.

592 800 12 22 g
621 798 18 20 2.

304 844 86 22 Mellan
406 846 50 18 sön-
467 844 55 20 eller
532 843 101 28 helgdag
644 843 41 21 och
698 843 171 28 derpäföljande
881 844 50 28 dag,
942 852 52 14 vare

235 879 36 28 sig
287 879 44 21 den
347 881 24 18 är
386 877 65 28 helg-
467 877 54 21 eller
531 877 136 27 söckendag,
679 879 24 19 är
714 877 77 21 arbete
801 877 8 21 i
820 877 79 29 bageri
910 878 83 22 tillåtet

235 913 50 21 frän
301 912 98 22 klockan
415 912 14 21 6
444 912 29 28 pä
489 911 92 21 aftonen
599 912 35 20 till
650 911 99 21 klockan
764 912 13 20 6
794 913 27 27 pä
838 920 130 20 morgonen.

304 947 37 21 Då
357 946 110 22 särskilda
483 946 195 27 omständigheter
693 949 55 24 göra
759 946 79 22 sådant
850 947 144 28 nödvändigt

235 986 44 24 äge
294 982 122 28 Magistrat
432 981 54 21 eller
502 980 162 28 Ordningsrätt
675 980 7 21 i
694 980 50 22 stad
756 981 42 21 och
810 981 183 22 Kronolänsman

234 1018 30 27 pä
284 1016 78 22 landet
381 1017 45 19 rätt
446 1018 34 18 att
499 1016 30 27 pä
547 1015 101 21 ansökan
668 1015 75 21 tilläta
763 1016 76 20 arbete
862 1016 36 21 vid
916 1016 79 28 bageri

234 1051 73 22 under
327 1050 58 22 visst
405 1050 62 21 antal
485 1052 76 18 nätter
580 1049 90 21 utöfver
686 1050 60 20 hvad
761 1057 30 13 nu
807 1053 24 18 är
847 1050 73 28 sagdt,
937 1050 58 22 dock

235 1086 51 21 icke
301 1085 55 21 flere
371 1087 29 18 än
416 1084 112 28 tjugufem
545 1092 37 13 om
600 1085 55 26 året;
672 1084 41 21 och
730 1084 57 21 skall
803 1084 78 22 härom
893 1085 102 21 utfärdas

235 1119 182 22 tillständsbevis
432 1118 148 28 upptagande
596 1118 29 21 de
640 1120 81 26 nätter,
738 1118 71 22 under
825 1119 78 21 hvilka
914 1120 80 21 sädant

235 1155 77 21 arbete
328 1153 98 22 tillätits.

593 1206 47 25 83.

305 1252 119 22 Arbetstid
441 1252 36 21 mä
491 1251 35 21 för
537 1251 182 29 bageriarbetare
730 1252 71 21 under
812 1254 33 19 ett
856 1252 43 21 och
909 1260 86 15 samma

235 1287 64 29 dygn
320 1286 50 22 icke
390 1286 126 28 öfverstiga
531 1286 45 21 tolt
591 1286 96 27 timmar,
705 1286 117 28 tillfälliga
839 1286 84 22 afbrott
939 1288 8 20 i
963 1296 33 13 ar-

236 1322 71 28 betet,
323 1328 52 14 men
391 1320 19 28 ej
427 1320 172 28 mältidsraster,
617 1320 47 22 deri
679 1321 130 21 inräknade.

305 1355 110 22 Arbetare
438 1362 53 14 vare
513 1355 51 21 icke
586 1355 86 28 pligtig
691 1357 34 19 att
739 1358 56 18 utan
810 1356 97 21 särskild
923 1356 73 22 öfver-

236 1390 165 22 enskommelse
417 1390 92 28 deltaga
520 1390 6 20 i
539 1390 77 21 arbete
631 1389 72 21 under
717 1390 27 21 de
755 1390 8 21 i
773 1392 13 25 $
798 1390 13 21 2
821 1390 98 22 nämnda
931 1391 64 21 tider.
