1109 1759
264 142 13 20 2
573 140 40 20 N:o
630 140 26 21 17

236 205 63 25 Ökad
323 208 130 22 samfärdsel
475 208 41 21 och
535 208 141 21 tillkomsten
694 208 23 20 af
732 216 43 20 nya
793 208 116 22 allmänna
924 212 72 24 vägar

234 244 68 20 hafva
322 243 65 21 ställt
406 243 41 20 allt
465 242 71 28 högre
552 242 51 21 kraf
617 242 30 28 på
662 241 28 21 de
706 242 217 28 skjutsanstalterna
938 250 57 20 upp-

234 277 153 22 rätthållande
403 276 146 28 jordegarene
567 276 119 28 samtidigt
702 284 47 13 som
766 276 27 21 de
809 276 65 22 öfver
884 277 53 21 hela
948 277 47 21 lan-

234 312 39 21 det
285 311 105 28 stegrade
405 310 220 28 prisförhållandena
636 310 55 21 ökat
701 311 153 21 kostnaderna
865 310 36 22 för
911 311 84 28 skjuts-

235 346 112 21 besväret.
378 346 89 20 Genom
482 345 44 21 den
543 344 23 22 af
580 344 141 22 förbemälda
737 346 87 20 komité
840 345 81 28 gjorda
937 352 58 15 sam-

235 380 166 27 manställning
424 379 23 21 af
469 379 50 21 från
545 379 51 21 hela
622 379 77 21 landet
723 379 129 22 infordrade
875 380 120 28 uppgifter

234 414 107 28 framgär,
365 417 33 18 att
421 413 27 21 de
467 413 122 21 kostnader
605 414 26 20 de
648 413 182 29 skjutsskyldiga
846 414 89 28 ärligen
951 414 43 21 fätt

234 449 129 21 vidkännas
387 448 22 21 af
432 447 172 28 ifrägavarande
624 447 81 21 besvär
720 448 88 28 utgjort
823 448 73 21 under
911 448 84 28 skjuts-

233 482 179 29 ningsperioden
432 482 143 22 1888-1890
593 482 92 28 260.316
704 483 64 21 mark
787 483 27 21 583
830 484 76 27 penni,
922 484 73 20 under

234 518 110 27 perioden
360 517 141 21 1891—1895
512 516 93 28 296,512
615 517 65 21 mark
692 517 11 20 1
715 517 75 27 penni,
801 518 74 20 under
885 518 109 27 perioden

235 551 144 22 1896—1900
393 552 92 27 361,447
496 552 64 20 mark
572 551 26 21 19
609 551 70 27 penni
689 554 59 18 samt
758 551 72 21 under
840 552 154 21 innevarande

234 586 224 28 skjutsningsperiod
486 586 143 21 1901—1905
655 585 93 28 593,505
773 586 64 21 mark
863 586 29 21 60
919 586 76 28 penni.

234 620 127 22 Fördelade
376 621 29 27 pä
421 620 107 28 samtliga
543 620 84 20 mantal
644 619 70 21 hafva
729 620 65 21 dessa
809 620 125 21 kostnader
944 620 51 22 från

236 656 26 20 14
278 656 65 20 mark
359 655 26 21 75
403 655 75 27 penni.
495 662 48 14 som
560 654 27 21 de
604 654 5 21 i
626 654 106 21 medeltal
749 662 40 20 per
804 656 87 20 mantal
905 654 90 29 utgjort

235 690 72 21 under
325 689 108 28 perioden
450 689 149 27 1888—1890,
619 689 118 21 successift
753 689 66 28 stigit
835 689 36 21 till
887 690 28 20 33
930 690 64 20 mark

233 725 28 20 81
289 724 69 28 penni
385 731 40 20 per
453 724 87 20 mantal
565 723 72 21 under
663 723 152 21 innevarande
840 723 154 29 skjutsnings-

235 758 84 28 period.
342 758 45 21 Det
404 761 24 18 är
443 758 58 21 dock
513 758 93 28 obilligt
617 760 34 18 att
662 765 28 13 en
701 758 65 28 dylik
776 758 104 28 ständigt
890 758 104 22 växande

237 794 68 21 börda
328 793 58 21 skall
410 793 62 21 hvila
494 793 29 27 pä
546 792 43 21 den
609 792 189 28 oprivilegierade
817 792 82 28 jorden
915 793 79 21 allena.

235 828 51 20 Med
301 826 106 22 afseende
423 828 13 20 ä
454 827 44 21 den
517 826 124 28 betydelse,
661 826 160 22 samfärdselns
838 826 156 29 befrämjande

235 869 54 22 eger
303 861 37 22 för
355 861 126 29 samhället,
498 860 67 22 faller
576 860 210 30 hällskjutsningen
796 862 38 21 väl
848 862 63 21 inom
922 863 72 20 omrä-

235 898 38 21 det
296 897 23 21 af
342 897 27 21 de
391 897 160 28 inrättningar,
572 904 48 14 som
637 896 22 21 af
675 899 74 19 staten
765 896 55 22 böra
835 897 158 29 understödas,

235 940 52 13 men
302 932 51 21 dess
368 931 203 28 upprätthällande
587 934 24 18 är
627 931 58 21 dock
701 931 19 28 ej
738 932 85 27 egnadt
839 935 34 17 att
889 932 24 21 af
928 934 66 19 stats-

234 968 79 20 verket
336 967 47 20 helt
407 966 42 21 och
471 966 71 21 hället
565 966 131 28 öfvertagas
715 966 69 21 redan
803 966 22 21 af
840 966 38 21 det
894 967 50 21 skäl
961 969 34 19 att

235 1002 81 21 sädant
331 1000 76 22 blefve
422 1000 151 22 öfverhöfvan
589 1000 58 28 dyrt,
664 1000 51 28 ithy
729 1003 34 18 att
773 1000 28 22 de
812 1000 103 29 utgifter,
928 1003 66 19 stats-

235 1036 79 21 verket
337 1035 132 28 derigenom
492 1035 74 21 skulle
586 1034 110 28 äsamkas,
713 1034 129 28 säkerligen
857 1034 137 22 flerdubbelt

235 1071 90 21 komme
341 1072 34 19 att
390 1069 126 28 öfverstiga
531 1069 28 21 de
575 1068 132 22 nuvarande
722 1068 194 29 skjutsskyldiges
932 1069 62 21 kost-

235 1105 70 21 nader
327 1104 36 22 för
384 1104 217 28 hällskjutsningen.
631 1104 109 21 Deremot
757 1106 24 18 är
796 1104 38 20 det
849 1103 94 29 möjligt
958 1104 36 21 för

236 1140 163 21 kommunerna
407 1141 34 19 att
449 1146 62 14 mera
519 1138 115 28 praktiskt
643 1138 42 21 och
692 1138 105 28 billigare
805 1141 28 19 än
841 1140 76 19 staten
924 1138 70 22 ordna

236 1174 43 22 och
293 1174 157 28 upprätthälla
469 1173 212 28 skjutsanstalterna
697 1173 42 21 och
755 1172 172 29 skjutsningen;
943 1180 52 15 men

235 1209 29 21 då
279 1217 28 13 en
323 1208 65 29 dylik
403 1208 85 21 allmän
499 1207 170 29 angelägenhet
680 1207 41 21 bör
732 1207 77 29 åligga
821 1208 44 20 alla
877 1208 117 21 samhälls-

235 1244 148 21 medlemmar
405 1242 42 22 och
471 1242 18 29 ej
514 1242 59 22 blott
591 1250 27 13 en
635 1242 58 21 enda
708 1249 74 22 grupp
797 1242 156 28 medborgare,
970 1246 25 18 är

235 1279 39 21 det
289 1278 140 21 kommunen
443 1277 9 21 i
467 1277 35 21 sin
518 1277 84 27 helhet,
619 1284 50 14 som
684 1276 145 29 rättvisligen
840 1277 42 21 bör
892 1280 55 25 taga
958 1277 35 21 del

235 1314 8 20 i
259 1312 255 29 skjutsningsbesväret,
531 1311 96 22 hvarvid
646 1311 115 28 sjelffallet
781 1311 18 29 ej
819 1312 80 28 längre
917 1312 78 28 nägon

236 1347 99 21 skillnad
357 1346 70 22 borde
449 1348 68 26 göras
536 1346 98 21 emellan
652 1346 161 28 privilegierad
830 1346 43 21 och
888 1346 106 28 oprivile-

235 1382 79 28 gierad
329 1381 56 28 jord,
401 1383 57 19 utan
473 1381 45 21 alla
531 1380 87 21 manta]
633 1380 87 28 egande
735 1380 132 28 lägenheter
877 1381 29 27 pä
917 1381 77 21 landet

235 1416 113 22 likställas
364 1416 43 21 och
422 1414 68 23 äfven
505 1415 28 21 de
545 1414 100 28 friheter,
660 1415 61 21 vissa
731 1415 148 21 medlemmar
889 1415 24 21 af
923 1416 72 20 stads-

236 1452 107 20 kommun
360 1450 136 21 härutinnan
513 1450 28 27 pä
559 1449 73 28 grund
645 1449 22 21 af
678 1450 131 27 privilegier
820 1457 49 21 ega,
881 1449 35 21 för
927 1449 67 22 fram-
