1111 1767
198 584 21 16 52
232 583 16 22 8.

295 133 26 21 16
512 132 18 20 U.
547 130 23 22 B.
585 143 28 2 ---
631 130 57 27 Prop.
705 130 33 21 N:o
754 130 21 22 8.

263 198 105 23 börande
391 198 103 21 notarier
514 206 42 20 ega
572 197 85 28 sjelfva
673 198 127 21 bestämma
816 198 91 21 antalet
922 198 108 21 medlem-

264 241 50 14 mar
336 233 9 21 i
368 233 242 24 notariatkammaren,
634 231 53 22 med
703 232 155 28 iakttagande
874 233 26 20 af
915 232 38 22 det
969 233 6 21 i
991 234 38 26 S:n

265 267 115 28 stadgade
403 267 86 20 minsta
512 266 71 26 antal,
601 265 57 22 eller
674 273 36 14 om
726 266 186 21 bestämmandet
927 267 104 21 tillkom-

264 309 50 14 mer
335 301 144 28 regeringen.
508 300 125 21 Likaledes
649 300 86 21 saknas
751 299 125 22 föreskrift
892 300 60 21 huru
968 301 62 21 valet

266 337 26 21 af
312 336 147 21 kammarens
481 335 128 21 ledamöter
629 334 59 21 skall
711 341 44 21 ega
778 342 58 13 rum.
866 335 56 21 Men
937 335 30 21 dä
982 335 49 28 lag-

265 370 116 28 förslaget
395 369 136 29 pätagligen
548 369 144 25 förutsätter,
708 370 34 19 att
759 369 82 28 dylika
856 369 175 28 bestämningar

266 405 73 26 skola,
354 403 94 29 jemlikt
465 405 28 20 62
508 405 13 26 8
538 405 35 24 (61
591 405 12 25 $
619 403 7 20 i
642 403 83 28 prop.),
740 403 106 21 utfärdas
862 403 7 21 i
886 403 145 22 administra-

265 440 36 21 tiv
324 442 53 25 väg,
401 438 41 21 har
464 438 124 22 Utskottet
611 439 77 19 ansett
703 437 51 21 skäl
770 437 52 22 icke
838 437 142 22 förekomma
996 440 35 19 att

266 473 88 23 föreslä
376 480 62 14 mera
460 473 8 20 i
490 473 70 28 detalj
585 472 90 28 gäende
699 472 148 28 stadganden
870 476 29 18 än
915 473 61 21 hvad
992 473 39 21 ka-

266 509 70 29 pitlet
359 515 31 13 nu
406 507 138 26 innehäller,
560 506 61 21 helst
637 506 82 28 dylika
735 506 147 29 stadganden
898 507 60 21 efter
973 514 58 15 vun-

267 551 47 13 nen
330 541 134 22 erfarenhet
480 543 64 19 snart
559 541 80 21 kunna
655 547 56 15 vara
727 541 8 21 i
751 541 73 21 behof
838 541 27 22 af
879 541 106 29 ändring.

338 577 51 21 Den
410 576 150 28 disciplinära
575 575 147 28 myndighet,
737 583 50 14 som
804 576 75 28 enligt
894 577 28 21 52
937 578 13 25 S
967 578 34 25 (51
1018 578 14 25 S

267 613 9 21 i
300 612 76 29 prop.)
402 611 142 21 tillkommer
567 610 227 27 notariatkammare,
821 611 112 20 omfattar
957 611 75 28 enligt

268 649 49 25 guns
340 645 92 28 tydliga
454 644 146 28 ordalydelse
619 645 147 20 notariernas
782 645 148 21 förhållande
947 645 62 22 såväl
1024 646 9 20 i

268 688 50 15 som
340 682 65 19 utom
420 679 110 29 tjensten.
560 678 66 23 Inom
641 678 126 22 Utskottet
782 679 42 21 har
840 679 139 28 visserligen
995 686 37 21 yr-

269 716 53 21 kats
339 716 35 20 att
388 714 231 21 notariatkammares
635 713 152 29 disciplinära
803 714 143 28 befogenhet
961 714 72 21 borde

268 749 141 23 inskränkas
434 748 38 21 till
497 748 144 21 notariernes
664 748 120 28 tjenstefel
807 748 44 21 och
875 750 34 20 att
934 750 9 20 1
965 756 67 14 mom.

269 785 66 27 förty
358 783 72 21 borde
446 783 7 21 i
470 782 64 22 detta
557 782 109 22 afseende
684 782 184 22 omformuleras.
898 782 134 22 Utskottets

269 818 77 22 flertal
366 817 41 21 har
422 816 74 23 likväl
512 817 8 21 i
536 816 92 29 princip
644 816 106 28 godkänt
765 817 46 21 den
826 817 88 28 nådiga
928 818 105 28 proposi-

269 854 81 21 tionen
372 852 149 25 härutinnan,
544 852 75 20 såsom
641 858 64 14 mera
719 852 76 27 egnad
811 854 35 19 att
861 852 111 21 befordra
987 852 46 28 god

269 886 233 30 korporationsanda.
533 886 67 21 Dock
623 885 42 21 har
686 886 123 21 Utskottet
825 886 116 28 enhälligt
957 888 77 20 ansett

268 921 229 27 notariatkammare,
521 920 75 22 såsom
619 920 55 21 vald
699 920 26 21 af
744 920 43 21 och
804 920 71 22 bland
891 921 143 28 korporatio-

269 964 59 14 nens
354 962 59 22 egna
436 954 156 28 medlemmar,
616 954 50 22 icke
683 955 128 28 lämpligen
827 955 81 21 kunna
924 955 109 29 tilläggas

270 993 48 20 rätt
340 992 35 20 att
397 990 83 21 ådöma
503 989 73 29 böter,
596 989 96 21 hvarför
707 989 154 29 lagförslaget
876 990 93 21 ändrats
985 990 49 21 der-

270 1026 53 27 hän,
348 1026 35 20 att
404 1024 223 22 notariatkammare
650 1023 83 22 endast
755 1024 63 28 finge
833 1026 47 19 rätt
895 1026 34 20 att
945 1024 90 22 tilldela

270 1060 108 28 varning,
408 1059 88 21 Tillika
520 1058 72 22 hafva
608 1060 10 20 1
641 1058 43 22 och
700 1060 13 20 2
729 1061 136 19 momenten
881 1059 25 21 af
919 1059 116 21 redaktio-

270 1096 63 21 nella
348 1094 51 21 skäl
416 1093 196 28 sammandragits
627 1092 39 21 till
683 1095 34 18 ett
732 1095 110 20 moment.

339 1128 84 27 Enligt
438 1128 58 21 sista
509 1129 128 20 momentet
647 1127 26 21 af
682 1127 76 21 denna
768 1129 19 26 $,
797 1127 72 22 sådan
878 1127 45 22 den
931 1127 104 22 affattats

271 1165 8 20 i
294 1163 87 28 nådiga
390 1162 184 29 propositionen,
588 1161 75 22 skulle
672 1161 45 22 mål
726 1161 120 29 angående
854 1162 101 21 notaries
963 1163 72 20 förse-

272 1199 60 21 elser
355 1197 124 22 ankomma
493 1197 31 28 på
540 1197 99 21 hofrätts
663 1196 146 28 afdömande,
826 1197 8 20 i
850 1196 42 21 fall
909 1197 127 21 förseelsen

272 1237 24 18 är
320 1233 26 22 af
368 1232 92 22 svårare
484 1231 169 26 beskaffenhet,
670 1234 29 18 än
720 1233 34 19 att
770 1231 45 21 den
831 1231 47 22 kan
894 1231 75 28 aflöpa
983 1231 53 22 med

272 1268 28 21 de
320 1267 101 28 tidigare
438 1267 8 20 i
462 1267 36 26 $:n
518 1265 103 22 nämnda
635 1265 155 29 påföljderna,
806 1265 58 22 eller
879 1266 8 21 i
903 1266 42 21 fall
960 1266 77 21 utred-

271 1302 60 28 ning
347 1301 115 22 erfordras
478 1300 39 22 vid
533 1299 106 23 domstol.
670 1300 34 21 Af
717 1301 48 26 &:ns
780 1299 90 29 lydelse
886 1300 102 28 framgår
1002 1302 35 20 att

271 1335 97 24 härmed
391 1335 61 22 afses
476 1336 72 21 äfven
570 1335 124 22 förseelser
709 1337 64 20 utom
788 1335 108 28 tjensten.
927 1334 46 24 Vid
987 1335 52 22 hof-

271 1373 48 20 rätt
333 1371 80 21 kunna
428 1369 131 22 emellertid
575 1369 52 22 icke
643 1369 73 22 andra
731 1369 122 22 förseelser
866 1369 91 22 komma
964 1370 74 21 under

272 1405 47 23 åtal
335 1409 29 18 än
380 1405 94 26 sådana,
484 1411 50 15 som
546 1404 118 22 innefatta
672 1404 128 28 tjenstefel,
808 1405 30 28 på
846 1406 47 19 sätt
901 1404 44 21 ock
952 1405 86 28 nådiga

272 1439 177 30 propositionen
463 1439 8 22 i
488 1440 26 21 28
524 1441 13 26 &
546 1439 124 27 förutsatt;
684 1440 26 27 ty
718 1439 36 21 för
764 1440 33 20 ett
805 1439 233 29 tjonstemannastån-
