1053 1670
339 146 21 22 U.
377 146 22 22 B.
415 159 27 3 —
458 146 61 28 Prop.
536 146 36 22 N:o
586 146 31 22 16.
848 150 10 18 1

381 483 50 28 Lag-
448 483 40 22 och
504 483 215 23 ekonomiutskottets
732 483 131 24 betänkande

312 517 35 22 N:o
370 518 13 21 2
408 517 5 22 i
428 517 108 27 anledning
560 517 27 22 af
607 517 56 23 Hans
685 517 118 29 Kejserliga
821 519 41 21 Ma-

310 552 79 27 jestäts
409 550 75 29 nädiga
505 552 130 27 proposition
651 557 33 17 om
700 552 126 23 utfärdande
841 552 26 23 af

312 585 120 29 förordning
455 584 107 30 angäende
586 586 130 22 arbetstiden
735 586 6 22 i
761 586 102 28 bagerier.

176 690 51 21 Den
243 688 165 23 förberedande
422 688 170 29 behandlingen
602 689 27 21 af
637 689 74 21 denna
721 690 84 28 nädiga
815 697 49 21 pro-

109 724 98 30 position
222 723 41 22 har
279 723 25 21 af
320 723 104 28 samtliga
440 723 68 21 ständ
522 723 163 22 öfverlemnats
700 724 35 21 till
750 724 58 28 Lag-
823 724 42 22 och

108 758 223 23 ekonomiutskottet.
363 757 34 21 Pä
415 757 101 29 begäran
539 757 40 22 har
602 758 118 22 Utskottet
740 758 126 22 sedermera

107 794 54 21 frän
176 792 128 29 Kejserliga
320 792 100 21 Senaten
435 792 45 21 fätt
494 794 103 26 mottaga
612 792 110 22 särskilda
737 792 38 22 vid
786 800 80 22 propo-

109 828 108 21 sitionens
232 826 150 22 utarbetande
398 826 119 21 tillkomna
532 826 142 29 handlingar.

178 861 11 22 I
205 860 163 28 sammanhang
391 860 92 21 härmed
503 860 41 21 har
558 860 119 22 Utskottet
692 861 35 21 till
743 861 123 28 handlägg-

110 897 57 28 ning
187 895 101 22 förehaft
312 897 32 18 ett
366 895 61 21 inom
445 895 172 21 Bondeständet
635 895 70 21 väckt
720 895 43 22 och
778 895 34 22 till
827 895 39 22 Ut-

109 931 87 22 skottet
215 929 71 29 jämte
309 929 107 28 yttrande
440 929 26 21 af
486 929 151 28 petitionären
657 929 141 22 remitteradt
813 930 54 28 peti-

110 965 153 27 tionsförslag,
286 964 65 21 hvari
373 963 69 29 yrkas
458 963 144 22 afskaffande
618 963 25 22 af
657 963 137 31 nattarbetet
809 965 7 20 i
831 963 37 22 ba-

110 999 104 29 gerierna
236 998 42 22 och
301 1000 33 19 att
358 997 149 28 arbetsdagen
534 997 62 22 inom
620 997 151 29 bagareyrket
793 998 75 22 blefve

110 1033 120 22 inskränkt
244 1032 35 22 till
294 1032 67 28 högst
377 1032 32 22 tio
427 1032 96 22 timmar.

182 1136 74 22 Sedan
280 1135 127 22 Ständerna
425 1135 34 21 uti
474 1134 144 29 underdänig
633 1135 97 29 petition
745 1135 26 21 af
783 1136 45 21 den
843 1138 25 18 17

111 1171 45 29 maj
179 1172 52 20 1897
256 1170 101 26 anhällit,
381 1172 33 19 att
437 1170 65 21 Hans
517 1169 130 29 Kejserliga
662 1169 107 29 Majestät
785 1170 85 22 täcktes

112 1206 47 22 låta
178 1205 94 22 anställa
294 1204 174 28 undersökning
490 1204 113 21 huruvida
626 1204 42 22 och
683 1204 8 21 i
706 1204 94 22 hvilken
819 1206 51 20 män

112 1239 208 29 lagbestämmelser
339 1238 95 21 rörande
450 1238 139 21 arbetstiden
605 1239 6 20 i
627 1238 152 29 bagareyrket
795 1241 37 19 äro
848 1238 25 22 af

113 1274 76 22 nöden
204 1276 57 19 samt
276 1273 127 21 sedermera
419 1272 119 28 förelägga
554 1272 127 22 Ständerna
697 1272 81 21 sädant
788 1272 83 29 lagför-

113 1309 50 28 slag
179 1309 7 20 i
201 1309 81 24 ämnet,
298 1306 92 22 hvartill
405 1306 44 21 den
459 1306 131 21 verkstälda
601 1307 202 28 undersökningen
818 1307 54 28 möj-

113 1343 62 28 ligen
197 1341 75 22 kunde
296 1341 65 28 gifva
382 1341 130 28 anledning,
533 1342 25 20 sä
572 1340 42 22 har
628 1340 130 29 Kejserliga
774 1341 99 22 Senaten

113 1377 118 22 anmodats
254 1378 33 19 att
310 1378 54 26 taga
387 1375 95 22 ärendet
504 1375 73 21 under
600 1375 147 28 ompröfning
765 1375 42 22 och
822 1375 50 22 med

113 1410 153 29 underdänigt
287 1409 108 30 yttrande
419 1409 47 22 däri
489 1409 35 22 till
550 1409 63 22 Hans
631 1409 106 29 Majestät
752 1409 120 22 inkomma.

113 1446 12 21 I
141 1445 123 27 anledning
286 1444 69 21 häraf
373 1444 41 21 har
434 1443 101 22 Senaten
550 1444 124 28 uppdragit
689 1445 24 20 ät
728 1444 146 28 Industristy-

184 1485 46 23 Lag:
242 1484 31 18 och
286 1483 176 19 ekonomiutskottets
474 1483 111 19 betänkande
597 1484 36 18 N:o
645 1485 17 17 2.
