1114 1770
462 160 39 21 N:o
521 162 24 19 14
848 162 12 19 3

118 232 72 27 -jemte
210 231 41 20 den
272 229 92 27 tidigare
378 228 152 27 projekterade
545 228 112 27 banlinjen
673 229 108 27 förlängts
797 229 47 21 med
863 232 29 23 1,5

126 266 42 20 km.
204 264 43 21 För
270 266 106 18 trummor
398 262 39 21 och
454 262 66 21 broar
538 262 107 21 befannos
665 264 72 20 större
759 269 135 16 murmassor

127 299 145 26 erforderliga,
296 299 53 19 enär
367 297 66 27 högre
451 297 84 21 bankar
553 296 140 22 erfordrades
712 298 68 27 jemte
800 297 44 26 det,
864 298 29 26 pä

126 333 71 28 grund
216 332 23 22 af
256 338 86 15 vunnen
366 331 121 22 erfarenhet
511 331 47 21 från
585 332 54 20 1899
665 332 36 21 års
723 332 95 27 ovanligt
837 333 55 26 höga

127 367 89 25 vårflod,
239 366 95 22 ökandet
357 366 23 21 af
398 372 25 15 en
444 366 33 21 del
498 366 109 27 brospann
627 366 42 21 och
687 367 206 26 trummöppningar

128 403 92 26 ansågos
245 401 81 26 nödigt.
361 400 11 21 I
394 399 101 22 afseende
517 401 13 20 &
551 400 146 26 stationerna,
720 400 171 27 haltpunkterna

127 437 40 21 och
189 435 156 28 platformerna
368 435 92 26 ansågos
475 436 82 19 smärre
573 434 156 27 förändringar
744 435 54 21 böra
813 434 80 28 ifråga-

128 472 91 20 komma.
250 468 176 28 Spårlängderna
448 469 13 20 å
484 468 136 21 stationerna
635 468 68 22 hafva
718 469 65 21 också
798 469 7 21 i
821 470 70 26 någon

128 506 49 20 mån
193 505 63 21 ökats
272 504 30 24 så,
319 505 33 19 att
368 503 162 27 sammanlagda
545 503 92 27 längden
656 503 24 21 af
693 503 75 27 bispår
783 506 65 24 utgör
861 505 32 25 6,7

121 541 65 19 -emot
208 540 32 26 5,7
263 538 42 21 km.
326 538 7 20 i
352 538 36 20 det
408 537 92 27 tidigare
515 537 124 27 uppgjorda
655 537 111 27 förslaget.
797 537 94 22 Emedan

127 574 71 21 banan
214 572 69 22 skulle
299 572 78 27 dragas
393 578 76 21 genom
485 572 24 20 så
523 572 112 20 obebodda
647 572 93 26 trakter,
752 574 34 19 att
796 573 97 26 proviso-

128 608 59 21 riska
210 606 213 23 arbetare-bostäder
438 606 69 21 måste
527 606 104 27 uppföras
648 606 7 21 i
671 610 48 18 stor
734 607 159 27 utsträckning,

129 643 69 21 måste
221 642 6 21 i
249 641 104 27 förslaget
375 645 110 23 upptagas
507 641 34 20 för
555 641 156 26 provisionella
726 641 125 27 byggnader:
866 649 25 14 en

129 679 70 20 större
214 675 94 22 kostnad
323 681 39 21 per
377 676 49 26 km.,
443 677 27 19 än
486 675 36 21 vid
538 675 91 27 tidigare
645 675 177 28 banbyggnader.
846 676 46 21 Den

129 712 59 21 förut
214 711 124 26 föreslagna
364 710 80 27 rörliga
469 709 124 22 materielen
622 711 82 26 ansågs
727 710 97 21 deremot
847 711 47 21 icke

129 746 87 27 påkalla
239 745 70 27 någon
334 745 86 26 ökning.
451 744 154 21 Kostnaderna
627 744 35 21 för
677 744 85 22 banans
778 745 116 22 utförande

130 781 66 26 enligt
212 780 61 21 detta
287 779 82 27 förslag
384 779 135 21 beräknades
533 778 23 21 af
565 774 172 31 Öfverstyrelsen
749 779 33 21 för
794 781 49 25 väg-
854 779 39 22 och

129 813 230 28 vattenbyggnaderna
374 813 32 21 till
422 814 114 26 5,660,000
551 813 68 22 mark.

198 849 61 21 Hans
274 848 120 27 Kejserliga
409 848 104 27 Majestät
524 847 39 22 har
573 848 30 26 på
613 847 108 22 Senatens
733 848 73 21 derom
817 849 77 27 gjorda

130 883 149 27 underdåniga
302 882 160 26 framställning
485 882 40 20 den
548 883 25 19 10
592 883 45 25 (23)
658 882 46 22 Juli
723 883 54 20 1902
796 883 72 21 täckts
886 883 7 20 i

130 918 67 21 nåder
218 917 104 21 förordna
344 919 34 19 att
400 916 195 28 lisalmi—Kajana
615 916 93 27 jernväg
731 916 55 22 skall
812 917 81 27 byggas

131 952 67 27 enligt
220 951 141 22 förenämnda
384 950 23 22 af
428 946 170 31 Öfverstyrelsen
622 951 34 21 för
679 953 51 25 väg-
750 952 39 20 och
809 954 85 18 vatten-

130 986 152 28 byggnaderna
301 985 123 27 uppgjorda
444 985 81 27 förslag
543 985 67 27 jemte
625 985 39 21 det
679 986 34 20 för
729 986 115 22 arbetenas
860 989 33 18 ut-

130 1021 90 21 förande
235 1020 69 22 under
322 1019 174 28 finansperioden
518 1020 140 21 1901—1904
674 1020 6 21 i
695 1020 67 22 nåder
781 1020 114 22 anvisades

134 1057 111 25 1,600,000
269 1055 71 25 mark;
364 1054 40 22 och
426 1054 87 27 vidtogo
537 1054 104 22 arbetena
665 1055 35 21 vid
722 1054 171 28 banbyggnaden

132 1090 55 22 efter
202 1090 37 21 det
254 1089 162 21 vederbörande
430 1089 127 21 kommuner
572 1088 114 22 förbundit
701 1090 33 26 sig
749 1091 35 19 att
798 1089 96 27 uppfylla

130 1124 141 22 förenämnda
286 1124 70 21 vilkor
370 1123 135 21 beträffande
520 1124 332 26 expropriationskostnaderna.

199 1159 35 21 Då
253 1158 74 22 landet
346 1158 118 21 emellertid
480 1158 25 21 är
522 1159 53 20 1902:
592 1158 123 22 drabbades
731 1158 22 21 af
767 1159 50 21 svår
832 1158 62 22 miss-

129 1196 55 20 växt
206 1194 39 21 och
268 1192 103 28 åtgärder
394 1193 93 27 :ansägos
503 1192 53 22 böra
571 1192 100 28 vidtagas
686 1192 34 22 för
736 1192 161 22 beredande'af

132 1229 74 21 arbete
228 1228 34 21 för
284 1228 41 20 den
348 1229 61 19 stora
424 1227 79 27 mängd
519 1227 179 27 arbetssökande,
714 1233 46 15 som
776 1227 69 21 under
860 1228 34 20 sä-

133 1264 53 20 dant
200 1262 135 22 förhållande
353 1262 85 21 komme
454 1263 34 19 att
502 1260 77 29 finnas,
597 1262 86 21 täcktes
698 1261 61 22 Hans
776 1262 120 27 Kejserliga

132 1298 108 28 Majestät,
258 1296 30 28 på
302 1296 114 22 'Senatens
432 1296 74 22 derom
521 1296 78 28 gjorda
614 1296 151 27 underdäniga
780 1296 115 22 framställ-

133 1333 57 26 ning,
211 1331 41 22 den
270 1332 28 20 30
316 1331 92 21 Januari
427 1331 37 26 (12
483 1330 113 26 Februari)
615 1331 54 20 1903
686 1330 6 21 i
709 1330 67 21 nåder
791 1330 104 22 förordna

123 1369 50 24 -att,
188 1366 92 21 utöfver
306 1365 42 21 den
373 1365 88 27 nädigst
485 1364 117 22 faststälda
626 1370 98 16 summan
750 1365 34 21 för
808 1365 87 21 inneva-

133 1401 67 21 rande
218 1400 153 27 finansperiod,
388 1400 52 21 åren
459 1401 53 20 1903
532 1400 39 21 och
589 1401 54 20 1904
659 1406 28 15 ur
701 1400 71 21 finska
788 1400 108 22 allmänna

122 1436 80 21 "medel
224 1434 164 23 utanordnades
404 1435 115 26 3,500,000
534 1434 62 22 mark
611 1434 34 22 för
659 1434 115 28 byggande
793 1434 23 22 af
828 1435 68 26 sagda

127 1470 101 28 jernväg,
243 1468 48 22 med
306 1468 67 22 vilkor
386 1471 40 19 att
438 1468 71 22 denna
520 1473 89 23 summa,
621 1474 46 16 som
678 1468 138 23 förskottsvis
826 1469 70 22 skulle
