1109 1767
462 136 41 21 N:o
520 137 25 21 17
635 143 4 6 :
825 138 29 21 27

121 205 168 28 skjutsanstalt,
313 204 59 21 dock
395 207 33 18 att
451 204 51 21 hela
521 204 156 27 vägsträckan
691 204 52 21 icke
758 206 37 19 mä
810 205 74 21 blifva

122 240 80 27 längre
218 241 29 18 än
262 245 55 21 nyss
333 237 67 29 sagdt
415 241 30 18 är.

192 273 47 21 Der
253 272 36 21 uti
304 271 27 22 de
347 272 8 20 i
370 272 75 21 denna
459 273 14 26 $
489 272 138 21 omnämnda
643 272 41 21 fall
700 275 81 26 vägen,
798 280 48 14 som
861 273 22 21 af

122 307 45 21 den
182 306 95 22 resande
292 306 199 28 tillryggalägges,
508 309 24 18 är
544 307 92 21 kortare
648 309 30 18 än
689 306 115 21 afständet
815 308 68 20 emel-

123 342 40 20 lan
178 341 191 28 skjutsanstalten
385 340 42 21 och
437 340 38 21 det
487 341 72 27 ställe,
571 341 34 20 dit
615 341 46 20 den
671 341 95 21 resande
777 341 105 28 skjutsas,

122 375 113 22 beräknas
256 374 143 28 skjutslegan
417 374 50 22 frän
483 374 198 29 skjutsanstalten,
697 383 51 12 men
765 375 8 20 i
787 377 96 19 motsatt

122 409 42 22 fall
179 409 50 22 frän
245 408 242 29 afhemtningsstället.

471 471 28 22 45
515 473 18 26 $.

193 511 118 23 Ordinarie
331 511 125 29 skjutshäst
475 511 41 22 bör
531 514 56 19 utan
602 511 110 29 dröjsmål
727 512 94 21 resande
836 513 47 20 till-

123 547 154 21 handahällas.

193 581 72 22 Extra
287 580 126 29 skjutshäst
436 587 52 14 vare
511 580 45 21 den
577 580 96 21 resande
696 580 131 29 berättigad
849 583 34 19 att

123 616 86 22 erhälla
231 615 64 22 inom
317 615 40 28 tid,
381 622 48 14 som
451 614 23 21 af
492 617 145 26 guvernören
652 615 9 20 i
676 615 81 21 sädant
777 615 106 22 afseende

123 650 109 22 särskildt
254 649 121 28 faststälts,
395 649 42 21 och
455 649 38 21 mä
512 649 75 21 denna
602 649 35 21 tid
652 649 51 21 icke
719 651 97 19 utsättas
831 649 52 21 kor-

123 690 49 16 tare
194 688 30 18 än
246 684 39 21 tvä
304 683 91 21 timmar
415 682 57 22 efter
491 682 38 22 det
545 682 107 22 anhällan
669 690 37 14 om
721 685 64 20 extra
800 683 83 29 skjuts-

123 720 53 20 häst
191 718 78 29 gjorts.

193 754 46 20 För
261 755 64 19 extra
348 752 131 28 skjutsning
499 752 105 28 erlägges
622 752 54 28 lega
691 752 38 21 till
744 759 86 15 samma
845 752 38 22 be-

124 789 54 27 lopp
195 795 47 14 som
258 786 35 22 för
309 786 112 22 ordinarie
437 786 137 28 skjutsning.

472 849 28 21 46
516 851 19 25 8.

193 891 48 21 Har
259 890 72 21 under
350 890 72 28 nägot
437 890 64 28 dygn
516 889 38 21 det
570 889 137 22 föreskrifna
723 890 86 21 antalet
825 890 58 22 ordi-

124 926 63 22 narie
205 924 100 29 skjutsar
326 924 50 21 frän
395 924 138 28 gästgifveri
552 924 56 21 eller
623 924 162 28 skjutsstation
799 926 84 27 utgätt,

124 968 54 14 vare
196 959 94 22 resande
308 958 132 28 berättigad
459 960 33 19 att
512 958 37 21 till
568 958 74 28 skjuts
658 958 86 21 erhälla
759 958 76 22 dertill
849 966 34 14 re-

124 995 46 21 dan
190 993 90 22 använd
299 993 58 28 häst,
379 993 69 21 sedan
467 994 40 20 tvä
523 993 55 21 eller
592 992 41 22 vid
648 992 101 22 menföre
765 993 70 21 minst
849 996 34 19 tre

124 1030 93 20 timmar
239 1028 97 22 förflutit
356 1027 58 21 efter
431 1027 39 21 det
490 1027 82 21 hästen
587 1026 51 22 från
654 1029 89 19 senaste
759 1027 125 29 skjutsfärd

126 1062 155 28 återkommit;
304 1070 53 13 men
380 1061 19 29 ej
423 1069 53 14 vare
498 1062 78 28 någon
595 1061 94 29 skyldig
709 1064 34 18 att
763 1062 72 21 under
850 1064 33 20 ett

125 1098 65 28 dygn
205 1097 52 21 med
273 1103 85 14 samma
373 1096 52 21 häst
441 1096 88 28 skjutsa
543 1096 54 21 flere
613 1098 29 19 än
657 1097 40 20 två
712 1097 93 27 gånger.

195 1130 76 23 Hafva
287 1131 24 20 så
327 1131 84 27 många
426 1129 112 22 ordinarie
555 1129 99 29 skjutsar
669 1131 84 28 utgått,
770 1133 33 18 att
813 1130 70 22 sådan

124 1167 51 20 icke
191 1173 39 14 ens
246 1166 30 27 på
291 1165 75 28 grund
382 1164 22 21 af
419 1164 156 29 nyssnämnda
588 1163 208 30 skjutsskyldighet
805 1165 78 21 vidare

125 1201 46 21 kan
186 1201 103 26 erhållas,
305 1200 37 20 må
357 1199 95 21 resande
468 1199 58 20 efter
540 1198 116 28 förloppet
672 1198 25 21 af
710 1199 43 21 den
769 1199 9 21 i
793 1199 13 21 2
817 1207 66 14 mom.

125 1235 28 21 45
169 1237 12 25 8
198 1233 120 22 omordade
338 1233 35 22 tid
395 1233 120 21 bekomma
535 1235 64 19 extra
617 1233 80 28 skjuts,
718 1241 37 13 om
771 1233 112 28 skjutsan-

126 1270 84 21 stalten
225 1272 25 18 är
264 1268 37 21 till
316 1267 128 28 utgörande
460 1267 25 21 af
498 1267 70 21 sådan
584 1267 105 21 bestämd
700 1267 40 22 och
753 1267 131 22 densamma

126 1308 61 17 ännu
203 1303 50 22 icke
268 1302 73 22 under
357 1302 87 29 dygnet
459 1302 84 28 utgått.

473 1365 28 22 47
517 1366 18 26 8.

196 1407 69 22 Såväl
280 1406 8 21 i
303 1405 51 22 stad
377 1413 48 14 som
448 1406 29 27 på
497 1405 79 21 landet
595 1405 42 21 bör
652 1405 50 28 den,
718 1405 94 21 hvilken
827 1405 56 21 först

126 1442 36 21 till
185 1441 160 28 skjutsanstalt
369 1439 126 22 ankommit
513 1440 56 20 eller
587 1439 97 28 tidigare
703 1439 36 22 för
759 1439 37 28 sig
811 1439 73 28 skjuts
