1114 1764
334 135 19 20 U.
370 135 20 20 B.
408 147 24 2 —
450 135 57 26 Prop.
525 135 33 21 N:o
573 135 31 21 10.
797 137 25 20 15

89 203 129 23 kännedom
234 201 138 23 meddeladt.
396 201 44 22 Vid
455 202 170 28 granskningen
642 202 24 22 af
683 203 65 22 dessa
763 203 89 23 författ-

88 237 156 29 ningsförslag
267 236 42 22 och
333 236 38 21 det
394 236 85 28 förslag
501 237 35 21 till
558 239 59 23 taxa,
633 244 52 15 som
705 238 92 28 åtföljer
813 238 39 22 det

87 279 82 14 senare
185 271 23 21 af
224 271 58 25 dem,
299 270 41 21 har
355 270 120 22 Utskottet
486 271 75 21 funnit
573 271 126 28 anledning
711 272 141 22 förekomma

89 306 36 22 till
140 306 104 28 följande
259 305 160 29 päminnelser,
435 306 116 27 nemligen
567 305 146 22 beträffande

369 409 83 27 Förslag
469 408 30 22 till
515 408 118 28 förordning
651 409 143 23 innefattande
807 412 44 20 sär-

297 442 67 22 skilda
379 443 129 21 föreskrifter
519 443 86 21 rörande
616 444 235 28 sakförareföreningar.

159 506 44 21 Till
226 506 138 27 stadgandet
386 506 8 20 i
411 507 13 21 3
439 506 13 28 S
468 513 37 14 om
522 508 33 19 att
570 506 98 21 allmänt
684 509 61 19 möte
761 507 27 21 af
800 508 51 20 sak-

89 540 193 28 förareförenings
305 540 148 21 medlemmar
475 540 176 22 sammankallas
675 540 30 22 bl
730 549 19 13 a
768 549 83 21 genom

90 575 137 28 kungörelse
251 574 7 22 i
281 574 27 21 de
332 577 57 18 mest
410 574 92 28 spridda
517 574 116 28 tidningar
650 577 28 26 pä
695 576 42 21 den
754 579 42 23 ort,
812 576 40 22 der

90 610 137 27 föreningen
250 609 41 21 har
314 608 40 22 sitt
377 610 54 24 säte,
454 608 70 22 borde
547 609 58 21 efter
625 610 68 21 ordet
709 610 141 29 ,tidningar*

89 644 108 29 tilläggas
215 646 43 26 ,pä
272 643 75 21 finska
363 643 42 22 och
422 643 98 21 svenska
535 644 118 28 spräken*.
671 657 27 3 —
713 644 51 22 Den
778 645 74 22 finska

90 681 90 20 textens
203 678 106 21 lokution
335 678 192 28 paikkakunnan
543 678 107 21 enimmin
667 679 138 22 levinneissä
820 687 32 14 sa-

89 713 182 22 nomalehdissä*
295 715 128 18 motsvarar
445 712 21 28 ej
483 712 44 21 den
543 712 97 22 svenska
657 716 85 23 texten,
758 714 93 21 hvilken

90 748 59 21 blott
172 747 133 25 innehåller,
322 749 34 19 att
379 747 27 21 do
429 747 144 28 tidningar,
569 743 15 37 i
596 747 81 22 hvilka
699 748 153 28 kungörelsen

89 783 89 25 införts,
195 782 56 22 böra
274 789 54 14 vara
345 781 27 21 de
388 783 13 19 å
416 784 65 19 orten
497 784 58 19 mest
570 782 100 28 spridda,
685 790 53 14 men
753 783 50 22 icke
819 787 33 18 att

91 817 28 21 de
133 817 56 21 böra
204 817 118 21 utkomma
338 817 12 20 å
366 815 44 22 den
426 819 41 22 ort,
479 816 40 21 der
534 815 136 29 föreningen
686 817 41 21 har
742 817 40 22 sitt
797 820 54 19 säte.

158 851 182 27 Bestämningen
356 850 6 21 i
379 851 13 21 9
406 851 14 28 $
436 853 35 18 att
485 850 184 22 sakförarerädet
685 851 41 22 bör
743 852 29 21 bl.
786 859 19 14 a.
817 852 36 21 till

89 886 46 21 alla
158 885 126 22 domstolar
306 887 30 26 pä
356 885 44 21 den
416 888 40 23 ort,
479 885 39 21 der
533 885 136 28 föreningen
685 885 42 22 har
741 886 41 21 sitt
797 889 55 21 säte,

89 920 97 21 insända
208 919 148 28 förteckning
378 919 65 21 öfver
459 919 147 28 föreningens
621 920 150 21 medlemmar
786 929 67 20 synes

90 955 124 28 oegentlig,
236 955 28 20 då
280 956 30 26 på
326 954 42 21 den
385 956 42 23 ort,
444 954 40 21 der
499 953 134 28 föreningen
651 955 40 21 har
706 955 40 21 sitt
761 958 55 23 säte,
832 955 19 28 ej

89 989 75 22 finnas
194 989 70 21 andra
294 988 145 21 underrätter
466 991 29 18 än
524 988 203 22 rådstufvurätten.
753 984 13 38 =
773 989 80 29 Enligt

90 1025 132 20 Utskottets
242 1023 94 28 mening
360 1030 55 14 vore
438 1023 39 20 det
500 1023 131 28 lämpligast
647 1026 35 19 att
701 1024 81 21 endast
797 1024 57 22 före-

95 1059 88 21 skrifva
199 1061 33 19 att
256 1060 33 19 ett
310 1057 117 29 exemplar
450 1057 26 22 af
502 1057 175 28 förteckningen
692 1058 41 21 bör
748 1059 107 21 insändas

91 1093 35 21 till
148 1093 124 24 hofrätten,
296 1092 95 22 hvilken
409 1092 39 22 det
463 1092 66 28 ålåge
545 1095 32 19 att
593 1092 7 21 i
616 1092 147 29 tidningarna
778 1093 74 29 publit

89 1136 52 14 cera
164 1128 182 27 förteckningen.
378 1127 142 28 Derigenom
542 1127 75 21 blefve
641 1127 39 21 det
697 1128 42 21 ock
754 1128 8 21 i
777 1128 76 22 lande-

90 1163 141 21 allmännare
254 1162 72 21 kändt
349 1162 25 20 af
396 1162 83 21 hvilka
501 1162 148 21 medlemmar
664 1170 57 21 resp.
737 1163 117 21 sakförare

90 1198 133 28 föreningar
246 1197 70 21 bestå.
347 1197 34 21 På
405 1196 120 22 enahanda
547 1199 47 19 sätt
618 1196 78 22 kunde
716 1197 43 21 ock
777 1197 77 22 beslut

90 1240 37 14 om
150 1232 111 22 medlems
284 1231 146 22 uteslutande
450 1239 27 13 ur
493 1231 223 29 sakförareförening
731 1232 121 28 kungöras.

164 1267 11 21 I
192 1266 124 28 anledning
332 1266 27 21 af
372 1267 26 21 12
414 1266 18 25 S,
449 1266 74 28 enligt
532 1266 94 21 hvilken
637 1268 24 19 åt
671 1266 100 22 Senaten
782 1266 72 22 skulle

91 1302 153 21 öfverlemnas
271 1303 34 19 att
328 1300 105 22 meddela
448 1300 104 22 tillstånd
568 1300 36 22 till
619 1300 108 22 bildande
743 1301 26 21 af
781 1301 73 22 sakfö-

90 1336 164 28 rareförening,
278 1338 34 19 att
328 1335 113 21 fastställa
461 1334 185 29 ordningsregler
661 1335 35 22 för
711 1335 70 21 sådan
796 1336 58 21 före-

91 1371 58 28 ning
172 1371 42 21 och
237 1372 34 20 att
293 1369 92 22 utfärda
404 1369 98 22 särskild
517 1372 54 19 taxa
586 1369 36 21 för
637 1370 179 21 medlemmarna
831 1371 25 21 af

91 1406 46 20 viss
148 1404 230 28 sakförareförening,
389 1404 124 22 föranlåtes
524 1404 121 22 Utskottet
655 1404 74 22 uttala
739 1404 39 22 det
788 1405 65 21 önsk-

81 1440 130 28 »ningsmål,
232 1442 33 18 att
280 1439 138 28 utöfningen
434 1438 27 22 af
473 1438 76 22 denna
563 1438 148 29 befogenhet,
727 1441 75 20 såsom
810 1439 45 22 för-
