1111 1764
348 120 21 20 U.
385 119 21 21 B.
423 131 26 3 —
466 121 58 26 Prop.
540 120 35 21 N:o
591 119 19 21 8.
804 121 25 21 19

165 188 69 22 Efter
250 187 98 22 sälunda
366 187 101 22 slutförd
482 188 145 28 granskning
643 189 29 20 af
686 189 172 22 ofvannämnda

93 223 128 29 lagförslag
236 223 37 21 fär
287 222 169 28 Lagutskottet
470 223 118 21 vördsamt
602 223 96 27 föreslä,

301 274 33 21 att
356 273 130 22 Ständerna
507 274 49 21 ville
571 274 34 20 uti
620 274 148 28 underdänig
784 281 72 15 svars-

233 307 116 27 skrifvelse
365 308 38 21 hos
418 308 67 21 Hans
500 308 127 28 Kejserliga
635 308 113 28 Majestät
758 309 99 25 anmäla,

233 344 32 20 att
296 342 132 22 Ständerna
464 342 89 28 antagit
586 342 43 22 den
645 342 8 21 i
670 343 86 28 nådiga
776 350 80 20 propo-

232 376 96 22 sitionen
348 376 129 28 föreslagna
498 377 169 28 notariatlagen
682 378 50 21 med
746 377 112 22 särskilda

233 411 135 28 ändringar,
389 411 8 21 i
419 410 57 29 följd
498 411 84 27 hvaraf
599 412 106 22 nämnda
727 412 35 28 lag
778 411 80 22 erhölle

232 445 102 28 följande
348 445 95 28 lydelse:

136 525 183 33 Notariatlag
336 524 47 28 för
401 525 280 28 Storfurstendömet
698 526 126 28 Finland.

428 602 9 19 1
462 600 67 28 kap.

288 663 34 22 Om
340 663 198 22 notariatväsendets
554 663 114 23 ordnande.

459 728 10 19 1
486 728 18 25 8.

166 762 13 21 I
194 761 52 22 stad
266 761 38 22 och
324 761 32 28 pä
371 761 80 21 landet
466 761 8 21 i
489 761 80 28 hvarje
586 761 113 28 domsaga
714 761 66 22 skola
794 763 66 20 nota-

97 797 46 21 rier
163 795 118 28 efterhand
296 795 112 22 tillsättas
425 795 37 22 för
477 795 184 22 handhafvande
677 796 24 21 af
719 796 141 29 notariatgö-

97 831 80 28 romäl,
192 830 74 29 enligt
281 830 62 21 hvad
358 830 9 21 i
383 830 76 21 denna
474 830 39 28 lag
529 830 100 28 stadgas.

456 895 12 20 2
484 895 20 26 8.

167 929 31 28 Ej
220 928 37 22 må
272 928 8 21 i
296 928 107 28 domsaga
424 928 78 26 finnas
520 928 53 27 flere
588 930 31 20 än
635 935 30 15 en
680 928 93 27 notarie,
790 935 34 15 om
840 929 20 27 ej

98 963 132 29 synnerliga
253 963 50 21 skäl
321 962 74 22 dertill
410 965 46 19 äro.
486 963 50 28 Lag
552 969 85 15 samma
653 970 54 15 vare
721 963 8 21 i
744 963 58 27 stad,
820 963 40 32 der

99 997 169 28 befolkningens
291 997 64 22 antal
377 997 143 28 understiger
536 997 134 28 tjugutusen
683 1004 114 21 personer.
827 992 33 27 Är

99 1033 86 22 antalet
205 1033 77 26 större,
304 1031 38 22 må
366 1031 36 22 två
417 1031 101 22 notarier
532 1031 81 22 kunna
630 1031 112 28 tillsättas,
758 1031 38 22 och
812 1032 48 21 der-

99 1067 87 27 ulöfver
201 1073 28 16 en
243 1068 35 25 för
294 1065 77 29 hvarje
385 1065 54 28 fullt
454 1066 32 21 tal
502 1065 28 28 af
542 1066 133 28 tjugutusen
687 1073 115 21 personer.

454 1130 49 26 38.

170 1159 95 28 (Utesl.).

169 1194 88 22 Finnes
273 1193 40 22 det
330 1194 82 27 (utesl.)
428 1193 110 29 lämpligt
553 1195 35 19 att
603 1193 83 22 förena
700 1192 56 22 flere
772 1193 89 22 domsa-

100 1236 43 22 gor
156 1228 37 22 till
208 1230 34 20 ett
256 1228 205 27 notariatomräde,
478 1229 38 20 mä
531 1228 82 27 (utesl.)
631 1227 40 22 det
687 1228 79 21 kunna
784 1227 48 23 ske.

171 1262 62 28 Stad,
248 1262 65 22 hvari
329 1262 86 22 antalet
428 1262 112 22 invänare
555 1262 144 28 understiger
711 1262 103 28 tiotusen,
824 1262 37 22 mä

102 1299 38 22 ock
155 1298 81 22 kunna
251 1298 49 22 med
316 1304 28 16 en
360 1298 53 21 eller
427 1298 53 26 flere
496 1298 117 28 domsagor
623 1299 82 27 utgöra
716 1298 28 21 ett
754 1297 108 22 notariat-

103 1333 94 23 omräde.

456 1362 49 26 48.

170 1396 96 22 Notarie
280 1396 112 22 tillsättes
408 1396 27 22 af
448 1396 86 27 hofrätt
548 1396 57 22 efter
621 1396 175 22 vederbörande
811 1396 51 22 räd-

103 1431 141 22 stufvurätts
259 1430 57 22 eller
331 1430 198 28 häradshöfdings
545 1430 110 22 hörande.
