1109 1767
268 130 13 22 2
587 128 41 21 N:o
644 129 12 20 8

238 199 64 22 bilda
313 200 35 20 ett
358 196 198 28 notariatdistrikt,
568 198 55 19 utan
635 196 81 28 städer,
727 196 91 22 hvilkas
826 196 174 22 invånareantal

238 232 147 28 understiger
400 232 108 27 tiotusen,
525 231 89 21 förenas
630 230 52 22 med
697 230 181 29 kringliggande
890 230 110 29 domsaga

238 268 36 20 till
290 269 34 19 ett
339 266 199 27 notariatområde,
562 265 119 21 hvaremot
701 264 76 22 städer
796 265 52 21 med
863 264 136 29 tjugutusen

238 302 110 21 invånare
372 301 54 20 eller
447 300 131 21 derutöfver
602 299 54 21 böra
678 298 72 22 förses
770 299 52 21 med
845 300 40 20 två
900 300 100 20 notarier

239 336 43 22 och
302 336 64 20 detta
386 335 62 21 antal
464 334 55 21 ökas
534 334 52 21 med
603 341 27 13 en
647 334 89 20 notarie
752 333 36 21 för
803 333 79 28 hvarje
898 333 54 21 fullt
967 334 33 21 tal

238 370 26 21 af
276 369 136 29 tjugutusen
428 376 108 20 personer
549 368 93 21 utöfver
657 367 72 29 sagda
745 368 62 21 antal
820 367 25 21 af
854 367 144 29 tjugutusen;

238 406 34 20 att
286 402 226 23 notariatdistrikten
527 402 30 28 på
572 402 79 21 landet
667 401 97 22 omfatta
780 402 97 21 allenast
892 410 28 13 en
936 402 62 22 dom-

238 446 55 21 saga
309 438 44 21 och
369 439 33 20 att
417 437 60 22 blott
492 436 168 28 undantagsvis
676 436 54 21 flere
741 436 123 28 domsagor
874 436 78 21 kunna
962 436 36 21 till

238 475 32 19 ett
285 471 195 23 notariatområde
497 470 99 28 förenas;
612 472 40 26 att,
668 470 29 21 då
706 470 223 22 notariatväsendets
941 471 57 21 små-

236 507 95 28 ningom
352 505 98 22 skeende
465 505 120 22 införande
602 507 60 19 samt
678 505 236 21 notariatdistriktens
930 505 68 22 ända-

236 541 138 27 målsenliga
394 539 128 28 anordning
542 542 37 18 äro
600 539 114 22 beroende
731 539 25 22 af
770 539 73 22 delvis
859 539 81 22 osäkra
956 540 42 21 och

236 575 136 27 förändring
391 573 167 22 underkastade
578 573 162 22 förhållanden
757 573 119 22 äfvensom
891 574 107 28 lämplig-

235 609 197 29 hetssynpunkter
442 609 9 20 i
461 607 77 29 öfrigt,
549 608 97 21 allenast
658 608 28 21 de
698 608 116 21 allmänna
824 607 131 28 grunderna
963 607 35 22 för

235 643 223 22 notariatväsendets
469 642 147 21 territoriella
633 642 157 28 organisation
806 641 111 28 angifvits
931 642 8 21 i
950 643 48 27 lag-

236 678 112 28 förslaget
364 679 58 20 samt
438 678 23 20 åt
476 677 100 21 Senaten
593 676 163 22 öfverlemnats
768 678 40 26 att,
820 676 58 21 efter
887 675 111 30 pröfning

236 712 26 22 af
275 711 227 28 omständigheterna
518 711 8 21 i
540 711 80 28 hvarje
636 711 110 21 särskildt
761 711 47 28 fall,
820 711 116 21 fastställa
946 714 50 18 när-

235 754 62 14 mare
319 745 173 28 bestämningar
509 745 8 21 i
538 747 86 25 ämnet;
645 747 34 19 att
700 746 72 27 något
787 746 73 27 tvång
876 747 34 19 att
925 745 71 21 anlita

235 781 89 21 notarie
335 780 36 22 för
382 780 148 28 uppgörande
541 779 23 22 af
574 780 116 27 viktigare
700 780 157 21 rättsärenden
870 779 25 22 af
901 782 33 19 ett
942 780 55 21 eller

236 817 70 20 annat
317 815 51 28 slag
376 815 50 20 icke
434 815 88 20 kunnat
530 814 119 28 påbjudas,
659 817 53 18 enär
720 814 64 21 detta
792 814 74 21 skulle
874 814 123 21 förutsätta

236 852 32 19 ett
286 849 150 28 fullständigt
450 849 147 28 genomfördt
613 849 201 21 notariatväsende
828 849 54 21 med
896 849 101 28 tillgång

234 885 30 28 på
281 883 102 22 notarier
401 883 8 22 i
427 883 97 22 flertalet
544 883 24 21 af
584 883 92 21 landets
692 883 143 27 kommuner;
852 885 34 20 att
900 883 95 28 notarie,

234 927 49 14 som
298 919 42 21 bör
356 917 69 22 hafva
440 917 123 29 undergått
579 917 27 22 de
617 917 37 22 för
665 917 184 22 domareembete
860 917 137 22 föreskrifna

234 952 170 29 kunskapsprof
420 955 59 18 samt
494 959 44 21 ega
552 952 106 28 praktisk
669 951 148 22 erfarenhet
807 947 12 38 i
828 953 168 27 notariatgöro-

233 988 52 28 mål,
308 987 109 22 tillsättes
438 987 22 21 af
478 986 116 29 president
614 987 8 20 i
642 986 88 22 hofrätt
749 986 57 22 efter
824 987 170 21 vederbörande

233 1022 180 22 rådstufvurätts
433 1021 55 21 eller
505 1020 194 29 häradshöfdings
718 1021 112 28 hörande;
847 1023 34 19 att
896 1021 100 22 notaries

232 1057 128 22 förnämsta
380 1055 94 29 uppgift
494 1059 24 18 är
538 1058 34 19 att
590 1055 92 29 betjena
698 1056 155 21 allmänheten
868 1056 52 21 med
936 1064 58 21 upp-

232 1091 107 22 rättande
360 1091 25 21 af
398 1091 116 22 urkunder
530 1091 63 22 öfver
608 1091 157 21 rättsärenden
782 1091 42 21 och
839 1091 156 28 bestyrkande

233 1126 23 22 af
272 1126 72 21 andra
367 1125 200 22 sakförhållanden
583 1125 51 22 med
654 1125 43 22 den
716 1126 92 27 verkan,
826 1128 34 19 att
876 1125 119 22 urkunden

232 1163 68 26 utgör
323 1161 55 20 fullt
400 1160 64 22 bevis
488 1168 37 14 om
544 1160 62 22 hvad
626 1160 49 21 deri
690 1160 111 29 intygats,
818 1161 25 20 så
858 1161 68 27 länge
943 1161 52 21 dess

232 1195 128 28 oriktighet
376 1194 19 29 ej
412 1194 78 22 blifvit
501 1195 134 28 ådagalagd,
647 1194 99 23 hvarhos
758 1195 89 21 notarie
858 1195 67 22 äfven
937 1195 58 28 ålig-

231 1237 41 21 ger
288 1232 34 19 att
337 1230 30 27 på
382 1229 101 28 begäran
498 1229 37 21 till
546 1228 118 29 förvaring
676 1229 43 21 och
729 1229 57 22 vård
797 1231 117 26 emottaga
924 1232 72 19 testa-

231 1267 93 19 menten
341 1264 43 21 och
400 1263 70 22 andra
484 1263 144 28 handlingar,
644 1263 8 22 i
668 1263 59 22 form
740 1263 25 22 af
773 1263 128 28 behörigen
912 1263 84 22 under-

231 1299 112 22 tecknade
359 1298 43 22 och
417 1298 52 21 med
485 1298 62 28 sigill
562 1297 106 22 försedda
683 1297 119 22 utskrifter
814 1297 92 23 utfärda
917 1306 77 13 exem-

230 1334 57 28 plar,
307 1333 116 22 afskrifter
443 1333 43 21 och
504 1333 84 28 utdrag
603 1332 25 22 af
641 1333 28 21 de
684 1333 9 21 i
707 1333 57 21 hans
780 1332 77 23 förvar
872 1333 123 29 befintliga

230 1368 122 28 urkunder,
371 1368 96 22 förrätta
481 1368 215 28 bouppteckningar
712 1370 59 19 samt
787 1367 43 22 arf-
847 1368 43 21 och
906 1367 88 22 boskif-

230 1406 45 25 ten,
292 1402 75 22 sävidt
382 1402 20 29 ej
419 1402 65 22 dessa
499 1402 104 28 göromål
617 1402 9 21 i
642 1402 105 21 städerna
763 1402 123 22 ankomma
892 1398 16 37 ä
925 1402 70 22 vård
982 1398 17 37 -

229 1438 45 22 nad
290 1437 26 22 af
328 1438 157 28 borgmästare
501 1436 43 22 och
553 1436 47 29 råd,
612 1436 117 22 äfvensom
742 1436 124 22 verkställa
876 1439 113 27 protester
