1109 1764
487 151 52 22 N:o
554 150 24 23 9

356 383 61 26 Hans
440 383 137 34 Kejserliga
599 383 122 35 Majestäts
745 383 86 35 nädiga
852 393 57 26 pro-

288 429 107 34 position
424 429 41 26 till
499 429 110 26 Finlands
645 430 108 32 Ständer,
788 429 121 34 angående

289 475 90 26 ändrad
405 475 92 33 lydelse
521 475 28 25 af
567 475 15 25 4
603 475 14 34 &
641 475 27 27 17
685 475 56 34 kap.
759 475 151 34 rättegängs-

288 521 96 26 balken.

220 597 43 21 Det
277 596 136 21 förhållande
427 597 35 20 att
477 596 130 27 straffångar
622 597 70 21 måste
707 597 70 21 under
789 596 121 23 strafftiden

152 632 47 21 från
222 631 106 28 fängelset
350 631 106 22 utsändas
479 631 32 22 till
535 631 92 22 domstol
651 631 34 22 för
707 633 34 20 att
760 631 64 22 höras
840 632 71 22 såsom

153 667 75 27 parter
243 665 52 22 eller
310 665 84 22 vittnen
409 665 8 22 i
431 665 105 22 brottmål
559 665 40 22 har
621 665 68 22 vållat
711 665 138 28 olägenheter
863 666 48 21 med

154 700 99 23 afseende
269 700 13 21 å
297 700 148 21 kostnaderna
467 699 34 22 för
522 699 87 28 fångars
629 701 116 26 transport
764 700 39 22 och
819 700 36 22 det
870 700 41 22 till-

153 735 49 22 fälle
217 735 33 21 till
265 735 106 27 rymning,
394 741 46 15 som
464 735 69 21 under
555 736 141 25 transporten
716 735 100 28 erbjuder
831 735 33 28 sig
878 735 34 22 för

153 769 68 28 fånge.
251 769 117 22 Dessutom
388 770 46 21 står
454 771 33 20 ett
507 769 68 28 dylikt
593 769 86 22 afbrott
693 770 8 21 i
716 769 196 28 straffverkställig-

153 804 63 22 heten
240 803 33 22 för
295 809 111 22 personer,
429 810 46 15 som
499 806 37 19 äro
559 804 163 22 underkastade
744 804 169 27 frihetsstraff,
905 799 12 37 i

154 838 54 22 strid
224 838 48 21 med
287 838 38 21 det
339 838 104 21 moderna
463 837 177 28 straffsystemets
655 838 115 27 principer.
800 839 11 21 I
825 838 88 22 betrak-

154 873 65 21 tande
241 871 64 22 häraf
325 871 40 22 har
385 872 37 21 det
440 874 62 25 synts
517 872 76 27 nödigt
608 873 34 21 att
657 873 7 21 i
679 873 121 27 möjligaste
815 873 50 21 mån
880 873 34 21 in-

154 907 96 22 skränka
266 906 25 22 de
307 906 44 26 fall,
367 906 28 22 då
410 906 88 27 fångars
513 907 138 21 utsändande
667 907 33 21 till
715 907 93 22 domstol
822 907 92 22 behöfde

154 941 160 28 ifrågakomma.
345 940 72 28 Sagda
433 941 100 21 ändamål
548 941 40 22 har
603 943 84 20 ansetts
703 941 88 27 betinga
806 943 33 20 att
855 941 58 22 den
899 936 17 37 i

156 975 107 23 tvistemål
285 975 100 28 gällande
407 976 153 27 grundsatsen,
584 978 33 19 att
635 976 70 22 vittne
723 977 8 21 i
745 977 57 21 vissa
817 976 38 21 fall
869 976 44 21 kan

155 1011 64 21 höras
242 1010 35 21 vid
300 1016 73 15 annan
397 1010 92 22 domstol
505 1012 28 20 än
550 1011 47 26 den,
614 1011 39 21 der
667 1011 66 21 målet
749 1013 24 19 är
788 1010 125 27 anhängigt,

155 1045 122 22 utsträckes
297 1045 80 26 jemväl
397 1045 33 21 till
448 1045 111 27 brottmål,
582 1045 71 21 såvidt
676 1045 79 22 sådant
775 1047 24 20 är
813 1045 102 27 förenligt

156 1079 48 22 med
219 1079 189 27 straffprocessens
424 1079 55 22 kraf.
504 1079 11 22 I
531 1079 116 28 anledning
662 1079 65 22 häraf
739 1079 40 22 har
793 1079 61 22 Hans
864 1079 50 28 Kej-

156 1113 78 28 serliga
249 1113 103 28 Majestät
367 1113 58 22 velat
440 1113 33 22 till
489 1113 134 22 Ständernas
642 1114 125 27 antagande
784 1113 131 22 öfverlemna

156 1148 94 28 följande

363 1251 78 27 Förslag
465 1251 26 21 till
514 1251 56 28 nådig
593 1251 110 28 förordning
724 1251 101 28 angående
841 1251 74 22 ändrad

293 1285 72 28 lydelse
380 1285 21 22 af
416 1286 15 21 4
446 1287 12 25 &
473 1285 22 22 17
511 1286 42 27 kap.
570 1286 190 28 rättegångsbalken.

225 1350 31 26 Är
271 1354 67 27 nägot
352 1353 70 22 vittne
441 1353 88 28 fjärran,
550 1353 51 22 eller
619 1354 43 21 kan
679 1354 36 22 det
730 1353 34 22 för
779 1361 72 14 annan
866 1354 50 27 laga

158 1389 64 22 orsak
237 1389 18 27 ej
271 1389 87 21 komma
373 1388 33 21 till
422 1388 41 21 den
479 1388 99 27 domstol,
599 1388 38 21 der
653 1388 36 22 det
705 1389 90 21 nämndt
811 1389 39 20 och
865 1389 52 26 god-

158 1423 67 22 kändt
248 1425 30 24 är,
299 1423 28 21 dä
347 1422 56 22 skall
419 1422 36 21 det
471 1422 7 21 i
493 1422 68 27 begge
584 1424 115 25 parternas
721 1423 50 22 eller
791 1423 63 22 deras
873 1429 44 16 om-

158 1458 118 22 budsmäns
291 1458 93 21 närvaro
400 1457 66 21 höras
481 1457 58 21 inför
554 1459 110 20 närmaste
679 1459 52 25 rätt,
748 1457 37 22 der
797 1457 36 22 det
843 1457 74 27 vistas,
