1111 1764
314 129 20 20 U.
351 129 20 20 B.
389 140 26 3 —
431 128 58 27 Prop.
506 129 33 21 N:o
555 129 21 21 8.
775 130 26 21 15

67 197 125 24 underläta
215 198 35 20 att
272 199 84 18 nämna
372 197 25 20 af
410 196 62 21 hvad
489 196 67 21 orsak
571 195 47 22 han
634 197 7 20 i
660 196 76 23 denna
751 204 79 14 senare

67 233 46 28 dag
129 232 98 21 kommit
242 230 37 22 till
295 230 106 29 kunskap
418 237 37 15 om
470 230 192 22 underskriftens
677 231 120 28 riktighet.

136 267 37 20 Då
195 266 40 21 det
258 265 134 28 pätagligen
409 269 25 17 är
449 265 65 22 svårt
529 265 37 21 för
580 265 93 22 notarie
689 268 35 19 att
739 266 92 29 afgifva

67 302 69 28 intyg
159 301 66 21 öfver
250 299 118 27 ,urkunds
383 299 164 29 egenhändiga
563 299 147 29 affattning*,
726 303 57 19 utan
798 302 33 20 att

67 336 47 21 han
137 335 40 21 vid
200 333 176 30 granskningen
399 334 26 21 af
446 333 135 22 handstilen
604 334 106 21 kommer
730 337 35 19 att
784 342 48 14 mer

67 371 57 21 eller
149 369 91 22 mindre
264 370 56 26 taga
344 368 131 21 kännedom
502 375 36 14 om
562 368 136 22 urkundens
722 369 109 27 innehäll,

67 405 72 21 hafva
163 403 28 21 de
214 402 102 22 citerade
339 402 77 26 orden,
438 402 94 22 hvilkas
548 402 129 29 affattning
692 403 52 21 icke
759 403 73 21 heller

68 446 70 21 synes
154 438 56 21 fullt
224 437 80 28 riktig,
320 437 52 21 från
387 438 27 21 46
430 438 13 26 $
459 437 37 28 (45
511 439 13 25 $
540 437 7 21 i
563 438 75 27 prop.)
655 437 127 22 uteslutits.

401 593 14 20 4
430 592 69 28 kap.

140 679 82 29 Enligt
245 679 64 21 detta
332 678 99 29 kapitels
453 679 176 28 bestämningar
652 679 122 21 ankomme
794 679 39 22 det

71 715 14 21 å
107 715 143 20 hofrätterne
272 714 36 20 att
329 713 81 21 utöfva
426 713 81 28 tillsyn
524 713 66 22 öfver
605 713 144 22 notariernes
765 714 68 21 verk-

71 749 96 25 samhet,
190 747 98 22 hvarvid
311 747 145 21 hofrätterne
471 747 76 21 skulle
562 747 106 22 biträdas
684 747 26 22 af
723 748 110 22 notariat-

72 783 97 25 kamrar,
186 782 93 22 hvilkas
294 781 127 22 ledamöter
436 782 75 28 väljas
527 782 25 21 af
566 782 44 21 och
620 782 73 21 bland
703 783 129 21 notarierne

72 819 64 21 inom
158 824 59 22 resp.
240 817 100 21 hofrätts
357 816 125 21 domkrets.
512 816 76 22 Jemte
605 816 77 21 denna
696 816 136 22 biträdande

73 852 111 22 funktion
208 851 72 22 hafva
302 851 226 21 notariatkamrarna
553 850 74 29 enligt
652 852 28 21 49
705 853 13 25 8
741 852 36 27 (48
797 851 36 28 &i

72 888 75 28 prop.)
164 886 43 21 ock
222 887 35 20 att
272 885 78 28 ,eljest
365 885 114 28 befrämja
495 885 228 22 notariatväsendets
738 885 94 22 utveck-

73 922 70 28 ling".
173 920 89 22 Sådant
281 919 159 28 befrämjande
464 919 116 22 innefatta
600 920 143 29 exempelvis
759 921 74 27 ätgär-

73 956 47 27 der,
143 962 49 15 som
214 955 31 28 gå
266 957 28 18 ut
312 955 30 27 på
358 957 35 18 att
407 954 111 21 befordra
533 954 43 22 och
591 955 140 21 underhålla
745 962 28 14 en
787 956 46 27 god

74 991 61 22 anda
149 989 71 22 bland
235 989 131 21 notarierne
381 990 60 20 samt
452 991 35 19 att
498 992 57 25 göra
564 989 269 22 notariatinstitutionen

74 1023 143 30 uppskattad
240 1023 43 22 och
306 1023 89 22 anlitad
415 1023 26 21 af
461 1023 163 26 allmänheten,
649 1023 57 22 eller
722 1031 48 14 som
786 1024 48 21 afse

75 1061 34 20 att
134 1059 38 21 till
195 1058 151 29 regeringens
371 1057 132 22 kännedom
529 1057 44 22 och
596 1057 132 22 beaktande
751 1058 83 29 bringa

73 1093 177 29 önskningsmål
264 1092 99 22 rörande
378 1093 166 21 institutionen
560 1093 56 21 eller
631 1093 146 22 notariernas
792 1100 41 21 ge-

73 1135 141 15 mensamma
224 1128 116 21 intressen
350 1134 29 14 m.
390 1134 29 15 m.
441 1127 168 28 Lagutskottet
619 1127 43 22 har
672 1129 77 20 ansett
759 1127 76 22 denna

74 1163 51 22 sida
145 1163 27 21 af
192 1161 239 23 notariatkamrarnes
448 1161 136 22 funktioner
598 1161 58 22 böra
670 1162 79 21 ställas
765 1162 8 21 i
789 1162 45 21 för-

73 1197 108 29 grunden
200 1197 98 21 framför
318 1196 46 21 den
379 1195 150 29 disciplinärt
545 1196 175 21 öfvervakande
735 1196 43 21 och
793 1196 42 22 har

74 1232 79 22 derför
167 1232 8 21 i
191 1232 78 27 nägon
285 1231 54 21 män
355 1230 177 22 omformulerat
547 1230 181 28 ifrägavarande
743 1232 20 26 $.

144 1259 33 28 Åt
199 1265 141 28 stadgandet
362 1265 9 22 i
388 1265 29 22 50
433 1266 12 26 8
461 1264 37 29 (49
514 1266 13 26 $
543 1265 9 21 i
566 1265 73 28 prop.)
656 1265 43 22 har
713 1265 122 22 Utskottet

73 1301 71 29 gifvit
159 1308 29 14 en
203 1300 9 21 i
227 1301 78 27 nägon
321 1300 54 21 män
390 1299 127 22 förändrad
534 1299 132 29 affattning,
683 1299 152 29 hvarigenom

75 1336 28 21 de
118 1335 90 22 mindre
223 1334 92 28 tydliga
332 1334 71 21 orden
421 1333 21 27 ,i
457 1333 94 29 regeln*
569 1333 135 29 aflägsnats.

144 1370 34 21 De
201 1369 199 28 organisatoriska
423 1368 208 29 bestämningarna
654 1369 120 28 angående
796 1376 39 15 no-

73 1404 195 23 tariatkamrarne
292 1407 40 18 äro
354 1405 6 19 i
384 1403 155 29 lagförslaget
560 1403 90 29 ganska
666 1403 99 29 knappa.
795 1404 41 21 Sä-

74 1439 73 22 lunda
161 1438 103 29 framgår
280 1438 21 29 ej
317 1437 27 22 af
358 1438 26 21 51
401 1439 12 26 &
430 1439 38 27 (50
483 1439 13 26 S
512 1438 8 21 i
535 1439 75 28 prop,)
625 1437 117 23 huruvida
757 1438 79 22 veder-

854 265 22 17 46
888 265 17 23 8.

860 1369 22 17 51
894 1369 16 23 $.
