1009 1739
210 152 14 20 2
526 152 35 21 N:o
577 152 31 22 31.

181 219 39 22 och
244 220 50 21 med
317 220 41 21 den
378 220 42 27 dag
435 220 43 21 han
494 220 7 21 i
518 221 68 20 sådan
602 221 68 26 tjenst
685 220 83 21 inträdt
784 220 54 21 eller
853 219 87 22 inträda

179 254 50 21 bort
244 253 46 22 tills
305 254 43 21 han
365 254 95 21 derifrån
476 254 72 21 blifvit
564 254 64 27 skild,
649 254 55 21 efter
718 254 71 21 denna
805 254 36 27 lag
857 255 81 20 dömas.

252 288 97 21 Militära
364 289 59 20 brott
438 290 38 20 äro
492 289 27 21 de
537 289 149 27 förbrytelser,
704 288 74 21 hvilka
795 289 6 20 i
818 289 70 21 denna
904 288 36 27 lag

179 323 104 26 beläggas
299 323 49 21 med
364 323 67 28 straff,
448 323 69 22 ehvad
532 323 122 22 detsamma
668 323 71 21 blifvit
750 323 47 21 deri
807 325 70 20 utsatt
885 323 54 21 eller

180 357 56 21 skall
252 357 69 27 enligt
336 357 80 22 allmän
432 358 36 27 lag
484 358 140 21 bestämmas.

536 421 11 27 8
564 422 20 20 2

252 460 43 21 Till
310 466 102 16 reserven
427 461 40 21 och
482 461 140 21 landtvärnet
632 460 96 22 hörande
742 460 111 26 krigsmän
865 460 73 21 dömas

180 494 56 22 efter
252 495 71 21 denna
338 495 36 27 lag
389 495 41 21 för:
448 495 23 28 a)
486 495 155 27 uteblifvande,
657 495 91 21 oaktadt
759 495 121 27 inkallelse,
888 494 49 22 från

179 529 60 21 aktiv
261 530 146 27 tjenstgöring
422 530 54 22 eller
495 530 156 27 öfningsmöte;
668 530 23 26 b)
707 530 97 21 militära
820 530 65 27 brott,
901 530 37 21 be-

179 565 87 26 gångna
281 564 69 21 under
365 564 151 28 öfningsmöte,
534 567 56 19 samt
605 565 49 21 från
665 564 40 22 och
716 565 49 21 med
776 565 41 21 den
826 565 42 27 dag
878 564 59 22 aktiv

178 598 146 28 tjenstgöring
346 599 93 27 vidtagit
461 600 53 21 eller
530 600 88 26 vidtaga
632 600 51 20 bort
698 599 45 21 tills
758 599 82 21 hemlof
853 599 84 27 gifvits;

178 635 23 23 e)
224 633 116 21 förseelser
363 636 45 19 mot
423 634 131 26 disciplinen
573 634 111 21 äfvensom
700 634 236 21 subordinationsbrott

178 668 69 21 under
264 668 36 21 det
316 668 27 21 de
358 668 54 22 bära
427 669 101 21 uniform.

534 732 11 24 8
564 732 20 21 3.

250 770 77 22 Denna
342 771 36 27 lag
394 771 55 21 skall
463 772 81 26 jemväl
559 771 118 27 tillämpas,
694 771 27 21 då
736 771 60 30 brott
812 773 57 19 emot
884 772 52 20 den-

178 811 83 15 samma
284 805 112 27 föröfvats,
412 812 51 15 vare
479 806 34 26 sig
528 806 7 21 i
550 806 50 26 krig
615 806 53 21 eller
684 806 54 24 fred,
754 806 23 21 af
790 806 76 21 läkare
882 806 54 21 eller

176 839 132 27 tjensteman
331 840 34 20 för
386 840 263 27 musikundervisningen,
674 840 54 21 eller
747 840 7 21 i
770 840 40 21 fält
826 840 22 21 af
862 846 73 15 annan

178 873 49 22 civil
249 874 132 26 tjensteman
404 874 36 21 vid
463 875 161 26 krigsmakten;
647 875 114 21 hvarutom
785 874 87 22 auditör
896 875 39 21 och

177 908 147 21 öfverauditör
340 909 75 21 dömas
432 909 54 21 efter
502 909 72 21 denna
588 909 37 27 lag
636 909 63 21 äfven
708 908 32 22 för
749 909 82 21 sådana
843 909 92 21 embets-

176 942 124 27 förseelser,
316 942 114 27 begångna
453 944 69 20 under
544 944 100 27 fredstid,
660 950 47 14 som
722 943 7 20 i
745 943 11 27 8
774 944 39 20 143
829 945 56 19 samt
901 944 34 27 20,

176 977 26 20 21
220 976 40 21 och
276 977 27 20 22
319 976 97 27 kapitlen
432 979 134 20 omnämnas.

533 1041 11 27 8
560 1042 20 19 4.

246 1079 11 21 I
280 1079 94 27 krigstid
389 1086 51 15 vare
456 1081 41 21 ock
513 1087 26 15 en
554 1081 60 25 hvar,
634 1087 47 14 som
697 1080 87 27 ätföljer
799 1081 53 20 eller
867 1087 66 20 uppe-

174 1113 70 21 håller
267 1113 34 27 sig
322 1114 37 21 vid
377 1113 57 22 finsk
449 1117 72 25 trupp,
538 1115 150 21 underkastad
706 1115 27 21 de
748 1115 185 21 ansvarsbestäm-

173 1147 86 28 melser,
275 1148 75 22 hvilka
364 1149 8 20 i
388 1149 71 22 denna
474 1150 36 26 lag
525 1149 69 22 finnas
610 1151 85 20 utsatta
705 1149 34 21 för
749 1149 7 21 i
767 1149 40 21 fält
817 1149 115 27 begängna

173 1181 66 22 brott.

245 1216 133 27 Krigsfänge
394 1217 63 28 skall,
474 1218 24 21 sä
508 1217 65 27 länge
581 1217 43 22 han
632 1217 70 21 under
712 1217 123 27 bevakning
845 1217 24 22 af
876 1217 57 22 finsk

173 1252 64 26 trupp
260 1251 77 26 hälles,
361 1251 55 22 efter
432 1252 70 21 denna
518 1253 37 26 lag
569 1252 95 27 straffas,
684 1252 38 21 der
737 1252 92 21 brottets
845 1252 87 22 beskaf-

172 1284 75 22 fenhet
263 1285 37 22 det
314 1286 126 27 medgifver.

530 1315 12 28 8
557 1316 21 20 5.

242 1347 20 26 Å
285 1353 104 22 invånare
412 1354 7 21 i
442 1354 110 27 fiendtligt
567 1355 24 21 af
603 1356 121 25 trupperna
742 1354 84 27 intaget
841 1355 89 21 område

170 1387 57 21 skall
249 1387 72 21 denna
342 1388 38 27 lag
402 1388 7 21 i
424 1389 95 27 krigstid
534 1389 117 28 tillämpas,
668 1389 20 26 ej
705 1389 93 21 allenast
813 1389 33 20 för
862 1389 66 28 brott,

169 1421 75 21 hvilka
266 1421 69 27 enligt
349 1422 79 27 högste
443 1423 175 22 befälhafvarens
634 1423 162 27 proklamation
811 1423 54 21 böra
881 1423 48 21 der-

170 1455 56 21 efter
241 1455 95 28 straffas,
352 1458 52 20 utan
421 1457 41 21 ock
477 1458 33 21 för
525 1458 75 26 hvarje
616 1459 68 20 annat
703 1457 23 21 af
743 1458 68 20 sådan
826 1457 104 22 invånare
