1009 1739
206 153 14 20 2
372 152 80 23 Ständ.
468 153 36 22 Sv.
521 165 27 2 —
564 153 70 26 Prop.
650 152 41 21 N:o
706 151 33 22 22.

183 215 96 27 redning
294 215 104 27 vanligen
414 218 114 25 upptages,
545 215 55 21 böra
616 214 162 22 ofvannämnde
794 214 7 21 i
812 214 127 22 finansrela-

185 250 75 21 tionen
284 249 110 27 ingående
417 250 68 21 totala
510 249 120 21 kostnader
653 249 33 21 för
710 249 53 26 året,
780 249 53 21 eller
850 250 91 25 524,90

183 284 62 20 mark
270 285 26 19 65
320 283 72 27 penni,
416 284 100 21 minskas
541 283 49 22 med
613 283 96 21 nämnda
733 290 91 19 summa,
850 283 90 26 100,000

184 317 68 26 mark,
276 318 33 20 för
332 319 32 19 att
387 317 26 21 de
437 318 106 21 effektiva
568 317 111 21 ordinarie
702 317 119 27 utgifterna
842 318 33 21 för
895 318 45 21 året

184 351 64 21 skola
265 351 102 21 erhållas.
398 351 49 22 Med
464 351 106 22 afseende
587 352 13 20 å
617 351 66 22 dessa
699 351 104 21 effektiva
820 351 120 22 kostnader

184 385 39 22 och
240 385 28 21 då
284 385 6 21 i
309 385 164 28 propositionen
490 386 72 27 någon
581 385 165 27 omständighet
760 385 50 21 icke
822 385 72 22 blifvit
904 393 36 14 an-

184 419 60 27 tydd,
269 426 46 14 som
340 419 67 21 under
431 420 27 21 de
482 422 112 18 närmaste
619 420 51 20 åren
693 419 72 21 skulle
786 419 112 21 föranleda
914 427 26 13 en

186 454 100 26 stegring
309 453 6 21 i
332 453 27 21 de
376 453 111 22 ordinarie
503 454 127 26 utgifterna,
648 453 66 21 hafva
730 453 123 21 Ständerna
870 457 71 17 avsett

185 488 102 26 anslaget
303 488 32 20 för
351 487 126 27 Lifgardets
493 488 73 21 finska
583 487 244 28 skarpskyttebataljon
840 488 52 20 böra
904 488 36 20 be-

184 524 106 19 stämmas
307 522 32 20 till
356 522 92 22 425,000
464 522 63 21 mark
544 528 34 14 om
596 522 54 21 året.

254 556 368 28 Arm6e-skarpskyttebataljonerna
644 556 64 21 hafva
726 556 69 27 enligt
811 557 129 27 propositio-

185 596 41 14 nen
251 590 121 21 beräknats
396 590 98 22 erfordra
516 593 31 19 ett
567 590 79 27 anslag
662 591 23 20 af
700 591 113 25 2,825,000
829 592 60 19 mark
908 598 32 14 om

186 625 46 20 året
256 624 52 20 eller
332 624 5 20 i
362 624 103 22 medeltal
490 626 91 24 353,125
605 624 62 21 mark
693 624 32 21 för
746 625 74 27 hvarje
836 625 105 26 bataljon.

186 658 29 21 Så
230 658 48 21 vidt
294 658 123 21 Ständerna
434 659 83 21 kunnat
533 659 59 21 finna
608 661 23 19 är
648 658 74 21 denna
738 659 123 27 beräkning
877 660 64 20 emel-

185 692 64 22 lertid
270 692 94 22 alldeles
386 694 32 20 för
434 693 50 27 hög.
516 694 156 20 Kostnaderna
690 694 32 20 för
739 694 26 21 de
783 693 73 21 skilda
872 694 70 20 batal-

183 727 95 25 jonerna
295 727 64 21 hafva
375 727 69 21 under
461 728 23 20 år
501 729 62 25 1854,
582 728 27 20 dä
625 728 33 20 för
674 728 69 20 första
760 728 84 26 gången
861 728 43 20 alla
916 728 26 20 de

185 764 33 18 tre
233 762 163 26 värnepligtiga
412 761 192 22 åldersklasserna
621 768 53 15 voro
691 762 119 25 iukallade,
827 761 93 27 utgjort:

252 807 44 21 För

255 843 32 19 1:o
303 842 99 26 Nylands
419 842 97 25 bataljon
558 858 3 3 =.
595 859 3 3 .
636 842 47 26 It
726 843 98 22 334,840:
841 842 31 20 33.

254 876 34 20 2:0
305 875 47 21 Åbo
459 892 31 10 yw
523 892 3 4 a
560 892 40 4 Bos
653 892 11 9 m
727 876 97 25 275,91:
842 877 31 19 46,

254 910 32 20 3.0
303 909 68 21 Wasa

254 945 34 19 4:0
304 943 122 27 Uleäborgs

654 926 10 9 1
685 898 28 42 ===
725 910 98 25 200,323:
840 911 32 19 OR,

725 945 98 24 298,682;
840 946 32 17 00,

460 926 10 10 n
488 926 3 4 +

254 979 34 18 5:0
304 977 88 27 Kuopio
459 994 32 9 er
524 994 75 4 sea
654 995 10 8 -
726 979 76 24 271,27
870 995 2 3 ;

254 1014 33 18 6:0
304 1011 31 21 S:t
347 1011 92 22 Michels
462 1028 30 9 ,,.
526 1030 3 3 .
561 1029 3 3 .
597 1029 3 3 .
651 1007 14 34 55
726 1013 97 24 296,975:
840 1021 32 10 55.

254 1046 34 19 7:o
306 1045 138 22 Tavastehus
460 1062 12 10 ,,
492 1063 1 4 .
524 1062 4 4 .
560 1063 4 4 .
596 1063 4 4 .
654 1062 10 9 5
725 1047 97 24 296,021:
841 1048 31 18 51.

252 1081 35 20 8:0
304 1080 104 27 Wiborgs
459 1097 11 9 K
524 1097 4 4 os
560 1097 39 5 ror
652 1096 12 9 ”
840 1082 32 19 45.

532 1128 90 19 Summa
638 1127 48 26 any:
702 1127 120 24 2,340,587:
840 1127 32 19 65,

252 1175 75 22 Ehuru
351 1177 129 27 visserligen
505 1177 37 21 vid
567 1179 55 19 1884
646 1177 36 21 års
706 1177 82 26 utgång
810 1177 43 20 alla
873 1176 68 21 under

183 1211 49 20 året
247 1213 113 24 mottagna
378 1211 126 21 leveranser
522 1211 49 22 icke
588 1211 72 21 blifvit
677 1211 50 21 fullt
742 1211 141 27 ligviderade,
896 1210 45 21 haf-

183 1251 26 14 va
226 1244 127 21 Ständerna
370 1244 55 21 dock
443 1245 49 21 icke
509 1248 73 18 anseit
597 1246 73 26 någon
687 1245 163 26 väsendtligare
867 1245 74 20 förän-

184 1278 65 27 dring
270 1279 6 19 i
293 1278 159 21 ofvanstående
469 1279 159 27 utgiftsbelopp
646 1278 64 21 deraf
724 1279 108 26 påkallas,
848 1278 92 21 emedan

182 1311 105 22 liknande
310 1315 69 18 rester
399 1313 74 21 städse
493 1313 117 21 balansera
628 1313 47 20 från
692 1312 37 21 det
744 1312 134 27 föregående
895 1312 46 21 året

183 1346 32 21 till
234 1345 39 22 det
288 1345 98 28 följande
402 1347 39 20 och
459 1347 74 21 derför
550 1347 85 21 mindre
653 1347 92 20 inverka
761 1347 28 27 på
806 1346 36 21 det
858 1346 82 21 enskil-

182 1380 29 20 da
234 1380 58 21 årets
314 1380 96 27 utgifter.
442 1381 83 22 Härvid
550 1382 39 21 bör
612 1381 112 21 dessutom
744 1381 96 25 märkas,
862 1382 31 19 att
910 1380 29 21 uti

182 1414 151 21 kostnaderna
356 1414 33 21 för
413 1415 100 28 Nylands
534 1416 99 25 bataljon
654 1415 51 27 ingå
724 1414 216 28 byresersättningar

180 1448 40 21 och
246 1448 138 27 byresmedel
405 1449 49 22 med
471 1452 29 19 ett
517 1449 80 27 belopp
614 1449 22 21 af
652 1450 77 25 29,143
746 1448 61 21 mark
823 1449 25 19 27
865 1448 74 27 penni,
