1009 1739
229 164 26 21 10
438 163 22 25 U.
476 163 22 23 B.
514 175 30 6 —
559 164 59 29 Prop.
634 163 36 24 N:o
686 163 38 23 28.

200 221 21 20 af
231 221 58 20 dessa
298 221 60 25 något
369 227 43 14 mer
422 223 25 18 än
458 221 14 20 2
482 221 99 20 millioner
590 222 56 19 mark
655 221 26 26 på
690 221 150 24 ifrågavarande
850 219 96 24 ändamål,

201 250 21 19 så
244 250 39 20 kan
306 251 34 18 det
360 250 22 24 ju
404 251 18 23 ej
444 249 94 21 förnekas
559 252 30 18 att
612 251 134 24 penningarne
768 250 96 19 användts
878 248 26 25 på
918 249 30 18 ett

200 279 74 24 nyttigt
288 278 83 24 företag,
386 284 41 14 som
437 279 88 19 kommer
535 285 24 13 en
569 279 117 23 vidsträckt,
701 284 31 14 om
742 278 60 20 också
812 280 51 17 ännu
874 277 74 25 ganska

199 307 45 20 litet
258 307 138 24 framskriden,
411 307 90 20 landsdel
517 307 31 20 till
563 308 58 23 godo.

267 335 10 20 I
294 335 137 24 sammanhang
444 336 45 19 med
503 336 159 24 kanaliseringen
677 335 21 20 af
711 335 57 20 dessa
783 335 115 24 vattendrag
912 334 36 19 har

199 363 113 25 föreslagits
326 369 25 14 en
373 364 82 24 fällning
477 364 22 20 af
512 364 48 20 flere
574 365 7 18 i
596 366 94 23 systemet
703 363 96 25 ingående
814 364 59 23 sjöar,
887 363 27 19 bl.
930 368 18 14 a.

199 392 57 20 äfven
270 391 87 22 Keitele.
386 393 154 20 Vidkommande
563 393 59 20 dessa
642 393 105 24 fällningar
761 392 64 23 torde,
840 392 59 19 innan
914 391 34 19 de-

200 427 72 13 samma
286 421 95 23 beslutas,
396 427 24 13 en
433 423 90 17 närmare
533 421 147 24 undersökning
690 421 22 19 af
720 421 87 24 sjöarnes
817 420 130 24 navigations-

199 448 137 21 förhållanden
352 450 51 19 dock
418 456 47 13 vara
480 450 125 24 synnerligen
620 449 21 20 af
653 448 93 21 behofvet
760 448 98 25 påkallad.
881 448 10 18 I
901 448 47 18 Kei-

200 478 40 19 tele
255 480 15 17 t.
285 484 30 14 ex.
331 477 62 20 finnas
415 478 80 24 fjärdar,
519 478 43 20 dem
577 478 84 20 trafiken
676 478 18 24 ej
710 478 38 19 kan
762 477 93 23 undvika,
870 476 80 20 hvarest

200 506 57 20 äfven
272 512 26 13 nu
312 506 137 25 vattendjupet
464 507 18 24 ej
497 509 23 17 är
534 506 78 20 utöfver
627 506 13 20 5
655 506 50 20 eller
720 506 13 19 6
748 506 29 20 fot
791 506 33 19 vid
834 506 63 24 lägsta
907 506 41 18 vat-

199 534 99 24 tenstånd,
316 534 85 29 hvarför
422 541 24 14 en
461 535 83 24 fällning
560 536 34 19 der
610 535 97 24 svårligen
722 535 61 19 borde
798 534 66 20 kunna
878 533 70 24 ifråga-

199 563 83 20 komma.
311 563 64 20 Äfven
396 566 47 17 utan
472 564 93 20 afseende
587 564 12 20 å
620 564 150 24 ifrågavarande
791 562 82 24 fällning
887 562 61 20 borde

200 592 90 24 samtliga
311 592 7 19 i
341 594 93 22 systemet
455 592 97 25 ingående
574 593 54 24 sjöar
648 594 90 18 närmare
752 591 122 20 undersökas
889 591 60 19 innan

199 621 45 18 med
265 620 78 20 arbetet
364 621 95 24 vidtages.
489 620 9 20 I
513 621 111 25 Leppävesi
639 621 29 24 sjö
683 622 15 18 t.
714 626 30 14 ex.
758 620 63 19 finnes
836 625 24 14 en
875 619 75 24 ganska

199 648 46 25 lång
260 649 80 19 sträcka
354 648 22 20 af
389 650 37 18 den
441 649 99 20 blifvande
556 650 95 23 farleden,
667 649 36 19 der
717 649 135 24 vattendjupet
867 648 18 24 ej
900 654 48 18 upp-

200 677 36 24 går
254 678 31 18 till
300 678 67 19 vidare
382 680 26 17 än
423 680 30 17 tre
468 678 30 20 fot
512 678 33 20 vid
560 678 64 24 lägsta
638 678 132 22 vattenstånd,
792 679 47 17 utan
854 678 29 18 att
898 676 51 20 dock

198 706 7 18 i
220 705 95 25 förslaget
330 712 57 18 synes
402 708 98 23 upptagen
516 707 63 23 någon
594 708 46 23 post
654 706 32 20 för
700 706 109 24 muddring.

270 734 107 24 Angående
397 735 118 19 kanalleden
530 735 31 19 III
575 736 31 18 må
620 735 80 19 anföras
715 736 29 18 att
759 734 25 20 då
798 734 99 19 Rasvanki
912 733 37 23 sjö,

200 762 111 20 oberoende
320 763 21 19 af
347 764 64 19 denna
418 764 141 24 kanalisering,
568 764 54 19 står
616 757 10 36 i
631 763 90 24 segelbar
728 762 119 20 förbindelse
858 762 43 18 med
912 761 36 19 Tis-

199 792 49 22 vesi,
258 792 75 18 komme
344 794 69 22 nyttan
423 792 21 19 af
450 792 85 20 kanalen
543 794 29 18 att
580 792 82 20 hänföra
670 792 30 24 sig
708 792 69 18 endast
784 791 31 19 till
823 790 127 24 omnejderna

199 820 58 24 kring
265 820 87 20 Nilakka
359 820 37 20 och
404 820 96 20 Pielavesi
510 821 52 23 sjöar
570 821 19 19 d.
598 823 16 17 ä.
623 820 32 20 till
662 820 78 19 Keitele
748 820 38 19 och
794 821 62 18 större
864 818 58 20 delen
930 818 22 19 af

199 848 98 20 Pielavesi
312 849 114 19 kommuner
440 849 49 19 eller
504 849 32 20 för
551 855 23 13 en
589 849 114 23 folkmängd
717 848 21 20 af
752 848 52 20 circa
819 846 76 23 12,000
906 852 44 19 per:

200 882 64 14 soner.
294 877 102 20 Huruvida
418 877 31 20 för
470 880 30 17 ett
522 878 22 19 sä
564 878 56 24 ringa
635 877 79 20 omräde
730 882 24 14 en
769 876 84 20 kostnad
868 875 21 20 af
902 877 48 17 nära

200 910 24 14 en
238 905 74 19 million
328 906 39 19 kan
382 912 57 13 anses
454 906 115 24 motiverad,
592 907 56 19 torde
664 906 64 19 starkt
743 905 66 19 kunna
818 904 131 24 ifrägasättas.

198 933 58 20 Hvad
271 940 41 13 som
327 934 89 20 deremot
428 935 62 19 mäste
505 940 58 14 anses
578 934 118 23 obestridigt
710 936 29 21 är,
754 935 29 18 att
793 932 157 23 kanaliseringen

198 961 37 20 här
250 962 6 19 i
278 962 58 24 ingen
361 962 94 20 händelse
470 963 94 19 behöfver
578 962 76 20 utföras
669 962 31 19 till
715 967 72 14 samma
802 961 46 24 djup
864 966 41 14 som
920 959 31 20 för

200 990 58 19 leden
281 990 88 20 Keitele-
392 991 92 24 Päijänne
500 991 119 24 föreslagits.
650 990 69 20 Denna
734 990 92 20 kanalled
841 989 30 18 III
886 989 65 18 bildar

199 1019 98 24 nämligen
319 1021 29 17 ett
370 1019 43 20 frän
438 1020 39 19 alla
499 1019 63 24 öfriga
584 1019 157 24 kanaliseringar
756 1018 118 23 fullkomligt
889 1017 62 19 skildt

201 1049 73 22 system
288 1047 31 20 för
334 1048 36 23 sig,
386 1048 66 19 afsedt
466 1050 29 18 att
511 1050 51 17 sätta
576 1048 132 24 nyssnämnda
722 1050 71 16 tvenne
808 1047 53 23 sjöar
871 1046 6 19 i
888 1045 62 24 segel-

200 1076 36 19 bar
258 1076 121 19 förbindelse
401 1077 45 19 med
466 1078 107 23 jernvägen
595 1077 33 19 vid
652 1075 126 24 Suonenjoki.
807 1074 47 20 Med
875 1074 75 24 hänsyn

199 1104 68 19 härtill
289 1104 100 20 äfvensom
411 1105 31 19 till
458 1106 37 18 den
517 1105 57 24 ringa
596 1105 66 23 trafik,
684 1110 41 13 som
740 1104 36 19 här
790 1103 40 20 kan
844 1103 106 24 päräknas,

200 1133 36 19 och
252 1133 58 19 hvars
325 1133 77 19 storlek
417 1134 6 18 i
438 1133 58 24 högst
510 1132 96 25 väsentlig
620 1133 50 24 grad
679 1133 87 19 minskas
776 1137 69 19 genom
854 1131 96 19 närheten

199 1161 22 19 af
235 1161 64 20 Saima
318 1163 100 22 systemet,
441 1162 102 19 erfordrar
558 1162 63 19 denna
635 1161 100 23 kanalled,
750 1166 31 14 om
796 1161 38 18 den
848 1159 38 20 alls
904 1159 7 19 i
926 1165 25 13 en

201 1195 46 14 snar
262 1189 78 20 framtid
356 1190 51 19 skall
423 1191 76 18 komma
514 1190 31 19 till
560 1191 63 22 ständ,
639 1190 53 19 dock
712 1190 7 19 i
736 1189 58 24 ingen
811 1188 93 19 händelse
926 1193 24 13 en

199 1217 133 24 kanalisering
347 1218 33 19 till
396 1221 64 17 större
475 1219 47 24 djup
538 1221 24 17 än
571 1213 12 35 5
605 1219 36 18 fot.

267 1313 164 22 Statsutskottet
453 1314 39 21 har
506 1314 47 21 icke
568 1314 67 21 heller
650 1313 35 21 vid
699 1313 69 21 denna
783 1312 101 26 landtdag
899 1311 52 20 kun-

198 1349 38 19 nat
257 1348 49 27 ingä
328 1348 7 21 i
360 1349 40 20 den
419 1348 132 27 mängsidiga
573 1348 99 27 pröfning
690 1347 23 22 af
725 1346 144 27 föreliggande
884 1344 66 27 fräga,

200 1383 32 19 att
255 1381 110 22 Utskottet
387 1382 81 21 kunnat
490 1382 66 27 derpä
570 1382 70 27 bygga
654 1383 32 20 ett
701 1381 104 21 definitivt
819 1379 111 22 uttalande
946 1379 7 20 i

199 1415 75 28 sjelfva
295 1416 152 21 hufvudsaken.
479 1416 61 21 Dock
562 1422 61 15 anser
646 1415 111 22 Utskottet
778 1413 60 22 såväl
860 1413 93 22 ofvanin-

198 1450 66 26 tagna
285 1449 110 22 utlätande
418 1457 44 14 som
478 1451 36 21 det
529 1451 35 20 vid
578 1451 85 20 senaste
678 1449 102 26 landtdag
794 1448 48 21 utaf
854 1453 26 16 en
895 1447 57 22 dele-

198 1484 74 26 gation
286 1484 7 20 i
308 1484 66 21 saken
389 1484 80 27 afgifna
490 1484 99 27 yttrande
607 1484 117 27 otvetydigt
739 1482 76 26 utvisa,
831 1482 32 21 att
879 1481 73 21 behof-

268 1522 148 19 Statsutskottets
429 1523 115 18 betänkande
557 1524 37 17 N:o
607 1523 31 17 16.
