1009 1739
404 149 34 21 N:o
454 149 31 21 31.
770 148 24 21 61

372 227 42 37 22
430 224 86 36 Kap.

65 293 35 21 Om
122 292 91 21 auditörs
234 291 120 28 åligganden
372 291 127 22 beträffande
516 291 122 22 domböcker
654 291 38 21 och
709 291 117 26 handlingar

158 326 54 22 samt
228 326 136 27 upprättande
380 326 21 21 af
417 326 103 33 särskilda
536 326 152 27 förteckningar
704 325 31 22 vid

244 361 102 26 Krigsrätt
362 361 38 20 och
417 360 238 27 Ofverkrigsdomstolen.

403 417 11 27 8
437 418 46 20 194.

138 458 92 20 Auditör
253 458 83 26 åligger
360 459 32 19 att
412 457 33 21 till
466 457 72 21 förvar
558 457 6 21 i
580 459 105 25 truppens
708 457 71 21 kansli
796 456 30 22 af-

65 493 71 21 lemna
159 492 121 27 Krigsrätts
306 491 109 27 protokoll
439 491 39 21 och
501 492 81 26 utslag,
606 492 118 26 behörigen
748 492 78 20 under-

66 528 83 21 skrifna
172 527 39 21 och
234 526 34 21 till
292 526 92 21 dombok
408 526 188 21 sammanhäftade
618 527 68 26 jemte
702 526 72 21 dertill
789 526 37 21 hö-

66 562 67 21 rande
156 561 135 27 handlingar,
308 563 63 25 samt,
388 561 35 20 vid
439 561 44 21 vite
500 561 23 21 af
537 561 75 21 femtio
628 561 68 26 mark,
715 560 57 21 inom
791 561 36 19 tvä

66 596 104 21 månader
186 595 54 21 efter
260 596 109 26 utgången
386 595 22 21 af
422 595 75 27 hvarje
514 596 24 20 år
554 595 34 21 till
604 590 222 31 Öfverkriesdomsto-

66 632 35 20 len
117 630 91 22 insända
224 630 23 21 af
260 632 104 24 truppens
380 629 148 21 befälhafvare
545 630 59 20 öfver
615 629 141 27 fullgörelsen
766 629 62 21 deraf

67 665 113 21 utfärdadt
201 664 66 22 bevis.
298 664 46 21 Har
359 664 113 26 Krigsrätt
487 664 69 20 under
574 665 47 20 året
638 664 18 26 ej
672 664 82 27 hållits,
771 664 56 21 skall

67 700 114 20 auditören
200 699 57 21 inom
278 705 81 14 samma
375 698 31 21 tid
422 698 36 21 vid
474 699 114 21 enahanda
604 705 79 15 ansvar
699 699 73 21 derom
788 698 39 21 hos

68 730 248 30 Öfverkrigsdomstolen
333 733 91 21 anmäla.

139 768 41 21 Till
200 768 122 26 Krigsrätts
346 767 92 21 dombok
461 767 63 21 hafve
548 767 153 27 krigsfiskalen
722 767 47 21 fritt
784 767 44 21 till-

67 803 69 27 träde,
153 804 24 20 sä
192 802 44 21 ofta
252 802 42 21 han
311 802 37 21 det
363 802 72 21 äskar.

407 865 11 27 8
441 866 47 20 195.

143 906 43 20 För
200 906 74 26 hvarje
290 906 30 26 är,
333 905 27 21 dä
371 905 223 27 rättegängsärenden
606 905 35 21 vid
652 905 111 27 Krigsrätt
773 905 55 21 före-

67 940 97 27 kommit,
187 940 55 21 skall
266 940 114 20 auditören
404 941 104 24 upprätta
524 941 32 19 ett
571 940 79 26 utdrag
667 946 25 14 ur
708 940 120 20 domboken

67 974 59 21 öfver
142 974 43 21 alla
200 975 68 20 under
285 975 47 20 äret
349 973 23 21 af
386 973 141 27 Krigsrätten
543 974 125 26 handlagda
685 974 50 27 mäl,
752 976 76 24 uppta-

68 1009 70 27 gande
155 1009 47 20 dem
218 1009 7 20 i
240 1008 153 27 nummerföljd
410 1007 55 22 efter
482 1008 41 21 den
540 1008 99 27 ordning,
655 1008 63 21 hvari
734 1008 26 21 de
772 1008 56 21 före-

66 1043 64 27 varit,
147 1045 48 19 med
210 1043 50 21 kort
275 1043 85 26 uppgift
376 1043 13 20 å
405 1043 56 20 hvad
478 1043 67 20 saken
558 1044 78 25 angår;
652 1043 40 20 och
704 1043 55 20 skall
769 1043 61 20 detta

67 1078 85 27 utdrag,
176 1077 130 22 renskrifvet
330 1077 38 21 och
390 1077 24 21 af
429 1077 115 21 auditören
560 1077 182 27 undertecknadt,
757 1077 72 21 tillika

68 1112 49 21 med
133 1112 22 21 af
169 1112 77 21 honom
262 1112 100 26 bestyrkt
378 1111 138 27 förteckning
532 1111 60 21 öfver
604 1111 42 22 alla
656 1112 22 21 af
688 1112 140 26 Krigsrätten

68 1146 69 21 under
153 1147 47 20 året
216 1147 91 20 ädömda
323 1146 67 27 straff,
408 1146 53 21 eller
473 1146 100 21 säkallad
585 1146 126 26 strafirulla,
728 1146 40 21 och
780 1147 49 20 sak-

68 1181 116 26 öreslängd
208 1181 59 20 öfver
291 1181 44 20 alla
358 1181 68 20 under
446 1181 48 20 året
510 1181 68 20 fallna
593 1181 62 21 böter
670 1181 24 21 af
708 1181 120 27 auditören,

67 1215 36 21 vid
127 1215 43 21 vite
193 1215 23 21 af
234 1215 74 21 femtio
324 1215 69 27 mark,
409 1215 34 20 till
459 1210 250 31 Öfverkrigsdomstolen
726 1215 103 21 afsändas

68 1251 25 19 sä
116 1249 70 28 tidigt,
210 1251 32 19 att
259 1250 37 21 det
311 1250 43 21 kan
370 1249 32 22 dit
417 1249 111 22 inkomma
543 1249 46 22 före
606 1250 41 21 den
665 1252 8 19 1
692 1250 63 27 April
770 1252 59 19 näst-

68 1283 94 28 följande
178 1285 30 20 är.

406 1313 11 27 8
435 1314 47 19 196.

140 1352 41 21 Vid
196 1352 7 21 i
219 1353 11 26 $
248 1353 39 21 195
311 1353 102 26 stadgadt
436 1359 81 15 ansvar
542 1353 83 26 åligger
641 1353 86 21 auditör
744 1355 32 19 att
795 1353 34 21 för

68 1387 74 26 hvarje
166 1388 24 19 är
215 1387 33 21 till
264 1387 161 21 vederbörande
442 1387 114 21 Guvernör
572 1387 98 28 insända,
686 1388 67 21 innan
769 1389 59 19 näst-

67 1421 125 26 päföljande
207 1421 58 22 Mars
276 1422 90 20 mänads
378 1423 88 26 utgäng,
478 1421 164 28 förteckningar
653 1422 60 21 öfver
724 1422 104 21 utdömda

67 1455 171 21 läkarearvoden
262 1456 33 20 för
318 1455 182 27 likbesigtningar
522 1458 56 19 samt
594 1457 66 25 ryska
675 1458 97 24 presters
788 1456 40 21 och
