1009 1739
317 174 23 19 U.
352 174 23 19 B.
386 184 22 3 —
420 173 62 24 Prop.
494 174 36 19 N:o
542 174 29 18 17.
775 173 22 18 23

76 235 62 24 gerat
160 233 66 21 andra
247 232 38 21 och
300 232 68 27 tredje
386 234 119 19 momenten
524 232 94 26 sålunda,
642 234 32 19 att
689 232 26 21 de
730 232 90 21 nämnda

77 267 206 26 omständigheterna
298 266 88 21 kommit
399 266 33 21 till
447 266 125 21 beaktande.

144 301 42 22 För
201 303 31 19 att
246 300 125 27 tydliggöra,
386 302 32 19 att
432 300 26 21 de
473 300 7 21 i
495 300 34 27 $:n
540 299 114 22 förutsatta
664 300 38 21 fall
713 300 45 21 icke
769 300 51 21 hän-

76 336 47 21 föra
138 336 32 27 sig
185 335 74 22 endast
274 335 32 20 till
322 334 142 21 förhållandet
486 335 90 21 emellan
595 335 100 21 städerna
710 335 13 21 &
738 341 39 14 ena
792 334 28 21 si-

76 370 41 21 dan
132 370 39 21 och
186 369 142 26 landsbygden
344 369 12 20 å
372 369 39 20 den
426 369 72 26 andra,
514 369 39 20 har
575 369 106 21 utskottet
698 371 71 19 ansett
787 369 33 26 sig

75 404 53 21 böra
143 405 86 26 vidtaga
243 403 147 26 förändringar
404 403 8 21 i
427 403 45 27 $:ns
487 403 141 27 ordalydelse.

144 438 46 21 Den
206 437 109 21 härstädes
331 437 68 21 såsom
415 436 123 28 straffafgift
547 436 122 28 föreslagna
679 438 30 20 tio
720 439 98 25 procents

75 472 147 27 förhöjningen
238 472 12 21 &
265 471 144 27 skattebidrag
425 471 23 21 af
461 471 107 26 kommun,
584 478 44 14 som
648 472 126 20 försummat
788 473 32 19 att

76 507 55 21 inom
147 506 89 27 stadgad
250 506 31 20 tid
296 506 117 20 inleverera
434 506 196 26 länstingsmedlen,
644 506 56 21 hade
715 505 105 22 utskottet

76 541 34 21 väl
125 540 69 22 funnit
208 540 125 26 berättigad,
349 539 33 21 för
397 540 40 21 den
452 540 102 22 händelse
569 542 31 20 att
612 540 126 22 kommunen
749 540 7 21 i
766 539 53 27 följd

75 574 24 22 af
112 574 86 22 tredska
220 574 110 21 uraktlåtit
352 576 31 19 att
404 574 92 27 fullgöra
515 574 32 22 sin
562 574 127 28 skyldighet.
720 574 56 26 Men,
792 574 27 21 då

76 609 76 21 sådant
173 609 61 21 äfven
257 608 69 22 kunde
340 608 88 22 härröra
442 608 24 22 af
482 609 67 21 andra
564 609 94 26 orsaker,
674 608 71 22 hvilka
760 608 58 21 kom-

76 650 75 15 munen
167 643 50 27 sjelf
230 642 19 28 ej
264 642 71 26 vållat,
351 642 69 22 såsom
436 643 128 27 exempelvis
577 643 134 21 vårdslöshet
720 643 38 21 hos
770 643 48 21 dess

75 678 147 21 funktionärer
236 677 52 21 eller
302 677 33 21 till
350 677 38 21 och
404 677 47 21 med
466 678 79 20 allmän
560 678 41 20 nöd
616 678 57 20 inom
689 678 129 25 densamma,

76 714 55 19 samt
146 711 27 21 då
188 718 25 15 en
232 711 57 27 dylik
311 711 132 27 straffafgifts
465 711 139 21 utkräfvande
626 712 100 26 möjligen
749 711 69 21 skulle

75 746 39 21 hos
128 746 148 26 befolkningen
291 746 66 20 väcka
371 746 64 26 ovilja
450 748 44 19 mot
515 746 152 26 institutionen,
683 746 39 21 har
736 745 82 21 utskot-

74 783 32 19 tet
127 782 53 20 trott
202 780 40 21 den
257 779 160 27 ifrågavarande
439 779 160 28 bestämningen
622 780 129 27 lämpligtvis
766 780 52 21 böra

74 814 57 27 utgå.
160 814 34 22 Då
208 814 117 22 emellertid
340 814 172 27 skattebidragen
534 814 88 22 tillhöra
636 815 119 26 länstingen
770 814 47 21 från

74 848 40 22 den
130 848 41 27 dag
186 849 26 21 de
226 848 48 22 bort
288 848 33 21 till
336 848 152 22 länsutskottet
502 849 136 25 inlevereras,
653 850 55 20 samt
722 849 26 21 de
765 848 52 21 kun-

74 890 27 14 na
115 883 23 21 af
151 883 150 21 länsutskottet
315 885 62 25 göras
392 883 161 27 räntebärande,
568 883 40 21 har
629 884 104 20 utskottet
747 884 71 20 ansett

73 917 37 21 det
125 919 42 19 rätt
182 918 38 20 och
235 917 69 27 billigt
325 920 31 18 att
377 918 40 20 den
440 917 106 27 kommun,
562 918 63 21 hvars
647 918 62 20 andel
726 917 18 27 ej
760 917 56 21 inom

72 953 67 20 utsatt
160 952 32 20 tid
210 952 73 26 ingått,
298 952 110 26 förpligtas
423 952 64 26 gälda
502 952 122 21 densamma
638 952 48 21 med
705 951 75 26 tillägg
795 950 23 21 af

74 991 36 15 sex
132 987 98 25 procents
252 985 52 27 årlig
326 987 60 20 ränta
408 985 51 22 derå
482 985 33 22 för
536 986 41 21 den
591 986 38 27 tid,
648 985 168 27 inlevereringen

72 1018 108 28 fördröjts.

140 1053 46 21 Den
208 1053 38 21 här
264 1053 128 22 föreskrifna
406 1053 147 28 skyldigheten
569 1054 33 21 för
620 1054 151 21 länsutskottet
785 1055 32 20 att

72 1089 52 24 göra
138 1087 186 26 länstingsmedlen
339 1087 153 22 räntebärande
508 1088 38 21 har
561 1088 104 21 utskottet
679 1089 71 20 ansett
764 1087 53 21 böra

71 1127 51 15 vara
145 1121 75 22 endast
235 1121 105 28 vilkorlig,
355 1121 100 22 hvarföre
470 1122 106 22 utskottet
591 1123 6 20 i
616 1123 76 20 sådant
706 1122 55 27 syfte
776 1121 40 22 och

69 1155 79 27 jemväl
163 1156 7 21 i
185 1156 218 21 öfverensstämmelse
422 1156 48 21 med
490 1156 161 27 uttryckssättet
665 1157 7 21 i
692 1159 40 18 den
746 1155 70 22 finska

71 1191 71 20 texten
158 1189 110 22 förändrat
282 1190 146 27 ordalydelsen
444 1191 7 20 i
466 1191 41 20 den
523 1191 90 21 svenska
628 1191 114 26 lagtexten.

138 1223 59 22 Inom
212 1224 103 21 utskottet
328 1224 39 21 har
381 1224 123 27 ifrågasatts
515 1225 103 21 huruvida
628 1225 46 21 icke
685 1224 129 22 länsutskot-

69 1259 39 25 tet,
123 1257 125 23 åtminstone
270 1259 32 20 till
313 1265 29 15 en
358 1259 80 26 början,
457 1259 71 22 blefve
550 1259 120 27 obehöfligt,
686 1259 39 22 och
744 1265 34 15 om
793 1258 19 27 ej

70 1291 133 22 fördenskull
219 1295 55 19 samt
287 1293 33 21 till
335 1293 134 22 undvikande
484 1293 24 21 af
522 1293 90 27 onödiga
626 1293 121 26 kostnader,
759 1293 57 21 läns-

69 1326 68 27 tinget
152 1327 65 20 borde
232 1327 22 21 få
268 1327 32 26 sig
316 1327 152 22 öfverlemnadt
487 1329 32 19 att
533 1327 59 27 sjelft
610 1327 74 27 afgöra
699 1333 33 15 om
755 1327 59 21 tiden

69 1360 34 21 för
130 1361 128 21 detsammas
280 1361 116 22 införande.
436 1356 69 27 Äfven
528 1363 152 20 sammansatta
705 1361 45 27 lag-
776 1361 39 21 och

70 1393 201 24 ekonomiutskottet
292 1395 34 21 vid
348 1397 85 20 senaste
455 1395 102 27 landtdag
571 1395 55 22 hade
640 1395 36 22 vid
691 1395 123 22 behandlin-

70 1435 40 20 gen
125 1428 23 21 af
162 1429 40 21 den
218 1429 27 22 då
259 1429 117 27 framlagda
390 1429 78 27 nådiga
479 1430 251 26 propositionen
642 1424 12 36 i
660 1430 66 26 ämnet
737 1429 78 22 uttalat

68 1462 33 26 sig
117 1465 57 19 emot
188 1463 36 21 det
236 1463 77 27 jemväl
329 1463 37 21 der
384 1463 123 27 föreslagna
524 1463 157 22 länsutskottet.
712 1463 102 21 Förutom

136 1502 45 21 Lag-
194 1503 28 15 och
234 1502 176 18 Ekonomieutskottets
420 1502 106 18 betänkande
538 1503 34 17 N:o
584 1503 17 17 2.

854 437 8 21 s
875 436 27 18 46.

842 465 19 22 ($
872 465 36 22 45).

852 1058 8 21 s
873 1058 27 17 47.

839 1086 19 21 (S
870 1086 36 22 46).

849 1223 9 22 $
870 1223 27 17 51.

826 1251 28 22 (88
865 1239 18 40 50
892 1256 14 13 0.
914 1251 35 22 51).
