1009 1739
282 168 82 23 Ständ.
380 169 37 22 Sv.
436 182 22 3 —
477 169 70 28 Prop.
564 170 40 22 N:o
620 169 34 22 18.

296 401 125 22 Finlands
444 402 126 22 Ständers
590 402 178 28 underdåniga
784 407 60 17 svar

229 436 5 20 i
251 436 108 27 anledning
382 436 21 21 af
426 436 55 22 Hans
504 436 114 28 Kejserliga
641 436 106 28 Majestäts
770 436 73 28 nådiga

228 470 124 27 proposition
376 470 126 22 beträffande
525 470 85 28 ändring
626 470 21 22 af
662 471 38 21 den
718 476 72 22 genom
807 471 33 21 nå-

226 504 47 27 diga
288 504 115 22 Manitestet
418 504 21 22 af
454 504 38 21 den
510 505 28 21 20
554 504 35 27 (8)
602 504 54 22 Mars
666 505 54 22 1879
731 505 107 21 bestämda

226 538 76 27 lydelse
318 538 20 22 af
352 538 24 22 12
393 538 13 28 $
422 539 4 20 i
444 538 230 28 Landtdagsordningen
691 540 20 20 af
722 540 38 21 den
771 540 23 21 15
806 540 33 26 (3)

226 572 52 27 April
294 572 61 22 1869.

159 635 237 30 Stormäktigste,
413 635 222 29 Allernådigste
652 636 126 29 Kejsare

353 670 43 22 och
413 669 167 23 Storfurste!

157 726 56 23 Med
236 726 130 28 anledning
388 727 25 22 af
429 734 28 15 en
477 727 53 22 utaf
542 726 92 24 landets
650 730 79 19 senast
744 727 96 22 försam-

87 761 54 23 lade
163 761 100 23 Ständer
286 761 86 22 afläten
395 760 151 29 underdänig
568 762 98 28 petition
690 762 42 21 har
750 761 92 23 Eders

88 796 175 29 Kejserliga
285 796 131 29 Majestät
439 795 53 23 lätit
508 796 106 22 utarbeta
630 796 42 22 och
689 795 41 23 vid
746 796 96 22 inneva-

88 830 73 22 rande
176 829 116 29 landtdag
306 830 38 22 till
360 829 145 23 Ständernas
516 829 213 29 grundlagsenliga
737 830 106 22 behand-

89 865 51 27 ling
156 864 154 22 öfverlemnat
332 863 72 29 nädig
419 865 145 28 proposition
580 863 146 23 beträffande
742 863 100 29 ändring

89 899 24 22 af
131 898 46 23 den
199 906 85 20 genom
306 898 88 28 nädiga
418 898 136 22 Manifestet
577 898 24 22 af
622 898 44 23 den
686 900 27 20 20
729 899 33 27 (8)
779 898 63 22 Mars

91 934 53 20 1879
161 932 123 23 bestämda
305 932 91 29 lydelse
412 933 24 22 af
452 934 25 20 12
494 936 11 22 $
522 934 8 20 i
544 932 260 28 landtdagsordningen
821 933 23 22 af

90 967 45 22 den
152 967 26 21 15
193 967 35 27 (3)
244 966 70 29 April
332 967 60 21 1869.

159 1000 47 23 Vid
222 1000 178 29 behandlingen
416 1001 24 22 af
454 1000 46 23 den
516 1000 88 29 nädiga
615 1002 175 28 propositionen
800 1001 44 22 har

89 1035 63 22 dock
176 1035 102 22 emellan
301 1034 28 23 de
350 1034 65 23 olika
433 1035 100 22 ständen
550 1035 73 22 sädan
639 1035 205 28 samstämmighet

89 1069 53 23 icke
165 1069 94 22 kunnat
282 1068 181 31 ästadkommas,
479 1077 51 14 som
546 1069 33 22 för
594 1069 175 23 ständerbeslut
784 1070 60 21 varit

90 1103 144 31 erforderlig,
245 1105 7 21 i
263 1103 58 31 följd
336 1103 86 23 hvaraf
436 1103 180 29 ifrägavarande
627 1104 85 23 ärende
722 1104 34 22 för
766 1103 78 23 denna

90 1139 64 28 gång
176 1138 108 30 förfallit;
307 1138 99 22 hvarom
428 1138 134 23 Ständerna
580 1139 23 22 få
618 1139 43 22 hos
676 1138 89 23 Eders
781 1139 62 28 Kej-

88 1172 112 28 serliga
216 1173 137 29 Majestät
368 1172 174 29 underdänigst
558 1173 100 22 anmäla.

159 1224 117 23 Finlands
292 1224 100 23 Ständer
407 1224 137 23 framhärda
560 1227 39 20 ete.

158 1264 156 31 Helsingfors,
331 1264 45 23 den
392 1266 26 21 22
436 1265 47 29 Maj
503 1266 61 21 1885.

194 1466 3 1 —
209 1466 127 32 Helsingfors,
348 1476 16 16 J.
376 1466 68 26 Simelii
457 1466 102 32 arfvingars
568 1466 82 32 tryckeri,
666 1462 50 43 1885.
