1009 1739
219 153 28 20 20
430 152 22 23 U.
469 153 22 22 B.
508 164 30 6 —
554 153 62 29 Prop.
633 153 37 23 N:o
686 153 28 23 21.

477 487 196 27 Reservationer.

261 557 57 21 Ense
340 556 48 22 med
404 556 112 22 Utskottet
538 556 32 22 uti
585 557 48 21 dess
649 557 109 21 uttalande
775 557 79 26 derom,
864 558 39 23 att
914 558 35 21 det

190 591 34 21 för
239 590 150 28 utvecklingen
404 591 23 21 af
440 591 209 22 folkskoleväsendet
664 592 6 20 i
686 592 101 21 städerna
802 598 50 15 vore
867 592 23 21 af
898 592 50 27 vigt,

190 627 33 20 att
246 626 27 21 de
296 626 68 21 skilda
390 626 210 22 statskommunerna
622 626 72 22 kunde
716 632 51 16 vara
782 626 117 22 förvissade
915 633 33 15 om

191 660 124 22 erhållande
328 660 23 22 af
360 660 136 28 stadsbidrag
511 661 32 21 till
560 661 52 21 visst
627 661 77 27 belopp
720 660 23 22 af
757 661 61 21 deras
833 662 69 20 totala
916 663 33 19 ut-

192 695 64 27 gifter
272 695 33 21 för
328 695 45 21 sina
396 695 125 27 folkskolor,
544 695 40 21 har
604 695 36 27 jag
660 695 46 22 icke
722 696 82 20 kunnat
818 696 75 20 förena
907 696 43 26 mig

192 730 48 21 med
256 729 124 22 Utskottets
394 730 111 26 pluralitet
521 730 135 26 derutinnan,
672 732 32 20 att
720 730 41 21 den
776 730 79 21 äskade
870 729 80 28 förhöj-

191 764 79 27 ningen
288 764 23 21 af
324 764 96 27 anslaget
435 764 35 22 för
485 764 112 22 städernas
612 764 120 22 folkskolor
747 764 48 22 med
811 764 62 26 5,000
888 764 62 21 mark

190 798 8 21 i
214 798 48 22 året
277 804 50 16 vore
342 798 33 22 för
390 799 36 21 det
442 798 89 22 afsedda
546 799 122 21 ändamålet
683 798 121 28 tillräcklig,
820 800 52 20 utan
887 805 63 15 anser

189 832 36 28 jag
241 833 70 21 denna
326 832 120 28 förhöjning
462 833 54 21 böra
531 834 106 21 beräknas
653 834 32 20 till
701 833 63 21 minst
780 833 88 21 dubbelt
883 833 66 27 högre

191 867 79 27 belopp
286 867 39 21 och
340 867 49 21 hela
404 868 97 26 anslaget
516 867 73 22 derför
604 867 52 27 utgå
671 868 67 21 under
750 867 51 22 åren
816 868 61 25 1886,
895 868 53 21 1887

191 901 41 21 och
249 902 55 22 1888
320 902 48 21 med
379 908 55 21 resp.
448 902 91 27 166,800
549 902 67 26 mark,
634 902 90 26 176,800
736 902 62 21 mark
808 902 40 21 och
860 902 90 26 186,800

190 936 68 26 mark,
276 936 51 21 eller
342 937 156 26 sammanlagdt
515 937 91 26 530,400
621 936 61 21 mark
712 937 40 26 Jag
762 936 34 21 får
806 936 71 21 derför
887 936 62 21 vörd-

191 971 56 20 samt
263 969 78 23 föreslå

400 1024 33 19 att
448 1021 119 22 ständerna
583 1022 49 21 ville
647 1021 52 28 höja
717 1022 99 27 anslaget
820 1021 42 27 för
872 1021 78 28 bidrag

330 1056 34 21 till
387 1056 115 21 städernas
513 1055 125 29 folkskolor
647 1055 42 28 för
704 1056 170 27 treårsperioden
891 1057 59 20 1886

332 1102 18 3 —
359 1091 59 21 1888
434 1091 35 21 till
482 1091 44 27 mg
541 1091 104 27 530,400.

727 1141 58 23 Felix
802 1140 79 24 Heikel.

262 1227 10 22 I
288 1227 152 22 ofvanstående
455 1227 132 22 reservation
602 1227 75 22 förena
692 1227 31 27 sig

242 1295 24 24 V.
282 1295 25 22 M.
324 1301 39 17 von
380 1295 62 23 Born.
481 1295 51 29 Aug.
548 1295 129 24 Schauman.
715 1295 53 24 W:m
785 1295 114 23 Hackman.

289 1346 20 23 0.
327 1348 89 22 Donner.
449 1347 57 23 Gust.
524 1347 20 23 A.
562 1347 112 23 Lindblom.
705 1348 19 21 F.
742 1347 22 23 K.
781 1347 85 28 Nybom.

264 1528 150 18 Statsutskottets
427 1528 117 19 betänkande
556 1529 37 18 N:o
607 1529 31 18 10.
