1009 1739
204 131 12 20 2
422 131 22 23 U.
461 131 19 24 B.
498 143 26 3 —
542 131 54 29 Prop.
613 131 32 23 N:o
662 130 33 23 28.

174 188 172 27 vägsbyggnader
368 188 40 22 och
422 189 156 26 ständerhuset,
594 189 33 21 får
642 188 164 22 Statsutskottet
821 188 107 21 vördsamt

173 222 86 22 föreslå:

378 299 31 18 att
426 297 97 21 Stånden
539 297 50 21 ville
602 297 44 28 för
661 297 122 28 afgörande
799 297 28 28 af
833 297 93 28 frågan,

310 331 108 21 huruvida
434 334 28 18 ett
477 332 79 27 anslag
567 331 58 21 skall
631 338 77 21 genom
717 331 209 28 inkomstbevillning

309 365 113 28 anskaffas
442 366 44 27 för
501 366 138 21 bestridande
654 367 31 26 af
696 366 148 27 nyssnämnda
858 367 69 26 utgif-

309 402 37 23 ter,
371 407 75 21 genom
472 400 136 21 omedelbara
630 401 36 20 val
688 401 58 20 inom
761 401 33 26 sig
809 403 45 18 utse
869 401 57 26 elfva

308 434 138 22 medlemmar
466 436 46 26 för
536 438 32 18 att
588 435 67 27 jemte
678 435 26 20 de
726 434 29 28 af
773 434 74 28 hvarje
862 436 64 20 stånd

303 469 66 27 förut
384 470 62 20 valde
463 470 57 28 fyra
536 470 117 22 ledamöter
668 472 8 20 i
692 471 159 21 Statsutskottet
866 470 59 21 bilda

304 504 112 27 förstärkt
432 505 151 25 Statsutskott;

239 573 39 22 och
293 573 33 22 får
340 574 110 22 Utskottet
465 574 77 22 derhos
558 575 93 21 anhålla:

376 650 32 19 att
424 648 98 21 Stånden
543 650 49 20 ville
607 652 46 18 utse
663 649 57 28 fyra
734 650 138 26 suppleanter
882 649 43 27 för

307 685 37 23 att,
362 683 7 20 i
384 683 102 21 händelse
501 683 31 27 af
537 683 88 28 förfall
635 684 43 27 för
693 684 72 26 någon
781 684 98 24 ledamot,
892 684 33 20 in-

307 717 65 21 träda
390 718 6 19 :
411 717 35 21 det
456 718 128 27 förstärkta
601 718 165 21 Statsutskottet.

238 785 34 21 Då
288 786 35 20 det
347 785 102 27 derjemte
472 786 130 22 tillkommer
616 786 111 22 Utskottet
742 788 32 19 att
789 786 77 22 föreslå
880 793 44 15 om-

170 819 240 27 röstningsproposition
428 820 32 22 för
476 820 36 22 det
527 820 117 22 förstärkta
659 820 170 25 Statsutskottet,
844 820 32 22 får
886 821 38 21 Ut-

170 853 82 22 skottet
274 854 78 22 härhos
374 854 33 22 till
430 854 130 22 Ständernas
582 855 155 27 godkännande
755 854 116 28 framlägga
885 855 39 21 föl-

167 887 65 27 jande
246 888 79 28 förslag
340 888 32 22 till
388 889 286 27 omröstningsproposition:

378 969 133 21 Godkänner
529 969 34 21 det
574 969 129 28 förstärkta
719 969 158 21 Statsutskottet
892 972 32 18 att

306 1003 35 20 till
356 1003 138 21 bestridande
519 1003 69 21 under
613 1003 148 22 instundande
771 1003 153 28 finansperiod

306 1038 30 25 af
345 1038 121 27 utgifterna
484 1038 43 27 för
544 1037 162 28 folkskolorna,
716 1037 76 28 finska
807 1039 115 24 militären,

306 1073 134 27 landtdagen
465 1074 65 24 1888,
549 1073 229 27 jernvägsbyggnader
800 1073 38 21 och
864 1075 59 19 stän-

306 1107 52 21 derh
374 1109 32 19 set
427 1107 64 25 skall,
514 1107 85 28 utöfver
621 1107 26 21 de
662 1107 121 28 tillgångar
798 1107 38 21 och
851 1107 72 21 bevill-

305 1141 87 28 ningar,
415 1148 45 15 som
485 1142 31 27 af
527 1141 161 22 Statsutskottet
703 1142 9 20 i
727 1141 47 21 dess
790 1141 133 21 betänkande

306 1176 42 21 N:o
364 1177 28 20 16
402 1176 140 27 föreslagits,
566 1177 88 20 anvisas
670 1178 27 18 ett
713 1175 119 22 beräknadt
848 1175 74 28 belopp

305 1210 29 27 af
344 1211 97 24 875,000
464 1210 63 21 mark
549 1211 84 27 ärligen
656 1210 52 21 eller
725 1210 79 21 inalles
814 1210 42 27 för
870 1211 52 20 ären

305 1245 147 20 1886—1888
466 1245 120 24 2,625,000
605 1243 63 22 mark
684 1247 31 18 att
729 1251 76 20 genom
820 1244 103 21 inkomst-

305 1279 118 28 bevillning
441 1279 125 27 anskaffas;
580 1279 42 20 den
637 1279 35 20 det
688 1279 45 24 vill,
748 1281 72 18 röstar
831 1279 34 26 ja,
881 1279 41 20 den

305 1313 35 21 det
354 1313 47 21 icke
416 1314 46 25 vill,
476 1315 74 20 röstar
564 1313 48 28 nej;

374 1348 98 27 ajgifvas
494 1347 48 22 icke
565 1349 36 20 två
616 1347 132 27 tredjedelar
764 1347 30 27 af
804 1347 25 21 de
844 1349 79 19 närva-

304 1383 80 20 randes
399 1384 69 19 röster
477 1382 45 27 för
532 1382 35 27 ja,
583 1389 63 14 anses
656 1382 86 27 frägan
758 1389 34 13 om
800 1382 77 27 anslag
886 1389 36 20 ge-

304 1423 50 15 nom
368 1417 213 27 inkomstbevillning
605 1417 69 28 hafva
684 1416 104 28 förfallit
802 1417 38 20 och
857 1416 65 21 Stän-

304 1451 69 21 derna
389 1451 85 21 beslutit
490 1454 32 18 att
532 1451 44 27 för
590 1451 70 27 sagda
674 1451 102 27 utgifters
785 1450 137 21 bestridande

304 1486 77 20 anvisa
396 1488 28 18 ett
440 1486 84 27 anslag,
536 1485 120 21 beräknadt
671 1485 35 21 till
722 1486 80 24 90,000
810 1484 68 26 mark,
890 1488 31 18 att
