1009 1739
316 163 21 22 U.
354 162 22 22 B.
392 173 28 6 —
437 161 61 30 Prop.
514 161 36 23 N:o
566 162 38 23 28.
793 162 12 20 5

85 219 97 26 erhölles,
207 219 46 21 icke
272 219 80 21 kunnat
366 219 40 20 här
420 218 23 21 af
456 218 110 21 Utskottet
582 218 68 22 såsom
666 225 26 14 en
708 224 25 15 en
747 217 88 28 tillgång

85 254 31 20 uti
131 253 105 21 allmänna
250 252 132 22 statsfonden
397 254 111 25 upptagas.

153 287 10 20 I
178 287 92 27 enlighet
284 287 47 21 med
346 286 122 22 Utskottets
482 286 134 22 förestående
631 286 155 27 framställning
796 286 39 21 och

85 321 48 21 med
148 321 135 27 iakttagande
298 321 22 21 af
334 321 26 21 de
382 320 115 27 ändringar
512 321 111 21 Utskottet
637 321 7 20 i
660 320 102 22 särskilda
776 320 60 21 delar

85 355 89 27 vidtagit
198 355 129 22 beträffande
350 355 26 21 de
397 355 7 21 i
421 355 54 21 1885
492 355 34 21 års
542 355 133 27 statsförslag
690 354 39 22 och
744 355 40 21 den
799 360 37 21 ap-

85 390 138 27 proximativa
237 389 98 27 kalkylen
357 389 103 27 ingående
478 389 148 27 beräkningar,
644 389 61 21 torde
723 389 113 20 allmänna

86 424 144 27 statsfondens
253 423 115 21 inkomster
389 423 69 20 under
476 423 198 21 nästinstundande
683 421 153 29 finansperiod

87 457 51 21 böra
154 458 7 20 i
176 457 97 21 medeltal
284 457 41 27 för
340 458 26 20 år
381 456 129 28 uppskattas
526 457 34 21 till
574 458 138 25 22,823,794:
728 457 30 21 52
766 455 70 21 mark.

231 633 26 21 B.
287 633 119 21 Allmänna
422 633 153 27 Statsfondens
589 633 98 27 utgifter.

155 695 41 21 Vid
220 694 155 28 genomgående
400 694 23 21 af
446 695 26 21 de
493 695 8 21 i
518 695 54 21 1885
588 694 35 22 års
638 695 132 27 statsförslag
785 701 52 21 upp-

87 731 65 25 tagna
172 728 146 28 utgiftsposter
340 730 54 20 samt
410 729 25 21 de
450 729 7 21 i
473 729 41 21 den
530 730 166 26 approximativa
711 729 98 27 kalkylen
824 728 14 22 å

88 764 38 20 sid.
149 764 51 21 3—9
222 763 110 21 anmärkta
346 763 150 27 förändringar
512 764 44 20 deri
571 764 39 20 har
624 763 111 21 Utskottet
749 763 43 21 fäst
806 763 32 27 sig

87 798 34 20 vid
137 798 40 21 den
191 797 107 27 betydliga
312 797 93 27 stegring
420 798 6 20 i
442 798 26 20 de
484 798 106 21 ordinarie
605 797 176 27 statsutgifterna,
792 803 45 15 som

87 832 54 21 visat
162 832 31 26 sig
215 832 64 20 sedan
301 832 64 20 sedan
390 833 84 20 senaste
498 832 108 26 landtdag.
636 832 88 21 Jemlikt
748 832 40 20 den
803 831 35 21 vid

87 866 91 21 nämnda
201 866 141 21 ständermöte
364 866 124 21 meddelade
511 866 168 27 approximativa
692 866 99 27 kalkylen
805 865 33 21 för

88 900 51 21 åren
156 900 136 22 1883—1885
308 902 54 19 samt
378 900 176 22 Statsutskottets
568 900 28 27 på
610 901 68 26 grund
692 900 60 22 deraf
760 899 79 27 afgifna

88 934 105 21 allmänna
217 934 216 27 anslagsbetänkande
457 934 154 27 uppskattades
633 935 104 26 nemligen
752 934 26 21 de
792 934 47 21 från

88 968 107 21 ailmänna
210 967 130 22 statsfonden
354 968 33 21 för
395 968 51 21 åren
462 969 140 20 1883—1885
618 968 105 27 utgående
734 968 105 21 ordinarie

88 1002 86 27 utgifter
189 1002 33 21 till
238 1003 130 25 18,549,653:
387 1003 25 20 12
427 1002 61 21 mark
499 1009 35 15 om
542 1002 52 27 året,
603 1003 76 21 medan
687 1003 47 21 åter
743 1002 33 21 för
788 1001 51 22 åren

89 1037 138 21 1886—1888
242 1037 62 20 dessa
319 1036 85 27 utgifter
419 1038 107 25 upptagas
540 1037 7 21 i
562 1037 41 21 den
618 1037 120 21 Ständerna
752 1043 28 14 nu
796 1036 43 21 del-

88 1070 57 27 gifna
170 1071 165 26 approximativa
356 1071 99 27 kalkylen
470 1071 34 20 till
520 1071 126 26 22,056,000
660 1071 61 21 mark
736 1076 34 15 om
786 1069 52 26 året,

88 1105 110 21 utvisande
223 1104 88 22 sålunda
334 1105 55 21 efter
408 1105 108 27 förloppet
531 1105 23 21 af
567 1106 75 20 endast
657 1107 31 19 tre
704 1104 24 22 år
743 1105 29 20 en
784 1105 56 25 steg-

88 1139 46 26 ring
158 1139 7 20 i
189 1139 68 21 denna
281 1139 33 21 del
340 1139 23 21 af
383 1139 40 21 den
440 1139 69 27 årliga
524 1139 104 27 budgeten
644 1139 22 21 af
680 1139 96 26 omkring
792 1137 48 28 3/2

88 1173 96 26 miljoner
207 1173 67 22 mark.
302 1173 37 21 Uti
363 1179 29 15 nu
413 1173 147 27 föreliggande
580 1173 166 28 approximativa
768 1171 72 28 kalkyl

88 1207 109 26 uppgifves
219 1207 46 22 icke
280 1208 47 20 med
342 1208 63 26 nödig
420 1207 169 28 fullständighet,
604 1207 72 22 hvilka
691 1207 88 22 orsaker
793 1211 47 16 som

88 1241 66 21 vällat
168 1241 69 22 denna
250 1241 126 28 förhöjning,
392 1242 39 21 och
446 1242 39 21 har
500 1241 112 22 Utskottet
626 1242 7 21 i
648 1241 81 22 saknad
744 1241 23 21 af
780 1241 61 20 dessa

88 1274 107 28 uppgifter
219 1275 46 22 icke
286 1277 53 20 trott
356 1276 32 26 sig
402 1275 72 22 kunna
489 1276 88 27 vidtaga
590 1276 66 27 nägra
670 1275 149 26 förändringar
834 1274 7 20 i

89 1309 62 22 dessä
165 1309 146 28 beräkningar.
336 1310 60 21 Dock
411 1316 62 15 anser
488 1310 34 27 sig
536 1310 110 21 Utskottet
660 1310 54 21 böra
728 1307 114 24 framhälla

89 1343 35 22 det
140 1343 118 22 önskvärda
272 1344 45 21 deri
332 1345 37 26 att,
386 1350 34 15 om
435 1345 7 20 i
457 1344 116 22 framtiden
587 1351 26 14 en
628 1346 69 20 större
712 1343 94 27 stegring
821 1342 23 22 af

89 1378 25 21 de
130 1378 104 21 ordinarie
249 1378 114 27 utgifterna
384 1378 75 22 funnes
474 1379 100 26 behöflig,
590 1379 123 27 regeringen
728 1377 50 22 ville
792 1379 50 19 när-

88 1418 65 20 mare,
169 1413 27 20 än
211 1418 44 15 som
270 1419 28 14 nu
313 1412 63 26 skett,
392 1412 85 27 angifva
492 1413 117 21 orsakerna
624 1413 77 21 dertill.

157 1446 101 21 Förutom
281 1446 140 27 beräkningar
440 1447 59 21 öfver
515 1447 107 21 allmänna
636 1446 144 22 statsfondens
795 1451 47 15 san-

88 1479 72 21 nolika
184 1480 104 21 ordinarie
312 1480 116 21 inkomster
450 1481 40 21 och
506 1481 88 27 utgifter
609 1481 67 21 under
691 1480 51 22 åren
760 1480 82 20 1886—

156 1519 148 17 Statsutskottets
317 1519 116 17 betänkande
447 1520 37 17 N:o
501 1520 31 18 16.
