1009 1739
310 158 26 22 U.
350 158 24 23 B.
397 171 17 3 —
421 159 77 28 Prop.
514 159 38 22 N:o
568 158 36 23 23.

172 264 13 21 ä
200 263 161 28 magistergrad
386 279 6 6 .

93 299 146 27 Doktorsbref,
255 305 23 15 se
294 298 84 27 diplom.

94 333 172 27 Donationsbref
283 332 52 22 eller
356 332 117 22 resolution
495 333 15 21 &
529 332 117 28 förläning,

123 366 99 29 eftergift
237 367 14 22 å
265 367 38 22 län
318 367 39 22 och
372 367 122 27 understöd,
511 373 45 16 som
572 367 25 22 af
609 367 38 22 all-

122 403 80 20 männa
215 401 71 22 medel
299 401 98 27 beviljas,
412 403 41 20 när
467 401 102 28 gäfvan
562 397 9 36 i
580 401 67 23 värde

123 436 131 27 Ofverstiger
267 438 42 19 200
323 436 69 27 mark,
400 434 94 24 skrifves
504 436 15 21 &
528 436 120 27 stämpladt

123 476 83 22 papper
220 470 35 22 till
270 472 32 20 ett
316 470 77 27 belopp
408 470 26 21 af
446 470 49 27 fyra
511 472 96 26 procent.

95 504 237 28 Fartygsförpassning,
348 511 24 15 se
386 510 58 22 pass.

95 539 115 27 Fastebref
227 538 93 23 skrifves
338 540 30 26 pä
382 539 118 27 stämplädt
515 545 84 21 papper
613 538 35 23 för

125 575 33 20 ett
180 574 182 27 egendomsvärde
385 573 25 23 af
429 574 35 21 till
486 574 41 22 och
541 574 49 21 med
605 576 41 19 250

124 608 63 22 mark
214 625 3 5 .
246 604 18 36 s
284 624 363 6 s.

125 642 125 23 derutöfver
268 644 26 20 10
310 642 65 28 penni
389 642 34 22 för
437 643 77 27 hvarje
530 644 41 20 100
586 643 62 21 mark

126 676 24 22 af
164 676 199 28 egendomsvärdet.

153 711 109 21 Domaren
284 713 25 19 är
330 710 88 28 skyldig
440 712 33 20 att
487 711 9 21 i
510 710 77 28 hvarje
602 711 45 27 fall,

126 745 29 22 då
173 745 83 28 lagfart
270 752 34 15 om
319 746 105 21 afslutadt
438 746 43 26 köp
497 746 14 21 &
526 745 44 22 fast
585 752 65 21 egen-

126 780 49 21 dom
189 780 73 22 blifvit
272 780 112 22 fulländad
394 780 40 22 och
443 780 73 28 öfriga
525 780 8 21 i
543 780 37 28 lag
590 780 60 22 stad-

126 814 57 28 gade
198 814 70 22 vilkor
282 814 123 28 fullgjorda,
422 814 52 22 derå
483 814 90 22 utfärda
583 814 67 22 faste-

126 848 54 28 bref,
195 849 71 22 ehvad
280 849 80 22 sådant
373 849 91 27 begäres
480 849 53 22 eller
548 849 27 27 ej.

97 882 112 28 Folkpass,
225 889 23 16 se
263 890 57 20 pass.

97 917 89 27 Fribref
196 917 34 22 för
245 918 81 27 fartyg,
342 918 118 22 oberoende
476 918 25 22 af
514 918 112 22 lästetalet
644 935 4 4 .

98 951 148 28 Friherrebref,
262 958 24 15 se
301 952 85 27 diplom.

98 986 96 21 Frisedel
208 986 34 21 till
257 993 75 15 varors
346 987 96 27 lossning
457 987 39 22 och
512 987 97 27 lastning

98 1020 112 28 Fullmakt,
238 1021 167 27 konstitutoria!,
428 1021 152 27 förordnande,
604 1021 46 22 kal-
670 1021 4 3 |

126 1054 61 22 lelse-
198 1055 39 21 och
247 1055 186 28 antagningsbref,
444 1055 206 28 protokollsutdrag,

127 1089 49 21 med
195 1095 65 22 mera,
278 1089 140 28 hvarigenom
434 1089 90 28 embete,
540 1090 68 27 tjenst
623 1090 29 21 el-

127 1123 33 22 ler
172 1123 125 28 befattning
306 1124 95 21 besättes
412 1124 39 21 och
460 1123 128 28 bortgifves,
600 1124 52 22 eller

128 1158 41 21 ock
182 1158 117 27 värdighet
312 1157 110 29 förunnas,
437 1159 49 21 med
500 1159 115 27 undantag
630 1159 25 21 af

128 1192 54 27 dem,
202 1199 46 15 som
266 1193 9 21 i
295 1193 70 22 denna
382 1193 127 28 förordning
523 1193 70 22 finnas
608 1195 44 20 sär-

128 1226 68 22 skildt
211 1227 135 22 omnämnda:

100 1263 22 24 a)
138 1261 14 21 &
167 1261 85 28 verklig
262 1262 68 27 tjenst
340 1262 48 21 med
398 1261 109 23 bestämdt
517 1262 68 27 årligt
594 1261 58 22 löne-

129 1295 77 28 anslag
221 1296 29 27 på
265 1298 53 20 stat:

130 1331 33 20 1:o
186 1330 14 21 &
221 1330 95 27 militär-,
338 1330 75 28 civilt-,
436 1331 159 22 ecklesiastikt-
614 1331 39 21 och

157 1364 217 28 skollärare-embete,
390 1365 74 28 tjenst,
475 1365 72 27 syssla
557 1365 52 22 eller
618 1365 36 22 be-

158 1399 112 28 ställning,
290 1405 44 16 som
353 1399 25 22 af
390 1400 62 21 Hans
466 1399 126 28 Kejserliga
605 1400 48 21 Ma-

156 1433 69 27 jestät
240 1433 53 22 eller
302 1433 162 22 vederbörande
473 1434 129 27 myndighet
611 1434 43 21 till-

158 1469 75 25 sättes,
249 1467 95 23 skrifves
358 1469 15 20 å
387 1468 118 27 stämpladt
518 1475 89 21 papper,
618 1469 36 21 be-

152 1506 216 24 Bevillningsutskotteis
381 1507 117 18 betänkande
510 1508 38 18 N:o
561 1508 17 18 4.

727 265 25 20 10

780 159 31 20 17

797 984 27 19 25
