1009 1739
274 146 78 23 Ständ.
368 147 34 23 Sv.
420 159 27 4 —
463 148 70 27 Prop.
550 148 38 22 N:o
604 147 32 23 23.
757 137 48 32 39

216 210 43 27 lag,
283 210 303 27 sjöassuransföreningarna
603 210 38 21 och
657 210 178 26 lifränteanstal-

216 246 62 18 terna
293 246 55 19 samt
358 243 38 22 hos
407 244 64 21 deras
482 247 90 24 agenter
582 245 8 20 i
597 245 104 20 städerna
711 244 37 21 och
756 244 78 21 brand-

215 277 161 21 stodskomitler
395 278 32 27 pä
450 278 75 21 landet
548 278 52 21 eller
622 277 38 22 hos
675 278 89 21 utsedde
779 277 55 22 kom-

211 311 157 26 promissarier
368 311 143 27 förekomma,
518 312 110 27 äfvensom
632 311 203 28 försäkringsbref,

216 345 192 27 assuranspoliser,
432 345 56 20 bevis
510 348 57 18 samt
587 346 204 27 premiegvittanser
806 352 27 14 m.

215 385 33 19 m.,
272 385 44 14 som
339 379 29 27 af
385 379 106 21 inhemskt
513 380 32 27 pä
562 380 116 27 ömsesidig
693 380 140 27 ansvarighet

214 413 114 26 grundadt
345 413 200 27 försäkringbolag
568 413 109 27 utfärdas,
696 414 68 26 jemte
787 413 46 21 alla

216 447 34 20 till
270 446 232 28 försäkringsärendet
525 447 98 21 hörande
643 447 149 27 handlingar;
806 447 26 21 sä

216 481 36 20 ock
276 482 117 27 qvittanser
414 481 36 21 och
467 482 73 20 andra
556 482 56 20 bevis
623 482 58 26 från
696 480 136 29 sparbanker

215 514 59 28 öfver
290 515 81 21 insatta
386 516 53 20 eller
453 518 94 24 uttagna
563 516 77 25 medel;

284 550 54 21 15:o.
369 549 95 27 Skrifter
472 549 39 21 och
519 549 142 28 handlingar,
670 556 45 14 som
721 550 36 20 vid
764 550 70 20 stads-

212 584 153 26 fullmäktiges
380 584 185 26 sammanträden,
581 584 183 26 rådhusstämma,
776 584 56 20 kom-

215 618 85 21 munal-
323 618 51 20 eller
396 618 168 27 kyrkostämma,
580 618 142 28 sjömanshus,
739 618 94 20 allmänt

216 652 36 21 val
266 654 57 19 samt
339 652 33 21 till
382 652 199 26 kommunalnämd,
592 652 117 28 kyrkoråd,
721 652 113 26 folkskole-

216 686 108 21 direktion
346 686 38 20 och
399 686 266 28 fattigvårdsinrättning
680 686 100 28 ingifvas
796 686 37 21 och

216 720 40 21 allt
272 720 57 21 hvad
350 720 100 27 derifrån
474 720 113 28 utfärdas,
610 721 46 21 med
679 721 114 27 undantag
808 720 30 27 af

219 754 215 27 tjenstefullmakter;

286 790 54 20 16:0.
370 788 54 21 Alla
446 788 142 28 handlingar,
607 796 44 14 som
674 790 118 26 upprättas
808 787 30 27 af

217 822 52 21 eller
291 823 59 27 angå
373 822 117 28 inbyggare
515 823 8 20 i
544 822 155 28 Lappmarken
715 822 37 22 och
768 822 64 21 deras

216 856 184 28 angelägenheter,
417 857 25 20 de
457 857 9 20 i
480 858 15 26 $
510 858 14 19 5
539 858 71 20 under
620 856 108 28 fullmakt
738 856 94 28 uppräk-

216 891 55 21 nade
286 891 135 27 handlingar
436 891 53 21 dock
505 891 105 27 härifrån
626 892 155 26 undantagna;

285 926 55 21 17:o.
370 926 87 27 Frågor
471 926 98 21 rörande
584 926 106 28 nybygges
702 926 132 26 anläggnin-

216 966 41 20 gar
278 962 56 18 samt
356 960 131 27 utsyningar
511 960 35 20 till
568 960 134 27 svedjeland,
723 959 110 28 äfvensom

216 993 135 21 ekonomiska
367 993 150 28 besigtningar
532 995 13 19 å
560 993 181 27 kronoboställen,
757 993 77 20 krono-

216 1027 97 21 hemman
329 1027 37 21 och
382 1027 72 21 andra
469 1027 203 28 kronolägenheter;
687 1035 47 13 men
750 1028 84 20 instru-

216 1063 57 19 ment
295 1061 60 27 öfver
377 1060 35 27 af-
428 1061 37 21 och
481 1061 175 28 tillträdessyner
672 1062 14 19 &
701 1061 61 20 dessa
778 1062 56 19 samt

217 1096 13 19 å
252 1095 150 21 ecklesiastika
432 1095 107 21 boställen
562 1095 37 21 och
618 1095 93 28 publika
734 1095 100 20 boställs-

214 1129 85 27 gårdar
314 1129 94 27 skrifvas
421 1130 31 27 på
468 1130 120 27 stämpladt
601 1136 91 21 papper,
709 1129 29 21 då
749 1128 85 21 enskild

212 1170 81 20 person
317 1166 26 19 är
354 1166 54 25 part
425 1164 7 20 i
446 1164 74 25 saken,
533 1164 32 27 på
580 1166 45 19 sätt
639 1165 9 20 i
663 1165 57 20 1:sta
732 1162 100 29 punkten

216 1199 26 19 är
256 1198 76 27 sagdt;

284 1233 53 20 18:o.
367 1232 53 26 Mål,
428 1239 45 14 som
482 1233 37 20 vid
530 1233 118 20 domstolar
658 1232 38 21 och
707 1230 127 23 embetsverk

211 1266 143 27 förekomma,
373 1267 94 20 rörande
480 1266 104 28 följande
599 1267 114 20 allmänna
728 1265 51 21 verk
794 1264 39 21 och

216 1301 150 27 inrättningar
381 1303 56 19 samt
452 1301 66 21 deras
533 1303 53 23 rätt,
602 1301 120 27 nämligen:
738 1300 96 21 Alexan-

216 1335 59 20 ders-
281 1335 154 26 Universitetet,
447 1335 111 21 Finlands
570 1335 144 26 Statskontor,
723 1334 111 21 Finlands

216 1369 69 26 Bank,
301 1369 124 28 Kejserliga
437 1369 119 21 kabinettet
567 1369 39 21 och
614 1369 125 20 Alexander
747 1367 85 27 Nevsky

214 1403 80 20 kloster
317 1403 8 20 i
342 1403 31 21 S:t
391 1403 137 28 Petersburg,
544 1405 50 26 väg-
610 1403 39 21 och
664 1402 170 21 vattenkommu-

215 1436 187 27 nikationsverket,
428 1437 77 27 finska
536 1438 138 25 civilstatens,
703 1437 129 23 militärens,
