1009 1739
299 169 24 22 U.
338 168 24 23 B.
378 183 26 2 —
421 166 65 33 Prop.
501 171 39 22 N:o
556 170 30 23 18.

342 408 217 33 Lagttskottets
581 409 105 29 förslag
711 407 36 25 till
769 417 54 16 sam-

274 443 165 29 mahjömkning
458 439 26 27 af
503 443 28 23 de
551 438 71 28 delvis
642 443 134 30 skiljaktiga
790 444 36 22 be-

276 478 50 27 slut,
346 478 65 22 hvari
432 477 95 23 stånden
542 477 90 24 stannat
647 478 37 22 vid
699 478 127 24 behandlin-

276 515 44 26 gen
335 512 25 22 af
372 512 124 22 utskottets
506 512 142 23 betänkande
658 513 38 22 N:o
707 512 13 23 5
730 513 49 22 med
789 520 36 16 an-

276 528 92 47 ledning
391 546 27 23 af
434 542 58 28 Hans
512 540 127 36 Kejserliga
658 541 114 35 Majestäts
790 547 37 23 nå-

278 581 52 29 diga
352 582 138 28 proposition
512 582 38 22 N:o
566 581 23 23 18
605 580 115 30 angående
733 582 95 30 ändring

278 616 25 22 af
316 615 41 23 den
372 617 79 27 genom
465 616 85 29 Nådiga
566 616 126 22 Manifestet
706 616 26 22 af
744 615 42 24 den
799 616 28 23 20

279 650 30 28 (8)
332 650 58 22 Mars
409 650 50 23 1879
481 650 115 24 bestämda
613 651 85 28 lydelse
718 650 25 23 af
758 649 22 24 12
794 651 13 28 &
822 652 8 21 i

278 684 260 30 Landtdagsordningen.

144 754 28 22 Af
186 754 26 22 de
235 754 108 22 utskottet
362 754 87 28 jemlikt
464 754 11 28 $
492 757 26 19 67
535 755 7 21 i
557 755 23 21 L.
597 755 24 21 O.
637 755 105 22 tillstälda
757 757 74 25 proto-

74 789 135 27 kollsutdrag
224 789 40 21 har
278 789 108 21 utskottet
401 788 107 23 inhemtat
523 791 33 20 att
566 789 100 28 samtliga
677 790 91 21 ständen
779 790 52 27 god-

74 824 54 21 känt
142 826 122 19 momenten
281 826 8 18 1
308 824 39 21 och
364 826 12 18 4
390 823 23 22 af
427 823 164 28 ifrägavarande
608 823 11 27 $
636 824 66 27 enligt
713 824 119 22 utskottets

76 858 144 22 betänkande.
250 858 104 21 Deremot
368 857 64 23 hafva
447 858 93 22 ständen
556 858 6 21 i
578 858 68 27 öfriga
661 858 71 22 nedan
742 859 92 21 nämnda

79 892 60 22 delar
154 892 24 22 af
190 892 74 28 frägan
279 894 87 20 stannat
381 892 31 22 uti
428 893 24 21 sä
468 893 126 27 skiljaktiga
609 892 79 28 beslut,
700 894 33 20 att
742 893 94 27 lagenlig

78 926 111 28 pluralitet
204 926 22 22 af
240 926 26 22 de
282 927 58 21 olika
355 927 138 27 meningarne
510 928 48 21 icke
574 927 84 22 kunnat
672 927 76 22 bildas.

150 963 32 20 1:0
198 961 139 22 Beträffande
352 967 63 16 mom.
432 963 12 20 2
461 961 41 22 och
518 964 19 24 5,
554 967 46 16 som
615 961 8 21 i
638 961 108 22 anseende
756 961 32 22 till
800 961 37 23 det

80 995 154 28 sammanhang
253 995 27 23 dé
299 1002 40 21 ega
354 996 48 21 med
418 996 122 22 hvarandra
555 996 63 22 torde
633 996 53 22 böra
702 995 39 23 här
755 997 29 26 pä
800 1003 35 16 en-

80 1030 58 27 gäng
154 1030 116 22 behandlas
286 1031 38 21 har
340 1031 116 27 nemligen:

148 1065 154 27 Ridderskapet
318 1065 35 22 och
369 1065 69 22 Adeln
460 1065 33 22 för
512 1065 68 28 sagde
596 1067 94 20 moment
706 1065 84 28 antagit
804 1065 34 22 sä-

82 1101 41 21 dan
146 1099 88 29 lydelse,
258 1106 46 15 som
323 1099 91 22 föresläs
434 1100 33 21 uti
487 1100 42 22 den
544 1100 120 22 utskottets
679 1100 160 22 betänkande
825 1095 17 38 i

82 1135 68 22 saken
172 1133 114 28 vidfogade
309 1134 161 21 reservationen
485 1134 41 21 N:o
544 1136 18 25 1,
579 1134 67 27 enligt
660 1134 86 22 hvilken
761 1134 79 22 valrätt

82 1169 32 22 till
129 1169 184 27 Borgareständet
335 1168 69 22 blefve
424 1169 123 22 oberoende
563 1168 23 22 af
599 1169 240 27 skattöressättningen,

82 1203 79 22 minsta
176 1203 78 28 belopp
270 1203 23 22 af
306 1203 100 27 inkomst,
419 1209 47 16 som
476 1203 112 22 medförde
597 1203 85 27 valrätt,
694 1209 50 16 vore
755 1205 86 21 ettusen

82 1233 61 37 mark,
155 1237 44 28 %för
214 1238 73 27 hvarje
303 1237 175 28 öfverskjutande
498 1237 175 28 inkomstbelopp
685 1237 23 22 af
716 1237 127 23 femhundra

83 1272 60 22 mark
166 1272 134 23 beräknades
324 1279 26 16 en
372 1274 47 20 röst
441 1273 57 21 ända
521 1273 32 21 till
574 1273 40 21 och
629 1273 49 21 med
695 1273 61 27 tjugu
771 1274 71 21 röster

84 1307 40 22 och
141 1307 123 22 sedermera
285 1307 33 22 för
340 1307 74 27 hvarje
438 1306 176 28 öfverskjutande
632 1307 172 28 inkomstbelopp
821 1306 23 23 af

84 1343 87 20 ettusen
193 1342 61 21 mark
276 1341 105 22 likaledes
405 1347 27 16 en
454 1343 48 20 röst
522 1341 56 22 ända
598 1341 32 22 till
646 1341 40 22 och
703 1341 49 22 med
767 1342 74 22 trettio

84 1377 77 25 röster,
185 1375 81 22 hvilket
288 1382 50 16 vore
360 1376 37 21 det
411 1376 79 27 högsta
506 1376 91 22 röstetal
611 1377 69 26 någon
696 1376 73 22 kunde
783 1377 59 22 inne-

84 1409 70 28 hafva,
179 1412 56 20 samt
254 1411 63 27 ingen
332 1410 36 22 vid
383 1410 58 23 valet
456 1411 58 27 finge
528 1411 75 22 utöfva
618 1412 92 21 rösträtt
724 1410 33 22 för
772 1411 70 22 större

86 1445 59 22 antal
161 1446 71 21 röster
247 1447 27 20 än
289 1451 46 16 som
351 1445 91 22 svarade
458 1447 60 20 emot
532 1451 27 16 en
575 1445 142 28 tjugundedel
732 1445 22 22 af
763 1446 26 21 de
800 1445 43 22 val-

85 1479 149 27 berättigades
250 1479 162 27 sammanlagda
427 1479 127 27 röstbelopp
571 1479 54 23 efter
640 1478 152 28 röstlängden;
