1009 1739
206 152 12 21 8
352 172 2 2 .
377 153 79 23 Ständ.
470 155 37 22 Sv.
524 167 27 4 —
567 155 70 28 Prop.
653 155 41 22 N:o
710 154 34 22 19.

178 220 220 24 öfverensstämmelse
420 225 50 21 med
492 225 152 21 motsvarande
668 224 134 27 stadganden
817 224 7 21 i
840 225 10 26 $
866 225 27 20 15
908 224 25 21 af

177 255 102 27 gällande
298 256 112 29 kyrkolag,
426 258 40 21 har
482 259 54 21 sista
550 259 116 27 meningen
682 257 25 21 af
720 259 46 26 $:en
782 258 85 21 erhållit
882 265 26 15 en
924 259 7 20 i

177 289 222 24 Ofverensstämmelse
414 293 88 21 dermed
518 293 118 22 förändrad
651 293 89 28 lydelse.

245 325 43 21 För
310 326 108 21 vinnande
434 327 25 21 af
472 329 68 20 större
556 327 106 28 tydlighet
678 328 65 21 hafva
758 328 122 21 Ständerna
894 328 7 21 i
917 329 13 26 8

178 359 26 22 19
220 359 55 22 efter
290 361 62 20 ordet
367 377 12 11 ,,
381 361 93 28 förslag!
490 363 68 20 insatt
574 363 66 20 orden
657 363 47 26 ,,till
719 362 177 27 lönereglering.'*

246 394 50 21 Med
316 394 102 23 afseende
434 397 14 20 å
462 397 152 27 önskligheten
631 397 68 26 deraf,
714 399 32 19 att
761 397 76 27 frågan
853 403 34 14 om
902 396 30 21 lö-

177 434 38 15 sen
230 428 34 21 för
280 429 151 29 embetsbetyg,
448 431 75 21 hvilka
538 431 23 21 af
575 434 59 24 prest
650 431 106 27 utfärdas,
772 432 24 20 så
811 432 59 20 snart
885 437 46 14 som

176 462 86 28 möjligt
286 464 77 21 varder
388 466 84 20 ändrad
494 466 33 20 uti
542 466 26 21 de
585 466 158 27 församlingar,
759 466 7 20 i
782 465 72 22 hvilka
868 472 62 20 expe-

178 496 132 23 ditionstaxa
324 498 48 22 icke
387 499 69 21 finnes
464 500 142 21 härförinnan
618 500 108 25 faststäld,
735 500 64 21 hafva
808 500 121 21 Ständerna

176 531 56 21 helst
248 533 72 21 denna
336 532 60 28 fråga
411 534 47 21 icke
475 535 45 20 står
536 535 6 20 i
559 535 134 27 nödvändigt
702 534 104 22 samband
817 536 40 20 med
871 535 58 21 löne-

177 566 134 28 regleringen
328 567 33 21 för
376 568 70 28 öfrigt,
463 569 31 21 uti
510 570 11 26 $
538 570 27 20 20
580 569 66 21 infört
662 576 27 14 en
705 569 135 27 bestämning
856 570 73 20 derom

177 603 33 19 att
233 602 42 20 den
294 602 8 20 i
318 603 13 25 8
349 603 24 20 11
389 603 91 27 intagna
495 606 67 18 taxan
578 607 76 24 genast
670 604 55 21 skall
740 604 66 21 lända
820 604 32 21 till
868 604 62 21 efter-

176 636 88 21 rättelse
288 638 5 18 i
317 636 132 28 församling,
473 638 88 21 hvarest
577 638 58 28 dylik
651 641 52 19 taxa
718 638 46 22 icke
780 639 65 21 redan
862 638 68 22 blifvit

176 670 107 26 faststäld,
306 678 49 14 men
370 672 8 20 i
393 672 69 28 öfriga
477 673 151 27 församlingar
644 673 54 21 först
714 674 65 20 sedan
795 672 133 28 regleringen

176 704 119 28 försiggått.

243 739 31 21 På
296 742 70 25 grund
389 741 24 21 af
432 742 57 21 hvad
513 742 91 22 sålunda
626 742 92 26 anförts,
740 742 22 21 få
784 742 39 21 hos
844 742 86 21 Eders

176 773 153 29 Kejserliga
347 776 125 27 Majestät
488 777 123 21 Ständerna
626 777 156 27 underdånigst
797 776 95 22 anmäla:

381 870 33 19 att
432 868 127 22 Ständerna
574 869 44 21 icke
632 869 92 21 kunnat
738 869 134 27 oförämdrad
886 876 42 15 an-

314 903 50 27 taga
382 903 43 21 den
439 904 83 28 nådiga
534 904 171 27 propositionen,
722 905 57 21 utan
793 904 35 27 för
843 904 36 21 sin
893 904 33 21 del

312 936 87 22 Veslutit
414 938 34 20 till
462 944 28 15 en
505 938 25 21 så
546 938 104 27 lydande:

451 1025 131 27 Förordning,
606 1025 109 28 angäende
731 1025 100 27 reglering
848 1025 20 21 af
882 1030 45 22 pre-

379 1059 128 28 sterskapets
529 1059 88 28 aflöning
642 1060 4 21 i
672 1059 80 22 landets
774 1060 156 27 evangelisk-lu-

378 1094 84 22 therska
478 1095 152 26 församlingar.

564 1176 15 20 I
596 1176 82 25 Kap.

491 1239 131 22 Allmänna
638 1238 116 27 grunder.

594 1310 17 24 $
625 1309 18 20 1.

500 1353 164 27 Presterskapet
684 1353 8 21 i
710 1353 74 28 hvarje
799 1352 129 28 församling

310 1393 51 15 vare
386 1387 36 27 för
444 1387 120 28 framtiden
588 1387 102 28 tryggadt
708 1387 36 22 vid
758 1387 131 28 ätnjutande
904 1387 28 27 af

310 1421 100 28 aflöning
432 1423 54 26 frän
514 1422 166 28 församlingen,
708 1421 33 22 till
763 1421 92 28 beloppet
876 1420 53 29 fullt

310 1457 152 21 motsvarande
484 1457 58 21 hvad
564 1456 116 22 härintills
701 1457 9 20 i
732 1456 80 22 sädant
826 1456 99 27 afseende
