1009 1739
255 127 35 22 U.
308 126 40 24 8.
363 139 28 4 —
408 125 36 24 Pi
523 122 58 26 N:o
596 124 46 25 1.

348 568 165 26 Statsutskottets
542 569 113 25 hemställan
684 576 28 19 om
736 568 94 26 förstärkt

280 603 132 25 Statsutskott
432 603 30 26 för
485 604 105 31 beviljande
612 603 21 25 af
653 603 95 25 särskilda
762 602 68 31 anslag

281 638 31 26 till
327 638 137 27 folkskolornas
480 638 7 27 i
502 639 66 26 landet
582 638 104 27 underhåll,

144 709 70 22 Sedan
238 707 174 23 Statsutskottets
436 708 82 27 förslag
541 708 33 22 till
594 707 202 28 sammanjemkning
810 706 24 24 af

76 743 105 23 Ständens
206 742 120 28 skiljaktiga
350 742 70 22 beslut
434 742 8 22 i
458 742 114 28 anledning
587 742 23 22 af
622 742 122 23 Utskottets
759 742 72 21 betän-

76 778 70 22 kande
160 777 40 22 N:o
226 778 26 21 10
276 783 34 15 om
325 776 73 28 anslag
412 776 24 22 af
448 776 197 28 bevillningsmedel
659 777 33 22 till
707 776 125 22 folkskolor-

76 818 38 16 nas
128 812 8 22 i
150 812 73 22 landet
244 811 110 22 underhåll
378 811 48 22 icke
448 811 73 22 blifvit
544 811 24 22 af
587 811 180 28 Borgareständet
781 810 51 28 god-

75 846 73 26 kändt,
163 846 8 22 i
182 846 36 22 det
232 846 184 27 Borgareständet,
432 845 134 23 beträffande
579 846 59 22 säväl
648 846 96 27 anslaget
751 845 33 23 till
793 851 38 15 un-

76 880 82 23 derhäll
183 880 23 22 af
227 880 144 22 folkskolorna
394 880 8 22 i
417 880 103 22 städerna
534 886 46 16 som
596 881 40 21 den
651 880 87 22 afsedda
752 879 79 27 förhöj-

76 915 77 27 ningen
168 915 23 21 af
204 915 26 21 de
245 914 47 22 utaf
304 914 107 22 allmänna
425 914 125 23 statsmedel
566 915 32 21 till
613 914 161 23 folkskollärare
792 913 39 23 och

76 950 118 21 lärarinnor
208 950 28 26 pä
250 949 72 21 landet
336 949 105 27 utgäende
456 949 132 28 lönebidrag,
603 949 106 22 vidblifvit
724 949 46 21 sina
784 948 50 21 tidi-

76 990 51 21 gare
140 983 8 22 i
163 983 65 22 saken
249 983 80 22 fattade
352 983 70 22 beslut
436 983 52 22 eller
502 985 33 20 att
549 983 96 28 anslaget
659 983 33 22 till
707 982 125 23 folkskolor-

76 1024 38 16 nas
128 1018 8 21 i
151 1018 100 22 städerna
265 1017 111 22 underhäll
391 1017 33 22 för
438 1018 52 21 ären
508 1018 62 27 1886,
587 1019 54 21 1887
656 1017 40 22 och
713 1018 54 21 1888
783 1017 50 21 fast-

76 1052 79 22 stäldes
179 1052 33 22 till
235 1052 75 22 inalles
327 1052 92 27 530,400
433 1052 63 22 mark
512 1053 7 20 i
534 1052 72 22 stället
620 1052 34 22 för
668 1052 67 27 enligt
747 1051 87 23 Utskot-

76 1088 48 25 tets,
140 1086 24 22 af
176 1087 27 21 de
218 1086 67 27 öfriga
299 1086 94 23 Ständen
408 1087 122 27 godkända,
545 1087 79 27 förslag
631 1086 33 23 till
672 1087 98 26 500,400,
778 1087 56 20 samt

76 1123 33 20 att
123 1121 146 27 förhöjningen
294 1120 23 22 af
336 1122 81 21 statens
432 1121 78 27 bidrag
525 1121 33 21 till
572 1121 262 27 folkskollärarepersona-

76 1156 45 21 lens
135 1155 28 28 pä
177 1155 73 22 landet
264 1154 91 28 aflöning
369 1155 85 22 bifölles
469 1155 77 22 endast
553 1155 68 23 under
631 1155 161 27 förutsättning,
803 1156 33 20 att

76 1190 152 22 kommunerna
242 1189 137 28 förpligtades
394 1189 90 28 bidraga
499 1189 34 22 till
548 1189 46 22 sina
608 1189 172 22 folkskollärares
795 1188 40 23 och

76 1224 130 22 lärarinnors
221 1223 91 28 aflöning
326 1223 28 28 pä
368 1225 44 20 sätt
426 1224 41 21 den
482 1223 25 23 af
520 1223 89 23 friherre
624 1231 41 15 von
680 1224 58 22 Born
753 1223 33 22 till
800 1223 36 22 be-

78 1257 117 23 tänkandet
209 1257 111 28 vidfogade
342 1258 52 21 sista
413 1258 160 23 reservationen
588 1260 98 21 närmare
701 1258 35 22 vid
751 1257 86 22 handen

76 1292 74 28 gifver,
166 1292 75 22 medan
255 1292 98 27 samtliga
368 1291 68 29 öfriga
451 1292 98 23 Ständen
564 1293 62 22 äfven
640 1293 8 21 i
663 1293 70 22 denna
743 1292 33 22 del
784 1292 52 27 god-

76 1327 52 21 känt
142 1326 120 22 Utskottets
278 1327 12 21 &
305 1326 38 22 sid.
361 1327 23 21 11
402 1327 7 20 i
424 1327 48 21 dess
488 1327 136 22 betänkande
638 1327 76 28 gjorda
722 1326 115 23 framställ
830 1322 10 37 -

76 1361 57 28 ning,
148 1360 54 22 böra
223 1360 84 27 jemlikt
322 1360 244 29 landtdagsordningens
582 1361 26 22 72
624 1361 12 29 &
652 1361 92 22 berörda
758 1363 77 20 tvenne

76 1395 156 28 anslagsfrägor
257 1395 140 22 öfverlemnas
423 1395 33 22 till
481 1395 105 22 förstärkt
610 1395 153 23 Statsutskotts
777 1395 58 28 afgö-

77 1429 72 22 rande.
179 1429 11 22 1
204 1429 76 24 sädant
294 1429 99 23 afseende
410 1429 33 22 fär
461 1429 166 25 Statsutskottet
642 1431 71 24 derför
728 1430 109 23 vördsamt

76 1463 98 28 föreslå

147 1503 150 20 Statsutskottets
310 1503 116 19 betänkande
440 1504 37 19 N:o
492 1505 27 19 10,
