1009 1739
262 153 80 22 Ständ.
358 153 36 23 Sv.
410 165 28 4 —
454 153 70 28 Prop.
540 153 41 22 N:o
596 153 34 22 25.

310 420 116 20 Finlands
444 419 122 22 Ständers
581 419 171 27 underdåniga
767 425 60 15 svar

277 460 4 20 i
302 460 110 26 anledning
432 460 21 20 af
470 460 54 21 Hans
540 460 114 27 Kejserliga
670 460 105 26 Majestäts
792 458 34 22 nå-

276 500 46 26 diga
338 500 125 26 proposition
480 505 32 15 om
530 500 108 26 bevillning
654 500 32 21 för
698 499 128 27 tillverkning

276 540 21 20 af
313 540 139 26 maltdrycker.

123 607 221 28 Stormäktigste,
369 607 205 28 Allernådigste
597 607 112 28 Kejsare
732 607 44 21 och

368 641 163 21 Storfurste!

140 699 39 22 Uti
199 699 63 27 nädig
277 698 135 28 proposition,
428 706 43 14 som
488 698 100 28 förelagts
604 699 81 21 landets
700 707 29 13 nu
744 698 85 22 försam-

72 733 46 21 lade
139 733 97 25 Ständer,
256 734 37 20 har
311 733 85 21 Eders
416 733 151 28 Kejserliga
587 733 127 28 Majestät
728 733 60 21 äskat
803 740 26 13 en

74 767 116 27 bevillning
211 767 32 21 för
258 767 137 27 tillverkning
411 767 23 21 af
448 768 142 27 maltdrycker
607 770 30 18 att
652 766 178 28 fortsättningsvis

74 801 66 21 under
159 801 141 21 instundande
322 801 138 28 treårsperiod
482 805 84 24 utgöras
586 802 7 20 i
613 801 217 21 öfverensstämmelse

73 835 49 21 med
138 835 183 28 bestämningarna
337 836 31 20 uti
384 844 28 12 nu
428 836 97 27 gällande
537 835 76 28 nådiga
623 835 121 27 förordning
756 835 6 20 i
774 834 57 22 detta

75 874 61 16 ämne
156 869 22 21 af
195 869 41 21 den
254 871 13 19 4
286 870 118 20 December
425 870 61 27 1882,
503 870 8 20 i
527 870 87 21 hvilken
631 869 65 21 likväl
711 868 64 28 några
790 868 41 21 för-

74 903 119 27 ändringar,
214 903 130 21 hänförande
364 903 32 28 sig
411 903 33 22 till
458 904 144 27 stadgandena
618 911 34 13 om
668 903 119 21 kontrollen
803 902 28 20 öf-

75 945 37 13 ver
127 937 173 27 tillverkningen,
316 940 79 19 ansetts
412 937 22 21 af
447 945 87 13 vunnen
552 937 119 22 erfarenhet
686 937 116 28 påkallade.

144 971 73 21 Jemte
236 971 204 28 tillkännagifvande
460 971 78 26 derom,
560 974 31 19 att
607 971 118 22 Ständerna
740 970 94 28 godkänt

76 1005 40 22 den
131 1005 76 26 nådiga
224 1005 156 28 propositionen
397 1005 7 21 i
420 1005 127 26 hufvudsak,
564 1005 22 21 få
601 1005 119 22 Ständerna
730 1003 103 22 underdå-

75 1039 57 28 nigst
147 1039 89 25 anmäla,
252 1042 30 19 att
298 1039 118 21 Ständerna
432 1039 36 21 vid
484 1039 221 28 detaljgranskningen
721 1038 23 21 af
755 1037 79 22 författ-

76 1073 162 28 ningsförslaget
253 1073 71 22 funnit
340 1073 46 21 skäl
401 1073 32 22 till
449 1073 93 28 följande
558 1073 172 28 anmärkningar:

147 1107 11 20 I
173 1114 63 14 mom.
254 1107 10 20 1
281 1107 23 21 af
318 1107 13 26 8
346 1108 14 20 5
376 1111 22 17 är
414 1107 23 21 af
450 1107 120 22 Ständerna
586 1107 103 28 inskjutet
702 1109 30 20 ett
742 1105 93 28 förtydli-

76 1141 67 28 gande
167 1141 79 28 tillägg,
269 1149 44 13 som
334 1141 192 28 vidhandengifver
545 1143 31 20 att
597 1141 40 21 den
656 1141 36 21 der
710 1139 126 23 föreskrifna

77 1175 283 28 anmälningsskyldigheten
383 1175 47 21 icke
452 1175 68 28 gäller
538 1175 7 20 i
565 1175 58 28 fråga
644 1182 33 14 om
696 1175 64 21 sådan
780 1174 56 21 hem-

76 1209 66 28 brygd
165 1209 125 28 maltdryck,
309 1217 43 14 som
373 1213 23 17 är
417 1209 32 22 till
468 1209 127 28 försäljning
614 1209 91 26 tillåten;
727 1209 110 21 hvaremot

78 1246 115 19 momentet
214 1244 12 20 2
246 1243 8 21 i
274 1251 80 13 samma
373 1244 20 25 &,
410 1243 67 22 såsom
494 1251 88 13 numera
598 1243 47 21 icke
660 1242 128 28 tillämpligt,
804 1249 34 12 an-

78 1281 50 18 setts
144 1278 51 21 böra
210 1277 124 22 utelemnas.

149 1312 117 21 Momentet
282 1312 12 20 3
310 1312 7 20 i
333 1313 13 25 8
363 1313 11 19 7
391 1311 23 22 af
428 1311 75 28 nådiga
520 1311 100 28 förslaget
634 1311 33 22 till
677 1310 122 28 förordning
809 1309 23 22 in

80 1345 94 22 nehäller
194 1348 30 19 ett
244 1349 48 24 nytt
310 1345 122 28 stadgande,
450 1345 139 28 hvarigenom
610 1345 91 22 Senaten
723 1345 68 21 skulle
806 1344 34 21 be-

79 1379 87 32 räftigas
182 1382 32 19 att
228 1379 7 21 i
251 1379 174 22 förekommande
441 1379 38 22 fall
496 1379 67 22 befria
579 1387 61 20 egare
655 1379 23 21 af
686 1378 97 29 bryggeri
793 1377 47 22 från

80 1413 149 28 skyldigheten
245 1416 31 19 att
291 1413 95 22 anskaffa
401 1413 195 28 författningsenlig
611 1413 155 28 sjelfverkande
781 1412 59 21 malt-

79 1449 89 24 mätare;
187 1448 39 21 och
247 1447 43 25 har,
313 1447 67 28 enligt
401 1447 56 22 hvad
478 1447 120 22 Ständerna
618 1447 55 22 varit
688 1447 7 20 i
711 1446 84 22 tillfälle
810 1447 32 19 att
