1009 1739
300 151 63 23 U.
340 145 29 38 B.
378 158 28 9 <
420 151 68 28 Prep.
503 150 39 23 N:o
557 149 33 25 27.
768 149 27 22 15

70 218 77 22 nedom
162 223 34 16 om
211 217 55 21 hvad
281 217 245 27 bevillningslängderna
535 216 41 22 och
586 215 239 28 bevillningskomitéer-

70 258 39 16 nas
130 251 108 28 protokoll
256 250 113 27 innehålla,
389 251 8 21 i
412 251 116 27 anledning
542 250 23 23 af
580 250 90 21 anförda
683 250 76 21 besvär
773 249 55 22 eller

70 285 181 22 kronoombudets
266 285 164 28 anmärkningar
446 285 86 22 besluta
547 291 34 16 om
596 285 67 21 sådan
678 284 88 22 rättelse
780 283 8 22 i
797 283 28 22 de

70 320 90 28 påförda
181 319 247 28 bevillningsafgifterna,
451 325 46 17 som
520 320 42 21 kan
581 319 69 22 finnas
668 319 49 22 med
735 318 93 22 rättvisa.

71 354 39 22 och
125 354 97 27 billighet
236 354 238 22 öfverensstämmande.

415 406 11 28 8
442 407 34 21 22.

136 445 207 28 Pröfningskomiten
365 446 74 22 består
462 446 23 21 af
502 446 64 28 högst
584 446 41 22 tolf
637 446 117 21 ledamöter
770 444 54 22 efter

71 480 147 22 Guvernörens
243 480 143 28 bepröfvande
409 481 49 21 med
480 480 102 22 afseende
604 480 13 22 &
638 480 70 22 länets
730 479 92 27 omfång.

70 515 68 21 Dessa
152 514 116 22 ledamöter
282 516 58 20 utses
355 515 23 21 af
392 514 140 22 Guvernören
546 515 74 21 ibland
630 515 26 21 de
666 514 33 22 för
710 514 45 22 äret
761 513 65 22 valde

70 549 136 22 medlemmar
220 549 32 21 uti
261 549 262 27 bevillningskomit&erna
531 550 59 21 inom
600 549 64 27 länet,
673 548 88 22 hvarvid
768 548 56 22 iakt-

70 586 59 25 tages
151 584 32 20 att
204 583 69 21 länets
295 584 105 21 särskilda
423 584 60 21 delar
502 585 56 20 samt
573 583 60 21 säväl
647 583 177 27 fastighetsegare

70 624 45 16 som
134 618 160 27 näringsidkare
314 618 38 22 och
367 618 111 29 löntagare
494 618 66 22 blifva
575 619 7 21 i
598 618 78 27 skäligt
690 616 133 23 förhällande

70 653 56 21 inom
140 652 95 22 komiten
248 653 181 27 representerade.
455 652 137 22 Beträffande
608 651 215 29 pröfningskomitens

70 687 159 27 förhandlingar
244 687 39 21 och
298 687 163 27 omröstningar,
478 687 39 21 der
532 687 122 27 skiljaktiga
666 686 110 27 meningar
785 692 38 20 yp-

71 728 43 21 pas,
137 723 55 19 samt
212 721 159 21 vederbörande
390 722 148 21 embetsverks
553 721 111 27 äliggande
680 723 32 19 att
725 720 98 22 meddela

71 755 118 22 affordrade
211 756 157 27 upplysningar,
390 756 59 27 gälla
470 756 8 21 i
497 756 126 27 tillämpliga
637 756 60 21 delar
712 755 112 21 enahanda

71 790 164 27 bestämmelser,
258 797 45 15 som
322 790 23 28 88
362 791 84 21 12—19
462 791 7 21 i
485 791 101 21 afseende
601 790 13 22 &
629 789 194 27 bevillningskomi-

70 826 37 20 ten
128 824 115 27 innehålla;
266 825 39 21 och
327 826 53 20 böra
401 826 110 26 exemplar
531 825 23 21 af
571 824 215 28 bevillningsstadgan
801 823 23 21 af

71 859 142 27 Guvernören,
230 859 27 21 dä
271 859 86 22 kallelse
372 860 116 26 meddelas,
504 860 216 27 pröfningskomit&ns
730 858 94 22 ledamö-

70 896 33 19 ter
117 894 178 21 tillhandahällas.

414 935 11 26 8
440 936 35 20 23.

137 973 207 28 Pröfningskomit6n
365 975 35 22 mä
423 975 47 22 icke
493 975 74 22 skrida
586 975 33 21 till
632 974 142 26 verksamhet,
790 972 34 22 sä-

71 1008 63 21 framt
153 1008 19 27 ej
192 1009 36 21 det
246 1009 59 22 antal
317 1010 117 21 ledamöter
449 1009 141 22 Guvernören
604 1009 93 22 bestämt
712 1010 24 19 är
750 1008 73 21 fullta-

70 1043 44 26 ligt,
129 1042 34 22 för
177 1043 80 22 hvilket
272 1043 98 22 ändamål
386 1045 140 26 suppleanter
541 1045 59 26 böra,
617 1045 37 20 der
668 1043 25 22 sä
708 1042 114 26 erfordras,

71 1077 22 21 af
106 1076 138 23 Guvernören
257 1078 102 21 tillkallas
373 1079 74 21 ibland
463 1079 146 21 ledamöterne
624 1079 7 20 i
646 1079 26 20 de
688 1078 33 21 för
732 1076 48 22 året
788 1077 34 20 ut-

70 1111 65 22 sedda
149 1111 258 28 bevillningskomitéerna
422 1113 7 21 i
444 1113 66 21 länet.

138 1145 137 22 Guvernören
292 1149 25 18 är
331 1147 219 27 pröfningskomiténs
566 1125 137 48 ordförande,
716 1146 48 22 med
779 1147 44 20 rät-

69 1179 68 28 tighet
151 1181 33 20 att
194 1180 10 33 i
220 1180 105 22 komiténs
338 1181 195 28 öfverläggningar,
548 1188 49 15 men
611 1181 47 22 icke
672 1182 8 21 i
695 1181 48 21 dess
753 1180 72 21 beslut

70 1214 90 27 deltaga.
190 1214 30 21 Ar
235 1214 136 23 Guvernören
386 1216 93 21 hindrad
494 1218 34 19 att
543 1215 215 28 pröfningskomiténs
768 1221 55 14 sam-

70 1248 144 21 mankomster
235 1249 82 27 bivista,
340 1249 56 22 föres
419 1250 63 21 ordet
504 1251 24 20 af
548 1251 41 21 den
607 1250 139 21 Guvernören
764 1249 7 20 i
783 1248 41 21 sitt

70 1283 61 21 ställe
146 1283 70 21 dertill
231 1283 117 22 förordnar.
374 1284 84 21 Uteblir
473 1285 95 22 ledamot
583 1285 52 21 eller
645 1285 47 21 dess
703 1283 120 28 suppleant,

69 1319 52 20 utan
135 1317 78 27 förfall,
228 1317 48 22 från
290 1318 106 21 komiténs
412 1319 166 27 sammanträde,
594 1319 49 22 böte
658 1319 79 27 fyratio
750 1317 73 26 mark;

70 1351 39 22 och
124 1352 38 21 bör
177 1352 100 27 komitén,
292 1353 71 21 derest
376 1353 118 27 ingendera
503 1354 197 22 tillstädeskommit
709 1353 40 21 och
756 1353 67 20 komi-

69 1387 37 21 tén
120 1385 82 23 således
216 1387 18 27 ej
250 1387 42 21 kan
307 1387 63 22 träda
384 1388 8 21 i
406 1388 145 27 verksamhet,
566 1389 86 26 vidtaga
666 1387 112 22 enahanda
791 1386 34 21 åt-

69 1421 59 26 gärd,
153 1427 45 15 som
222 1421 32 21 uti
275 1421 11 27 $
310 1422 26 21 12
358 1424 24 19 är
403 1422 7 21 i
430 1423 70 26 dylikt
516 1423 38 22 fall
568 1423 33 21 för
616 1421 209 28 bevillningskomité

69 1454 145 22 föreskrifven.

138 1494 211 23 Bevillningsutskottets
361 1495 118 18 betänkande
491 1496 39 18 N:o
542 1497 18 17 5.
