1009 1739
318 161 23 18 U.
354 161 24 19 B.
393 171 19 3 —
425 147 63 38 Prop.
500 161 38 19 N:o
551 161 28 19 17.
787 162 22 17 4

285 217 76 22 enhvar
384 218 8 20 i
414 218 36 21 sitt
472 218 44 26 län,
534 218 154 21 sammankalla
702 218 132 27 fullmäktige

284 251 36 26 för
342 251 68 22 länets
431 251 123 22 kommuner
576 254 30 19 att
622 252 30 26 pä
668 253 59 20 extra
742 251 92 28 länsting

285 285 120 28 öfverlägga
424 285 36 22 och
479 285 79 22 besluta
576 293 33 14 om
627 286 114 26 införande
756 287 23 24 af
795 286 39 21 den

284 320 9 19 i
306 320 64 26 sagde
385 319 33 27 lag
433 320 109 27 medgifna
556 319 244 27 länsrepresentationen.

323 353 41 22 Vid
385 353 78 22 sädant
484 355 60 20 extra
562 354 93 27 länsting
674 354 37 21 bör
728 353 56 27 först
798 354 35 26 af-

284 389 70 25 göras,
377 387 105 22 huruvida
504 387 58 22 länet
579 387 54 22 skall
649 388 71 21 säsom
739 389 27 20 ett
781 388 53 21 enda

284 421 192 26 länstingsomräde
494 421 113 21 bibehållas
626 421 55 26 eller,
696 422 48 20 med
757 421 76 21 iaktta-

284 455 68 27 gande
363 455 24 25 af
398 454 54 22 hvad
462 455 142 26 förenämnda
617 455 33 27 lag
662 456 72 20 derom
741 456 92 26 stadgar,

284 488 93 26 fördelas
400 488 8 21 i
430 489 35 21 två
487 489 49 21 eller
550 489 52 26 flera
620 489 88 26 sådana,
727 495 54 21 noga
800 488 33 22 be-

284 522 84 22 stämda
386 523 106 21 områden.
524 522 99 27 Derefter
638 523 37 21 bör
689 529 73 21 genom
777 522 57 22 enkel

286 556 145 27 röstöfvervigt
450 556 95 27 beslutas,
569 564 32 14 om
624 557 210 26 länsrepresentation

284 590 54 22 skall
359 590 9 21 i
390 590 33 22 det
446 590 48 22 eller
514 591 24 21 de
556 591 92 21 sälunda
662 590 172 27 öfverenskomna

285 625 218 27 länstingsomrädena
509 627 73 25 genast
590 626 88 26 införas,
686 625 50 21 eller
743 632 33 14 om
784 625 50 21 här-

285 659 47 21 med
346 659 37 21 mä
398 659 116 21 tillsvidare
529 660 68 20 anstå.
619 659 24 21 -I
654 659 134 21 sistnämnda
800 658 33 22 be-

285 693 43 21 slut
350 692 86 28 deltaga,
460 700 33 14 om
513 693 191 21 länet
575 688 6 36 '
587 693 117 21 bibehållits
721 694 71 20 såsom
807 694 28 20 ett

286 727 52 21 enda
361 726 198 28 länstingsområde,
582 727 97 27 samtlige
700 726 134 22 närvarande

285 760 186 27 länsfullmäktige,
487 768 47 14 men
549 761 9 21 i
572 763 64 19 annat
650 761 40 26 fall
700 761 74 21 endast
784 760 50 26 full-

286 794 90 27 mäktige
394 795 36 25 för
445 794 25 21 de
485 795 32 21 till
532 795 94 21 området
640 795 9 21 i
663 795 65 27 fråga
742 794 92 22 hörande

286 828 155 22 kommunerna.

542 892 15 28 $
572 893 22 20 2.

318 930 48 22 Har
384 932 40 22 vidi
439 933 59 20 extra
517 932 93 26 länsting
628 932 99 25 beslutits,
743 933 30 20 att
788 932 47 20 med

288 965 121 26 införandet
427 965 27 26 af
470 965 93 27 länsting
581 965 9 21 i
606 966 65 26 något
686 965 148 27 länstingsom-

286 999 51 20 räde
352 999 54 21 skall
420 1000 69 25 anstä,
504 1000 37 20 mä
552 999 73 21 dervid
636 999 70 26 blifva.
728 999 60 21 Dock
800 999 36 21 mä

285 1033 64 26 fråga
364 1039 33 14 om
412 1033 248 26 länsrepresentationens
674 1033 162 26 införande
794 1029 10 35 i
811 1029 28 35 de

287 1066 211 27 länstingsomräden,
515 1067 37 21 der
566 1067 78 21 sädant
658 1067 42 22 icke
710 1067 58 26 skett,
781 1067 54 27 änyo

287 1101 35 20 vid
336 1102 58 20 extra
410 1101 94 27 länsting
518 1103 110 25 upptagas,
644 1101 8 21 i
664 1101 40 26 fall
714 1101 88 26 flertalet
812 1101 24 26 af

286 1135 105 21 omrädets
413 1135 122 21 kommuner
556 1135 37 21 hos
610 1135 136 22 Guvernören
765 1135 71 21 derom

286 1168 95 21 anhäller
393 1168 49 21 eller
450 1169 101 21 Senatens
558 1169 278 26 Ekonomie-Departement

286 1202 70 26 finner
370 1202 48 21 skäl
433 1203 71 21 dertill
519 1203 108 26 förordna.

541 1266 16 27 8
574 1267 20 19 3.

319 1305 47 21 Der
381 1305 93 27 länsting
486 1306 106 25 inrättats,
605 1306 39 21 bör
654 1306 24 26 af
689 1307 34 20 det
733 1306 36 26 för
777 1306 58 21 läns-

285 1339 55 27 tings
359 1339 102 22 ändamäl
480 1339 100 28 beviljade
599 1340 73 27 anslag
686 1347 27 14 ur
728 1340 108 21 allmänna

286 1373 65 21 medel
368 1374 26 20 sä
408 1375 53 20 stort
476 1373 74 27 belopp
564 1374 74 21 ställas
652 1375 32 20 till
699 1375 75 26 tingets
789 1375 47 25 för-

286 1407 97 27 togande,
406 1414 44 15 som
473 1407 53 26 efter
545 1409 105 20 områdets
664 1408 126 27 folkmängd
803 1409 33 26 sig

287 1441 51 21 derä
354 1441 86 26 belöper.

147 1480 45 21 Lag-
205 1481 30 16 och
247 1480 169 18 Ekonomiutskottets
428 1481 106 17 betänkande
545 1482 35 16 N:o
592 1482 17 16 2.
