1009 1739
204 159 13 20 4
504 157 40 24 N:o
560 157 39 24 23.

473 224 39 21 II
528 224 104 27 Kap.

174 267 121 30 Angående
316 268 104 29 beloppet
434 269 26 22 af
472 269 39 23 det
526 269 124 30 stämplade
664 275 92 24 papper,
772 275 46 17 som
833 270 8 22 i
856 270 78 29 hvarje

424 303 42 23 fall
481 304 61 23 skall
557 304 121 29 begagnas.

528 357 13 26 8
556 358 21 19 4.

242 395 97 22 Landets
362 395 124 28 domstolar,
509 396 138 22 embetsverk
668 396 40 22 och
728 397 154 26 myndigheter,
898 397 36 22 vid

174 429 72 22 hvilka
268 430 174 27 stämpelpapper
464 431 56 21 skall
542 431 118 27 begagnas,
683 430 101 22 hänföras
804 431 7 21 i
827 431 60 21 detta
902 431 31 21 af-

176 464 80 22 seende
271 464 33 21 till
318 464 46 27 fyra
378 465 106 22 särskilda
500 464 140 28 afdelningar,
656 465 117 27 nämligen:

243 498 79 22 Första
338 499 143 27 afdelningen:
496 499 97 22 Senaten
609 499 40 22 och
666 500 49 21 dess
730 499 152 27 expeditioner,
893 500 39 21 Mi-

174 532 292 24 nister-Statssekreteraren
482 534 40 22 och
537 534 61 22 Hans
613 534 104 28 Majestät
731 534 117 28 Kejsarens
862 534 71 22 kansli

176 567 34 22 för
224 567 92 22 Finland
332 570 56 19 samt
403 568 41 22 den
459 569 34 21 vid
511 568 216 22 Statssekretariatet
741 568 92 22 tillsatta
848 569 85 22 Komité

174 601 33 23 för
221 601 71 23 finska
307 602 101 22 ärenden.

242 636 78 22 Andra
336 637 144 28 afdelningen:
495 638 119 26 Hofrätter,
626 633 252 31 Öfverkrigsdomstolen,
891 638 42 21 Ge-

175 671 194 27 neralguvernören
392 672 59 22 öfver
469 672 92 22 Finland
576 672 40 22 och
633 673 50 21 dess
699 672 75 26 kansli,
790 672 142 22 Alexanders-

175 705 168 22 Universitetets
366 706 93 22 Kansler
474 707 41 21 och
531 707 147 27 Vicekansler,
694 706 239 22 Prokuratorsembetet

174 740 7 21 i
197 740 95 22 Senaten
307 742 56 20 samt
378 741 132 22 Ständernas
526 741 204 27 Bankfullmäktige.

244 774 74 28 Tredje
333 776 147 27 afdelningen:
493 776 195 27 Länestyrelserna
702 777 57 21 samt
775 775 105 22 ordinarie
892 775 40 21 och

174 809 48 21 vice
236 809 211 23 Landssekreterare
462 810 40 22 och
518 810 205 27 Landskamrerare,
734 810 70 22 finska
813 810 119 27 Passexpe-

173 843 97 22 ditionen
292 844 8 21 i
320 844 32 22 S:t
366 844 137 28 Petersburg,
520 845 230 27 Medicinalstyrelsen,
766 844 165 28 Poststyrelsen,

175 873 173 33 Öfverstyrelsen
365 879 33 21 för
414 880 108 21 allmänna
537 880 160 27 byggnaderna,
714 874 171 32 Öfverstyrelsen
899 878 34 22 för

173 913 192 27 pressärenderna,
376 914 240 28 Fångvårdsstyrelsen,
628 914 128 22 Statistiska
767 913 165 26 embetsverket,

172 946 103 22 Finlands
292 948 145 27 Statskontor,
453 949 102 21 Finlands
570 949 63 21 Bank
648 948 48 22 med
708 948 160 27 underlydande
878 948 54 21 kon-

172 982 36 20 tor
224 981 40 22 och
280 984 122 25 agenturer,
419 983 278 26 Generaltulldirektionen,
714 977 170 32 Öfverstyrelsen
899 981 33 22 för

173 1015 54 22 lots-
250 1016 41 21 och
308 1016 186 28 fyrinrättningen,
514 1017 211 27 Industristyrelsen,
740 1016 114 22 Allmänna
869 1016 63 21 Revi-

172 1049 141 28 sionsrätten,
336 1051 117 22 Direktorn
470 1051 33 22 för
518 1051 71 22 finska
604 1051 179 26 kadettkorpsen,
800 1051 132 26 Generalgu-

173 1085 119 21 vernörens
308 1085 59 22 öfver
382 1086 91 21 Finland
492 1086 50 21 stab
562 1085 33 22 för
613 1085 71 22 finska
699 1085 113 26 militären,
827 1085 104 22 Föredra-

173 1119 85 26 ganden
274 1119 40 22 hos
330 1119 183 28 Krigsministern,
529 1119 259 28 Befälhafvarestyrelsen
802 1121 55 20 samt
866 1119 66 22 Kom-

170 1153 145 22 mendörerne
333 1154 54 21 eller
406 1154 84 22 befälen
505 1154 60 22 öfver
579 1154 71 22 finska
665 1156 125 25 trupperna,
806 1154 125 27 Krigskom-

173 1187 140 27 missariatet,
329 1189 311 22 Alexanders-Universitetets
651 1187 166 28 Konsistorium,
828 1189 103 21 Rektors-

173 1221 93 27 embete,
275 1222 133 27 Fakulteter,
415 1223 249 22 Examinationsutskott
669 1223 41 22 och
715 1223 216 26 Ekonomiedivision,
946 1239 3 2 .

172 1251 173 33 Öfverstyrelsen
360 1257 34 22 för
408 1258 160 27 skolväsendet,
584 1257 159 28 Domkapitlen,
760 1253 171 32 Öfverstyrelsen

170 1289 35 23 för
226 1292 52 26 väg-
301 1291 41 22 och
365 1271 321 53 vattenkommunikationerna,
708 1287 221 42 Jernvägsstyrelsen,

170 1324 108 23 Cheferne
299 1325 34 22 för
355 1326 196 27 Ingeniörkorpsen
571 1327 41 21 och
632 1326 208 28 Statsjernvägarne,
856 1321 74 26 Öfver-

170 1359 109 28 styrelsen
293 1359 34 22 för
346 1360 169 28 landtmäteriet,
531 1361 172 28 Forststyrelsen
718 1362 57 20 samt
789 1360 141 27 Inspektören

167 1393 36 22 för
217 1393 133 22 fiskerierna.

237 1427 79 28 Fjerde
338 1429 148 28 afdelningen:
509 1429 199 27 Rädstufvurätter,
731 1429 139 27 Magistrater
890 1428 41 23 och

170 1462 179 27 Ordningsrätter
372 1465 57 20 samt
450 1464 114 22 städernas
580 1464 183 26 Drätselkamrar,
779 1463 95 21 Härads-
890 1463 40 22 och
