1009 1739
402 156 39 24 N:o
456 156 29 23 17.
764 159 26 20 25

412 225 11 25 8
440 225 32 20 62.

132 264 84 21 Besvär
238 262 60 23 öfver
320 263 104 27 länstings
444 263 74 22 beslut
536 264 35 21 mä
586 264 18 27 ej
622 270 39 21 ega
676 270 54 20 rum,
746 263 74 22 sävida

64 298 48 22 icke
128 298 42 22 den
185 298 113 27 klagande,
314 304 51 16 vare
380 298 34 27 sig
423 297 102 22 kommun
535 298 52 22 eller
598 298 90 25 enskild,
699 298 79 21 tilltror
788 297 33 27 sig

65 333 73 21 kunna
159 333 47 22 visa
229 333 32 22 sin
284 334 44 20 rätt
345 339 51 16 vara
416 339 77 21 genom
508 333 96 22 beslutet
619 333 86 27 kränkt,
722 333 51 22 eller
788 333 33 21 att

66 367 38 22 det
118 367 48 22 icke
182 368 7 21 i
204 368 49 27 laga
268 367 90 28 ordning
373 367 129 28 tillkommit,
520 367 52 22 eller
588 369 32 20 att
636 368 36 21 det
688 367 79 22 strider
777 368 45 21 mot

65 402 42 27 lag,
129 402 40 22 och
188 403 36 21 mä
239 402 41 21 den
295 402 107 27 klagande
417 402 7 21 i
440 402 78 22 sädant
532 402 44 27 fall,
592 402 57 22 inom
664 402 74 22 trettio
755 401 67 28 dagar

66 436 46 22 från
128 437 41 21 den
186 437 42 27 dag
244 436 28 22 dä
286 436 95 22 beslutet
395 436 75 27 blifvit,
486 437 29 27 pä
530 438 45 20 sätt
589 437 7 21 i
612 436 13 29 &
640 438 25 20 41
683 438 69 26 säges,
768 436 53 22 kun-

67 471 77 27 gjordt,
168 471 33 21 till
224 471 139 22 Guvernören
381 470 79 28 ingifva
478 471 47 21 sina
540 471 32 21 till
588 471 104 27 Kejsaren
708 471 40 22 och
763 471 60 21 Stor-

66 505 84 22 fursten
164 506 8 20 i
188 505 171 27 underdänighet
375 505 79 27 stälda,
470 505 22 22 af
508 506 37 22 det
561 505 151 28 öfverklagade
727 505 96 23 beslutet

68 539 89 29 ätföljda
172 540 85 22 besvär.

413 604 13 25 8
442 605 34 20 63.

138 644 76 21 Denna
228 643 36 27 lag
279 644 73 22 träder
367 643 7 22 i
390 643 99 27 gällande
504 643 57 22 kraft
576 644 41 22 den
634 646 9 19 1
660 644 88 22 Januari
765 645 26 20 18

310 758 109 27 Förslag
453 758 42 27 till
504 758 146 35 förordning,
660 759 163 28 innefattande

275 798 129 28 förändrad
420 798 94 35 lydelse
531 798 37 28 för
585 799 32 27 40
636 800 16 33 $
670 800 10 26 i
686 799 138 28 förordnin-

276 845 48 27 gen
345 839 45 26 den
412 839 26 27 17
462 838 65 28 Mars
550 839 61 33 1879,
636 840 124 34 angäende
778 838 46 28 all-

277 880 89 26 männa
389 879 168 33 fattigvärden
574 880 10 26 i
602 879 223 28 Storfurstendömet

278 919 110 27 Finland.

140 999 51 22 Med
207 999 90 27 ändring
312 999 22 22 af
347 999 27 22 40
390 1000 13 26 8
420 999 6 22 i
442 999 151 28 förordningen
604 1001 41 21 den
657 1001 25 21 17
693 1000 58 22 Mars
764 1000 61 25 1879,

72 1033 111 28 angäende
199 1034 105 21 allmänna
314 1033 150 28 fattigvärden,
480 1035 77 21 varder
567 1035 124 27 härigenom
702 1034 124 22 förordnadt

72 1069 32 20 att
120 1068 67 27 sagda
202 1069 14 26 $
232 1068 54 22 skall
302 1069 81 21 erhälla
398 1068 94 28 följande
508 1069 94 22 ändrade
617 1069 91 28 lydelse:

418 1144 14 26 8
448 1145 34 20 40.

141 1188 81 28 Hvarje
240 1188 232 27 fattigvärdssamhälle
490 1189 45 22 läte
551 1190 33 27 sig
599 1190 115 27 angeläget
729 1195 51 16 vara
795 1189 33 21 att

71 1222 81 21 inrätta
172 1223 156 21 arbetsanstalt
342 1223 32 22 för
390 1223 54 27 dem,
461 1229 46 16 som
523 1224 35 21 stä
573 1225 67 21 under
655 1223 173 28 fattigvärdssty-

71 1256 83 22 relsens
169 1257 183 26 husbondevälde,
368 1258 7 21 i
390 1258 82 21 hvilket
486 1258 102 22 afseende
604 1259 36 21 det
655 1258 110 25 samhälle,
782 1263 46 16 som

72 1292 84 20 ensamt
180 1291 47 22 icke
250 1292 84 21 mäktar
356 1292 92 21 bekosta
466 1293 58 27 dylik
543 1293 80 21 anstalt
638 1295 23 19 är
677 1293 103 25 obetaget
796 1293 32 20 att

72 1325 72 21 derom
160 1324 75 23 förena
251 1326 32 27 sig
299 1326 49 21 med
364 1328 66 19 annat
445 1327 115 26 samhälle;
577 1327 55 21 dock
647 1327 61 26 skall,
725 1326 28 21 då
767 1325 61 27 fråga

72 1361 24 19 är
111 1365 34 16 om
160 1359 124 22 inrättande
299 1359 23 22 af
335 1361 241 26 tvångsarbetsanstalt,
592 1361 98 21 anmälan
706 1360 74 22 derom
790 1361 38 26 gö-

71 1400 35 15 ras
128 1393 40 22 hos
192 1394 124 27 länstinget,
338 1401 47 15 som
400 1395 39 21 har
455 1397 33 19 att
502 1395 7 21 i
526 1396 88 21 ärendet
630 1395 54 22 fatta
700 1395 72 22 beslut
788 1394 40 22 och

72 1428 119 21 detsamma
207 1429 31 20 till
254 1428 106 22 Senatens
376 1428 99 27 pröfning
491 1429 135 22 öfverlemna.
