<?xml version="1.0" encoding="UTF-8"?>
<alto xmlns="http://www.loc.gov/standards/alto/ns-v3#" xmlns:xlink="http://www.w3.org/1999/xlink" xmlns:xsi="http://www.w3.org/2001/XMLSchema-instance" xsi:schemaLocation="http://www.loc.gov/standards/alto/ns-v3# http://www.loc.gov/alto/v3/alto-3-0.xsd">
	<Description>
		<MeasurementUnit>pixel</MeasurementUnit>
		<sourceImageInformation>
			<fileName>/tmp/tess_xqn72kw2_input.PNG</fileName>
		</sourceImageInformation>
		<OCRProcessing ID="OCR_0">
			<ocrProcessingStep>
				<processingSoftware>
					<softwareName>tesseract 5.3.4</softwareName>
				</processingSoftware>
			</ocrProcessingStep>
		</OCRProcessing>
	</Description>
	<Layout>
		<Page WIDTH="1009" HEIGHT="1739" PHYSICAL_IMG_NR="0" ID="page_0">
			<PrintSpace HPOS="0" VPOS="0" WIDTH="1009" HEIGHT="1739">
				<GraphicalElement ID="cblock_0" HPOS="0" VPOS="716" WIDTH="5" HEIGHT="464"></GraphicalElement >
				<ComposedBlock ID="cblock_1" HPOS="176" VPOS="162" WIDTH="524" HEIGHT="29">
					<TextBlock ID="block_0" HPOS="176" VPOS="162" WIDTH="524" HEIGHT="29">
						<TextLine ID="line_0" HPOS="176" VPOS="162" WIDTH="524" HEIGHT="29">
							<String ID="string_0" HPOS="176" VPOS="163" WIDTH="13" HEIGHT="20" WC="0.96" CONTENT="2"/><SP WIDTH="151" VPOS="163" HPOS="189"/>
							<String ID="string_1" HPOS="340" VPOS="162" WIDTH="78" HEIGHT="25" WC="0.84" CONTENT="Ständ."/><SP WIDTH="16" VPOS="162" HPOS="418"/>
							<String ID="string_2" HPOS="434" VPOS="164" WIDTH="35" HEIGHT="23" WC="0.93" CONTENT="Sv."/><SP WIDTH="16" VPOS="164" HPOS="469"/>
							<String ID="string_3" HPOS="485" VPOS="176" WIDTH="27" HEIGHT="3" WC="0.92" CONTENT="—"/><SP WIDTH="16" VPOS="176" HPOS="512"/>
							<String ID="string_4" HPOS="528" VPOS="163" WIDTH="68" HEIGHT="28" WC="0.96" CONTENT="Prop."/><SP WIDTH="16" VPOS="163" HPOS="596"/>
							<String ID="string_5" HPOS="612" VPOS="163" WIDTH="41" HEIGHT="22" WC="0.96" CONTENT="N:o"/><SP WIDTH="15" VPOS="163" HPOS="653"/>
							<String ID="string_6" HPOS="668" VPOS="162" WIDTH="32" HEIGHT="23" WC="0.95" CONTENT="31."/>
						</TextLine>
					</TextBlock>
				</ComposedBlock>
				<ComposedBlock ID="cblock_2" HPOS="146" VPOS="225" WIDTH="750" HEIGHT="689">
					<TextBlock ID="block_1" HPOS="146" VPOS="225" WIDTH="750" HEIGHT="689">
						<TextLine ID="line_1" HPOS="216" VPOS="225" WIDTH="680" HEIGHT="32">
							<String ID="string_7" HPOS="216" VPOS="225" WIDTH="38" HEIGHT="23" WC="0.96" CONTENT="Då"/><SP WIDTH="18" VPOS="225" HPOS="254"/>
							<String ID="string_8" HPOS="272" VPOS="227" WIDTH="8" HEIGHT="21" WC="0.95" CONTENT="i"/><SP WIDTH="22" VPOS="227" HPOS="280"/>
							<String ID="string_9" HPOS="302" VPOS="227" WIDTH="26" HEIGHT="21" WC="0.89" CONTENT="14"/><SP WIDTH="16" VPOS="227" HPOS="328"/>
							<String ID="string_10" HPOS="344" VPOS="229" WIDTH="11" HEIGHT="24" WC="0.89" CONTENT="$"/><SP WIDTH="15" VPOS="229" HPOS="355"/>
							<String ID="string_11" HPOS="370" VPOS="228" WIDTH="13" HEIGHT="21" WC="0.96" CONTENT="4"/><SP WIDTH="15" VPOS="228" HPOS="383"/>
							<String ID="string_12" HPOS="398" VPOS="227" WIDTH="53" HEIGHT="30" WC="0.95" CONTENT="kap."/><SP WIDTH="17" VPOS="227" HPOS="451"/>
							<String ID="string_13" HPOS="468" VPOS="227" WIDTH="104" HEIGHT="30" WC="0.96" CONTENT="stadgas,"/><SP WIDTH="15" VPOS="227" HPOS="572"/>
							<String ID="string_14" HPOS="587" VPOS="229" WIDTH="34" HEIGHT="20" WC="0.96" CONTENT="att"/><SP WIDTH="15" VPOS="229" HPOS="621"/>
							<String ID="string_15" HPOS="636" VPOS="228" WIDTH="116" HEIGHT="21" WC="0.96" CONTENT="närmaste"/><SP WIDTH="15" VPOS="228" HPOS="752"/>
							<String ID="string_16" HPOS="767" VPOS="226" WIDTH="89" HEIGHT="23" WC="0.96" CONTENT="förman"/><SP WIDTH="16" VPOS="226" HPOS="856"/>
							<String ID="string_17" HPOS="872" VPOS="226" WIDTH="24" HEIGHT="23" WC="0.96" CONTENT="af"/>
						</TextLine>
						<TextLine ID="line_2" HPOS="148" VPOS="260" WIDTH="745" HEIGHT="31">
							<String ID="string_18" HPOS="148" VPOS="260" WIDTH="149" HEIGHT="29" WC="0.91" CONTENT="officersgrad"/><SP WIDTH="15" VPOS="260" HPOS="297"/>
							<String ID="string_19" HPOS="312" VPOS="268" WIDTH="52" HEIGHT="21" WC="0.96" CONTENT="eger"/><SP WIDTH="16" VPOS="268" HPOS="364"/>
							<String ID="string_20" HPOS="380" VPOS="263" WIDTH="112" HEIGHT="28" WC="0.96" CONTENT="rättighet"/><SP WIDTH="16" VPOS="263" HPOS="492"/>
							<String ID="string_21" HPOS="508" VPOS="264" WIDTH="34" HEIGHT="21" WC="0.96" CONTENT="att"/><SP WIDTH="14" VPOS="264" HPOS="542"/>
							<String ID="string_22" HPOS="556" VPOS="261" WIDTH="122" HEIGHT="29" WC="0.96" CONTENT="fastställa,"/><SP WIDTH="12" VPOS="261" HPOS="678"/>
							<String ID="string_23" HPOS="690" VPOS="260" WIDTH="73" HEIGHT="23" WC="0.96" CONTENT="ändra"/><SP WIDTH="8" VPOS="260" HPOS="763"/>
							<String ID="string_24" HPOS="771" VPOS="260" WIDTH="56" HEIGHT="23" WC="0.92" CONTENT="eller"/><SP WIDTH="8" VPOS="260" HPOS="827"/>
							<String ID="string_25" HPOS="835" VPOS="269" WIDTH="58" HEIGHT="21" WC="0.92" CONTENT="upp-"/>
						</TextLine>
						<TextLine ID="line_3" HPOS="148" VPOS="295" WIDTH="744" HEIGHT="32">
							<String ID="string_26" HPOS="148" VPOS="295" WIDTH="71" HEIGHT="23" WC="0.91" CONTENT="häfva"/><SP WIDTH="22" VPOS="295" HPOS="219"/>
							<String ID="string_27" HPOS="241" VPOS="295" WIDTH="185" HEIGHT="32" WC="0.91" CONTENT="ordningsstraff,"/><SP WIDTH="22" VPOS="295" HPOS="426"/>
							<String ID="string_28" HPOS="448" VPOS="305" WIDTH="51" HEIGHT="15" WC="0.95" CONTENT="som"/><SP WIDTH="19" VPOS="305" HPOS="499"/>
							<String ID="string_29" HPOS="518" VPOS="297" WIDTH="77" HEIGHT="28" WC="0.95" CONTENT="ålagts"/><SP WIDTH="16" VPOS="297" HPOS="595"/>
							<String ID="string_30" HPOS="611" VPOS="296" WIDTH="25" HEIGHT="23" WC="0.96" CONTENT="af"/><SP WIDTH="12" VPOS="296" HPOS="636"/>
							<String ID="string_31" HPOS="648" VPOS="295" WIDTH="159" HEIGHT="30" WC="0.96" CONTENT="underofficer,"/><SP WIDTH="15" VPOS="295" HPOS="807"/>
							<String ID="string_32" HPOS="822" VPOS="303" WIDTH="70" HEIGHT="21" WC="0.96" CONTENT="synes"/>
						</TextLine>
						<TextLine ID="line_4" HPOS="148" VPOS="329" WIDTH="744" HEIGHT="32">
							<String ID="string_33" HPOS="148" VPOS="329" WIDTH="62" HEIGHT="24" WC="0.96" CONTENT="detta"/><SP WIDTH="14" VPOS="329" HPOS="210"/>
							<String ID="string_34" HPOS="224" VPOS="329" WIDTH="130" HEIGHT="30" WC="0.96" CONTENT="stadgande"/><SP WIDTH="14" VPOS="329" HPOS="354"/>
							<String ID="string_35" HPOS="368" VPOS="331" WIDTH="99" HEIGHT="30" WC="0.95" CONTENT="påkalla"/><SP WIDTH="16" VPOS="331" HPOS="467"/>
							<String ID="string_36" HPOS="483" VPOS="334" WIDTH="33" HEIGHT="20" WC="0.96" CONTENT="ett"/><SP WIDTH="14" VPOS="334" HPOS="516"/>
							<String ID="string_37" HPOS="530" VPOS="331" WIDTH="142" HEIGHT="28" WC="0.96" CONTENT="uttryckligt"/><SP WIDTH="14" VPOS="331" HPOS="672"/>
							<String ID="string_38" HPOS="686" VPOS="329" WIDTH="122" HEIGHT="23" WC="0.92" CONTENT="uttalande"/><SP WIDTH="14" VPOS="329" HPOS="808"/>
							<String ID="string_39" HPOS="822" VPOS="331" WIDTH="22" HEIGHT="24" WC="0.90" CONTENT="i$"/><SP WIDTH="13" VPOS="331" HPOS="844"/>
							<String ID="string_40" HPOS="857" VPOS="331" WIDTH="35" HEIGHT="28" WC="0.91" CONTENT="45,"/>
						</TextLine>
						<TextLine ID="line_5" HPOS="148" VPOS="363" WIDTH="744" HEIGHT="32">
							<String ID="string_41" HPOS="148" VPOS="366" WIDTH="33" HEIGHT="21" WC="0.95" CONTENT="att"/><SP WIDTH="22" VPOS="366" HPOS="181"/>
							<String ID="string_42" HPOS="203" VPOS="364" WIDTH="78" HEIGHT="23" WC="0.93" CONTENT="denna"/><SP WIDTH="21" VPOS="364" HPOS="281"/>
							<String ID="string_43" HPOS="302" VPOS="368" WIDTH="11" HEIGHT="23" WC="0.92" CONTENT="$"/><SP WIDTH="15" VPOS="368" HPOS="313"/>
							<String ID="string_44" HPOS="328" VPOS="366" WIDTH="19" HEIGHT="29" WC="0.96" CONTENT="ej"/><SP WIDTH="16" VPOS="366" HPOS="347"/>
							<String ID="string_45" HPOS="363" VPOS="365" WIDTH="83" HEIGHT="23" WC="0.96" CONTENT="hänför"/><SP WIDTH="15" VPOS="365" HPOS="446"/>
							<String ID="string_46" HPOS="461" VPOS="367" WIDTH="38" HEIGHT="27" WC="0.96" CONTENT="sig"/><SP WIDTH="15" VPOS="367" HPOS="499"/>
							<String ID="string_47" HPOS="514" VPOS="365" WIDTH="39" HEIGHT="23" WC="0.93" CONTENT="till"/><SP WIDTH="15" VPOS="365" HPOS="553"/>
							<String ID="string_48" HPOS="568" VPOS="365" WIDTH="203" HEIGHT="23" WC="0.91" CONTENT="underofficerares"/><SP WIDTH="15" VPOS="365" HPOS="771"/>
							<String ID="string_49" HPOS="786" VPOS="363" WIDTH="106" HEIGHT="24" WC="0.91" CONTENT="straffbe-"/>
						</TextLine>
						<TextLine ID="line_6" HPOS="146" VPOS="398" WIDTH="746" HEIGHT="31">
							<String ID="string_50" HPOS="146" VPOS="399" WIDTH="114" HEIGHT="29" WC="0.91" CONTENT="fogenhet."/><SP WIDTH="37" VPOS="399" HPOS="260"/>
							<String ID="string_51" HPOS="297" VPOS="399" WIDTH="82" HEIGHT="24" WC="0.87" CONTENT="Såsom"/><SP WIDTH="25" VPOS="399" HPOS="379"/>
							<String ID="string_52" HPOS="404" VPOS="401" WIDTH="138" HEIGHT="28" WC="0.93" CONTENT="ytterligare"/><SP WIDTH="23" VPOS="401" HPOS="542"/>
							<String ID="string_53" HPOS="565" VPOS="398" WIDTH="162" HEIGHT="24" WC="0.91" CONTENT="förbiseenden"/><SP WIDTH="24" VPOS="398" HPOS="727"/>
							<String ID="string_54" HPOS="751" VPOS="400" WIDTH="8" HEIGHT="21" WC="0.96" CONTENT="i"/><SP WIDTH="23" VPOS="400" HPOS="759"/>
							<String ID="string_55" HPOS="782" VPOS="399" WIDTH="110" HEIGHT="28" WC="0.95" CONTENT="förslaget"/>
						</TextLine>
						<TextLine ID="line_7" HPOS="147" VPOS="433" WIDTH="745" HEIGHT="31">
							<String ID="string_56" HPOS="147" VPOS="433" WIDTH="71" HEIGHT="23" WC="0.93" CONTENT="hafva"/><SP WIDTH="22" VPOS="433" HPOS="218"/>
							<String ID="string_57" HPOS="240" VPOS="433" WIDTH="130" HEIGHT="24" WC="0.91" CONTENT="Ständerna"/><SP WIDTH="23" VPOS="433" HPOS="370"/>
							<String ID="string_58" HPOS="393" VPOS="437" WIDTH="76" HEIGHT="21" WC="0.95" CONTENT="ansett"/><SP WIDTH="21" VPOS="437" HPOS="469"/>
							<String ID="string_59" HPOS="490" VPOS="435" WIDTH="38" HEIGHT="28" WC="0.96" CONTENT="sig"/><SP WIDTH="19" VPOS="435" HPOS="528"/>
							<String ID="string_60" HPOS="547" VPOS="434" WIDTH="56" HEIGHT="23" WC="0.96" CONTENT="böra"/><SP WIDTH="15" VPOS="434" HPOS="603"/>
							<String ID="string_61" HPOS="618" VPOS="433" WIDTH="120" HEIGHT="31" WC="0.96" CONTENT="anmärka,"/><SP WIDTH="17" VPOS="433" HPOS="738"/>
							<String ID="string_62" HPOS="755" VPOS="435" WIDTH="33" HEIGHT="21" WC="0.95" CONTENT="att"/><SP WIDTH="14" VPOS="435" HPOS="788"/>
							<String ID="string_63" HPOS="802" VPOS="434" WIDTH="8" HEIGHT="21" WC="0.96" CONTENT="i"/><SP WIDTH="16" VPOS="434" HPOS="810"/>
							<String ID="string_64" HPOS="826" VPOS="436" WIDTH="23" HEIGHT="23" WC="0.96" CONTENT="$$"/><SP WIDTH="16" VPOS="436" HPOS="849"/>
							<String ID="string_65" HPOS="865" VPOS="434" WIDTH="27" HEIGHT="21" WC="0.96" CONTENT="62"/>
						</TextLine>
						<TextLine ID="line_8" HPOS="147" VPOS="468" WIDTH="745" HEIGHT="28">
							<String ID="string_66" HPOS="147" VPOS="468" WIDTH="44" HEIGHT="22" WC="0.89" CONTENT="oeh"/><SP WIDTH="21" VPOS="468" HPOS="191"/>
							<String ID="string_67" HPOS="212" VPOS="470" WIDTH="28" HEIGHT="20" WC="0.96" CONTENT="69"/><SP WIDTH="23" VPOS="470" HPOS="240"/>
							<String ID="string_68" HPOS="263" VPOS="469" WIDTH="81" HEIGHT="22" WC="0.90" CONTENT="citeras"/><SP WIDTH="22" VPOS="469" HPOS="344"/>
							<String ID="string_69" HPOS="366" VPOS="472" WIDTH="24" HEIGHT="24" WC="0.64" CONTENT="$$"/><SP WIDTH="18" VPOS="472" HPOS="390"/>
							<String ID="string_70" HPOS="408" VPOS="470" WIDTH="42" HEIGHT="22" WC="0.96" CONTENT="209"/><SP WIDTH="16" VPOS="470" HPOS="450"/>
							<String ID="string_71" HPOS="466" VPOS="470" WIDTH="44" HEIGHT="22" WC="0.96" CONTENT="och"/><SP WIDTH="16" VPOS="470" HPOS="510"/>
							<String ID="string_72" HPOS="526" VPOS="470" WIDTH="28" HEIGHT="21" WC="0.95" CONTENT="90"/><SP WIDTH="14" VPOS="470" HPOS="554"/>
							<String ID="string_73" HPOS="568" VPOS="470" WIDTH="8" HEIGHT="22" WC="0.95" CONTENT="i"/><SP WIDTH="15" VPOS="470" HPOS="576"/>
							<String ID="string_74" HPOS="591" VPOS="468" WIDTH="137" HEIGHT="28" WC="0.96" CONTENT="strafflagen"/><SP WIDTH="16" VPOS="468" HPOS="728"/>
							<String ID="string_75" HPOS="744" VPOS="468" WIDTH="8" HEIGHT="22" WC="0.96" CONTENT="i"/><SP WIDTH="15" VPOS="468" HPOS="752"/>
							<String ID="string_76" HPOS="767" VPOS="468" WIDTH="78" HEIGHT="22" WC="0.96" CONTENT="stället"/><SP WIDTH="14" VPOS="468" HPOS="845"/>
							<String ID="string_77" HPOS="859" VPOS="468" WIDTH="33" HEIGHT="22" WC="0.96" CONTENT="för"/>
						</TextLine>
						<TextLine ID="line_9" HPOS="147" VPOS="502" WIDTH="745" HEIGHT="32">
							<String ID="string_78" HPOS="147" VPOS="505" WIDTH="24" HEIGHT="23" WC="0.94" CONTENT="$$"/><SP WIDTH="22" VPOS="505" HPOS="171"/>
							<String ID="string_79" HPOS="193" VPOS="503" WIDTH="40" HEIGHT="22" WC="0.96" CONTENT="207"/><SP WIDTH="24" VPOS="503" HPOS="233"/>
							<String ID="string_80" HPOS="257" VPOS="503" WIDTH="43" HEIGHT="23" WC="0.96" CONTENT="och"/><SP WIDTH="22" VPOS="503" HPOS="300"/>
							<String ID="string_81" HPOS="322" VPOS="504" WIDTH="34" HEIGHT="30" WC="0.96" CONTENT="89,"/><SP WIDTH="15" VPOS="504" HPOS="356"/>
							<String ID="string_82" HPOS="371" VPOS="506" WIDTH="61" HEIGHT="20" WC="0.96" CONTENT="samt"/><SP WIDTH="15" VPOS="506" HPOS="432"/>
							<String ID="string_83" HPOS="447" VPOS="506" WIDTH="34" HEIGHT="20" WC="0.93" CONTENT="att"/><SP WIDTH="15" VPOS="506" HPOS="481"/>
							<String ID="string_84" HPOS="496" VPOS="503" WIDTH="215" HEIGHT="29" WC="0.92" CONTENT="ordningstadgans"/><SP WIDTH="16" VPOS="503" HPOS="711"/>
							<String ID="string_85" HPOS="727" VPOS="503" WIDTH="13" HEIGHT="21" WC="0.97" CONTENT="9"/><SP WIDTH="16" VPOS="503" HPOS="740"/>
							<String ID="string_86" HPOS="756" VPOS="502" WIDTH="52" HEIGHT="29" WC="0.95" CONTENT="kap."/><SP WIDTH="16" VPOS="502" HPOS="808"/>
							<String ID="string_87" HPOS="824" VPOS="503" WIDTH="8" HEIGHT="21" WC="0.96" CONTENT="i"/><SP WIDTH="16" VPOS="503" HPOS="832"/>
							<String ID="string_88" HPOS="848" VPOS="502" WIDTH="44" HEIGHT="23" WC="0.97" CONTENT="den"/>
						</TextLine>
						<TextLine ID="line_10" HPOS="147" VPOS="536" WIDTH="746" HEIGHT="32">
							<String ID="string_89" HPOS="147" VPOS="536" WIDTH="79" HEIGHT="24" WC="0.96" CONTENT="finska"/><SP WIDTH="21" VPOS="536" HPOS="226"/>
							<String ID="string_90" HPOS="247" VPOS="539" WIDTH="79" HEIGHT="21" WC="0.96" CONTENT="texten"/><SP WIDTH="22" VPOS="539" HPOS="326"/>
							<String ID="string_91" HPOS="348" VPOS="545" WIDTH="85" HEIGHT="21" WC="0.96" CONTENT="genom"/><SP WIDTH="14" VPOS="545" HPOS="433"/>
							<String ID="string_92" HPOS="447" VPOS="538" WIDTH="103" HEIGHT="30" WC="0.96" CONTENT="tryckfel"/><SP WIDTH="16" VPOS="538" HPOS="550"/>
							<String ID="string_93" HPOS="566" VPOS="538" WIDTH="80" HEIGHT="23" WC="0.93" CONTENT="blifvit"/><SP WIDTH="14" VPOS="538" HPOS="646"/>
							<String ID="string_94" HPOS="660" VPOS="536" WIDTH="143" HEIGHT="24" WC="0.89" CONTENT="betecknadt"/><SP WIDTH="14" VPOS="536" HPOS="803"/>
							<String ID="string_95" HPOS="817" VPOS="537" WIDTH="76" HEIGHT="23" WC="0.96" CONTENT="såsom"/>
						</TextLine>
						<TextLine ID="line_11" HPOS="148" VPOS="570" WIDTH="745" HEIGHT="32">
							<String ID="string_96" HPOS="148" VPOS="570" WIDTH="39" HEIGHT="24" WC="0.93" CONTENT="det"/><SP WIDTH="18" VPOS="570" HPOS="187"/>
							<String ID="string_97" HPOS="205" VPOS="571" WIDTH="55" HEIGHT="23" WC="0.91" CONTENT="7:de."/><SP WIDTH="29" VPOS="571" HPOS="260"/>
							<String ID="string_98" HPOS="289" VPOS="572" WIDTH="118" HEIGHT="29" WC="0.75" CONTENT="Slutligen"/><SP WIDTH="18" VPOS="572" HPOS="407"/>
							<String ID="string_99" HPOS="425" VPOS="573" WIDTH="24" HEIGHT="23" WC="0.93" CONTENT="få"/><SP WIDTH="15" VPOS="573" HPOS="449"/>
							<String ID="string_100" HPOS="464" VPOS="572" WIDTH="132" HEIGHT="24" WC="0.91" CONTENT="Ständerna"/><SP WIDTH="15" VPOS="572" HPOS="596"/>
							<String ID="string_101" HPOS="611" VPOS="572" WIDTH="99" HEIGHT="30" WC="0.96" CONTENT="påpeka,"/><SP WIDTH="16" VPOS="572" HPOS="710"/>
							<String ID="string_102" HPOS="726" VPOS="574" WIDTH="34" HEIGHT="20" WC="0.96" CONTENT="att"/><SP WIDTH="15" VPOS="574" HPOS="760"/>
							<String ID="string_103" HPOS="775" VPOS="573" WIDTH="53" HEIGHT="21" WC="0.96" CONTENT="enär"/><SP WIDTH="16" VPOS="573" HPOS="828"/>
							<String ID="string_104" HPOS="844" VPOS="572" WIDTH="7" HEIGHT="22" WC="0.96" CONTENT="i"/><SP WIDTH="17" VPOS="572" HPOS="851"/>
							<String ID="string_105" HPOS="868" VPOS="572" WIDTH="25" HEIGHT="22" WC="0.96" CONTENT="18"/>
						</TextLine>
						<TextLine ID="line_12" HPOS="148" VPOS="606" WIDTH="746" HEIGHT="30">
							<String ID="string_106" HPOS="148" VPOS="609" WIDTH="11" HEIGHT="23" WC="0.92" CONTENT="$"/><SP WIDTH="21" VPOS="609" HPOS="159"/>
							<String ID="string_107" HPOS="180" VPOS="606" WIDTH="24" HEIGHT="22" WC="0.95" CONTENT="af"/><SP WIDTH="12" VPOS="606" HPOS="204"/>
							<String ID="string_108" HPOS="216" VPOS="606" WIDTH="40" HEIGHT="23" WC="0.96" CONTENT="det"/><SP WIDTH="14" VPOS="606" HPOS="256"/>
							<String ID="string_109" HPOS="270" VPOS="614" WIDTH="32" HEIGHT="15" WC="0.93" CONTENT="nu"/><SP WIDTH="15" VPOS="614" HPOS="302"/>
							<String ID="string_110" HPOS="317" VPOS="607" WIDTH="119" HEIGHT="29" WC="0.91" CONTENT="förelagda"/><SP WIDTH="15" VPOS="607" HPOS="436"/>
							<String ID="string_111" HPOS="451" VPOS="607" WIDTH="111" HEIGHT="29" WC="0.96" CONTENT="förslaget"/><SP WIDTH="15" VPOS="607" HPOS="562"/>
							<String ID="string_112" HPOS="577" VPOS="607" WIDTH="38" HEIGHT="23" WC="0.93" CONTENT="till"/><SP WIDTH="15" VPOS="607" HPOS="615"/>
							<String ID="string_113" HPOS="630" VPOS="606" WIDTH="197" HEIGHT="28" WC="0.91" CONTENT="militärstrafflag"/><SP WIDTH="15" VPOS="606" HPOS="827"/>
							<String ID="string_114" HPOS="842" VPOS="606" WIDTH="52" HEIGHT="22" WC="0.95" CONTENT="icke"/>
						</TextLine>
						<TextLine ID="line_13" HPOS="148" VPOS="640" WIDTH="745" HEIGHT="30">
							<String ID="string_115" HPOS="148" VPOS="641" WIDTH="67" HEIGHT="28" WC="0.96" CONTENT="ingår"/><SP WIDTH="22" VPOS="641" HPOS="215"/>
							<String ID="string_116" HPOS="237" VPOS="641" WIDTH="78" HEIGHT="29" WC="0.96" CONTENT="någon"/><SP WIDTH="22" VPOS="641" HPOS="315"/>
							<String ID="string_117" HPOS="337" VPOS="642" WIDTH="151" HEIGHT="28" WC="0.96" CONTENT="bestämning"/><SP WIDTH="21" VPOS="642" HPOS="488"/>
							<String ID="string_118" HPOS="509" VPOS="642" WIDTH="78" HEIGHT="23" WC="0.96" CONTENT="derom"/><SP WIDTH="16" VPOS="642" HPOS="587"/>
							<String ID="string_119" HPOS="603" VPOS="644" WIDTH="34" HEIGHT="20" WC="0.96" CONTENT="att"/><SP WIDTH="14" VPOS="644" HPOS="637"/>
							<String ID="string_120" HPOS="651" VPOS="640" WIDTH="151" HEIGHT="24" WC="0.96" CONTENT="underofficer"/><SP WIDTH="15" VPOS="640" HPOS="802"/>
							<String ID="string_121" HPOS="817" VPOS="641" WIDTH="76" HEIGHT="22" WC="0.96" CONTENT="såsom"/>
						</TextLine>
						<TextLine ID="line_14" HPOS="147" VPOS="675" WIDTH="747" HEIGHT="30">
							<String ID="string_122" HPOS="147" VPOS="675" WIDTH="181" HEIGHT="29" WC="0.92" CONTENT="ordningsstraff"/><SP WIDTH="12" VPOS="675" HPOS="328"/>
							<String ID="string_123" HPOS="340" VPOS="676" WIDTH="81" HEIGHT="24" WC="0.96" CONTENT="kunde"/><SP WIDTH="15" VPOS="676" HPOS="421"/>
							<String ID="string_124" HPOS="436" VPOS="677" WIDTH="99" HEIGHT="28" WC="0.93" CONTENT="åläggas"/><SP WIDTH="17" VPOS="677" HPOS="535"/>
							<String ID="string_125" HPOS="552" VPOS="676" WIDTH="98" HEIGHT="24" WC="0.92" CONTENT="»förlust"/><SP WIDTH="14" VPOS="676" HPOS="650"/>
							<String ID="string_126" HPOS="664" VPOS="676" WIDTH="25" HEIGHT="23" WC="0.93" CONTENT="af"/><SP WIDTH="13" VPOS="676" HPOS="689"/>
							<String ID="string_127" HPOS="702" VPOS="675" WIDTH="133" HEIGHT="23" WC="0.92" CONTENT="anförtrodd"/><SP WIDTH="12" VPOS="675" HPOS="835"/>
							<String ID="string_128" HPOS="847" VPOS="677" WIDTH="47" HEIGHT="21" WC="0.93" CONTENT="sär-"/>
						</TextLine>
						<TextLine ID="line_15" HPOS="147" VPOS="710" WIDTH="747" HEIGHT="32">
							<String ID="string_129" HPOS="147" VPOS="710" WIDTH="65" HEIGHT="23" WC="0.93" CONTENT="skild"/><SP WIDTH="18" VPOS="710" HPOS="212"/>
							<String ID="string_130" HPOS="230" VPOS="710" WIDTH="152" HEIGHT="32" WC="0.82" CONTENT="befattning«,"/><SP WIDTH="18" VPOS="710" HPOS="382"/>
							<String ID="string_131" HPOS="400" VPOS="711" WIDTH="48" HEIGHT="23" WC="0.96" CONTENT="slik"/><SP WIDTH="18" VPOS="711" HPOS="448"/>
							<String ID="string_132" HPOS="466" VPOS="711" WIDTH="90" HEIGHT="31" WC="0.96" CONTENT="påföljd"/><SP WIDTH="19" VPOS="711" HPOS="556"/>
							<String ID="string_133" HPOS="575" VPOS="712" WIDTH="19" HEIGHT="29" WC="0.96" CONTENT="ej"/><SP WIDTH="16" VPOS="712" HPOS="594"/>
							<String ID="string_134" HPOS="610" VPOS="711" WIDTH="76" HEIGHT="23" WC="0.96" CONTENT="heller"/><SP WIDTH="15" VPOS="711" HPOS="686"/>
							<String ID="string_135" HPOS="701" VPOS="711" WIDTH="48" HEIGHT="23" WC="0.96" CONTENT="kan"/><SP WIDTH="17" VPOS="711" HPOS="749"/>
							<String ID="string_136" HPOS="766" VPOS="712" WIDTH="7" HEIGHT="22" WC="0.93" CONTENT="i"/><SP WIDTH="16" VPOS="712" HPOS="773"/>
							<String ID="string_137" HPOS="789" VPOS="710" WIDTH="105" HEIGHT="30" WC="0.92" CONTENT="discipli-"/>
						</TextLine>
						<TextLine ID="line_16" HPOS="148" VPOS="744" WIDTH="745" HEIGHT="32">
							<String ID="string_138" HPOS="148" VPOS="746" WIDTH="42" HEIGHT="21" WC="0.96" CONTENT="när"/><SP WIDTH="15" VPOS="746" HPOS="190"/>
							<String ID="string_139" HPOS="205" VPOS="746" WIDTH="47" HEIGHT="28" WC="0.93" CONTENT="väg"/><SP WIDTH="14" VPOS="746" HPOS="252"/>
							<String ID="string_140" HPOS="266" VPOS="744" WIDTH="152" HEIGHT="25" WC="0.92" CONTENT="underofficer"/><SP WIDTH="15" VPOS="744" HPOS="418"/>
							<String ID="string_141" HPOS="433" VPOS="746" WIDTH="103" HEIGHT="30" WC="0.45" CONTENT="adömas,"/><SP WIDTH="15" VPOS="746" HPOS="536"/>
							<String ID="string_142" HPOS="551" VPOS="745" WIDTH="96" HEIGHT="23" WC="0.93" CONTENT="hvadan"/><SP WIDTH="15" VPOS="745" HPOS="647"/>
							<String ID="string_143" HPOS="662" VPOS="745" WIDTH="140" HEIGHT="29" WC="0.92" CONTENT="stadgandet"/><SP WIDTH="10" VPOS="745" HPOS="802"/>
							<String ID="string_144" HPOS="812" VPOS="745" WIDTH="81" HEIGHT="23" WC="0.96" CONTENT="härom"/>
						</TextLine>
						<TextLine ID="line_17" HPOS="148" VPOS="779" WIDTH="745" HEIGHT="31">
							<String ID="string_145" HPOS="148" VPOS="779" WIDTH="41" HEIGHT="23" WC="0.93" CONTENT="bör"/><SP WIDTH="15" VPOS="779" HPOS="189"/>
							<String ID="string_146" HPOS="204" VPOS="780" WIDTH="113" HEIGHT="23" WC="0.92" CONTENT="uteslutas"/><SP WIDTH="15" VPOS="780" HPOS="317"/>
							<String ID="string_147" HPOS="332" VPOS="780" WIDTH="51" HEIGHT="23" WC="0.93" CONTENT="frän"/><SP WIDTH="16" VPOS="780" HPOS="383"/>
							<String ID="string_148" HPOS="399" VPOS="788" WIDTH="69" HEIGHT="16" WC="0.96" CONTENT="mom."/><SP WIDTH="14" VPOS="788" HPOS="468"/>
							<String ID="string_149" HPOS="482" VPOS="781" WIDTH="28" HEIGHT="28" WC="0.93" CONTENT="b)"/><SP WIDTH="15" VPOS="781" HPOS="510"/>
							<String ID="string_150" HPOS="525" VPOS="780" WIDTH="83" HEIGHT="30" WC="0.93" CONTENT="punkt."/><SP WIDTH="16" VPOS="780" HPOS="608"/>
							<String ID="string_151" HPOS="624" VPOS="782" WIDTH="14" HEIGHT="20" WC="0.96" CONTENT="4"/><SP WIDTH="15" VPOS="782" HPOS="638"/>
							<String ID="string_152" HPOS="653" VPOS="781" WIDTH="25" HEIGHT="22" WC="0.96" CONTENT="af"/><SP WIDTH="12" VPOS="781" HPOS="678"/>
							<String ID="string_153" HPOS="690" VPOS="782" WIDTH="13" HEIGHT="20" WC="0.93" CONTENT="8"/><SP WIDTH="16" VPOS="782" HPOS="703"/>
							<String ID="string_154" HPOS="719" VPOS="783" WIDTH="11" HEIGHT="23" WC="0.93" CONTENT="$"/><SP WIDTH="17" VPOS="783" HPOS="730"/>
							<String ID="string_155" HPOS="747" VPOS="781" WIDTH="8" HEIGHT="21" WC="0.93" CONTENT="i"/><SP WIDTH="15" VPOS="781" HPOS="755"/>
							<String ID="string_156" HPOS="770" VPOS="779" WIDTH="123" HEIGHT="29" WC="0.91" CONTENT="ordnings-"/>
						</TextLine>
						<TextLine ID="line_18" HPOS="148" VPOS="813" WIDTH="746" HEIGHT="32">
							<String ID="string_157" HPOS="148" VPOS="813" WIDTH="104" HEIGHT="29" WC="0.90" CONTENT="stadgan."/><SP WIDTH="29" VPOS="813" HPOS="252"/>
							<String ID="string_158" HPOS="281" VPOS="814" WIDTH="37" HEIGHT="23" WC="0.96" CONTENT="En"/><SP WIDTH="21" VPOS="814" HPOS="318"/>
							<String ID="string_159" HPOS="339" VPOS="815" WIDTH="137" HEIGHT="29" WC="0.96" CONTENT="ytterligare"/><SP WIDTH="22" VPOS="815" HPOS="476"/>
							<String ID="string_160" HPOS="498" VPOS="815" WIDTH="58" HEIGHT="30" WC="0.96" CONTENT="följd"/><SP WIDTH="23" VPOS="815" HPOS="556"/>
							<String ID="string_161" HPOS="579" VPOS="815" WIDTH="25" HEIGHT="23" WC="0.96" CONTENT="af"/><SP WIDTH="20" VPOS="815" HPOS="604"/>
							<String ID="string_162" HPOS="624" VPOS="815" WIDTH="78" HEIGHT="23" WC="0.93" CONTENT="denna"/><SP WIDTH="15" VPOS="815" HPOS="702"/>
							<String ID="string_163" HPOS="717" VPOS="814" WIDTH="177" HEIGHT="28" WC="0.92" CONTENT="omständighet"/>
						</TextLine>
						<TextLine ID="line_19" HPOS="148" VPOS="848" WIDTH="746" HEIGHT="33">
							<String ID="string_164" HPOS="148" VPOS="856" WIDTH="70" HEIGHT="22" WC="0.91" CONTENT="synes"/><SP WIDTH="22" VPOS="856" HPOS="218"/>
							<String ID="string_165" HPOS="240" VPOS="850" WIDTH="45" HEIGHT="22" WC="0.91" CONTENT="ock"/><SP WIDTH="21" VPOS="850" HPOS="285"/>
							<String ID="string_166" HPOS="306" VPOS="857" WIDTH="62" HEIGHT="24" WC="0.95" CONTENT="vara,"/><SP WIDTH="16" VPOS="857" HPOS="368"/>
							<String ID="string_167" HPOS="384" VPOS="852" WIDTH="34" HEIGHT="21" WC="0.95" CONTENT="att"/><SP WIDTH="23" VPOS="852" HPOS="418"/>
							<String ID="string_168" HPOS="441" VPOS="852" WIDTH="4" HEIGHT="20" WC="0.96" CONTENT="2"/><SP WIDTH="16" VPOS="852" HPOS="445"/>
							<String ID="string_169" HPOS="461" VPOS="858" WIDTH="68" HEIGHT="15" WC="0.96" CONTENT="mom."/><SP WIDTH="17" VPOS="858" HPOS="529"/>
							<String ID="string_170" HPOS="546" VPOS="851" WIDTH="8" HEIGHT="21" WC="0.96" CONTENT="i"/><SP WIDTH="16" VPOS="851" HPOS="554"/>
							<String ID="string_171" HPOS="570" VPOS="851" WIDTH="25" HEIGHT="21" WC="0.93" CONTENT="77"/><SP WIDTH="17" VPOS="851" HPOS="595"/>
							<String ID="string_172" HPOS="612" VPOS="852" WIDTH="11" HEIGHT="24" WC="0.93" CONTENT="$"/><SP WIDTH="15" VPOS="852" HPOS="623"/>
							<String ID="string_173" HPOS="638" VPOS="849" WIDTH="72" HEIGHT="23" WC="0.93" CONTENT="borde"/><SP WIDTH="17" VPOS="849" HPOS="710"/>
							<String ID="string_174" HPOS="727" VPOS="849" WIDTH="106" HEIGHT="28" WC="0.92" CONTENT="undergä"/><SP WIDTH="16" VPOS="849" HPOS="833"/>
							<String ID="string_175" HPOS="849" VPOS="848" WIDTH="45" HEIGHT="23" WC="0.96" CONTENT="den"/>
						</TextLine>
						<TextLine ID="line_20" HPOS="148" VPOS="883" WIDTH="661" HEIGHT="31">
							<String ID="string_176" HPOS="148" VPOS="884" WIDTH="162" HEIGHT="28" WC="0.95" CONTENT="omarbetning"/><SP WIDTH="16" VPOS="884" HPOS="310"/>
							<String ID="string_177" HPOS="326" VPOS="886" WIDTH="32" HEIGHT="21" WC="0.93" CONTENT="att"/><SP WIDTH="15" VPOS="886" HPOS="358"/>
							<String ID="string_178" HPOS="373" VPOS="884" WIDTH="81" HEIGHT="30" WC="0.96" CONTENT="dylikt"/><SP WIDTH="14" VPOS="884" HPOS="454"/>
							<String ID="string_179" HPOS="468" VPOS="884" WIDTH="68" HEIGHT="24" WC="0.93" CONTENT="straff"/><SP WIDTH="14" VPOS="884" HPOS="536"/>
							<String ID="string_180" HPOS="550" VPOS="886" WIDTH="18" HEIGHT="28" WC="0.92" CONTENT="ej"/><SP WIDTH="18" VPOS="886" HPOS="568"/>
							<String ID="string_181" HPOS="586" VPOS="884" WIDTH="49" HEIGHT="23" WC="0.92" CONTENT="deri"/><SP WIDTH="15" VPOS="884" HPOS="635"/>
							<String ID="string_182" HPOS="650" VPOS="883" WIDTH="159" HEIGHT="24" WC="0.96" CONTENT="omnämndes."/>
						</TextLine>
					</TextBlock>
				</ComposedBlock>
				<ComposedBlock ID="cblock_3" HPOS="218" VPOS="952" WIDTH="436" HEIGHT="75">
					<TextBlock ID="block_2" HPOS="218" VPOS="952" WIDTH="436" HEIGHT="75">
						<TextLine ID="line_21" HPOS="218" VPOS="952" WIDTH="436" HEIGHT="24">
							<String ID="string_183" HPOS="218" VPOS="952" WIDTH="115" HEIGHT="24" WC="0.93" CONTENT="Finlands"/><SP WIDTH="15" VPOS="952" HPOS="333"/>
							<String ID="string_184" HPOS="348" VPOS="954" WIDTH="100" HEIGHT="22" WC="0.92" CONTENT="Ständer"/><SP WIDTH="15" VPOS="954" HPOS="448"/>
							<String ID="string_185" HPOS="463" VPOS="952" WIDTH="135" HEIGHT="24" WC="0.92" CONTENT="framhärda"/><SP WIDTH="15" VPOS="952" HPOS="598"/>
							<String ID="string_186" HPOS="613" VPOS="956" WIDTH="41" HEIGHT="20" WC="0.92" CONTENT="etc."/>
						</TextLine>
						<TextLine ID="line_22" HPOS="219" VPOS="999" WIDTH="407" HEIGHT="28">
							<String ID="string_187" HPOS="219" VPOS="999" WIDTH="146" HEIGHT="28" WC="0.96" CONTENT="Helsingfors"/><SP WIDTH="16" VPOS="999" HPOS="365"/>
							<String ID="string_188" HPOS="381" VPOS="999" WIDTH="45" HEIGHT="24" WC="0.96" CONTENT="den"/><SP WIDTH="16" VPOS="999" HPOS="426"/>
							<String ID="string_189" HPOS="442" VPOS="1001" WIDTH="26" HEIGHT="20" WC="0.96" CONTENT="31"/><SP WIDTH="18" VPOS="1001" HPOS="468"/>
							<String ID="string_190" HPOS="486" VPOS="1000" WIDTH="64" HEIGHT="22" WC="0.96" CONTENT="Mars"/><SP WIDTH="17" VPOS="1000" HPOS="550"/>
							<String ID="string_191" HPOS="567" VPOS="1001" WIDTH="59" HEIGHT="20" WC="0.94" CONTENT="1885."/>
						</TextLine>
					</TextBlock>
				</ComposedBlock>
				<GraphicalElement ID="cblock_4" HPOS="289" VPOS="1436" WIDTH="485" HEIGHT="2"></GraphicalElement >
				<ComposedBlock ID="cblock_5" HPOS="279" VPOS="1453" WIDTH="489" HEIGHT="22">
					<TextBlock ID="block_3" HPOS="279" VPOS="1453" WIDTH="489" HEIGHT="22">
						<TextLine ID="line_23" HPOS="279" VPOS="1453" WIDTH="489" HEIGHT="22">
							<String ID="string_192" HPOS="279" VPOS="1453" WIDTH="115" HEIGHT="21" WC="0.93" CONTENT="Helsingfors,"/><SP WIDTH="13" VPOS="1453" HPOS="394"/>
							<String ID="string_193" HPOS="407" VPOS="1453" WIDTH="16" HEIGHT="17" WC="0.90" CONTENT="J."/><SP WIDTH="14" VPOS="1453" HPOS="423"/>
							<String ID="string_194" HPOS="437" VPOS="1453" WIDTH="66" HEIGHT="17" WC="0.91" CONTENT="Simelii"/><SP WIDTH="14" VPOS="1453" HPOS="503"/>
							<String ID="string_195" HPOS="517" VPOS="1453" WIDTH="95" HEIGHT="22" WC="0.91" CONTENT="arfvingars"/><SP WIDTH="12" VPOS="1453" HPOS="612"/>
							<String ID="string_196" HPOS="624" VPOS="1454" WIDTH="82" HEIGHT="21" WC="0.96" CONTENT="tryckeri,"/><SP WIDTH="14" VPOS="1454" HPOS="706"/>
							<String ID="string_197" HPOS="720" VPOS="1455" WIDTH="48" HEIGHT="16" WC="0.96" CONTENT="1885."/>
						</TextLine>
					</TextBlock>
				</ComposedBlock>
			</PrintSpace>
		</Page>
	</Layout>
</alto>
