1009 1739
322 177 23 19 U.
358 178 21 18 B.
392 187 22 4 —
427 177 61 24 Prop.
501 178 39 24 N:o
553 178 28 21 17,
782 178 22 17 49

70 234 54 26 våga
145 236 40 24 tro,
208 236 32 19 att
262 240 27 15 en
306 235 7 20 i
333 235 70 20 denna
418 234 95 27 riktning
529 235 113 21 utvecklad
657 235 169 26 representation

70 267 33 21 för
125 268 105 21 särskilda
252 267 124 22 kommuner
394 268 69 21 skulle
481 269 87 20 komma
586 271 32 18 att
633 269 45 20 helt
693 268 134 21 annorlunda

71 303 27 19 än
113 301 242 27 länsrepresentationen
370 303 107 20 motsvara
492 302 50 21 idén
557 302 23 21 af
594 309 25 14 en
635 303 81 26 verklig
731 302 95 21 kommu-

71 335 35 21 nal
128 335 136 27 sjelfstyrelse
286 335 40 21 och
345 335 101 27 derjemte
465 336 62 21 äfven
546 336 38 21 hos
603 336 68 21 folket
686 336 48 21 vida
749 335 77 21 lättare

70 369 64 21 vinna
156 369 59 21 bifall
234 369 39 21 och
293 369 122 26 understöd,
434 369 65 21 blifva
514 369 8 21 i
536 370 106 21 anseende
657 370 33 21 till
705 369 121 21 omkostna-

71 403 67 21 derna
159 403 97 26 billigare
276 403 39 21 och
331 403 97 26 jämnare
446 403 136 26 betungande
600 405 55 20 samt
671 403 62 21 äfven
748 409 78 15 annars

71 436 83 22 utbilda
169 437 32 25 sig
219 436 129 26 naturligare
363 436 33 22 till
410 442 26 16 en
450 436 119 27 verklighet
584 437 40 21 och
639 439 31 19 ett
685 436 89 26 verkligt
790 436 36 21 be-

70 470 43 21 hof.
148 470 45 22 Och
209 470 182 28 förutsättningar
414 470 32 21 till
468 470 39 21 allt
526 470 72 22 vidare
616 470 122 26 utveckling
753 470 23 21 af
790 470 36 21 det

70 503 138 27 kommunala
229 503 59 22 lifvet
306 503 114 22 förefinnas
439 504 66 26 enligt
523 504 47 20 vårt
584 504 137 22 förmenande
737 504 38 20 hos
790 504 37 21 det

71 537 69 21 finska
161 537 67 21 folket
246 538 7 20 i
273 538 105 20 måhända
397 538 65 26 högre
478 538 53 26 grad
546 540 27 18 än
589 538 38 21 hos
643 538 26 20 de
684 537 60 21 flesta
759 537 45 21 folk
816 538 10 20 i

71 571 93 27 Europa.
183 572 63 20 Först
262 572 65 20 sedan
339 577 25 15 en
375 571 27 27 på
417 571 63 21 ofvan
495 572 76 26 antydt
586 573 43 20 sätt
643 572 72 20 bildad
730 571 96 21 kommu-

71 605 213 27 nalrepresentation,
300 611 58 15 mera
373 604 133 22 omfattande
521 607 27 19 än
564 606 40 20 den
619 605 139 26 närvarande,
774 612 52 14 vun-

71 639 31 21 nit
117 639 7 20 i
139 639 84 27 stadga,
236 640 34 20 tro
285 639 21 20 vi
321 639 41 21 den
376 640 58 20 rätta
448 639 132 26 grundvalen
594 639 122 26 förefinnas,
731 639 28 27 på
773 639 53 21 hvil-

71 672 42 28 ken
136 679 26 15 en
184 673 168 26 representation
371 672 131 29 omfattande
518 673 49 21 hela
581 673 58 21 länet
653 673 49 21 med
716 672 110 27 framgång

71 702 43 25 kan
136 706 86 27 byggas.
256 706 118 21 Initiativet
396 706 33 21 till
451 712 42 21 nya
515 706 151 22 kulturformer
685 708 23 19 är
726 706 34 21 väl
778 706 48 21 icke

72 740 41 21 den
136 742 59 19 stora
217 746 95 15 massans
335 740 44 25 sak,
399 746 48 15 men
466 740 142 27 inrättningar
623 740 23 22 af
659 740 167 27 ifrågavarande,

71 774 113 22 nationens
200 774 41 21 alla
256 774 182 21 samhällsklasser
456 774 132 22 omfattande
607 774 39 21 och
665 776 53 19 nära
736 774 91 21 rörande

72 810 34 29 art
120 808 100 21 förblifva
235 811 59 18 toma
308 808 84 26 former,
408 814 35 15 om
458 808 18 27 ej
492 808 82 27 hänsyn
589 810 60 25 tages
666 808 33 21 till
710 808 24 21 de
744 808 83 21 kultur-

71 842 67 21 behof
152 842 39 21 och
210 842 26 20 de
251 842 114 21 historiska
380 842 120 26 elementer,
517 848 45 15 som
577 842 72 21 kunna
664 842 86 26 betinga
765 842 63 21 dessa

71 875 153 28 inrättningars
243 875 113 27 öfvergång
371 876 33 20 till
418 876 96 26 verkliga
529 876 158 21 lifsfunktioner
701 876 33 20 för
748 875 79 21 folkets

72 911 60 19 stora
146 909 76 22 flertal.

141 944 31 20 På
187 944 69 25 grund
272 944 22 20 af
307 944 55 20 hvad
377 944 21 19 vi
412 944 46 20 haft
473 946 53 18 äran
541 943 62 21 ofvan
614 944 80 25 anföra,
707 944 53 25 våga
770 944 8 20 i
790 943 37 20 öd-

72 977 98 29 mjukhet
191 977 21 21 vi
235 977 84 26 föreslå,
335 979 32 19 att
384 977 49 21 med
448 977 254 27 länsrepresentationens
717 977 111 21 införande

72 1008 44 24 tills
132 1011 72 21 vidare
219 1010 55 27 finge
289 1011 61 21 anstå
364 1011 39 21 och
418 1013 33 19 att

312 1044 80 21 landets
413 1044 119 27 Höglofliga
554 1045 92 25 ständer,
662 1045 9 20 i
692 1040 37 25 sitt
746 1051 49 14 svar
814 1044 14 20 å

278 1079 80 26 nådiga
370 1078 165 27 propositionen,
544 1079 142 25 innefattande
701 1077 80 27 förslag
796 1077 32 21 till

278 1113 34 26 lag
328 1119 32 14 om
379 1112 99 27 länsting,
498 1112 66 21 skulle
582 1112 32 21 till
632 1111 62 22 Hans
709 1111 118 28 Kejserliga

279 1146 103 26 Majestät
403 1146 128 25 framlemna
553 1147 73 20 endast
647 1153 25 14 en
694 1145 134 26 underdänig

278 1179 100 22 anhällan
396 1180 77 26 derom,
490 1181 30 20 att
534 1186 26 15 en
574 1187 28 20 ny
616 1179 75 21 komite
706 1179 66 21 skulle
786 1178 42 21 till-

278 1215 66 20 sättas
358 1214 36 26 för
404 1215 30 19 att
445 1214 81 25 utreda,
536 1220 74 20 genom
621 1213 68 21 hvilka
700 1215 68 19 större
780 1211 48 22 eller

278 1248 82 20 mindre
382 1247 133 21 kommunala
540 1247 102 26 samfund
663 1247 40 21 den
724 1245 104 22 nationela

278 1281 150 27 sjelfstyrelsen
446 1281 8 20 i
472 1281 49 20 vårt
536 1281 50 21 land
600 1281 47 21 bäst
661 1280 68 21 kunde
744 1279 84 26 beford-

278 1322 36 13 ras
337 1315 37 20 och
392 1315 9 20 i
419 1315 55 20 hvad
488 1315 52 20 män
554 1315 167 20 administrativa
736 1313 93 26 funktio-

279 1355 37 14 ner
331 1348 69 21 kunde
414 1349 14 20 å
444 1349 60 20 dessa
520 1349 123 25 öfverföras.

177 1388 23 22 N.
215 1388 114 23 Järvinen.
532 1388 25 21 A.
574 1387 35 22 W.
625 1388 62 27 Lyra.

176 1416 25 22 A.
218 1416 24 22 6.
256 1416 80 21 Walle.
531 1415 26 22 K.
572 1415 35 22 W.
624 1415 103 22 Hollmen.

176 1444 60 22 Tisak
253 1444 91 22 Hoikka.
489 1473 3 3 =
534 1443 84 22 Kustaa
633 1443 93 28 Kiipula.

176 1472 21 22 J.
213 1472 25 22 R.
255 1471 127 29 Wuolijoki.

144 1506 44 21 Lag-
202 1506 30 16 och
244 1506 168 16 Ekonomtutskottets
423 1505 105 17 betänkande
541 1506 35 16 N:o
588 1505 16 16 2.
750 1504 12 16 4
