1009 1739
213 151 23 18 n
436 151 23 19 U.
471 151 23 20 B.
507 161 22 4 —
540 151 62 24 Prop.
614 151 40 20 N:o
665 151 32 19 19.

191 208 119 28 reskrifter,
324 215 45 16 som
384 209 68 22 skalle
468 209 35 22 stä
518 210 6 21 i:
540 209 116 22 strid:med
672 209 41 22 den
723 209 7 21 i
741 209 102 28 förslaget
852 212 87 25 genom-

192 243 81 27 gående
288 243 114 28 prineipen,
418 245 32 20 att
463 245 121 26 presternes
600 243 102 27 aflöning,
722 243 88 22 hvilken:
826 243 65 28 enligt
904 245 36 20 ut-

192 277 90 22 skottets
297 277 63 22 tanke
375 278 7 21 i
400 277 118 22 allmänhet
532 278 116 27 ingalunda
662 279 24 20 är
704 277 74 22 alltför
795 279 51 26 stor,
866 278 20 27 ej
904 277 36 23 för

192 311 99 23 minskas.
321 311 49 22 Men
386 312 27 21 dä
426 312 40 21 här
481 314 24 19 är
519 311 83 22 infördt
614 314 32 19 ett
654 311 27 22 sä
693 311 119 22 obestämdt
822 312 118 27 stadgande

192 351 45 16 som
252 346 42 26 det,
310 347 32 20 att
351 345 73 28 hvarje
439 346 125 27 församling
579 348 24 19 är
620 346 77 27 pligtig
712 347 31 20 att
761 345 57 22 förse
836 346 39 21 sitt
891 351 49 22 pre-

192 380 98 27 sterskap
305 380 47 21 med
368 387 25 15 en
408 380 55 22 efter
478 381 202 26 embetsbefattning
690 380 40 21 och
741 380 86 22 dermed
837 380 102 22 förenade

193 415 125 26 åligganden
339 415 83 27 lämpad
441 415 99 26 aflöning,
560 415 24 21 sä
602 421 73 21 synes:
684 410 120 36 derigenom
822 414 48 22 icke
888 419 52 16 vara

192 448 107 22 utesluten
314 448 136 28 möjligheten
466 448 24 22 af
504 455 25 16 en
545 449 64 21 sådan
622 444 108 37 tolkning,
746 451 32 19 att
792 448 34 22 vid
838 448 100 27 reglerin-

192 489 42 21 gen
252 484 61 26 tages
330 484 68 20 under
412 483 156 27 öfvervägande
584 484 40 20 den
640 490 40 15 ene
696 483 53 21 eller
762 483 65 21 andre
841 484 98 25 prestens

193 516 199 28 embetsbefattning
408 518 38 20 och
466 518 87 21 dermed
571 517 100 22 förenade
690 517 133 27 åligganden,
838 518 54 20 samt
906 517 35 21 att

192 551 121 27 aflöningen
336 552 40 20 kan
400 552 38 21 och
456 552 40 21 bör
518 552 128 21 bestämmas
665 553 51 20 utan
736 550 98 22 afseende
852 551 13 21 &
883 550 55 22 hvad

193 586 40 21 den
255 586 107 22 tillförene
383 586 87 27 utgjort.
500 586 111 21 Utskottet
627 592 64 15 anser
709 586 72 21 derför
798 585 39 22 och
855 585 33 21 för
907 586 34 20 att

192 620 116 27 förebygga
316 620 117 27 otydlighet
440 620 91 21 rörande
540 620 144 27 regleringens
693 620 153 26 ändamål,som
852 619 25 27 ju
884 620 57 20 blott

192 656 24 20 är
231 654 184 27 uppbördssättets
430 654 121 27 förenkling
566 656 55 20 samt
636 654 134 27 aflöningens
786 654 94 27 jemnare
895 653 44 22 för-

193 688 86 27 delning
296 688 27 27 på
333 688 117 27 löngifvare
461 689 39 21 och
513 689 115 27 löntagare,
640 689 75 26 nödigt
729 690 32 20 att
774 688 114 28 uttrycklig
903 688 37 21 be-

193 723 105 26 stämning
313 722 112 22 förefinnes
441 723 79 26 derom,
536 725 32 19 att
579 721 159 29 presterskapet
749 723 8 21 i
767 723 71 26 hvarje
850 722 89 22 försam-

192 757 45 27 ling
247 756 55 22 skall
313 756 33 21 för
357 756 114 22 framtiden
479 763 51 15 vara
537 758 100 26 tryggadt
644 757 36 21 vid
688 757 123 26 åtnjutande
818 756 24 22 af
848 756 93 27 aflöning

192 791 48 21 från
255 791 156 27 församlingen,
426 792 32 20 till
474 792 100 26 beloppet
585 791 49 21 fullt
646 791 147 21 motsvarande
804 791 54 21 hvad
869 791 71 21 härin-

192 826 44 20 tills
251 825 7 21 i
274 826 76 20 sådant
362 825 102 22 afseende
480 826 86 26 erlagts,
582 832 46 15 men
645 827 32 19 att
692 826 76 21 endast
781 826 47 20 med
839 825 101 21 afseende

192 860 13 20 å
220 859 58 22 såväl
294 861 64 21 sättet
373 859 33 23 för
421 860 69 21 denna
500 859 104 27 aflönings
615 860 119 26 utgörande
746 866 44 15 som
803 860 48 21 dess
862 858 78 22 fördel-

192 894 50 26 ning
257 894 89 21 emellan
362 894 136 26 löntagarene
514 894 106 26 reglering
636 894 55 21 efter
706 894 56 21 hand
773 893 169 27 församlingsvis

192 927 55 21 skall
263 928 134 26 genomföras
412 928 84 26 enligt
491 923 9 36 i
507 928 59 21 detta
579 928 121 21 hänseende
711 928 121 22 fastställde
841 928 98 26 grunder.

192 961 10 21 I
220 961 54 27 följd
293 961 62 21 häraf
368 961 38 21 har
424 962 110 26 utskottet,
554 968 44 15 som
614 961 62 22 äfven
692 961 62 21 hållit
768 961 52 26 före,
836 963 31 19 att
882 961 59 21 stad-

192 995 97 27 gandena
307 1001 33 15 om
360 995 196 28 lönefördelningen
576 995 32 22 för
623 996 37 21 det
676 995 46 26 fall,
738 995 27 22 då
782 996 7 20 i
804 1001 80 16 samma
898 995 44 21 för-

192 1029 91 27 samling
301 1030 52 21 eller
371 1032 97 25 pastorat
486 1030 36 21 två
541 1031 53 20 eller
612 1030 51 22 flere
682 1030 106 21 ordinarie
806 1032 82 25 prester
903 1031 38 20 äro

192 1063 104 27 anstälde,
311 1063 123 28 lämpligare
449 1064 71 21 kunde
535 1064 50 27 ingå
600 1065 6 20 i
618 1064 95 27 följande
725 1063 18 28 $,
758 1064 96 21 uteslutit
864 1063 78 28 ifråga-

192 1098 94 21 varande
300 1104 64 16 mom.
379 1099 39 20 och
433 1099 7 21 i
456 1099 49 21 dess
521 1099 61 21 ställe
598 1098 55 21 ifrån
669 1099 41 20 den
725 1098 33 21 tiil
774 1097 116 22 Ständerna
905 1098 36 21 vid

193 1131 53 23 1867
262 1131 36 22 års
313 1132 101 27 landtdag
434 1132 78 21 aflätna
526 1133 77 26 nådiga
613 1132 159 27 propositionen
784 1132 96 27 upptagit
894 1131 12 28 $
920 1132 19 26 1,

192 1171 44 16 som
252 1166 118 21 innehåller
389 1167 125 27 uttryckligt
529 1167 117 26 stadgande
662 1167 74 20 derom
752 1168 30 19 att
797 1166 155 27 ifrågakomna.

192 1200 106 27 reglering
313 1200 47 21 icke
374 1201 81 27 åsyftar
468 1207 25 15 en
505 1201 120 26 minskning
636 1201 31 21 uti
681 1201 41 21 den
734 1200 48 21 från
793 1200 151 27 församlingen

192 1234 33 21 till
235 1235 161 26 presterskapet
409 1235 107 27 utgående
530 1235 101 26 aflöning.
651 1235 42 21 Till
707 1234 133 22 undvikande
854 1234 24 22 af
890 1234 52 27 möj-

191 1268 42 27 ligt
245 1269 148 21 missförstånd
412 1269 38 21 har.
464 1269 106 22 utskottet
587 1269 75 21 härvid
678 1269 71 26 tillagt
767 1275 26 15 en
811 1269 131 26 bestämning

188 1293 80 41 derom,
280 1304 32 25 att
325 1303 42 22 den
378 1304 7 20 i
396 1299 136 26 Österbotten
545 1303 38 22 och
594 1302 27 28 på
632 1297 71 28 Åland
723 1303 98 26 gällande
840 1302 102 22 skattion-

192 1337 40 21 den
247 1337 39 21 bör
304 1337 35 21 vid
359 1337 132 29 regleringen
507 1338 94 27 undergå
616 1344 26 15 en
658 1337 76 22 rättvis
750 1337 118 21 reduktion.

260 1370 12 28 $
287 1372 13 21 2
315 1372 79 20 uttalar
409 1372 41 21 den
464 1372 148 27 grundsatsen,
622 1373 34 20 att
666 1371 93 27 afgifter,
771 1377 44 15 som
826 1371 24 21 af
863 1377 24 15 en
899 1371 44 21 för-

191 1405 91 27 samling
292 1405 33 22 till
336 1406 160 27 presterskapet
506 1408 95 25 utgöras,
612 1406 19 27 ej
640 1405 36 22 må
683 1405 33 22 till
725 1405 110 21 aflönande
842 1405 24 21 af
875 1411 68 15 annan

191 1439 136 27 församlings
345 1441 59 26 prest
422 1441 115 26 användas,
553 1440 39 21 och
607 1439 58 22 afser
679 1440 8 21 i
702 1439 66 27 öfrigt
784 1440 38 21 det
840 1439 104 22 särskilda

259 1478 45 22 Lag-
317 1480 29 16 och
358 1479 170 18 Ekonomiutekottets
540 1480 102 17 betänkande
651 1480 39 16 N:o
704 1480 16 16 5.
