1009 1739
411 141 35 22 N:o
462 141 35 22 31.
776 142 26 27 39

146 211 73 20 Visste
242 210 125 21 förmannen
390 210 78 21 honom
489 211 101 26 oskyldig
605 217 61 20 vara;
684 211 85 21 straffes
785 211 49 21 med

74 244 166 22 förafskedande
257 245 51 20 eller
324 244 97 27 fängelse
437 245 18 26 ej
472 245 69 21 under
558 251 37 15 sex
610 245 109 22 månader.

146 274 31 25 Är
200 280 66 19 annat
288 279 63 20 straff
367 281 27 18 än
410 279 79 21 sådant
504 280 173 26 ordningsstraff,
695 286 45 15 som
756 280 7 20 i
779 279 11 28 $
808 281 25 20 18

75 315 95 24 nämnes,
187 313 22 21 af
224 313 82 21 förman
323 313 74 26 ålagdt
412 313 70 27 någon
499 314 109 27 oskyldig;
624 321 51 14 vare
691 315 35 26 lag
743 320 45 15 som
803 314 6 21 i
821 315 12 20 2

75 354 63 15 mom.
155 348 23 21 af
192 347 129 27 föregående
337 347 11 28 &
365 349 68 25 säges.

415 411 11 27 $
445 412 47 20 126.

148 451 46 21 Har
210 450 82 22 förman
308 457 77 19 genom
401 451 39 21 hot
456 451 52 21 eller
525 453 66 19 annat
602 452 90 26 olagligt
704 452 69 20 medel
784 451 50 21 sökt

76 486 69 21 förmå
160 486 152 20 underordnad
329 488 32 18 att
378 486 56 20 afstå
445 485 47 21 från
504 486 119 21 anförande
634 486 53 21 eller
698 486 136 27 fullföljande

76 520 23 21 af
113 520 114 26 klagomål,
244 520 52 20 eller
311 520 40 20 har
368 520 42 20 han
426 520 120 21 underlåtit
561 523 33 18 att
609 521 33 20 till
654 521 136 26 vederbörlig
802 522 34 19 ort

76 554 102 22 befordra
201 554 51 21 eller
275 556 32 19 att
326 554 32 20 till
379 554 101 27 pröfning
496 557 96 25 upptaga
608 555 38 21 hos
662 556 79 20 honom
756 556 8 20 i
780 555 56 21 före-

76 589 96 21 skrifven
196 589 90 26 ordning
309 589 86 21 anmäld
414 589 90 27 klagan;
521 590 66 20 varde
604 590 62 20 dömd
683 590 33 20 till
732 589 103 27 fängelse,

76 624 53 20 eller
144 623 167 21 förafskedande
328 624 52 20 eller
396 623 174 27 ordningsstraff.

418 686 10 28 8
450 688 46 20 127.

149 726 98 25 Förman,
264 732 45 15 som
328 726 139 27 uppsåtligen
484 727 125 21 underlåter
624 729 33 19 att
672 728 7 20 i
695 728 45 20 rätt
755 726 31 21 tid
803 726 34 21 till

78 762 46 20 sine
140 761 164 21 underordnade
320 761 84 26 utgifva
420 763 72 19 större
508 762 52 20 eller
576 762 83 21 mindre
670 762 78 26 belopp
760 761 23 21 af
793 761 43 26 lön,

77 796 126 26 penningar,
226 795 173 26 förnödenheter,
423 796 114 27 krigsbyte
560 796 53 21 eller
636 798 72 25 annat,
732 802 46 14 som
794 796 43 20 han

76 830 43 21 fätt
134 832 108 24 emottaga
257 830 33 20 för
306 832 33 18 att
355 830 22 21 ät
393 830 48 21 dem
457 831 115 26 utlemnas,
589 831 52 21 eller
652 830 132 27 orätträdigt
794 830 43 21 för-

78 865 60 21 delar
162 865 45 25 det;
231 864 84 21 straffes
338 865 49 20 med
410 865 91 21 tukthus
521 866 33 20 till
570 866 39 20 och
625 866 48 20 med
690 867 32 19 ett
738 865 30 26 är,
784 865 54 21 eller

77 899 173 26 förafskedande,
268 899 52 21 eller
335 899 97 27 fängelse
448 900 6 20 i
472 900 64 26 högst
552 906 37 15 sex
605 900 109 22 mänader.

420 962 11 27 8
452 963 46 20 128.

149 1002 99 25 Förman,
272 1009 45 14 som
341 1002 22 21 af
384 1003 155 21 underordnad
562 1005 52 19 utan
638 1003 54 21 hans
710 1002 128 27 begifvande

78 1037 86 20 fordrar
188 1037 159 21 verkställande
370 1037 23 20 af
415 1037 98 26 göromål
534 1038 53 20 eller
603 1038 81 26 arbete,
701 1043 46 15 som
764 1037 18 26 ej
799 1037 39 20 hör

78 1071 34 20 till
132 1071 93 26 tjensten
242 1071 39 21 och
297 1071 44 20 han
356 1071 67 27 enligt
439 1072 146 26 reglementen
602 1073 52 20 eller
670 1071 109 22 särskilda
795 1071 43 21 för-

79 1105 173 27 hällningsorder
273 1106 19 26 ej
316 1107 24 19 är
363 1106 78 26 pligtig
464 1108 33 19 att
517 1106 99 26 förrätta,
633 1107 53 20 eller
703 1106 71 26 någon
790 1105 47 22 från

78 1140 145 27 tjenstgöring
246 1140 130 27 obehörigen
399 1140 89 27 befriar,
512 1141 53 21 eller
588 1141 33 20 till
639 1141 32 20 sin
688 1141 54 20 eller
757 1146 83 15 annans

78 1174 69 21 fördel
170 1174 81 21 förmår
275 1175 151 20 underordnad
443 1177 33 18 att
491 1175 51 26 ingå
558 1175 144 21 förbindelser
719 1175 52 21 eller
787 1176 53 25 göra

79 1208 128 27 föräringar,
225 1209 72 20 dömes
314 1209 33 20 till
363 1209 171 26 ordningsstraff
548 1210 58 23 eller,
622 1216 33 14 om
672 1209 119 21 förseelsen
804 1215 37 15 an-

80 1248 34 15 ses
130 1243 47 20 icke
193 1243 71 20 kunna
280 1243 88 21 dermed
387 1243 100 21 försonas
504 1244 52 21 eller
572 1245 70 25 någon
658 1244 49 21 med
719 1243 52 21 slikt
782 1243 59 21 brott

79 1276 70 21 oftare
166 1277 106 26 beträdes,
288 1278 33 20 till
338 1278 96 26 fängelse
450 1278 7 20 i
474 1278 64 26 högst
555 1280 31 19 ett
601 1279 30 20 år.

151 1311 119 21 Enahanda
285 1318 78 15 ansvar
379 1319 51 14 vare
447 1313 40 20 ock
505 1313 41 20 den
562 1313 154 26 underkastad,
731 1318 45 15 som
788 1313 52 20 utan

79 1345 147 27 vederbörligt
242 1346 98 21 tillstånd
356 1347 33 20 till
406 1347 76 20 arbete
498 1347 84 26 tvingar
598 1347 132 26 krigsfånge.

421 1409 11 27 &
454 1410 46 20 129.

152 1449 94 27 Beviljar
268 1449 84 20 förman
377 1449 108 26 olagligen
506 1449 39 21 och
562 1449 48 21 med
626 1449 179 22 öfverskridande
821 1449 23 22 af
