1009 1739
170 162 14 19 4
470 159 39 24 N:o
526 160 30 23 17.

143 225 7 22 i
172 225 107 22 Preussen
301 225 218 30 kretsförvaltningen
541 227 7 21 i
572 227 32 21 sin
626 227 102 27 ställning
743 227 77 22 mellan
836 227 64 22 dessa

143 260 150 28 ytterligheter
309 261 85 22 erhållit
410 268 26 15 en
451 261 159 27 öfvervägande
625 261 119 28 betydelse.
768 261 64 22 Såväl
843 268 57 15 eme-

143 295 43 21 dan
208 295 92 22 häradet
322 295 7 22 i
347 295 89 22 Finland
455 296 33 21 till
506 296 135 22 invånaretal
658 296 40 22 och
712 295 150 28 förmögenhet
876 297 25 20 är

143 330 106 27 betydligt
270 330 82 21 mindre
376 332 27 20 än
422 331 89 21 kretsen
530 331 8 21 i
558 330 115 27 Preussen,
690 336 46 16 som
752 330 41 22 ock
807 331 49 21 med
871 330 30 22 af-

143 365 84 24 seende,
242 365 52 21 derä
313 366 32 20 att
363 365 41 21 den
419 365 70 22 finska
504 365 191 22 landtkommunen
710 365 50 22 med
776 371 27 16 en
819 365 82 22 befolk-

143 399 51 27 ning
212 398 23 22 af
250 399 8 21 i
273 399 101 22 medeltal
390 401 62 24 4,000
468 406 106 21 personer
588 400 71 21 bildar
674 401 32 21 ett
721 399 46 22 helt
782 401 65 20 annat
862 405 38 15 un-

143 434 76 26 derlag
238 433 33 21 för
290 432 166 29 sjelfstyrelsens
472 431 89 31 system,
578 436 27 19 än
621 434 27 21 de
664 434 47 22 små
726 434 153 22 kommunerna
895 434 6 20 i

144 468 92 22 nämnda
259 469 50 25 stat,
330 470 37 20 äro
386 468 208 30 förutsättningarne
612 468 34 22 för
661 468 164 28 ifrägavarande
840 474 62 21 orga-

144 503 94 21 nisation
260 503 8 21 i
290 503 89 21 Finland
398 503 45 22 helt
462 503 58 22 olika
536 504 26 21 de
578 504 144 26 nyssberörda
738 503 40 22 och
794 502 108 23 öfverens-

143 539 93 20 stämma
252 537 96 22 deremot
362 538 83 27 ganska
459 540 53 19 nära
527 538 49 21 med
592 538 163 22 förhällandena
761 533 11 37 i
769 538 45 21 de
825 539 77 24 stater,

144 572 40 22 der
206 572 78 22 endast
302 572 59 22 länet
380 572 39 22 och
437 572 131 22 kommunen
583 574 79 25 utgöra
677 572 103 22 omräden
795 571 33 23 för
842 572 60 21 med-

145 606 109 28 borgerlig
269 606 183 28 sjelförvaltning.

214 641 28 21 Af
256 641 64 21 dessa
336 641 47 21 skäl
399 642 40 21 och
454 642 50 21 med
520 641 102 22 afseende
636 642 13 21 å
659 641 56 22 hvad
726 641 101 26 komiten,
838 640 64 22 hvars

144 676 82 27 förslag
240 676 96 21 kommer
352 678 34 19 att
401 676 121 22 Ständerna
538 676 117 26 meddelas,
671 675 71 22 anfört
758 675 32 21 till
806 675 49 21 stöd
870 674 34 22 för

145 717 27 15 en
188 710 172 28 representation
374 711 80 21 länsvis
470 710 41 22 har
526 711 6 21 i
548 711 160 27 nedanintagna
722 709 182 27 författningsför-

145 746 47 26 slag
206 745 61 21 länet
281 745 109 21 vidhällits
404 745 72 22 säsom
492 746 38 21 det
544 746 97 21 normala
656 744 99 23 omrädet
768 744 33 22 för
816 744 41 21 den
873 743 31 23 fö-

145 780 101 27 reslagna
270 786 41 21 nya
330 780 156 26 institutionen,
506 780 56 22 dock
577 780 49 22 med
642 779 133 23 förbehällen
791 780 65 25 utväg
872 780 32 20 att

146 814 50 22 dela
210 815 61 22 länet
289 815 7 21 i
312 814 36 22 tvä
364 814 53 22 eller
431 814 52 22 flera
498 814 218 28 länstingsomräden,
734 814 38 21 der
787 813 77 22 sädant
874 813 30 21 vi-

146 849 53 22 sade
219 849 34 27 sig
270 849 74 27 nödigt
360 849 52 21 eller
428 849 186 26 ändamälsenligt.
646 848 84 22 Genom
746 854 25 15 en
788 847 56 27 dylig
860 847 45 21 del-

146 884 51 27 ning
214 884 160 22 ästadkommes
390 884 18 27 ej
426 890 28 16 en
469 884 136 26 mellanlänk,
622 890 49 15 men
687 883 125 27 härigenom
823 888 82 15 vunnes

146 920 34 20 ett
190 918 111 22 korrektiv
312 920 46 20 mot
370 918 140 27 svärigheter,
526 924 45 16 som
582 918 72 22 kunde
662 917 124 22 förorsakas
798 916 23 22 af
831 922 25 16 en
872 916 34 22 del

146 953 48 21 läns
203 952 73 23 alltför
286 955 60 20 stora
357 953 150 27 utsträckning
516 953 53 21 eller
576 952 122 22 olikartade
706 950 199 27 sammansättning-

216 987 39 22 Att
271 988 74 21 städer
360 987 50 22 med
426 987 67 27 högre
509 987 133 22 invänaretal
658 986 70 22 skulle
740 985 80 22 tillåtas
832 984 74 29 sjelfve

146 1022 122 22 bestämma
284 1028 34 15 om
334 1022 39 21 sitt
388 1022 131 27 deltagande
534 1022 7 21 i
557 1021 256 28 länsrepresentationen,
824 1019 40 22 har
874 1019 33 22 sin

147 1057 70 26 grund
232 1057 7 21 i
255 1057 41 21 den
311 1056 155 27 förutsättning
481 1058 33 20 att
530 1056 83 22 sädana
628 1055 86 22 städers
729 1055 73 21 vidare
818 1054 88 22 utveck-

147 1091 46 27 ling
215 1091 48 22 icke
282 1091 50 22 med
350 1091 162 27 nödvändighet
527 1093 24 19 är
566 1091 103 26 betingad
686 1089 22 22 af
722 1089 184 27 länsrepresenta-

147 1126 87 21 tionens
257 1125 146 22 verksamhet.
433 1126 43 21 Det
496 1125 105 22 samband
620 1125 92 22 emellan
730 1124 49 21 stad
795 1123 40 22 och
850 1123 56 26 land,

147 1166 48 15 som
215 1162 25 20 är
258 1167 26 14 en
302 1160 53 27 följd
370 1159 24 22 af
406 1160 93 27 insigten
516 1159 22 22 af
552 1159 117 27 ömsesidig
684 1159 69 22 fördel
768 1158 7 21 i
791 1157 116 22 hvarderas

147 1194 117 27 förkofran,
287 1195 43 21 kan
352 1195 125 28 härigenom
496 1195 19 28 ej
534 1195 66 22 blifva
618 1199 91 22 svagare
728 1193 41 22 och
784 1194 28 20 än
827 1191 81 22 mindre

147 1229 112 27 upplösas.
289 1230 77 27 Någon
388 1230 111 27 svårighet
513 1230 43 21 kan
571 1229 34 22 väl
620 1229 134 22 förekomma
769 1227 35 22 vid
819 1225 90 23 fixeran-

148 1263 38 23 det
202 1263 24 22 af
239 1264 41 21 den
296 1267 71 24 gräns,
384 1265 38 21 der
438 1265 49 21 stad
502 1265 8 20 i
521 1264 93 21 nämnda
624 1263 124 22 hänseende
758 1261 40 23 bör
808 1261 101 27 tilläggas

147 1298 181 21 beslutanderätt.
359 1299 50 21 Men
428 1299 48 22 med
495 1298 103 22 afseende
618 1298 12 21 ä
646 1297 114 22 städernas
776 1296 7 21 i
798 1295 90 22 Finland
903 1295 7 21 i

148 1332 119 22 allmänhet
289 1333 49 26 låga
362 1333 139 26 invänaretal,
526 1333 39 21 har
586 1331 109 23 komitöns
719 1331 81 26 förslag
822 1331 32 20 att
874 1330 37 21 det

148 1367 158 27 obligatoriska
322 1367 140 28 deltagandet
477 1368 7 21 i
499 1366 257 28 länstingsinrättningen
771 1364 69 23 skulle
856 1370 54 21 upp-

147 1401 55 22 höra
216 1401 34 22 för
266 1402 48 21 stad
330 1402 50 22 med
397 1403 63 26 6,000
475 1402 101 22 invänare
592 1403 84 20 ansetts
692 1401 54 21 böra
755 1398 127 23 bibehällas.

218 1436 34 21 Dä
268 1436 44 27 vigt
327 1436 69 27 ligger
411 1436 66 28 derpä
494 1438 33 20 att
542 1437 42 21 den
599 1442 42 21 nya
656 1434 152 23 institutionen
819 1433 91 21 inrättas

148 1471 32 26 sä,
201 1472 33 20 att
254 1470 125 22 densamma
398 1471 49 21 med
463 1472 82 20 största
560 1470 88 27 möjliga
662 1470 95 21 intresse
773 1467 100 22 omfattas
890 1465 23 23 af
