1009 1739
438 137 39 24 N:o
493 138 32 23 19.
820 138 12 20 9

104 209 136 25 pastoratets
257 208 139 21 medlemmar
411 208 83 21 lemnas
511 208 84 21 tillfälle
612 209 32 20 att
658 207 80 22 föreslå
750 207 112 27 aflönings-

105 242 118 27 beloppens
238 242 119 27 fördelning
372 242 28 27 på
411 242 61 21 såväl
482 243 114 26 löntagare
607 249 45 15 som
663 242 125 27 löngifvare.
812 241 50 22 Pro-

104 277 91 20 tokollet
213 277 58 21 öfver
291 277 68 21 sådan
379 279 94 19 stämma
489 277 102 21 insändes
609 276 152 28 ofördröjligen
777 275 23 22 af
814 276 47 21 dess

105 311 128 22 ordförande
254 311 31 21 till
301 311 205 27 reglerinskomiteén
522 312 40 21 och
578 312 42 21 den
634 312 48 21 med
700 311 162 21 stämmobeslu-

104 347 32 20 tet
151 346 115 27 missnöjde
282 347 85 20 anvisas
383 348 32 19 att
431 346 99 21 deröfver
546 346 76 21 anföra
638 347 77 20 besvär
730 346 38 21 hos
780 345 81 21 Guver-

105 383 73 19 nören.
213 381 65 21 Föres
296 381 5 20 i
317 381 104 21 besvären
438 381 81 26 klagan
536 381 105 27 derötver,
658 383 32 18 att
707 381 92 20 beslutet
815 380 47 21 icke

105 415 7 21 i
127 416 50 26 laga
200 415 91 27 ordning
314 415 131 27 tillkommit,
466 416 56 20 skall
540 415 140 22 Guvernören
696 418 77 24 genast
788 416 73 20 derom

106 450 127 21 underrätta
257 450 101 26 komiten,
381 450 87 21 hvilken
493 450 49 21 icke
558 452 34 19 mä
609 450 32 21 sin
659 450 131 26 förrättning
805 450 57 20 inom

105 486 121 25 pastoratet
243 484 93 28 vidtaga,
353 485 65 21 innan
435 486 25 20 sä
476 484 126 22 beskaflade
618 485 78 21 besvär
711 487 37 19 äro
760 484 102 26 slutligen

106 518 109 27 pröfvade.
245 519 88 27 Besvär,
349 519 73 21 hvilka
438 520 46 21 afse
500 520 102 26 beloppet
618 520 52 21 eller
681 519 149 26 fördelningen
842 518 22 21 af

107 554 25 20 de
156 553 123 27 föreslagna
303 554 121 26 afgifterna,
442 554 63 21 skola
522 555 97 20 deremot
634 554 24 21 af
672 554 140 21 Guvernören
828 560 35 19 ge-

107 591 49 18 nast
179 588 142 21 öfverlemnas
337 588 33 21 till
386 589 104 27 komitén,
508 589 33 21 för
557 591 33 19 att
605 592 62 24 tagas
684 589 5 20 i
707 588 156 26 öfvervägande

106 622 35 21 vid
160 623 149 26 uppgörandet
328 623 23 21 af
368 624 50 20 dess
438 623 84 27 förslag
536 624 35 20 till
586 623 110 27 reglering
712 626 54 18 samt
782 624 32 19 att
830 628 32 15 se-

106 658 99 20 dermera
227 657 6 21 i
257 657 154 27 sammanhang
427 658 90 21 dermed
533 658 74 21 vidare
623 658 133 21 skärskådas
772 657 39 21 och
827 656 36 21 be-

106 692 81 21 dömas.

453 757 11 26 8
486 757 33 20 17.

177 796 49 21 Med
250 796 86 27 ledning
353 796 23 21 af
390 797 36 20 det
442 796 36 21 vid
494 797 164 26 kyrkostämma
674 796 129 27 upprättade
819 794 43 22 för-

107 831 47 27 slag
170 831 39 21 och
226 831 54 21 efter
296 831 157 27 öfvervägande
470 831 24 21 af
510 832 25 20 de
552 831 158 26 förhållanden,
726 837 45 15 som
787 830 35 21 vid
833 830 30 20 lö-

107 872 78 14 nernas
208 865 162 22 bestämmande
394 866 39 20 och
456 866 125 26 fördelning
604 866 68 26 enligt
695 864 168 27 ofvanstadgade

106 900 94 26 grunder
216 900 60 21 skola
293 903 61 23 tagas
372 900 5 21 i
394 900 155 28 betraktande,
566 902 82 25 uppgör
663 899 95 22 komitén
773 899 39 21 sitt
822 898 42 22 för-

106 935 54 26 slag.
191 934 79 21 Finner
281 934 101 27 komitén,
398 935 64 20 hvars
475 935 176 20 sammanträden
662 934 54 21 böra
726 934 69 20 hållas
807 933 56 21 inom

106 971 127 25 pastoratet,
250 969 74 21 dervid
340 969 74 26 nödigt
430 971 34 19 att
480 969 7 21 i
504 970 67 21 saken
587 969 127 27 ytterligare
729 969 52 20 höra
792 970 71 24 pasto-

107 1005 69 20 ratets
200 1004 145 27 medlemmar,
369 1004 90 21 utverke
482 1004 161 26 Domkapitlets
667 1003 144 22 förordnande
830 1002 34 21 till

107 1039 135 21 anställande
259 1039 6 20 i
282 1039 77 20 sådant
375 1038 103 21 afseende
496 1039 23 20 af
533 1045 28 20 ny
577 1039 168 26 kyrkostämma.

455 1102 11 27 8
488 1103 33 20 18.

177 1143 101 21 Komitén
294 1149 38 20 ege
348 1143 39 20 ock
404 1145 32 18 att
452 1144 55 25 göra
523 1142 159 27 framställning
698 1148 34 15 om
748 1141 19 26 ej
779 1141 83 21 mindre

106 1177 88 27 delning
210 1177 23 21 af
247 1179 69 20 större
332 1177 52 21 eller
401 1177 191 21 sammanslående
608 1177 22 21 af
644 1177 83 20 mindre
743 1175 122 22 församlin-

107 1219 39 20 gar
169 1215 56 18 samt
248 1212 108 27 reglering
378 1212 24 21 af
419 1214 112 25 pastorats
548 1212 53 21 eller
617 1211 138 26 församlings
771 1210 93 27 omfång,

106 1249 28 18 än
158 1247 129 26 indragning
310 1247 22 20 af
353 1247 136 26 presttjenst,
514 1247 38 21 der
575 1247 79 20 sådant
672 1246 34 21 för
722 1245 106 22 vinnande
844 1245 23 21 af

108 1282 37 20 det
164 1282 48 20 med
232 1281 187 27 löneregleringen
435 1281 93 21 afsedda
544 1281 99 21 ändamål
659 1281 43 20 kan
718 1287 51 14 vara
785 1279 23 22 af
822 1286 43 15 om-

108 1316 178 27 ständigheterna
309 1316 122 26 påkalladt;
455 1316 92 21 hvarvid
568 1315 95 22 komitén
683 1315 83 27 åligger
786 1314 79 27 afgifva

107 1350 138 27 fullständigt
267 1350 80 26 förslag
370 1351 59 20 såväl
453 1350 35 21 för
512 1351 36 20 det
572 1351 37 20 fall
628 1352 33 19 att
677 1349 188 26 framställningen

107 1385 78 21 varder
201 1385 73 27 gillad,
294 1391 44 15 som
356 1385 32 20 för
404 1387 93 19 motsatt
513 1385 110 21 händelse.
654 1385 100 20 Börande
769 1383 97 22 komitén

106 1420 39 21 hos
168 1419 161 21 vederbörande
352 1419 140 27 Domkapitel
516 1421 76 25 genast
616 1419 85 21 anmäla
716 1419 74 26 hvarje
806 1418 59 27 dylik

108 1449 165 35 framställning.
826 1453 4 3 :
