1009 1739
308 140 24 22 U.
347 140 23 22 B.
386 153 29 2 —
430 138 63 29 Prop.
509 137 37 23 N:o
564 136 33 23 18.
772 137 28 20 21

154 209 32 22 De
207 208 169 28 bestämningar,
394 209 7 21 i
416 209 76 21 hvilka
505 209 39 26 jag
559 208 41 21 här
614 207 116 28 föreslagit
744 207 88 22 ändrin-

79 251 45 21 gar,
140 244 135 22 förekomma
291 244 6 21 i
313 245 69 21 andra
398 245 40 20 och
454 244 68 22 femte
538 246 126 20 momenten
674 244 24 22 af
707 245 37 21 det
754 244 7 21 i
772 244 60 27 fråga

78 281 95 21 varande
196 281 147 26 lagförslaget.
374 280 50 22 Men
449 281 113 21 dessutom
587 281 122 21 innehåller
732 281 37 21 det
792 280 41 21 sist

79 317 81 21 nämda
174 318 120 20 momentet
309 319 58 19 ännu
383 318 33 20 ett
431 317 130 27 stadgande,
573 323 46 15 som
631 317 69 26 enligt
711 316 44 21 min
766 316 67 21 tanke

80 355 25 19 är
125 353 85 21 mindre
231 352 106 27 lämpligt.
368 352 46 22 Här
435 352 141 22 föreskrifves
592 352 112 28 nämligen
720 354 33 19 att
768 352 65 27 ingen

79 389 34 21 får
134 389 88 26 deltaga
242 389 7 20 i
265 388 58 22 valet
339 389 49 20 med
404 388 51 22 flere
471 390 73 20 röster
560 391 27 19 än
604 395 27 14 en
640 387 156 28 femtiondedel
812 387 24 22 af

81 425 27 21 de
122 424 184 27 valberättigades
321 425 49 20 hela
386 425 136 26 röstbelopp.

156 460 68 22 Detta
243 460 119 27 stadgande
382 466 46 16 som
444 460 35 22 för
496 460 67 27 öfrigt
578 461 19 26 ej
615 460 63 22 torde
694 459 117 23 återfinnas
826 459 7 21 i

82 498 72 26 någon
170 496 24 21 af
208 496 26 22 de
250 496 115 22 utfärdade
381 496 191 27 valordningarna,
588 496 100 22 kommer
704 496 7 21 i
727 496 27 21 de
764 497 71 20 större

82 532 103 22 städerna
208 532 48 21 icke
276 532 35 21 till
331 532 147 27 tillämpning,
500 532 92 22 emedan
614 532 37 22 det
672 531 164 27 sammanlagda

82 568 151 27 röstbeloppet
247 568 41 21 här
303 568 63 21 alltid
382 570 24 19 är
422 570 25 19 så
463 570 65 25 stort,
544 570 34 19 att
589 568 37 22 det
639 568 34 22 för
684 568 42 21 den
737 566 99 23 enskilde

83 604 123 21 valmannen
222 603 123 22 faststälda
360 604 167 22 röstmaximum
543 604 48 22 icke
607 605 85 26 uppgår
707 604 34 20 till
757 602 80 29 !/5,:del

84 639 68 22 deraf.
175 640 50 21 Men
242 640 6 20 i
265 640 27 21 de
308 640 84 21 mindre
406 640 112 27 städerna,
530 640 40 21 och
582 640 126 27 isynnerhet
719 640 26 20 de
757 638 81 22 minsta

84 675 67 22 bland
167 676 56 26 dem,
240 676 60 21 leder
316 676 130 26 stadgandet
461 676 35 21 till
514 676 41 22 den
571 675 83 28 påföljd
670 677 34 19 att
719 675 65 27 ingen
794 674 43 21 kan

85 711 87 27 deltaga
191 711 7 21 i
219 712 58 21 valet
296 712 48 21 med
363 718 46 15 mer
430 714 27 19 än
474 713 70 26 några
559 711 22 22 få
596 714 77 19 röster.
706 710 46 22 Och
768 710 27 21 då
811 716 26 15 en

86 748 68 21 sådan
174 747 168 28 röstberäkning
360 748 74 21 säkert
449 748 49 21 icke
516 747 205 22 öfverensstämmer
736 746 50 22 med
802 752 37 15 an-

86 784 42 20 dan
144 784 40 20 och
198 783 67 27 syftet
276 783 6 21 i
294 784 40 21 den
345 784 124 27 föreslagna
480 783 256 28 grundlagsparagrafen,
748 781 92 22 föreslår

84 819 38 27 jag
141 821 33 19 att
194 820 110 26 uttrycket
325 826 27 15 en
373 819 157 22 femtiondedel
551 820 29 26 på
601 820 61 20 detta
681 818 63 22 ställe
760 818 80 21 ändras

86 854 35 22 till
135 861 27 15 en
177 854 145 28 tjugundedel.

163 890 107 28 Slutligen
286 897 64 15 anser
362 891 38 27 jag
416 893 34 19 att
465 891 7 21 i
489 891 72 27 tredje
570 892 126 26 momentet,
708 890 55 22 efter
774 889 67 21 orden

89 926 107 28 ylagstadt
214 926 152 28 tjenstehjon,*
382 927 169 27 bestämningen
569 933 57 19 ,som
641 928 26 19 är
682 926 9 21 i
707 924 135 22 husbondens

90 961 52 28 kost,
158 962 68 21 borde
242 962 114 21 uteslutas.
380 963 48 21 Den
444 963 192 26 omständigheten
647 961 107 22 huruvida
764 967 27 15 en
802 960 40 27 tje-

89 1004 52 15 nare
157 999 25 20 är
197 997 7 22 i
220 998 35 21 sin
270 1004 53 21 egen
339 999 50 20 kost
405 998 53 21 eller
474 998 7 21 i
498 998 140 21 husbondens
654 998 44 21 kan
714 997 68 26 enligt
797 996 45 21 min

88 1033 67 22 tanke
174 1034 48 21 icke
242 1034 68 21 värka
328 1035 71 26 nägon
418 1035 69 20 sädan
507 1034 84 21 olikhet
610 1034 6 21 i
634 1034 55 21 hans
706 1033 81 21 sociala
802 1031 41 22 och

90 1069 143 22 ekonomiska
248 1070 110 27 ställning,
375 1072 34 19 att
424 1070 55 21 hans
490 1070 106 27 politiska
606 1070 82 21 valrätt
701 1069 67 21 borde
778 1069 65 26 göras

90 1105 63 22 deraf
168 1105 116 28 beroende,
304 1108 53 19 utan
377 1107 37 21 det
434 1106 124 27 väsentliga
574 1106 40 21 och
630 1106 7 21 i
654 1106 61 21 detta
730 1104 39 22 fall
784 1103 60 28 afgö-

90 1141 67 22 rande
173 1143 70 20 mäste
258 1142 35 21 väl
309 1149 51 14 vara
376 1148 35 15 om
428 1149 27 15 en
468 1147 83 22 person
563 1143 45 20 stär
619 1141 69 22 under
699 1147 83 15 annans
792 1140 52 21 hus-

91 1177 134 22 bondevälde
241 1177 55 22 eller
311 1177 54 28 icke,
382 1178 53 21 eller
450 1179 51 21 med
518 1179 70 20 andra
604 1178 38 21 ord
654 1184 34 15 om
699 1177 44 21 han
754 1179 24 18 är
788 1176 56 27 tjän-

92 1213 86 26 stehjon
194 1213 54 22 eller
264 1214 26 27 ej.
314 1214 50 21 Men
380 1216 33 19 att
430 1215 22 20 ät
468 1220 113 21 personer,
598 1213 73 22 hvilka
687 1215 35 20 stä
738 1212 6 21 i
761 1213 32 21 ett
808 1211 37 27 dy-

91 1248 43 21 likt
154 1249 74 21 direkt
243 1249 108 22 beroende
367 1249 24 22 af
405 1251 75 26 andra,
499 1250 59 27 gifva
574 1250 90 27 politisk
680 1250 99 25 rösträtt,
795 1253 51 16 vore

93 1285 25 20 sä
134 1285 86 26 mycket
236 1285 148 27 oegentligare
400 1292 45 15 som
463 1286 44 21 alla
524 1286 88 26 sädana,
631 1287 53 20 utan
701 1284 102 22 afseende
818 1283 30 26 pä

93 1326 35 15 om
145 1320 27 21 de
188 1322 37 20 äro
243 1321 6 21 i
266 1327 54 21 egen
335 1322 51 21 kost
401 1321 53 22 eller
470 1322 56 27 icke,
544 1321 68 27 enligt
629 1321 29 22 10
673 1321 11 27 $
701 1321 7 21 i
724 1320 26 21 K.
762 1320 24 21 F.
798 1325 49 20 ang.

94 1355 261 29 kommunalförvaltning
376 1357 7 21 i
400 1358 49 21 stad
468 1360 39 19 äro
524 1357 113 22 uteslutna
652 1357 49 21 frän
718 1355 130 28 deltagande

93 1391 6 21 i
116 1391 27 21 de
158 1391 142 22 kommunala
315 1393 69 22 valen.

169 1427 40 21 Om
226 1428 27 21 de
269 1428 88 27 äsigter,
375 1435 46 15 som
438 1429 64 21 ofvan
515 1429 137 27 framställts,
663 1428 66 21 vinna
740 1427 109 26 afseende,

94 1463 71 21 skulle
185 1463 75 27 andra,
279 1464 70 26 tredje
371 1465 39 20 och
429 1464 69 22 femte
518 1467 125 19 momenten
662 1464 24 21 af
700 1465 27 20 de
743 1463 107 27 ifrägava-

95 1499 67 21 rande
178 1498 120 28 lagförslag
313 1500 82 21 erhälla
410 1500 99 27 följande
525 1500 131 22 förändrade
672 1500 92 28 lydelse:

167 1539 163 28 Lagutskottets
346 1540 136 23 betänkande
498 1541 44 21 N:o
558 1542 21 21 5.
