1009 1739
200 154 14 21 4
513 155 34 21 N:o
562 155 34 22 21.

422 223 120 28 Transport
568 225 117 25 1,047,200:
703 235 26 4 —

175 258 55 20 samt
241 257 198 28 löneförhöjningar
449 258 35 21 för
492 259 51 20 den-

243 297 81 15 samma
393 308 5 5 «
428 309 5 4 8
464 307 5 5 +
500 309 5 4 5
536 309 5 4 &
601 293 85 25 36,000:
702 304 27 4 —
763 299 118 24 1,083,200:
898 311 26 3 —

174 331 45 21 Och
242 331 70 22 skulle
335 332 90 21 sålunda
450 334 36 20 vid
509 333 110 27 utgången
643 333 23 21 af
682 334 54 20 1885

242 373 53 14 vara
318 368 32 19 att
366 370 80 19 emotse
462 374 26 15 en
505 368 125 26 behällning
646 368 23 21 af
698 384 4 4 .
733 384 4 4 .
798 369 82 26 82,085:
898 369 32 20 86.

242 434 50 22 Med
309 436 115 26 anledning
440 437 22 20 af
478 437 139 26 Ständernas,
634 437 29 27 pä
678 436 92 22 anförda
786 437 52 25 skäl,
855 436 76 27 gjorda

174 469 108 26 anhållan,
298 472 33 18 att
346 470 78 27 nådiga
440 471 145 27 kungörelsen
602 472 22 20 af
640 472 41 20 den
700 472 24 20 13
740 471 60 21 Mars
818 472 59 25 1873,
895 477 35 15 an-

174 504 83 25 gäende
280 504 58 21 vissa
358 505 141 27 iakttagelser
515 506 35 20 vid
567 506 127 26 utgifvande
710 506 23 20 af
747 506 183 26 folkskoleanslag

177 544 26 14 ur
218 538 206 27 bevillningsmedel,
441 540 71 21 blefve
528 540 95 27 upphäfd
641 542 57 19 samt
713 540 11 27 $
743 541 38 20 119
794 540 38 21 och
844 540 86 21 dermed

176 573 210 27 sammanhängande
402 574 134 27 stadganden
553 575 6 21 i
576 575 263 26 folkskoleförordningen
856 575 22 21 af
893 575 40 21 den

178 608 23 20 11
226 607 44 27 Maj
296 609 54 20 1866
373 609 67 21 mätte
465 610 107 20 förklaras
599 610 47 20 äter
672 609 100 26 gällande
797 610 6 20 i
827 610 31 20 sin
880 610 53 20 fulla

175 641 65 27 kraft,
264 642 40 21 har
326 643 79 21 allmän
428 644 129 26 författning
576 644 71 21 blifvit
663 644 7 20 i
687 644 95 26 enlighet
798 644 85 20 dermed
900 646 32 18 ut-

170 676 84 22 färdad,

248 711 80 21 Likaså
351 712 39 21 har
413 712 75 27 frågan
505 719 34 15 om
556 714 137 20 anställande
709 713 22 20 af
746 713 186 26 distriktsinspek-

174 748 59 18 törer
248 746 35 21 för
298 746 149 22 folkskolorna
462 748 28 26 pä
506 748 74 20 landet
596 748 39 21 och
652 748 168 26 resestipendier
835 747 33 21 för
884 748 48 20 dem

177 782 55 19 samt
256 787 34 14 om
314 781 162 21 förstärkandet
498 783 22 19 af
536 782 188 21 arbetskrafterna
740 782 33 21 för
788 782 144 21 folkskolevä-

174 815 77 21 sendet
274 816 35 20 vid
333 816 220 28 Skolöfverstyrelsen
575 817 72 21 blifvit
663 823 75 20 genom
756 817 5 20 i
778 818 71 19 ämnet
864 816 68 21 utfär-

174 849 42 21 dad
239 850 129 27 författning
388 851 81 21 ordnad
486 852 6 20 i
510 852 96 26 enlighet
621 852 49 20 med
687 852 37 20 det
739 852 81 26 förslag
835 852 7 20 i
858 851 72 25 saken,

172 890 46 14 som
236 884 70 21 blifvit
321 884 23 21 af
359 884 121 22 Ständerna
495 886 113 27 tillstyrkt.

243 918 30 20 Af
294 918 146 22 förekommen
462 920 115 26 anledning
594 921 45 25 har,
657 920 27 27 på
700 920 74 21 derom
790 920 61 27 gjord
867 920 64 21 fram-

174 952 110 27 ställning,
302 954 161 21 vederbörande
480 955 32 20 till
528 955 122 20 kännedom
668 954 39 21 och
723 954 139 27 iakttagande
873 954 58 21 med-

170 986 76 26 delats,
274 989 33 18 att
330 987 110 22 lärarinna
464 994 46 15 som
537 989 94 21 förestår
655 989 58 26 ledig
736 988 137 27 läraretjenst
895 989 36 20 vid

172 1020 67 27 högre
250 1019 109 24 folkskola
368 1023 27 26 på
403 1023 79 26 landet,
499 1023 34 21 för
549 1024 85 20 hvilken
653 1023 77 26 bidrag
739 1030 25 13 ur
773 1024 106 20 allmänna
888 1029 43 15 me-

173 1056 34 21 del
221 1055 107 28 beviljats,
338 1057 22 20 af
367 1057 59 21 detta
435 1058 78 26 bidrag
529 1065 50 20 eger
595 1058 99 27 uppbära
711 1058 80 21 arvode
807 1059 75 20 endast
898 1058 33 21 till

171 1090 79 27 belopp
267 1091 23 20 af
304 1092 42 19 400
361 1092 61 20 mark
438 1092 34 21 för
488 1092 53 26 året,
558 1093 113 20 hvaremot
688 1092 130 26 återstoden,
835 1093 55 20 efter
900 1092 31 21 af-

171 1125 54 26 drag
241 1125 23 20 af
278 1125 64 21 enke-
358 1126 38 21 och
413 1127 135 26 pupillkassa
564 1127 131 21 tillfallande
712 1126 68 28 afgift,
797 1127 81 20 kronan
894 1127 36 20 be-

169 1165 83 21 sparas.

243 1194 70 21 Sedan
338 1195 120 21 kostnaden
481 1196 35 20 för
539 1196 109 21 särskilda
673 1195 139 28 nybygnader
834 1195 35 21 vid
886 1195 46 21 lan-

169 1228 47 21 dets
242 1229 132 26 seminarier,
400 1230 67 27 enligt
486 1231 56 20 hvad
559 1231 141 20 härförinnan
717 1230 126 27 meddelats,
860 1230 71 21 blifvit

171 1263 109 21 allmänna
296 1264 135 21 statsfonden
448 1265 84 26 påförd,
548 1265 64 20 hafva
628 1265 28 20 de
672 1265 34 20 för
716 1265 94 26 manliga
820 1264 39 21 och
871 1265 59 25 qvin-

166 1296 44 27 liga
234 1297 164 28 afdelningarna
415 1299 6 20 i
437 1299 120 27 Jyväskylä
580 1299 141 21 seminarium
744 1299 79 26 nödiga
842 1299 40 20 hus
899 1298 31 21 äf-

166 1337 88 15 vensom
271 1338 37 15 sex
325 1332 144 27 erforderliga
484 1333 126 27 byggnader
626 1333 35 21 för
678 1333 138 21 seminarium
832 1333 6 20 i
850 1333 79 21 Sorda-

165 1365 50 21 vala
238 1366 106 27 uppförts.
376 1367 116 21 Likaledes
510 1369 36 19 äro
564 1368 110 21 särskilda
690 1367 186 27 bygnadsarbeten
895 1367 35 20 vid

166 1400 157 21 seminarierna
338 1401 7 20 i
362 1401 86 21 Ekenäs
473 1401 39 22 och
532 1402 126 27 Nykarleby
677 1402 49 20 med
742 1402 108 20 allmänna
866 1403 64 19 stats-

165 1434 69 21 medel
259 1435 118 21 bestridda.
410 1435 127 22 Kostnaden
561 1436 33 21 för
618 1436 104 26 samtliga
742 1436 63 21 dessa
820 1435 110 27 bygnader

164 1468 40 20 har
217 1469 110 21 härintills
337 1470 83 26 utgjort
430 1471 82 20 inemot
522 1472 113 26 1,400,000
645 1471 69 20 mark.
736 1470 46 21 Den
792 1470 65 21 delaf
864 1470 66 26 utgif-
