1009 1739
193 157 14 21 2
358 157 81 23 Ständ.
455 157 37 23 Sv.
509 169 29 5 —
552 158 70 28 Prop.
640 158 39 22 N:o
694 158 34 21 29.

166 229 47 22 gon
236 221 101 29 ordning
360 221 36 22 för
418 222 72 21 sättet
514 222 34 20 att
570 221 80 28 bygga
665 220 9 21 i
688 219 33 29 by
736 221 60 20 samt
812 219 110 22 särskildt

167 258 35 20 ett
224 256 130 29 stadgande
370 263 37 14 om
422 254 283 29 ersättningsskyldighet
719 254 37 21 för
771 254 87 21 sådana
872 254 50 25 fall,

166 291 30 22 då
211 290 129 29 yrkesdrift
355 289 90 22 medför
460 289 73 28 högre
549 288 217 29 försäkringsafgift
780 289 36 21 för
826 296 95 21 granne.

164 325 93 21 Härvid
272 324 42 21 har
328 324 140 28 visserligen
478 323 148 27 framhållits,
638 325 34 20 att
682 323 239 26 kommunalstämma,

162 359 98 29 jemlikt
282 359 12 21 6
317 360 13 25 $
352 360 14 21 8
388 365 66 14 mom.
474 358 8 21 i
497 358 94 28 Nädiga
606 357 180 28 Förordningen
802 358 120 28 angående

167 393 313 28 kommunalförvaltningen
492 393 32 28 på
534 392 81 21 landet
625 391 45 22 den
681 394 12 19 6
704 391 114 22 Februari
828 393 60 26 1865,
898 395 26 18 är

167 427 100 27 behörig
283 429 34 19 att
328 427 39 21 till
377 426 182 28 öfverläggning
570 426 44 21 och
624 425 127 29 afgörande
762 428 104 26 upptaga
878 427 45 20 frå-

165 468 43 21 gor
223 468 54 21 ,,om
291 460 63 22 hvad
368 460 39 22 till
422 460 189 22 förekommande
623 460 44 21 och
677 460 139 22 hämmande
829 460 26 21 af
863 460 59 21 elds-

166 494 63 22 våda
252 494 44 22 och
317 495 76 21 fareld
406 494 72 22 lända
492 494 70 22 kan'.
592 494 55 22 Men
663 495 97 21 emedan
776 494 65 22 detta
862 494 60 22 stad-

165 529 77 29 gande
265 529 119 21 härintills
406 529 118 22 förblifvit
546 529 83 21 endast
650 537 30 13 en
702 529 46 21 död
766 529 97 21 bokstaf
880 529 43 21 och

165 564 53 20 icke
241 563 74 22 heller
338 564 47 21 kan
408 566 104 26 antagas,
537 566 35 19 att
586 565 79 27 någon
680 564 137 28 förändring
832 564 37 20 till
885 564 39 21 det

166 598 77 21 bättre
259 598 9 20 i
284 598 84 28 antydt
383 598 109 22 afseende
509 606 41 14 ens
562 598 8 21 i
580 598 127 21 framtiden
718 605 54 14 vore
784 600 34 19 att
830 600 92 23 emotse,

167 632 43 21 har
225 632 64 21 inom
307 632 106 22 Stånden
428 633 46 21 den
489 633 63 28 åsigt
566 632 64 29 gjort
640 633 37 27 sig
685 632 116 29 gällande,
813 634 35 20 att
857 633 67 21 verk-

166 674 72 15 samm
245 673 38 15 are
301 667 77 21 medel
397 667 38 21 till
450 666 151 29 afhjelpande
618 667 26 21 af
656 667 194 21 ofvananmärkta
864 667 60 21 brist

165 710 56 14 vore
240 702 26 22 af
278 702 112 21 behofvet
404 701 132 29 påkallade.
566 701 53 21 Fall
635 701 81 22 kunna
731 702 118 22 dessutom
864 702 60 22 före-

166 736 97 22 komma
278 736 71 21 äfven
364 736 8 21 i
388 736 58 26 stad,
466 736 41 22 der
520 736 282 29 byggnadsordningarne
812 736 51 22 icke
874 739 50 19 ute-

166 771 64 21 sluta
252 770 154 29 möjligheten
425 771 25 21 af
462 770 136 28 yrkesdrift,
614 770 70 22 hvars
700 770 151 29 eldfarlighet
866 771 56 21 kän-

166 804 56 22 bart
242 804 47 22 kan
304 804 98 22 inverka
416 805 30 28 på
462 805 111 29 beloppet
588 806 26 20 af
627 805 28 22 de
671 805 147 22 närboendes
834 806 88 21 försäk-

164 838 173 29 ringsafgifter.

236 873 56 21 Med
315 873 109 22 afseende
448 874 13 21 å
476 874 40 21 det
532 874 97 21 anförda
645 874 23 21 få
684 873 134 23 Ständerna
832 874 90 22 derföre

167 907 43 21 hos
230 907 96 22 Eders
344 908 186 29 Kejserliga
543 908 151 29 Majestät
709 908 9 22 i
732 908 191 29 underdånighet

166 942 107 21 anhålla:

373 989 34 21 det
429 989 78 22 täcktes
522 989 71 22 Eders
609 989 127 28 Kejserliga
752 990 107 27 Majestät
874 993 49 25 taga

304 1023 10 21 i
328 1023 76 28 nådigt
419 1023 155 28 öfvervägande
589 1021 155 30 behöfligheten
758 1024 29 28 af
796 1027 28 19 ett
832 1025 92 27 lagstad-

303 1057 76 28 gande,
395 1057 136 28 hvarigenom
540 1058 222 27 rättsförhällandena
769 1059 67 21 skulle
844 1059 78 22 ordnas

306 1092 10 20 i
330 1091 86 22 sädana
427 1091 51 28 fall,
495 1092 29 21 dä
539 1092 115 27 utöfvande
670 1092 28 28 af
706 1093 142 27 näringsyrke
857 1094 9 20 i
876 1094 49 21 stad

303 1125 51 22 eller
372 1126 33 27 pä
428 1126 71 21 landet
514 1125 40 28 för
568 1133 82 20 granne
667 1126 83 27 medför
766 1127 56 21 ökad
835 1127 85 28 eldfara

304 1160 51 21 eller
366 1159 106 28 förhöjda
487 1160 307 28 brandförsäkringsafgifter.

234 1222 118 22 Finlands
366 1223 100 22 Ständer
480 1223 134 22 framhärda
628 1226 44 19 etc.

234 1263 150 28 Helsingfors
400 1263 45 21 den
460 1264 14 21 5
488 1264 48 27 Maj
554 1265 61 20 1885.

290 1462 119 22 Helsingfors,
422 1463 18 19 J.
454 1462 68 18 Simelii
535 1463 99 22 arfvingars
646 1463 82 22 tryckeri,
745 1462 49 18 1885.
