1009 1739
172 139 12 20 6
476 137 40 24 N:o
532 137 30 23 17.

142 203 90 22 föremål
254 203 34 22 för
309 203 104 28 länstings
437 204 139 26 behandling,
597 203 65 23 hafva
680 203 48 22 icke
744 203 8 21 i
767 203 39 22 allt
820 202 82 21 kunnat

142 239 132 26 godkännas.
306 238 107 22 Särskildt
435 239 39 22 har
497 239 24 21 ät
544 239 95 26 länsting
662 240 84 20 ansetts
766 238 48 22 icke
830 238 72 21 kunna

144 273 119 27 medgifvas
279 272 129 27 befogenhet
423 275 33 20 att
471 273 104 27 slutligen
590 273 74 28 afgöra
680 273 94 22 ärenden
790 271 111 28 angående

141 309 73 26 vägar,
238 308 64 21 broar
324 308 41 21 och
388 308 184 27 skjutsanstalter,
596 310 52 19 enär
672 308 65 21 dessa
760 307 72 27 frågor
853 306 47 22 icke

142 341 90 23 hänföra
253 342 33 27 sig
309 342 77 22 endast
406 343 32 21 till
459 343 72 21 länets
547 345 53 19 utan
616 343 32 21 till
664 343 42 21 den
722 342 107 21 allmänna
844 347 56 16 sam-

141 376 106 22 färdselns
263 377 113 26 intressen,
392 377 40 22 och
447 377 206 22 beslutanderätten
667 377 7 21 i
692 377 109 22 desamma
816 375 84 22 derföre

141 411 40 22 bör
202 412 8 20 i
230 411 54 21 sista
303 411 56 21 hand
374 411 118 22 tillkomma
508 412 162 22 vederbörande
686 410 213 28 statsmyndigheter,

140 446 29 27 på
184 447 46 20 sätt
245 446 101 26 stadgadt
361 448 24 20 är
400 446 32 22 uti
447 447 27 21 de
489 446 7 22 i
513 446 96 27 enlighet
624 446 49 21 med
689 448 87 19 senaste
786 444 113 28 landtdags

141 480 72 22 beslut
228 480 7 22 i
250 480 67 27 sagde
332 482 62 20 ämne
410 481 85 28 nyligen
512 481 113 21 utfärdade
636 480 158 27 författningar.
817 480 10 21 I
838 482 60 20 ären-

140 515 42 21 den
201 514 23 22 af
237 516 142 21 nästnämnda
394 516 150 23 beskaffenhet
561 516 40 22 har
616 516 23 21 åt
654 515 95 27 länsting
764 515 88 28 inrymts
872 521 26 15 en

140 549 138 27 rådgifvande
301 550 100 28 ställning
420 551 49 21 med
485 550 124 28 skyldighet
624 550 33 22 för
672 550 178 28 myndigheterne
866 551 33 20 att

138 584 64 22 innan
218 585 79 21 sådant
312 586 79 22 ärende
406 585 84 28 afgöres
507 586 96 21 inhemta
618 586 106 26 länstings
740 585 106 27 yttrande.

208 619 50 22 Med
267 619 157 29 ofvanantydda
433 621 40 21 och
482 621 68 27 några
558 621 67 21 andra
634 620 116 26 ändringar
758 622 24 19 är
792 618 105 23 komiténs

139 653 116 29 lagförslag
270 654 60 28 lagdt
345 656 32 20 till
388 656 69 26 grund
467 655 33 23 för
512 656 37 21 det
559 654 81 28 förslag
650 655 33 22 till
694 655 36 27 lag
740 660 34 16 om
784 654 96 27 länsting
891 654 6 21 i

141 688 214 27 Storfurstendömet,
367 696 46 16 som
421 690 60 22 Hans
490 690 124 28 Kejserliga
622 690 103 27 Majestät
732 689 50 21 låtit
791 689 106 21 utarbeta.

139 722 109 28 Derjemte
270 724 40 21 har
332 724 80 27 förslag
434 725 70 21 blifvit
527 724 119 28 uppgjordt
668 724 33 22 till
721 724 125 26 förordning
860 724 36 22 be-

139 757 105 23 träffande
260 758 62 22 häraf
335 758 112 23 föravledd
463 760 92 26 ändring
570 759 23 21 af
607 761 27 19 40
649 759 31 26 Si
691 758 153 26 förordningen
855 758 41 22 den

141 793 24 20 17
188 792 58 22 Mars
271 792 55 22 1879
351 794 111 27 angäende
486 794 108 22 allmänna
616 793 157 27 fattigvärden;
794 792 40 22 och
850 794 46 20 som

138 826 140 28 stridigheter
300 828 73 21 kunna
392 829 80 27 uppstå
491 835 35 15 om
543 828 41 22 den
600 828 76 27 grund,
694 827 54 23 efter
762 827 86 21 hvilken
863 828 33 20 rö-

138 862 73 20 sterna
222 862 53 21 böra
284 862 107 22 beräknas
402 863 28 21 dä
439 863 72 21 skilda
521 863 126 21 kommuner
658 862 88 27 deltaga
755 862 7 21 i
772 867 123 21 gemensam

138 897 97 25 stämma,
252 903 49 15 men
315 897 109 22 föreskrift
439 898 79 22 saknas
528 898 56 21 huru
594 898 7 21 i
612 898 80 21 sådant
701 896 37 22 fall
749 896 39 23 bör
798 896 96 26 förfaras,

138 929 39 23 har
192 930 58 22 Hans
267 931 121 28 Kejserliga
402 932 105 27 Majestät
521 932 49 22 låtit
586 932 69 22 tillika
665 932 97 27 uppgöra
772 930 80 27 förslag
862 930 33 21 till

136 963 125 29 förordning
276 966 111 27 angäende
397 967 76 26 tillägg
483 967 76 21 härom
570 966 32 21 till
612 967 28 20 20
652 965 10 28 $
674 966 7 21 i
691 965 152 26 förordningen
854 964 41 21 den

136 1000 14 20 6
165 999 103 22 Februari
286 1003 60 24 1865,
361 1001 111 28 angäende
483 1001 282 26 kommunalförvaltningen
776 1000 28 27 pä
814 999 79 22 landet.

205 1035 60 21 Hans
288 1035 121 28 Kejserliga
430 1037 105 26 Majestät
553 1036 36 21 vill
609 1035 90 22 härmed
714 1035 32 21 till
762 1034 131 22 Ständernas

135 1068 100 29 pröfoing
248 1070 40 21 och
301 1071 120 26 antagande
432 1071 7 21 i
449 1071 68 22 nåder
528 1071 130 21 öiverlemna
669 1069 69 28 sagda
748 1069 145 27 författnings-

135 1103 87 28 förslag,
242 1104 72 22 hvilka
329 1107 37 20 äro
383 1105 24 22 af
418 1105 96 28 följande
529 1105 93 28 lydelse:

374 1173 120 34 Förslag
512 1174 43 27 till
572 1174 43 33 lag
633 1180 38 20 om
686 1172 112 33 länsting
810 1172 10 26 i
832 1171 61 28 Stor-

351 1213 174 28 furstendömet
541 1213 111 28 Finland.

445 1278 17 21 I
478 1277 102 28 Kap.

372 1328 118 24 Allmänna
506 1329 146 29 stadganden.

487 1377 11 25 8
515 1379 19 19 1.

200 1414 10 21 I
230 1414 74 28 hvarje
321 1415 37 22 län
374 1416 63 22 skola
451 1417 101 28 samtliga
567 1417 134 26 kommuner,
718 1415 50 22 med
783 1414 110 27 undantag

131 1448 23 21 af
172 1449 48 21 dem
242 1449 58 22 inom
319 1449 165 29 Lappmarkens
504 1451 75 27 härad,
595 1453 50 20 utse
660 1449 144 27 fullmäktige,
821 1449 72 22 hvilka
