1009 1739
433 153 23 20 U.
468 153 23 20 B.
503 163 23 4 —
538 153 61 24 Prep:
612 153 37 19 N:o
661 153 30 19 19.

427 211 45 26 Vid
487 211 184 28 bestämmandet.
685 211 30 33 af
724 211 28 25 de
763 210 103 34 afgifter,
880 209 56 25 hvil-

389 251 35 26 ka
433 252 47 33 för
500 252 71 27 dess
589 251 163 33 inräitningar
774 251 118 32 äfvensom
910 250 32 33 af

390 291 203 27 landthendlande:
610 291 43 25 och
675 299 115 25 personer
812 295 58 20 utan
883 291 57 32 fast

390 332 110 33 egendom
527 331 58 26 Böra
609 332 115 33 erläggas,
751 331 66 29 skall,
840 331 40 24 der
901 330 35 25 be-

390 372 92 25 stämda
496 371 158 34 föreskrifter
668 371 13 25 v
694 372 79 24 ämnet
788 371 94 28 saknas,
900 371 38 32 af-

390 412 79 26 seende
479 412 82 33 fästas
578 411 15 25 å
610 411 94 25 sådana
720 411 161 33 inrättningar
894 410 43 25 och

386 460 114 25 personer
519 451 104 34 påförda
640 451 154 25 kommunala
810 450 127 33 utskylder.

598 528 27 32 $$
640 526 20 28 6
678 526 42 27 och
737 526 25 24 6.

424 583 155 24 Oförändrads,

614 658 25 25 H
655 658 64 28 Kap.

489 727 38 23 Om
542 726 134 30 aflöningens
690 726 151 23 beskaffenhet

639 792 17 30 &
672 790 22 25 7.

424 842 140 22 Oförändrad.

637 906 14 30 $
668 904 25 25 8.

426 963 40 26 All
490 970 83 19 annan
599 962 80 27 tionde
703 962 35 25 tll
760 961 177 33 presterskapet,

389 1011 55 16 vare
470 1003 35 34 sig
531 1003 81 28 smör-,
630 1001 60 32 fisk-
712 1003 54 24 eller
787 1001 151 34 gvicktionde,

390 1043 121 35 äfvensom
533 1043 44 24 den
597 1043 15 24 i
628 1041 78 34 några
728 1043 64 24 delar
813 1043 29 32 af
861 1043 79 24 landet

390 1083 16 24 €
417 1083 79 25 andra
512 1083 142 27 naturalster
671 1082 33 25 än
722 1081 110 34 spanmäl
842 1082 96 33 utgäen-

390 1123 28 24 de
440 1123 72 33 afgift
537 1123 38 24 till
586 1121 176 34 presterskapet
781 1121 94 34 utbytes,
897 1123 43 23 der

390 1161 144 34 Veträffande
559 1163 72 24 smör-
658 1161 43 26 och
728 1162 117 25 laxtionde
861 1161 77 26 lokala

383 1202 173 33 förhållanden
569 1202 51 25 icke
637 1202 128 25 tillsvidare
778 1201 99 34 påkalla
893 1211 45 16 un-

390 1243 95 32 dantag,
508 1247 60 20 emot
592 1241 119 26 bestämda
733 1241 77 34 årliga
832 1242 104 33 afgifter,

389 1282 111 33 antingen
518 1283 13 23 i
541 1283 139 32 penningar
696 1283 54 23 eller
768 1282 12 24 i
794 1282 28 25 de
838 1283 38 24 uti
889 1283 13 30 $
920 1281 18 25 3

388 1322 158 33 uppräknade
567 1323 137 32 persedlar;
730 1321 42 25 och
793 1321 56 26 böra
872 1323 66 24 dessa

388 1362 97 33 afgofier
494 1361 106 34 föreslås:
623 1362 33 33 af
678 1361 228 34 regleringskomitén
928 1361 13 24 x

388 1401 102 33 enlighet
513 1403 55 24 med
590 1402 28 25 de
634 1401 14 25 i
666 1403 17 30 &
698 1401 16 25 7
732 1402 143 25 omnämnda
895 1402 42 24 all-

388 1442 90 32 männä
493 1442 117 33 grunder.

250 1486 48 22 Lag-
309 1487 30 17 och
351 1487 169 18 Ekonomiutskotteta
530 1487 108 18 betänkande
646 1487 36 17 N:o
694 1488 17 16 5.
