1009 1739
196 152 22 18 10
419 153 23 18 U.
455 153 22 18 B.
490 151 23 15 —
525 152 62 24 Prop.
599 153 36 18 N:o
648 153 28 18 17.

172 209 40 27 ligt
230 210 80 21 mindre
328 211 26 20 än
373 210 111 25 kretsen
467 205 25 36 :i
504 211 113 26 Preussen,
636 217 44 14 som
701 210 39 21 ock
755 210 47 21 med
818 210 98 22 afseende

173 243 57 26 derå,
242 245 31 20 att
292 244 40 21 den
346 243 74 22 finska
429 245 189 21 landskommunen
634 245 47 21 med
696 250 26 16 en
738 244 121 27 befolkning
874 244 23 21 af
910 245 7 20 i

173 278 99 21 medeltal
289 278 52 22 flera
356 280 60 21 tusen
431 284 103 22 personer
549 279 70 21 bildar
634 280 31 20 ett
679 279 45 21 helt
738 280 64 19 annat
815 279 102 26 underlag

173 312 33 21 för
220 312 164 27 sjelfstyrelsens
400 315 86 26 system,
501 315 27 20 än
544 314 26 21 de
585 313 46 21 små
645 313 152 21 kommunerna
810 313 6 20 i
827 313 90 21 nämnda

173 348 48 24 stat,
240 353 50 15 vore
308 347 204 27 förutsättningarna
527 348 34 21 för
575 345 162 29 ifrägavarande
752 347 142 25 organisation
910 347 6 21 i

172 381 90 20 Finland
272 381 45 21 helt
327 381 57 22 olika
394 382 28 21 de
430 380 142 29 nyssberörda
582 381 39 22 och
632 381 180 22 öfverensstämde
823 381 94 21 deremot

172 415 80 26 ganska
267 417 51 19 nära
333 416 47 21 med
395 416 161 22 förhållandena
571 416 7 21 i
593 416 25 21 de
633 417 74 24 stater,
723 416 39 20 der
776 415 74 21 endast
859 415 58 20 länet

172 448 38 22 och
229 448 125 22 kommunen
373 450 97 27 utgjorde
488 450 99 21 :områden
608 450 33 21 för
656 449 157 27 medborgerlig
828 448 89 28 sjelfför-

173 482 100 27 valtning.

240 552 109 22 Utskottet
370 553 44 25 har,
436 553 34 21 för
492 555 32 19 att
546 553 103 21 motivera
667 552 32 22 sin
717 552 56 27 äsigt
792 552 79 25 derom,
887 553 31 19 att

172 586 213 27 länsrepresentation
405 588 66 20 borde
490 588 6 20 i
517 588 71 20 landet
607 587 86 23 införas,
713 586 69 22 funnit
800 586 32 27 sig
847 586 71 21 kunna

172 620 88 22 hänvisa
274 621 32 21 till
322 621 26 21 de
363 622 130 26 uttalanden,
510 628 44 15 som
570 622 64 25 förut,
646 621 27 27 pä
684 622 42 20 sätt
738 620 108 22 ofvanföre
854 620 63 21 fram-

172 654 68 26 stälts,
255 654 48 21 låtit
318 655 5 20 i
340 654 73 28 frågan
429 655 112 21 förnimma
556 656 42 26 sig;
609 655 43 21 och
667 657 45 19 tror
727 654 104 22 utskottet
845 654 33 26 sig
889 660 28 15 nu

172 688 20 27 ej
210 688 72 21 vidare
301 688 91 22 behöfva
410 696 94 20 upprepa
522 690 27 21 de
568 690 52 23 skäl,
637 689 71 21 hvilka
723 689 89 21 sålunda
827 688 32 21 till
876 688 41 21 för-

172 722 48 21 mån
235 722 33 21 för
283 723 144 22 institutionen
443 724 88 21 anförts.

240 757 58 21 Inom
314 757 104 21 utskottet
432 758 38 20 har
486 758 119 21 'emellertid
620 758 67 20 under
699 758 40 20 den
752 757 122 27 principiela
883 757 35 21 be-

172 790 126 28 handlingen
319 791 23 21 af
355 792 40 20 den
410 792 78 26 nådiga
503 792 156 27 propositionen
676 791 242 27 meningsskiljaktighet

172 824 108 22 förefallit.
310 825 39 21 Om
364 826 70 26 vigten
451 826 39 21 och
505 826 169 21 önekvärdheten
690 825 23 21 af
726 827 32 19 att
772 826 39 20 den
822 825 96 21 medbor-

171 859 82 27 gerliga
267 859 210 27 sjelfverksamheten
492 860 7 21 i
515 860 73 22 landet
602 860 73 21 vidare
690 860 109 21 utvecklas
810 858 63 22 hafva
884 860 34 20 väl

172 893 43 21 alla
229 894 55 20 varit
299 900 57 18 ense,
371 899 47 16 men
433 894 106 22 huruvida
553 894 125 27 tidpunkten
691 894 65 22 redan
768 900 50 15 vore
830 894 48 20 inne
886 893 32 21 för

172 928 135 21 anordnande
326 928 22 20 af
362 933 26 16 em
403 928 91 21 särskild
511 928 118 21 institution
645 929 7 20 i
668 928 59 22 detta
742 928 55 27 syfte
812 928 39 20 och
866 928 52 20 hvil-

171 961 40 21 ken
232 961 126 27 omfattning
376 962 36 21 det
431 962 87 21 område
534 963 66 20 borde
614 962 69 25 hafva,
700 967 44 16 som
760 961 70 22 skulle
845 962 73 26 läggas

171 995 33 21 till
219 995 68 26 grund
302 995 34 22 för
348 996 128 26 densamma,
489 996 72 21 derom
574 996 62 21 hafva
649 996 58 21 olika
718 993 109 29 meningar
836 997 81 25 yppats.

238 1029 72 27 Några
332 1030 138 21 medlemmar
492 1030 24 21 af
535 1030 105 21 utskottet
661 1029 64 22 hafva
744 1031 76 24 ansett,
839 1031 31 19 att
888 1031 30 20 ett

171 1063 91 27 verkligt
280 1063 66 22 behof
362 1064 25 23 af
403 1064 91 21 särskild
511 1065 168 26 representation
694 1063 34 22 för
742 1064 34 21 län
792 1064 53 21 eller
859 1063 59 22 delar

170 1098 62 21 deraf
246 1100 56 19 ännu
316 1098 47 21 icke
374 1098 126 22 förefunnes
516 1101 56 18 samt
586 1100 37 24 att,
636 1098 29 21 då
673 1099 40 20 den
725 1104 41 21 nya
772 1098 144 21 institutionen

170 1131 132 22 fördenskull
317 1133 47 21 icke
379 1132 69 22 kunde
464 1134 75 20 väntas
554 1132 96 22 medföra
664 1134 37 24 ett,
716 1132 117 27 utgifterna
847 1131 71 22 derför

171 1167 148 21 motsvarande
338 1172 62 21 gagn,
418 1167 74 26 frågan
513 1167 72 21 derom
603 1167 34 20 för
656 1167 36 21 det
706 1165 132 22 närvarande
852 1165 66 22 borde

170 1200 45 22 helt
230 1201 39 21 och
284 1201 66 21 hållet
364 1201 92 21 förfalla.
472 1213 29 3 —
516 1201 108 21 Tillvaron
638 1201 24 21 af
676 1202 31 20 ett
722 1200 67 27 dylikt
803 1199 65 22 behof
880 1199 38 22 har

170 1235 104 21 utskottet
289 1235 120 22 emellertid
422 1237 79 20 ansett:
510 1235 82 26 framgå
606 1235 65 21 bland
686 1236 65 19 annat
765 1233 67 26 deraf,
846 1235 32 20 att
892 1239 26 16 en

170 1269 46 20 stor
230 1269 77 26 mängd
322 1269 115 27 petitioner
452 1269 24 22 af
489 1269 135 22 uteslutande
639 1269 53 22 eller
707 1268 147 26 förnämligast
865 1267 53 22 blott

169 1302 69 21 lokalt
252 1303 91 21 intresse
356 1303 46 27 just
416 1303 47 22 från
479 1303 79 22 folkets
573 1309 55 21 egna
642 1303 60 21 leder
717 1302 49 21 sökt
780 1302 32 27 sig
823 1302 53 21 fram
885 1301 33 22 till

170 1336 160 27 landtdagarne,
346 1337 7 21 i
369 1337 80 23 saknad
466 1337 23 22 af
503 1338 37 21 det
554 1338 57 21 rätta
622 1337 69 22 forum
702 1337 34 21 för
747 1337 55 25 dem,
814 1336 104 26 nemligen

168 1370 122 27 länstinget.
320 1368 79 25 Likaså
416 1372 73 21 visade
508 1372 32 27 sig
555 1371 100 22 behofvet
669 1371 23 22 af
706 1371 93 26 länsting
814 1370 104 27 exempel-

168 1404 33 21 vis
216 1405 67 22 under
297 1405 156 28 behandlingen
469 1406 23 21 af
505 1405 53 23 flera
572 1404 118 29 lagförslag
704 1405 36 21 vid
755 1407 85 20 senaste
850 1404 68 21 landt-

168 1439 49 26 dag,
240 1439 28 21 dä
289 1440 115 21 ständerna
426 1441 51 26 sägo
499 1441 34 27 sig
551 1441 122 21 nödsakade
692 1441 38 24 att,
748 1439 8 21 i
774 1439 54 21 brist
845 1439 28 27 pä
888 1439 30 20 ett

237 1479 45 21 Lag-
294 1480 28 16 och
335 1480 168 17 Ekonomiutskottets
514 1480 104 17 betänkande
630 1480 35 16 N:o
678 1480 16 16 2.
