1009 1739
358 154 79 23 Ständ.
453 154 36 23 Sv.
507 166 25 3 —
550 153 71 28 Prop.
636 153 41 22 N:o
692 152 34 21 25.

591 219 17 22 $
622 217 19 19 3.

365 252 92 24 Fritagen
472 252 48 23 från
535 251 101 24 bevillning
646 257 47 13 vare
702 250 102 25 hembryad
813 249 113 26 maltdryck,

308 286 60 20 ehvad
384 286 111 20 densamma
506 287 24 18 är
542 286 30 19 till
582 285 118 24 försäljning
710 284 106 25 medgifven
827 285 45 19 eller
882 284 46 19 icke.

365 320 117 20 Restitution
505 320 27 24 af
550 319 67 28 erlagd
640 319 100 24 bevillning
763 325 43 18 eger
827 325 44 13 rum
895 319 34 24 för

308 355 114 24 maltdryck,
438 361 42 13 som

366 389 20 26 a)
402 389 47 24 från
464 389 66 20 landet
544 389 86 24 utföres;

367 423 21 25 b)
404 423 61 19 under
484 423 73 24 sjelfva
576 423 144 23 tillverkningen
739 422 45 18 eller
800 421 84 24 derefter
901 421 29 19 till

310 457 36 19 den
360 457 51 24 grad
425 457 88 23 skadats,
529 458 30 18 att
574 457 41 23 den,
632 456 58 24 enligt
700 456 112 24 tillförlitlig
822 455 106 24 utredning,

310 491 39 19 icke
363 491 37 19 kan
417 492 65 19 såsom
497 491 109 24 maltdryck
621 490 109 20 användas.

596 554 16 24 $
627 554 19 18 4.

369 588 35 19 Då
426 588 108 24 maltdryck
556 588 48 23 från
622 589 62 18 annat
699 587 45 19 land
760 587 29 19 till
803 587 86 19 Finland
904 588 27 18 in-

311 623 59 23 föres,
395 622 50 19 skall
467 622 69 24 derför
558 622 89 24 erläggas
672 622 40 22 tull,
729 621 29 25 pä
773 622 40 18 sätt
828 621 65 19 derom
908 622 24 18 är

312 656 94 20 särskildt
421 656 101 25 stadgadt;
542 656 46 20 dock
604 657 29 18 att
648 656 59 24 sagde
722 656 62 24 afgift
798 656 39 19 icke
851 656 33 18 må
898 662 33 13 un-

312 690 85 24 derstiga
419 691 26 19 tio
464 691 60 25 penni
543 691 33 23 för
595 690 68 24 hvarje
678 690 60 24 butelj
752 690 27 24 af
791 696 22 13 en
828 690 104 24 fjerdedels

311 725 75 19 kannas
404 725 57 24 rymd
476 725 34 19 och
524 725 40 23 fem
575 725 60 24 penni
650 724 35 24 för
698 724 47 24 half
756 724 59 24 butelj
829 726 55 21 samt,
902 730 30 14 om

312 764 62 14 varan
389 759 74 23 införes
474 760 30 24 pä
520 759 36 24 fat,
573 759 64 19 trettio
648 758 64 25 penni
726 758 34 24 för
774 758 70 21 kanna.

598 822 16 26 $
629 823 19 19 5.

369 852 77 24 Önskar
467 858 63 23 någon
552 858 30 18 att
601 858 8 18 i
624 858 34 23 för
673 857 72 19 sådant
760 857 92 19 ändamål
866 857 66 24 afsedt

312 892 88 23 bryggeri
418 892 30 18 till
462 892 118 24 försäljning
595 891 90 20 tillverka
699 891 113 25 maltaryck,
829 892 51 19 skall
894 892 38 19 han

311 925 35 19 hos
366 925 124 20 Guvernören
507 926 9 19 i
533 926 51 19 länet
599 926 67 19 derom
681 926 79 19 anmäla
774 926 59 19 minst
848 927 28 18 tre
891 932 41 14 vec-

311 959 36 20 kor
362 959 43 24 före
420 959 154 25 tillverkningens
589 959 123 28 vidtagande.

372 992 127 25 Tillverkning
518 993 26 24 af
555 993 109 25 maltdryck
680 999 56 14 anses
752 993 89 24 fortfara
856 994 33 19 och
904 994 28 19 be-

311 1026 79 25 villning
412 1027 35 19 bör
466 1028 88 24 erläggas
572 1028 52 19 intill
642 1027 44 20 dess
702 1027 110 20 tillverkare
827 1033 30 14 om
872 1028 60 19 rörel-

312 1066 44 14 sens
372 1061 125 24 upphörande
513 1062 74 19 anmält
600 1062 36 19 hos
652 1061 124 20 Guvernören
790 1062 9 19 i
814 1062 56 23 länet,
886 1062 47 19 hvil-

310 1095 36 19 ken
361 1095 31 19 det
407 1095 73 25 äligger
495 1097 30 18 att
539 1102 30 13 om
584 1096 64 19 sädan
663 1095 93 20 anmälan
770 1095 116 20 underrätta
902 1102 30 13 ve-

312 1129 120 20 derbörande
446 1129 107 20 kontrollör
568 1130 33 19 och
616 1130 161 24 kronobetjening.

598 1188 17 23 8
630 1187 19 19 6.

373 1221 35 19 Vid
430 1221 107 20 beredande
559 1221 26 24 af
604 1221 108 24 maltdryck
734 1221 32 19 mä
788 1223 91 22 surrogat
900 1221 34 24 för

312 1255 48 19 malt
374 1255 39 19 icke
428 1255 107 20 användas.

598 1313 16 23 $
630 1312 19 19 7.

370 1344 68 25 Egare
461 1346 46 19 eller
528 1346 127 23 innehafvare
674 1345 26 24 af
712 1345 92 24 bryggeri,
822 1345 66 24 afsedt
902 1345 33 24 för

312 1379 122 24 tillverkning
454 1379 26 24 af
491 1379 130 24 maltdrycker
637 1379 31 19 till
682 1379 124 24 försäljning,
822 1385 48 14 vare
885 1379 49 24 skyl-

312 1413 32 24 dig
359 1415 30 18 att
403 1413 8 20 i
426 1413 107 25 bryggeriet
548 1413 46 20 eller
609 1413 116 20 dithörande
740 1413 86 24 byggnad
836 1413 99 24 uppställa

310 1447 36 19 och
361 1447 85 24 derefter
460 1448 9 19 i
483 1447 53 20 skick
550 1447 54 20 hälla
620 1453 22 14 en
657 1447 43 20 med
714 1447 118 20 automatisk
845 1447 89 20 maltmä-
