1009 1739
418 154 34 21 N:o
468 155 34 20 31.
784 154 27 20 29

157 223 22 25 b)
195 223 6 20 i
217 223 100 27 krigstid,
334 223 34 20 till
379 223 91 20 tukthus
481 223 49 21 från
541 223 40 20 och
592 223 49 21 med
653 223 37 20 två
701 222 33 21 till
746 222 39 21 och
795 222 49 21 med

86 257 33 27 sju
135 258 30 27 år,
182 257 52 21 eller
250 257 127 27 afsättning,
394 257 53 21 eller
463 257 175 27 förafskedande,
650 257 54 21 eller
715 257 97 26 fängelse
824 256 19 27 ej

85 291 68 21 under
169 298 37 15 sex
222 292 113 25 månader;
352 298 49 15 men

160 328 20 24 c)
200 332 33 15 om
250 326 81 21 brottet
347 326 59 21 skett
422 326 6 20 i
444 325 97 22 fiendens
557 325 78 21 närhet
651 325 53 21 eller
719 325 68 21 under
803 325 41 27 sjö-

86 360 42 21 nöd
151 361 39 20 och
210 360 135 27 betydligare
362 361 68 20 skada
446 360 33 21 för
494 360 152 27 krigsmakten
662 359 63 22 deraf
738 361 106 26 uppstått,

85 395 34 20 till
134 395 90 20 tukthus
240 396 27 25 på
282 395 76 27 lifstid,
376 395 53 20 eller
444 395 49 20 från
510 395 39 20 och
566 395 48 20 med
630 394 48 27 fyra
694 394 33 21 till
743 394 39 21 och
795 394 49 21 med

85 429 42 21 tolf
148 430 30 20 år.
208 429 46 21 Har
277 430 66 20 sådan
369 429 68 21 skada
460 429 19 27 ej
503 429 107 25 inträffat;
633 435 51 15 vare
700 428 62 21 straff
776 428 68 21 som
832 424 17 36 i

85 470 63 14 mom.
165 463 23 26 b)
204 466 69 24 säges.

433 492 11 27 8
461 493 33 20 94.

158 532 73 21 Sätter
247 532 33 27 sig
295 533 72 26 nägon
382 532 49 21 med
447 532 51 21 väld
514 532 54 21 eller
583 532 38 21 hot
637 538 33 15 om
682 532 49 20 väld
743 533 57 19 emot
810 533 34 19 ut-

86 567 89 21 förande
191 567 23 21 af
228 567 32 21 sin
276 566 96 22 förmans
388 566 120 27 befallning
524 567 54 21 eller
592 566 122 27 anordning
725 566 7 21 i
742 566 102 27 tjensten,

86 602 53 20 eller
162 602 64 21 söker
248 602 88 20 dermed
354 602 74 26 tvinga
444 602 78 20 honom
539 604 33 18 att
586 602 67 26 nägot
669 603 53 25 göra
738 601 52 21 eller
805 607 39 14 un-

86 636 94 26 derläta;
197 636 73 21 dömes

157 672 23 25 a)
204 671 7 21 i
234 671 98 25 fredstid,
356 670 34 21 till
409 671 91 21 tukthus
516 671 34 21 till
566 671 40 21 och
622 671 48 21 med
686 670 43 21 fem
745 671 31 26 är,
792 670 53 20 eller

86 705 96 27 fängelse
198 705 18 27 ej
233 705 68 21 under
317 711 37 15 sex
370 705 104 21 månader
489 706 67 26 jemte
571 704 179 26 förafskedande
742 700 12 36 ;

158 740 21 28 b)
196 739 6 21 i
218 740 99 27 krigstid,
334 740 33 20 till
383 740 91 20 tukthus
486 740 48 20 från
546 740 39 21 och
597 740 49 20 med
656 742 34 18 tre
701 739 33 21 till
746 739 39 21 och
796 738 48 22 med

86 774 30 21 tio
133 775 33 25 är;
183 780 48 15 men

157 810 21 24 e)
198 808 72 21 derest
292 808 82 21 brottet
390 808 58 21 skett
468 809 6 20 i
490 808 98 22 fiendens
604 809 84 27 närhet,
706 808 52 21 eller
774 808 68 20 under

87 843 81 27 sjönöd,
192 843 33 21 till
248 842 124 27 dödsstraff,
396 843 54 21 eller
473 844 90 20 tukthus
587 844 28 26 pä
635 843 76 27 lifstid,
728 843 53 21 eller
796 842 48 21 från

88 878 39 20 och
142 878 48 20 med
207 878 33 26 sju
255 878 33 20 till
304 878 39 20 och
360 878 48 20 med
424 878 42 20 tolf
480 879 32 20 är.

157 912 45 21 Har
225 912 35 21 vid
282 912 126 21 föröfvande
428 912 24 21 af
468 912 66 28 brott,
550 919 46 15 som
612 912 7 21 i
635 913 73 27 denna
722 912 11 27 $
748 914 96 23 nämnes,

87 946 123 21 förmannen
228 947 104 26 tillfogats
349 948 36 19 sår
401 947 54 21 eller
472 954 72 14 annan
558 947 162 26 kroppsskada;
736 946 57 27 gälle
808 946 36 21 vid

88 981 94 21 straffets
198 981 161 21 bestämmande
376 981 56 21 hvad
448 981 7 21 i
472 982 11 27 &
499 983 26 20 21
543 982 95 26 stadgas.

432 1045 11 26 8
460 1045 34 20 95.

158 1084 130 21 Underläter
304 1085 71 26 nägon
391 1086 32 19 att
439 1085 73 21 utföra
527 1085 53 21 eller
590 1087 45 18 rätt
645 1085 93 26 fullgöra
749 1084 94 21 förmans

87 1118 6 21 i
110 1119 93 26 tjensten
220 1119 58 26 gifna
294 1119 128 26 befallning;
439 1119 67 21 varde
523 1119 70 27 dömd,
610 1125 33 15 om
660 1119 78 21 sädant
754 1119 58 20 skett
823 1118 23 21 af

87 1153 137 20 vårdslöshet
246 1153 53 21 eller
322 1153 144 28 oaktsamhet,
490 1154 34 21 till
544 1154 173 27 ordningsstraft,
733 1159 49 15 men
798 1153 46 21 ifall

88 1187 143 27 förbrytelsen
247 1188 48 20 med
311 1189 79 25 uppsät
405 1188 106 21 föröfvats
528 1189 39 20 och
584 1189 125 20 densamma
721 1194 64 15 anses
796 1188 48 21 icke

86 1221 73 21 kunna
182 1222 48 20 med
248 1222 168 27 ordningsstraff
429 1222 107 28 försonas,
552 1223 34 20 till
600 1223 174 26 förafskedande,
791 1222 53 21 eller

87 1255 95 27 fängelse
198 1255 7 21 i
221 1256 63 27 högst
299 1258 32 19 ett
346 1257 31 20 är.

159 1289 53 22 Sker
235 1291 67 20 sädan
322 1291 168 21 underlätenhet
509 1291 6 21 i
530 1291 97 22 fiendens
643 1292 78 21 närhet
737 1291 53 21 eller
805 1297 38 14 un-

88 1324 37 21 der
148 1324 76 27 sjönöd
246 1325 53 20 eller
322 1325 63 27 eljest
407 1325 7 21 i
437 1325 41 21 fält
496 1326 36 21 vid
547 1326 92 27 tillfälle,
656 1326 27 21 dä
699 1325 144 27 förbrytelsen

87 1359 42 20 kan
145 1358 149 22 åstadkomma
308 1359 47 21 fara
371 1359 33 21 för
418 1359 163 27 krigsmaktens
597 1360 109 27 säkerhet,
722 1360 53 21 eller
789 1361 54 20 mot-

87 1393 66 21 verka
175 1393 140 27 framgängen
340 1394 23 21 af
379 1395 71 26 nägon
465 1394 182 28 krigsoperation,
663 1395 54 21 eller
732 1394 112 21 förhindra

87 1427 53 22 eller
162 1429 114 26 uppehålla
299 1430 76 25 trupps
392 1429 53 20 eller
460 1429 188 27 truppafdelnings
664 1429 114 22 förseende
794 1429 49 20 med

87 1462 147 27 ammunition,
257 1462 107 22 lifsmedel
388 1463 54 21 eller
460 1464 70 20 andra
545 1463 174 27 förnödenheter,
736 1463 53 21 eller
803 1463 40 21 har
