1009 1739
253 155 81 23 Ständ.
350 156 37 23 Sv.
402 168 28 4 —
445 156 72 28 Prop.
534 157 40 21 N:o
590 156 35 23 19.
770 157 25 21 19

483 220 15 27 $
514 220 35 21 20.

279 259 150 28 Tillämpning
444 261 28 26 af
483 260 112 27 fastställd
604 260 155 29 lönereglering
767 259 55 22 skall

208 293 60 22 inom
290 294 74 28 hvarje
383 296 103 25 pastorat
507 295 88 28 vidtaga
617 295 36 21 vid
671 295 56 27 först
740 293 83 28 inträf-

208 328 67 27 fande
290 328 81 28 ombyte
386 329 28 27 af
422 331 132 25 pastoratets
562 329 112 22 ordinarie
678 328 144 29 presterskap,

208 369 50 15 men
280 363 35 21 mä
337 363 37 22 ock
396 363 92 28 tidigare
507 363 91 22 inträda
612 363 70 22 derest
696 362 130 29 församling

184 391 62 28 "och
268 397 46 22 dess
331 397 137 28 presterskap
483 397 77 22 härom
574 398 32 27 sig
621 397 84 28 förena,
724 397 51 22 eller
789 396 36 21 vid

208 431 138 27 inträffande
362 432 90 27 ledighet
466 432 28 27 af
502 431 129 28 presttjenst
645 432 9 21 i
664 432 108 27 pastorat,
789 431 37 21 der

208 466 51 27 Here
278 466 112 22 ordinarie
401 468 86 25 prester
502 468 39 20 äro
556 466 100 22 anstälde
671 466 37 21 och
722 466 102 27 pastora-

210 502 40 20 tets
271 500 116 28 inbyggare
405 500 88 28 påyrka
516 500 146 28 regleringens
686 499 139 28 tillämpning

210 536 57 20 samt
280 535 80 21 sådant
374 536 57 20 utan
446 534 160 28 förnärmande
621 534 28 28 af
655 534 35 22 det
697 534 72 28 öfriga
776 540 50 20 pre-

210 569 127 27 sterskapets
358 571 47 20 rätt
426 569 34 21 ske
482 568 52 22 kan.
564 569 52 21 Den
638 570 9 20 i
663 570 13 26 $
690 568 26 22 11
731 568 95 28 intagna

212 606 52 19 taxa
285 604 55 21 skall
360 605 78 26 genast
460 604 68 21 lända
552 603 34 22 till
600 602 142 28 efterrättelse
756 603 10 21 i
780 602 45 27 för-

210 638 99 28 samling,
326 638 86 22 hvarest
425 638 44 21 icke
484 638 187 28 expeditionstaxa
686 638 36 27 för
733 638 95 26 prester-

211 672 74 28 skapet
306 672 72 27 finnes
399 672 153 28 härförinnan
572 672 118 28 fastställd,
705 678 50 14 men
770 671 9 21 i
794 670 31 27 öf-

212 708 48 28 riga
268 708 155 28 församlingar
431 708 56 27 först
494 708 68 21 sedan
567 706 135 28 regleringen
708 705 118 28 försiggått.

488 770 16 27 $
518 770 34 21 21.

280 810 53 22 Har
347 810 77 28 åtgärd
438 810 8 21 i
462 810 100 28 afseende
577 810 14 21 å
604 808 155 29 lönereglering
770 808 60 21 inom

208 846 122 26 pastoratet
350 845 107 27 vidtagits,
479 851 49 15 men
543 844 47 22 icke
609 844 84 21 hunnit
706 842 124 28 fastställas

212 881 74 20 innan
308 880 38 20 der
367 879 98 27 wppstått
487 878 91 29 ledighet
592 878 28 28 af
632 878 112 21 ordinarie
755 877 71 27 prest-

214 914 70 27 tjenst,
308 914 35 21 må
365 913 42 21 den
430 913 68 28 lediga
521 913 94 27 tjensten
637 912 139 21 återbesättas
791 910 37 21 och

213 948 134 27 regleringen
361 947 114 28 fullföljas,
491 954 51 14 men
557 946 43 22 icke
616 946 64 21 träda
695 947 8 20 i
718 945 62 27 kraft
792 944 38 21 och

213 982 87 26 verkan,
324 982 80 27 förrän
425 981 36 22 vid
480 981 93 27 derefter
587 981 56 27 först
656 978 172 29 uppkommande

214 1017 94 28 ledighet.

488 1078 15 27 $
519 1078 34 21 22.

282 1119 34 22 De
338 1119 61 22 delar
421 1119 27 27 af
460 1119 76 21 denna
550 1117 136 28 förordning,
702 1115 74 22 hvilka
792 1121 38 21 ega

214 1155 36 20 sin
272 1153 151 28 motsvarighet
445 1153 9 21 i
472 1151 169 28 presterskapets
659 1150 127 28 privilegier
801 1153 25 22 aj

215 1189 43 21 den
279 1188 28 21 16
330 1187 88 22 Oktober
439 1187 63 26 1723,
524 1186 60 28 gälla
604 1185 46 22 med
664 1191 83 16 samma
762 1183 68 27 kraft,

216 1230 44 15 som
286 1223 66 25 dessa,
380 1221 60 22 intill
464 1221 47 21 dess
535 1219 179 30 grundlagsenlig
736 1217 98 27 ändring

216 1257 144 22 härutinnan
376 1256 52 21 sker.

147 1309 114 22 Finlands
278 1308 100 23 Ständer
392 1307 134 22 framhärda
542 1308 42 20 etc.

148 1355 152 28 Helsingfors,
317 1355 45 20 den
378 1354 27 21 22
420 1353 47 29 Maj
485 1353 63 22 1885.
