1009 1739
207 153 13 21 2
410 153 20 23 U.
446 153 19 23 B.
481 166 29 3 —
525 153 55 29 Prop.
596 153 32 24 N:o
645 153 33 23 20.

178 208 24 22 af
216 209 68 21 ökade
300 209 207 28 hyresersättningar
522 210 34 21 för
568 210 104 27 ståndens
686 210 40 21 och
742 211 34 20 ut-

297 243 96 22 skottens
408 244 83 21 lokaler
526 261 5 4 .
562 261 4 4 .
598 260 4 5 .
669 250 5 5 *
740 261 4 4 0.
776 260 4 5 »
796 245 54 21 Fmk
866 245 69 26 5,000.

228 293 10 11 i
297 278 87 26 utgifter
394 278 33 21 för
441 278 102 22 ståndens
554 279 39 21 och
604 261 121 39 ätskottens
736 256 52 53 kan

296 311 55 26 slier,
377 312 143 21 inberäknadt
542 313 184 26 tilläggsanslaget
751 313 33 21 till

295 345 159 28 Stenografiska
474 347 125 26 föreningen
638 363 4 4 .
675 363 4 4 .
816 363 9 11 »
852 347 82 25 12,000.

179 379 93 22 kostnad
294 379 32 22 för
348 380 112 28 tryckning
480 381 23 21 af
522 380 105 23 Ständens
643 362 141 40 diskussions-

296 414 108 26 protokoll
420 415 48 21 med
484 415 75 26 afdrag
574 415 24 21 af
736 421 48 21 pre-

295 448 232 28 numerationsafgifter
567 464 4 5 .
602 464 4 5 .
745 465 4 4 <
780 464 4 5 <
816 465 9 11 »
850 449 84 25 32,000.

674 464 97 47 Emän
780 489 60 22 Fmk.
850 489 84 26 49,000.

246 527 34 21 Dä
295 528 116 27 utgifterna
425 528 34 22 för
474 530 144 21 innevarande
634 530 103 26 landtdag
752 529 82 22 säledes
849 529 86 22 komma

178 562 32 24 att
232 562 57 26 stiga
311 562 32 21 till
366 563 98 27 omkring
486 564 92 26 275,000
598 564 68 26 mark,
681 570 48 15 men
744 563 74 21 härför
832 564 102 26 anslagits

178 595 75 21 endast
276 596 91 26 250,000
386 597 67 26 mark,
470 598 62 21 torde
548 598 71 21 derför
634 604 26 15 en
676 598 54 21 brist
744 597 24 21 af
782 598 77 26 25,000
873 597 61 22 mark

176 636 52 15 vara
242 631 34 20 att
291 632 87 20 emotse.

245 664 170 22 Vidkommande
425 665 47 22 äter
481 666 146 21 kostnaderna
634 666 35 21 för
679 666 55 22 1888
742 666 35 21 ärs
786 666 102 26 landtdag
895 666 39 20 har

178 697 167 23 Statsutskottet
367 699 106 22 beräknat
488 700 110 21 desamma
612 700 33 21 till
661 700 112 21 enahanda
788 699 84 27 belopp,
888 706 46 15 som

176 732 118 26 utgifterna
316 732 32 22 för
370 733 143 22 innevarande
528 734 102 27 landtdag
646 734 52 21 eller
712 734 33 20 till
761 734 91 26 275,000
866 734 67 26 mark,

176 766 40 21 och
239 766 29 21 dä
290 766 180 23 omkostnaderna
491 768 35 21 för
543 768 79 21 värden
638 768 24 21 af
675 768 131 21 Ständernas
820 768 60 21 arkiv
895 774 38 14 un-

177 799 38 21 der
238 799 54 23 ären
316 801 140 22 1886—1888
476 802 62 21 torde
554 802 86 21 komma
655 803 33 20 att
703 802 77 26 belöpa
795 802 31 26 sig
841 802 32 21 till
889 808 43 15 om-

176 833 62 27 kring
254 834 64 26 5,000
332 835 68 26 mark,
416 835 39 21 har
471 836 112 22 Utskottet
598 836 48 22 med
662 836 70 21 denna
742 842 82 15 summa
836 836 51 21 ökat
897 836 36 21 det

176 868 140 27 erforderliga
330 869 103 27 anslaget.

244 902 32 21 Pä
290 903 69 26 grund
374 903 23 21 af
410 904 37 21 det
462 904 91 21 anförda
568 904 32 21 fär
610 904 112 21 Utskottet
737 904 108 21 vördsamt
854 904 79 21 föreslä

382 984 32 19 att
440 982 125 21 Ständerna
590 983 51 20 ville
666 983 64 20 anslå
754 989 26 14 en
802 989 83 14 summa
907 983 31 27 af

312 1016 96 25 305,000
430 1016 64 21 mark
517 1019 32 18 att
572 1017 114 20 användas
704 1017 21 26 ej
738 1017 85 20 mindre
839 1017 34 20 till
883 1017 50 27 fyl-

313 1050 65 20 lande
400 1051 30 26 af
448 1051 42 20 den
510 1050 60 26 brist,
588 1057 45 14 som
649 1050 115 21 beräknats
778 1051 80 26 uppstå
873 1051 9 20 i
897 1051 35 20 det

311 1083 29 27 af
350 1086 72 19 senast
432 1083 140 28 församlade
586 1085 95 21 Ständer
690 1084 42 27 för
743 1085 57 20 1885
812 1085 36 20 års
858 1085 74 20 landt-

312 1117 172 28 dagskostnader
507 1119 105 27 beviljade
634 1119 85 27 anslag,
742 1121 28 18 än
794 1118 38 21 ock
848 1119 34 20 till
898 1118 34 21 be-

312 1151 113 21 stridande
447 1152 31 27 af
492 1153 27 20 de
542 1153 8 20 i
564 1153 16 27 $
594 1155 30 20 82
639 1153 30 27 af
680 1152 252 27 Landtdagsordningen

311 1186 132 20 omnämnda
466 1187 115 20 allmänna
596 1186 92 28 utgifter
698 1186 42 27 för
756 1186 133 27 landtdagen
905 1187 26 19 är

311 1220 59 20 1888
387 1222 56 19 samt
463 1221 34 20 till
513 1221 116 27 aflönande
645 1220 30 27 af
686 1227 25 14 en
726 1219 88 22 ekonom
824 1220 43 27 för
882 1221 49 20 vär-

311 1253 41 20 den
375 1254 30 26 af
423 1254 136 21 Ständernas
582 1255 69 24 arkiv,
677 1253 100 22 bibliotek
800 1254 36 21 och
852 1254 79 27 öfriga

310 1287 102 27 egendom
436 1288 70 21 under
529 1289 53 20 åren
604 1289 65 24 1886,
692 1289 58 20 1887
766 1288 38 21 och
819 1289 58 20 1888
892 1287 39 20 och

311 1321 35 20 till
368 1321 131 22 betäckande
522 1323 30 26 af
570 1323 25 20 de
610 1322 49 21 med
674 1323 68 26 sagda
758 1322 54 21 vård
822 1321 108 28 jörenade

310 1354 122 23 kostnader.

239 1513 150 18 Statsutskotteis
402 1514 117 18 betänkande
532 1516 36 16 N:o
582 1515 29 17 12.
