1009 1739
196 147 28 21 22
398 147 24 22 U.
438 147 23 23 B.
476 160 29 5 —
520 144 66 45 Prop.
602 149 38 35 N:o
656 148 33 23 27.

270 213 181 29 ringsbevilining
475 214 25 28 af
521 215 115 22 utländske
657 215 127 22 handlande
807 215 37 22 och
858 214 70 23 andre

270 247 178 29 näringsidkare,
465 249 9 20 i
488 248 80 22 hvilket
586 249 101 28 afseende
702 249 126 23 Ständerna
842 249 36 28 för
891 249 37 22 sin

274 281 34 22 del
324 283 87 28 antagit
426 289 27 16 en
466 283 134 29 förordning
616 284 27 27 af
654 283 99 28 följande
768 284 88 28 lydelse:

167 349 146 30 Förordning,
333 351 114 28 angående
467 351 43 23 den
530 352 130 29 bevillning,
676 358 46 16 som
737 352 26 23 af
775 352 151 29 utländingar,

196 384 78 23 hvilka
284 385 8 22 i
302 385 95 22 Finland
411 385 54 23 idka
480 384 83 25 handel
582 386 56 23 eller
654 393 75 16 annan
739 387 89 28 väring,
839 386 60 23 skall

278 419 105 29 erläggas
398 420 72 22 under
484 420 56 22 ären
555 420 62 28 1886,
633 419 57 23 1887
704 421 41 21 och
760 420 64 22 1888.

521 466 12 28 $
550 467 18 21 1.

236 500 80 27 Hvarje
332 506 70 15 annan
417 502 27 20 än
460 500 56 22 finsk
531 501 149 27 medborgare,
696 507 46 15 som
752 500 84 22 utöfver
847 503 32 19 tre
890 501 37 21 da-

168 540 39 21 gar
228 534 67 22 vistas
311 535 6 20 i
333 535 73 21 landet
422 535 39 21 och
476 535 35 21 för
526 542 54 21 egen
594 535 60 27 eller,
671 535 71 21 säsom
757 535 120 27 utskickad,
893 535 35 21 för

168 575 82 15 annans
266 569 90 27 räkning
370 569 76 27 bjuder
460 572 24 19 ut
499 570 53 21 eller
567 570 67 22 slutar
650 570 78 21 handel
744 576 35 15 om
790 572 65 19 annat
865 570 62 21 lands

168 610 70 20 varor,
260 604 50 21 med
324 604 110 27 undantag
450 604 22 22 af
485 604 112 22 medförda
612 604 260 27 landtmannaprodukter
887 604 40 21 och

168 638 66 21 alster
256 638 23 21 af
300 638 103 27 husslöjä,
426 639 55 21 skall
503 639 35 21 för
558 639 41 21 den
614 639 39 27 tid,
670 639 42 21 han
728 638 123 22 derutöfver
865 639 62 21 idkar

168 672 58 27 dylik
248 672 86 27 handel,
357 673 86 27 erlägga
465 674 205 27 näringsbevillning
688 674 49 20 med
751 673 176 27 etthundratjugu

168 707 61 21 mark
244 707 8 21 i
267 706 111 28 mänaden,
402 708 85 22 hvilken
506 708 64 27 afgift
583 709 89 26 utgöres
689 707 33 21 för
737 707 39 21 full
791 707 83 27 mänad,
890 710 38 18 än-

168 741 64 21 skönt
247 741 43 21 han
304 742 76 21 endast
394 742 69 21 under
477 742 71 27 nägon
564 742 34 22 del
614 741 62 22 deraf
689 742 7 21 i
710 742 218 27 handelsangelägen-

168 776 61 21 heter
244 776 33 26 sig
292 776 113 22 härstädes
420 776 131 28 uppehäller.

237 810 120 21 Enahanda
379 811 211 27 näringsbevillning,
614 810 56 22 dock
692 810 46 22 icke
761 811 33 21 till
810 811 64 27 högre
890 811 37 21 be-

168 844 50 27 lopp
242 846 28 19 än
291 844 31 21 tio
337 844 61 22 mark
417 845 33 21 för
465 845 74 27 hvarje
554 845 84 27 mänad,
654 845 142 21 underkastas
812 845 46 26 den,
875 851 52 20 som,

168 880 52 20 utan
236 880 33 20 att
284 885 52 15 vara
350 879 56 21 finsk
420 880 148 27 medborgare,
585 880 39 21 här
639 880 6 20 i
662 878 74 22 landet
751 879 49 21 med
814 879 114 21 vederbör-

168 914 40 26 ligt
222 913 105 27 tillständ,
344 916 57 19 emot
416 914 69 26 afgift,
501 914 34 21 för
550 920 53 22 egen
618 914 92 26 räkning
720 913 79 27 uppför
808 913 119 27 skädespel,

168 947 68 27 gifver
250 948 90 21 konsert
359 948 52 21 eller
426 955 70 14 annan
512 948 126 21 musikalisk
654 948 144 26 tillställning,
814 948 62 21 idkar
890 954 38 21 po-

169 982 154 27 sitivspelning,
346 982 105 21 förevisar
472 983 157 26 konstridning,
646 982 142 27 lindansning,
804 982 124 21 mekaniska

169 1016 53 21 eller
244 1017 68 21 andra
328 1016 94 27 konster,
438 1017 154 26 kosmoramor,
608 1022 130 21 panoramor
753 1016 40 21 och
808 1016 67 21 andra
891 1022 37 21 op-

168 1051 58 21 tiska
240 1051 161 27 konststycken,
417 1051 146 26 vaxkabinett,
580 1051 116 26 samlingar
712 1050 23 21 af
749 1050 48 27 djur
812 1051 39 20 och
866 1053 62 18 natu-

168 1085 64 22 ralier
254 1085 50 22 med
325 1091 65 16 mera.
420 1086 62 21 Dock
500 1088 88 25 utgöres
607 1085 47 21 icke
670 1085 70 21 denna
754 1084 69 27 afgift,
839 1084 90 22 såframt

168 1119 48 22 icke
230 1120 102 21 vistelsen
347 1120 7 21 i
369 1120 91 21 Finland
471 1120 121 21 utsträckes
602 1120 33 21 till
647 1120 73 26 längre
731 1119 32 21 tid
774 1121 27 19 än
811 1121 33 19 tre
855 1119 73 28 dagar.

518 1178 11 27 8
544 1179 20 20 2.

239 1218 109 21 Utländsk
367 1219 121 21 handlande
504 1219 54 21 eller
572 1218 185 27 handelsexpedit,
774 1223 46 16 som
835 1216 65 27 enligt
917 1217 11 20 1

170 1255 117 20 momentet
302 1253 23 21 af
338 1252 128 28 föregående
482 1253 103 27 paragraf
598 1255 24 18 är
637 1252 205 27 näringsbevillning
852 1251 78 21 under-

169 1287 85 27 kastad,
278 1287 80 27 äligger
378 1289 39 24 att,
433 1287 25 21 sä
472 1289 60 19 snart
548 1287 40 21 den
604 1287 71 21 deruti
690 1286 112 21 bestämda
816 1285 77 22 termin
908 1284 24 21 af

170 1324 33 19 tre
226 1322 66 27 dagar
314 1321 55 22 efter
391 1321 54 22 hans
467 1322 100 21 ankomst
582 1321 33 22 till
630 1321 75 21 landet
720 1320 97 26 förflutit,
833 1319 33 21 till
881 1321 49 19 när-

170 1358 68 19 maste
254 1356 229 27 kronouppbördsman
498 1356 8 21 i
522 1356 48 21 stad
585 1356 88 26 erlägga
683 1354 177 27 etthundratjugu
869 1353 62 21 mark

170 1391 34 21 för
227 1390 132 27 rättigheten
382 1392 32 19 att
436 1391 69 20 under
527 1396 27 15 en
568 1389 91 22 mänads
674 1389 32 21 tid
720 1389 52 21 idka
786 1388 89 25 handel;
891 1387 40 22 och

169 1425 57 21 skall
241 1424 68 21 sädan
322 1425 129 26 handlande,
468 1425 72 21 derest
553 1425 43 21 han
611 1424 56 21 efter
682 1423 91 22 nämnde
788 1423 43 20 tids
846 1422 84 27 förlopp

170 1459 74 21 vidare
268 1459 37 21 vill
327 1465 82 15 samma
431 1461 45 19 rätt
494 1459 81 26 utöfva,
591 1459 33 21 till
639 1458 96 21 kronans
750 1457 158 27 uppbördsman
924 1457 7 20 i

238 1498 220 23 Bevillningsutskottets
472 1498 117 18 betänkande
602 1499 37 17 N:o
652 1498 18 17 5.
