1009 1739
191 158 31 21 18
401 157 25 23 U.
442 158 26 22 B.
482 169 29 4 —
527 157 65 29 Prep.
608 157 39 24 N:o
662 157 34 23 23.

238 262 96 23 räknadt
354 262 57 23 efter
432 265 15 20 4
467 265 91 26 procent
577 263 25 22 af
616 263 120 28 penninge-

238 297 41 22 och
302 299 26 20 12
350 299 90 26 procent
458 297 25 22 af
495 297 71 22 indelt
579 297 37 22 lön
630 297 36 22 för
678 298 55 27 året,

238 331 36 22 för
288 331 48 28 den,
351 332 89 23 hvilken
448 332 71 22 första
528 333 89 27 gången
627 332 109 22 tillträder

162 350 8 58 |
238 365 70 28 tjenst
322 366 49 22 med
384 367 37 22 lön
435 367 29 27 pä
477 367 103 27 kronans,
590 367 74 28 nägon
674 366 60 23 stads

238 400 56 22 eller
310 400 80 23 allmän
404 401 135 28 inrättnings
553 402 55 26 stat;
624 401 40 22 och
678 401 56 22 skall

238 434 116 22 enahanda
360 434 206 29 beräkningsgrund
570 435 110 27 tillämpas
681 434 53 28 jem-

238 468 38 23 väl
296 468 29 22 dä
346 474 84 22 person,
448 476 45 15 som
508 469 71 22 sådan
593 469 69 28 tjenst
676 468 59 22 förut

238 502 106 28 innehaft,
362 510 49 15 men
430 503 98 22 derifrän
546 504 90 22 undfätt
650 503 83 27 afsked,

238 537 58 28 änyo
315 537 57 23 efter
390 538 97 22 ansökan
504 538 111 23 tillträder
629 538 67 28 tjenst
710 537 26 23 af

238 571 140 23 omförmälda
396 572 154 23 beskaffenhet.
580 573 52 22 Men
646 572 38 23 vid
698 572 36 23 be-

238 606 88 22 fordran
341 606 35 22 till
390 613 72 16 annan
477 607 69 27 tjenst
561 607 107 22 beräknas
682 607 50 22 kar-

237 642 40 20 tan
292 641 78 22 endast
382 641 57 23 efter
448 641 121 27 skilnaden,
577 641 104 23 hvarmed
691 641 41 22 den

236 675 116 22 tillträdda
365 676 64 22 lönen
438 676 45 22 kan
493 676 136 28 öfverskjuta
639 676 43 22 den
690 676 43 22 för-

236 712 26 20 ut
284 710 124 22 innehafda.
437 705 33 27 Är
490 710 66 22 lönen
576 710 39 23 vid
633 711 42 21 den
689 716 43 22 nya

237 744 96 28 tjensten
347 744 49 23 icke
410 746 76 26 större,
497 745 99 22 utfärdas
605 745 127 22 fullmakten

236 780 30 26 på
281 779 69 22 sådan
365 780 71 27 karta,
452 785 44 17 som
512 779 36 22 för
562 780 171 22 embetsverkets

236 813 149 28 expeditioner
398 814 9 22 i
422 814 117 22 allmänhet
553 814 76 28 gäller.

265 847 75 23 Såsom
355 848 86 28 verklig
456 848 69 28 tjenst
539 848 114 22 betraktas
668 848 64 22 äfven

235 882 189 28 senatorsembete,
440 882 91 23 hvarför
546 883 48 27 den,
604 889 46 15 som
660 882 71 22 dertill

234 917 31 27 på
284 917 76 27 längre
376 917 52 23 eller
443 918 89 22 kortare
546 917 34 22 tid
594 917 71 22 första
678 918 53 26 gån-

234 957 44 22 gen
299 951 71 22 kallas
392 952 40 21 ock
454 952 120 27 förordnas,
596 952 40 21 bör
658 952 73 21 betala

234 985 254 29 stämpelpappersafgift
507 986 70 28 enligt
591 986 139 22 förestående

233 1020 105 27 grunder,
358 1027 34 15 om
415 1021 39 21 och
472 1021 106 22 särskildt
592 1020 140 23 kallelsebref

232 1054 50 23 icke
296 1055 35 22 till
345 1055 77 22 honom
436 1055 107 22 utfärdas.

261 1090 156 26 Anmärkning.
433 1089 43 22 Vid
484 1089 245 23 uträknandetafstäm-

231 1123 226 28 pelpappersafgiften
467 1123 35 22 för
511 1123 102 22 fullmakt
620 1125 15 20 &
642 1124 87 21 härads-

230 1157 180 28 höfdingetjenst,
426 1158 56 22 skall
501 1158 71 22 säsom
586 1158 96 28 tjensten
697 1158 32 21 ät-

230 1192 98 28 följande
346 1192 38 22 lön
398 1199 63 15 anses
477 1192 19 28 ej
512 1192 84 22 mindre
610 1192 118 28 penninge-

230 1226 102 28 anslaget
350 1227 14 20 &
382 1226 95 22 kronans
492 1228 52 26 stat,
560 1229 28 19 än
602 1226 126 22 häradshöf-

230 1260 93 28 dingens
338 1261 65 22 andel
412 1261 9 21 i
430 1261 199 28 tingsgästningen,
639 1260 87 23 hvilken

228 1295 66 22 andel
310 1295 28 22 dä
354 1297 92 26 antages
461 1297 110 20 motsvara
580 1297 86 20 ettusen
676 1295 51 22 fem-

228 1329 85 22 hundra
331 1330 62 21 mark
408 1330 8 21 i
430 1330 100 27 Piippola
544 1330 40 22 och
599 1329 128 23 femhundra

228 1364 63 21 mark
306 1363 8 22 i
328 1364 86 21 Torneä
430 1364 104 27 domsaga
546 1365 57 21 samt
613 1363 113 28 fyratusen

227 1398 63 21 mark
304 1397 8 22 i
328 1397 43 22 den
385 1398 75 27 första,
476 1400 98 20 tretusen
589 1399 63 21 mark
666 1397 60 23 iden

228 1432 70 22 andra
317 1433 40 21 och
375 1433 104 22 tvätusen
497 1433 63 22 mark
574 1433 9 22 i
597 1433 43 21 den
655 1433 71 27 tredje

227 1467 26 21 af
266 1467 27 21 de
307 1467 91 27 klasser,
406 1467 89 22 hvartill
505 1467 88 22 landets
604 1467 121 27 domsagor,

219 1506 219 23 Bevillningsutskottets
450 1506 117 18 betänkande
579 1507 37 17 N:o
630 1506 16 17 4.
