1009 1739
316 158 24 23 U.
357 159 23 22 B.
397 171 27 2 —
439 158 66 29 Prop.
520 158 39 22 N:o
574 158 34 23 27.
784 159 26 21 19

80 223 71 28 gande
174 223 22 22 af
217 224 56 21 hvad
296 225 78 21 allmän
389 225 36 26 lag
440 225 40 20 och
496 224 106 21 särskilda
617 223 153 28 författningar
786 225 7 20 i
809 224 31 21 af-

82 257 79 22 seende
176 257 14 22 å
204 259 102 21 utländsk
320 265 61 15 mans
396 259 79 21 handel
490 259 84 26 stadga.

150 291 104 23 Beträdes
276 292 66 22 sådan
365 293 48 21 icke
435 293 56 21 finsk
514 293 140 26 medborgare
672 293 49 21 med
736 294 32 20 att
783 293 57 21 inom

82 326 74 21 landet
169 327 69 21 under
253 327 72 27 längre
340 327 33 21 tid
388 329 28 19 än
430 329 34 19 tre
475 327 67 27 dagar
553 327 54 21 efter
618 327 34 21 sin
661 327 104 21 hitkomst
775 327 65 27 bjuda

81 363 26 19 ut
128 361 53 21 eller
202 361 58 22 sluta
283 361 79 22 handel
385 368 34 15 om
441 361 119 22 utländska
574 367 70 21 varor,
660 363 52 20 utan
727 362 33 20 att
774 361 66 22 hafva

79 394 46 23 'den
140 396 103 27 stadgade
258 395 89 28 afgiften
362 396 117 27 behörigen
495 396 75 27 erlagt,
586 396 51 21 böte
652 395 100 28 afgiftens
762 396 77 27 belopp

80 430 44 21 och
148 430 72 21 betale
245 429 56 22 ändå
324 430 71 21 såsom
418 430 99 21 ofvanför
538 431 64 26 sagdt
628 432 30 19 är.
692 430 148 26 Förbrytelser

80 464 101 22 häremot
202 466 106 26 upptagas
329 464 23 22 af
372 464 176 27 Poliskammare,
568 465 38 21 der
625 464 67 22 sådan
710 464 73 27 finnes,
799 464 41 21 och

84 498 61 27 eljest
167 498 23 22 af
210 498 84 28 allmän|
310 499 103 26 domstol;
436 499 40 21 och
491 499 95 21 fördelas
602 499 26 21 de
643 498 92 22 ådömda
748 499 91 21 böterna

83 532 44 22 lika
142 533 90 21 emellan
247 532 116 28 åklagaren
378 534 40 20 och
434 534 26 21 de
475 534 85 27 fattiga.

149 567 118 21 Enahanda
290 568 133 27 stadganden
445 568 57 27 gälle
522 568 79 27 jemväl
621 568 124 27 uppbörden
760 567 24 22 af
798 568 40 21 den

82 600 62 28 afgift
159 602 143 27 utländingar,
318 608 45 15 som
378 602 113 22 härstädes
507 602 51 22 idka
573 608 71 15 annan
658 602 75 27 näring
744 604 27 19 än
786 602 52 21 han-

81 636 41 26 del,
138 636 66 27 enligt
219 637 13 21 2
248 642 63 16 mom.
327 636 11 28 $
354 637 13 20 6
382 639 38 19 äro
436 636 166 27 underkastade,
617 637 48 21 med
679 637 41 21 den
730 636 108 22 ätskilnad

79 672 35 19 att
130 670 89 27 afgiften
234 670 34 22 för
282 671 73 27 hvarje
371 670 79 22 månad
465 670 34 22 får
514 671 130 21 inlevereras
661 671 78 27 jemväl
754 671 34 21 till
802 677 36 15 ve-

80 704 133 22 derbörande
228 705 229 27 kronouppbördsman
472 705 28 27 på
516 706 79 21 landet.

148 739 34 21 De
197 738 91 22 sålunda
302 740 88 26 erlagda
403 740 85 21 medlen
503 740 82 28 åligger
600 740 36 22 det
651 739 187 27 kronouppbörds-

80 779 93 15 mannen
188 775 39 25 att,
243 774 68 21 under
325 774 47 22 titel
387 775 206 27 näringsbevillning
608 774 24 22 af
644 774 114 22 utländske
770 773 67 21 hand-

80 808 70 26 lande,
166 808 200 27 handelsexpediter
381 809 39 21 och
436 809 168 27 näringsidkare,
623 808 70 22 såsom
708 808 66 22 andra
788 808 49 21 kro-

79 842 98 21 nomedel
192 842 7 21 i
214 842 90 28 behörig
319 843 89 27 ordning
425 843 32 21 till
476 843 71 22 länets
562 844 81 21 ränteri
658 843 100 26 leverera,
774 842 63 21 hvar-

80 876 54 22 efter
156 876 34 22 för
212 877 48 21 dem
283 878 108 21 redovisas
406 878 7 21 i
429 878 154 27 sammanhang
606 878 49 21 med
675 878 40 21 den
730 877 108 21 allmänna

82 911 150 28 bevillningen.

424 975 11 27 8
452 975 35 21 31.

149 1013 70 22 Sedan
234 1014 126 28 fullständig
376 1015 84 27 uppgift
475 1015 61 22 öfver
551 1015 144 27 bevillningen
709 1013 48 22 från
772 1016 66 19 samt-

78 1048 44 27 liga
144 1048 63 22 länen
230 1049 33 21 för
285 1049 73 27 hvarje
381 1049 23 21 år
420 1049 33 22 till
468 1049 106 22 Senatens
588 1049 202 27 Finansexpedition
806 1049 32 20 in-

78 1082 97 27 kommit,
199 1083 40 21 bör
261 1083 99 22 bemälda
383 1084 137 27 Expedition,
541 1086 52 19 utan
608 1083 102 22 afvaktan
725 1083 23 21 af
761 1083 77 21 räken-

80 1116 117 27 skapernas
220 1117 87 28 slutliga
321 1118 139 27 granskning,
477 1120 103 25 upprätta
595 1120 32 20 ett
642 1117 149 28 sammandrag
806 1117 32 22 öf-

79 1157 37 15 ver
140 1151 57 22 årets
220 1152 116 27 bevillning
358 1153 34 21 för
414 1153 49 21 hela
480 1153 99 26 Finland,
595 1153 82 21 hvilket
691 1152 48 22 från
754 1151 84 28 trycket

78 1185 92 27 utgifves
186 1187 39 20 och
240 1186 28 28 på
282 1187 98 27 lämpligt
395 1189 44 20 sätt
453 1187 113 22 befordras
577 1188 33 21 till
620 1188 154 21 allmänhetens
784 1187 54 21 kän-

78 1219 85 22 nedom.

404 1285 55 28 Kap.
475 1285 39 22 IV.

309 1336 117 23 Särskilda
441 1336 154 23 föreskrifter.

422 1383 12 27 $
449 1383 34 22 32.

146 1421 139 27 Bevillnings-
306 1423 40 20 och
368 1422 258 28 pröfningskomitéernas
648 1421 130 23 ordförande
796 1421 45 22 och

77 1454 120 22 ledamöter
212 1455 83 27 ätnjuta
310 1457 7 19 i
333 1457 38 20 och
387 1457 35 21 för
436 1457 128 27 utöfningen
579 1457 23 22 af
615 1457 47 21 sina
676 1456 98 22 erhällna
784 1461 54 21 upp-

146 1494 215 24 Bevillningsutskottets
373 1496 119 18 betänkande
505 1498 38 17 N:o
555 1498 17 17 5.
