1009 1739
230 147 25 20 12
429 147 22 23 U.
468 147 22 24 B.
506 159 30 5 —
552 147 60 29 Prop.
629 149 34 22 N:o
678 147 39 23 28.

335 203 65 21 måtte
408 203 31 28 få
454 205 72 26 anstå,
542 205 89 27 tilldess,
641 211 74 22 genom
730 205 68 28 nådig
809 205 137 28 proposition

336 237 8 21 i
359 239 77 25 ämnet,
454 238 125 22 Ständerna
596 239 80 21 beredts
692 238 90 27 tillfälle
797 242 32 18 att
842 241 56 26 yttra
913 239 34 28 sig

334 272 110 27 angående
467 273 60 21 detta
546 273 136 26 omfattande
696 273 38 20 och
749 273 127 22 kostsamma
891 273 56 21 kom-

334 306 238 29 munikationsföretag.

266 395 77 22 Derest
358 390 125 33 Ständerna,
498 397 49 22 med
562 397 154 28 godkännande
731 398 23 21 af
767 398 114 22 utskottets
891 399 55 20 före-

198 429 88 21 stående
307 430 86 27 förslag,
418 431 84 21 besluta
525 433 32 19 att
579 432 39 20 hos
640 432 58 20 Hans
713 432 119 27 Kejserliga
846 432 100 27 Majestät

198 463 52 28 ånyo
272 464 112 22 hemställa
406 471 33 15 om
461 466 93 27 uppskof
574 466 48 22 med
644 466 25 22 de
688 466 127 28 ifrågasatta
834 466 111 22 arbetenas

197 498 119 26 utförande,
338 499 42 21 kan
401 499 111 22 Utskottet
534 500 46 22 icke
599 500 52 28 hysa
665 500 73 22 tvifvel
752 500 72 22 derom
839 502 32 20 att
885 500 59 22 Hans

197 532 100 27 Majestät
318 533 7 21 i
347 533 65 22 nåder
434 534 55 22 skall
511 534 79 22 beakta
612 536 68 20 denna
700 534 128 22 Ständernas
843 534 102 28 förnyade

197 566 144 28 underdåniga
362 568 161 28 framställning.
553 569 110 21 Utskottet
684 569 39 21 har
745 568 71 22 derför
837 570 55 20 trott
913 570 32 26 sig

197 606 39 21 ega
257 602 48 20 stöd
326 603 32 19 att
380 602 35 21 vid
436 602 169 28 beräkningarne
619 603 34 21 för
668 603 174 22 nästkommande
856 604 88 26 budget-

196 635 74 26 period
284 636 107 21 utelemna
405 637 37 21 det
456 637 33 21 för
504 638 92 21 nämnda
611 638 87 21 arbeten
706 639 116 25 upptagna
836 638 73 26 anslag
924 638 22 20 af

198 670 112 26 1,500,000
324 670 67 22 mark.

264 709 88 22 Utöfver
374 710 62 22 dessa
458 713 60 20 extra
543 712 92 26 utgifter,
650 712 72 21 hvilka
740 713 122 20 omnämnas
880 712 7 20 i
904 712 40 21 den

196 744 166 26 approximativa
384 745 99 27 kalkylen
505 746 40 21 och
563 746 73 21 hvilka
650 746 61 21 skola
725 746 105 21 bestridas
845 746 46 20 med
906 746 38 20 be-

196 778 88 26 sparade
307 780 128 26 statsmedel,
459 782 103 25 upptages
588 780 108 22 derstädes
712 780 60 21 äfven
787 781 31 20 ett
832 780 76 26 belopp
922 780 24 21 af

196 812 90 26 800,000
309 813 60 21 mark
391 814 33 21 för
446 814 137 22 bestridande
606 814 22 22 af
644 814 135 27 opäräknade
794 814 106 26 tillfälliga
909 815 35 20 ut-

194 845 63 27 gifter
270 847 68 21 under
352 846 51 22 åren
419 848 146 22 1885—1888.
588 849 74 21 Ehuru
672 848 192 27 utgiftsposterna
856 841 10 39 i
882 850 62 19 stats-

194 879 102 28 förslaget
318 881 40 21 och
379 882 92 22 berörda
492 882 72 28 kalkyl
586 883 137 27 uppskattats
742 888 41 21 nog
797 882 53 27 högt
864 882 33 21 för
912 883 32 20 att

194 914 108 22 desamma
316 915 66 27 enligt
396 916 29 21 all
440 917 134 21 sannolikhet
588 916 46 22 icke
650 916 60 22 skola
724 916 86 22 komma
824 918 32 20 att
865 916 8 21 i
883 916 60 22 verk-

194 948 93 26 ligheten
309 949 91 21 behöfva
422 950 148 27 öfverskridas,
594 952 56 20 samt
672 950 12 21 &
707 951 66 21 andra
788 951 60 20 sidan
862 950 80 21 inkom-

194 982 70 21 sterna
279 983 69 21 blifvit
360 983 154 26 jemförelsevis
536 985 44 27 lägt
595 985 127 26 beräknade,
738 984 86 21 hvarför
838 984 105 21 allmänna

194 1016 130 22 statsfonden
339 1017 61 22 äfven
415 1024 77 15 annars
507 1019 47 21 icke
564 1019 61 21 torde
640 1019 68 20 under
727 1019 26 20 de
768 1020 106 19 närmaste
889 1018 53 21 ären

192 1049 89 22 kommit
302 1053 33 19 att
357 1051 66 22 sakna
444 1052 115 28 tillgångar
580 1053 34 21 för
631 1053 177 26 tillgodoseendet
827 1053 78 26 jemväl
921 1053 24 21 af

193 1083 137 23 oförutsedda
345 1088 55 19 samt
415 1087 7 20 i
437 1087 156 27 statsförslaget
607 1087 47 22 icke
672 1088 109 25 upptagna
795 1087 93 26 utgifter,
904 1087 38 20 har

192 1117 110 22 Utskottet
317 1119 54 22 dock
386 1121 49 20 med
450 1121 100 25 afseende
566 1121 50 22 derä
631 1123 33 19 att
680 1121 118 21 Ständerna
817 1121 45 21 dels
876 1121 66 21 redan

192 1151 87 22 beslutit
293 1153 32 21 till
340 1153 105 23 särskilda
459 1155 146 27 underdäniga
619 1155 121 27 petitioner,
755 1155 72 21 hvilka
836 1155 44 21 afse
889 1161 53 21 upp-

192 1185 101 28 offringar
315 1187 47 22 frän
384 1189 141 21 statsverkets
548 1189 51 26 sida,
622 1189 46 22 dels
690 1189 99 27 möjligen
810 1189 85 21 komma
910 1190 32 21 att

190 1220 123 27 ytterligare
336 1221 71 22 dertill
429 1223 90 26 besluta,
542 1224 70 21 ansett
633 1229 27 15 en
682 1224 49 26 post
752 1223 33 21 för
807 1223 61 22 dessa
889 1229 15 15 s.
920 1223 20 22 k.

191 1254 136 22 oförutsedda
349 1257 88 26 utgifter
458 1257 54 22 böra
526 1257 124 22 bibehällas.
679 1257 75 21 Likväl
778 1257 40 21 har
832 1257 109 21 Utskottet

190 1289 54 20 trott
266 1289 36 21 det
324 1289 72 22 härför
418 1291 139 28 erforderliga
579 1292 97 26 anslaget
697 1291 72 22 kunna
790 1291 104 22 beräknas
908 1291 33 22 till

190 1322 92 26 400,000
296 1323 60 22 mark
372 1325 52 21 eller
439 1325 91 27 400,000
545 1325 60 22 mark
620 1326 60 27 lägre
694 1327 28 20 än
736 1326 7 21 i
758 1326 41 21 den
810 1325 131 27 approxima-

190 1355 44 22 tiva
248 1357 101 27 kalkylen
364 1358 74 22 härför
453 1360 115 27 upptagits.

257 1397 46 21 Den
326 1397 13 21 å
354 1398 38 21 sid.
410 1401 25 19 15
450 1399 8 21 i
472 1399 142 27 nyssnämnda
631 1399 74 28 kalkyl
720 1399 88 22 anförda
824 1405 80 15 summa
918 1398 23 22 af

190 1430 126 27 10,249,502
338 1432 61 21 mark
422 1433 39 21 bör
484 1433 72 22 derför
575 1433 66 28 enligt
663 1433 121 22 Utskottets
806 1433 133 22 förestäende

188 1464 156 28 framställning
358 1467 95 21 minskas
467 1468 49 20 med
531 1468 53 20 Fmk
601 1468 119 26 1,500,000,
736 1467 72 21 hvilka
822 1467 74 22 afsetts
906 1467 33 21 för

257 1504 148 19 Statsutskottets
418 1506 115 18 betänkande
544 1507 38 17 N:o
594 1506 30 19 16.
