1009 1739
421 148 34 22 N:o
473 148 34 22 31.
801 149 11 20 7

154 219 35 20 2:0
205 217 185 27 Föreställningar
406 217 58 21 inför
479 217 97 21 samlade
586 217 113 22 officerare
710 217 23 21 af
743 219 100 24 truppen.

155 253 34 20 3:o
206 251 174 27 Anmärkningar
390 252 40 21 och
441 251 184 27 föreställningar,
634 251 127 22 meddelade
773 252 6 20 i
792 251 50 26 dag-

82 287 71 21 order.

155 322 34 19 4:0
206 320 134 27 Strafftjenst
354 320 66 27 högst
436 326 36 15 sex
488 320 88 27 gånger.

156 355 33 21 5:o
206 355 78 20 Arrest
299 355 12 20 &
326 355 103 26 högvakt,
446 354 52 21 eller
514 355 33 20 till
564 355 44 26 sjös
624 355 7 20 i
646 355 44 20 läst
704 354 54 27 hytt,
770 353 73 22 äfven-

83 396 46 15 som
145 390 121 21 hemarrest
281 389 65 26 högst
360 389 76 21 trettio
453 389 63 26 dygn,
534 389 39 21 och
584 389 35 21 vid
636 389 206 26 sammanläggning,

84 425 71 20 såsom
172 424 6 20 i
194 424 12 26 $
222 424 26 20 25
265 425 69 25 säges,
351 424 65 26 högst
432 425 68 20 sextio
518 424 64 26 dygn.

158 460 33 20 6:0
209 458 145 26 Aflägsnande
376 458 48 20 från
448 458 57 21 befäl
529 458 53 21 eller
605 457 127 22 anförtrodd
748 457 95 21 särskild

86 493 128 26 befattning.

185 527 25 25 d)
226 526 43 22 För
292 527 33 20 till
349 526 148 27 krigsmakten
514 526 96 21 hörande
626 526 62 22 civile
706 526 136 27 tjenstemän.

157 561 120 21 Enahanda
292 560 67 27 straff,
376 567 46 15 som
438 561 39 21 här
493 561 64 21 ofvan
576 561 68 21 under
660 561 42 21 litt.
722 561 20 27 c)
758 562 37 19 äro
810 560 34 21 för

84 596 113 22 officerare
219 597 89 24 utsatta,
333 596 24 20 så
377 596 46 20 vidt
439 595 26 21 de
481 596 73 20 kunna
570 596 13 20 å
598 596 99 21 bemälde
714 596 128 26 tjenstemän

83 631 117 27 tillämpas.

433 681 11 27 s
463 682 31 20 19.

157 733 83 26 Arrest,
265 739 45 14 som
334 732 88 27 älägges
446 732 111 22 officerare
573 733 39 21 och
629 733 62 21 civile
706 733 137 26 tjenstemän,

84 768 120 26 undergås:

159 803 32 20 1:o
208 802 132 26 Hemarrest,
364 802 7 20 i
394 803 50 25 eget
460 804 87 24 gvarter
564 802 52 20 eller
631 802 6 20 i
657 801 187 27 dejourkammare

85 837 53 21 eller
154 838 66 19 annat
236 836 91 21 afskildt
342 842 47 15 rum
406 836 35 21 vid
458 838 93 25 truppen
568 836 52 21 eller
631 836 13 21 ä
654 836 79 26 fartyg,
742 836 102 26 antingen

85 871 49 21 med
150 871 52 21 eller
218 872 52 19 utan
286 870 154 27 tjenstgöring;
458 870 40 21 och
514 870 33 21 får
567 870 40 21 den
624 870 136 21 arresterade
776 869 69 21 under

85 904 132 22 arresttiden
241 904 85 22 behälla
350 905 32 21 sin
399 904 60 21 sabel
476 905 53 20 eller
545 906 65 20 annat
626 911 75 20 vapen,
718 910 46 15 som
780 904 42 20 han
838 904 7 20 i

85 940 94 25 tjensten
196 939 115 26 begagnar.
337 939 174 26 Bestrafiningen
521 939 42 20 kan
572 939 90 26 skärpas
671 945 78 20 genom
758 938 88 26 tillagdt

85 973 80 21 förbud
181 974 33 19 att
229 974 110 25 emottaga
354 973 74 20 besök.

158 1008 44 26 2:0)
220 1007 136 26 Vaktarrest,
372 1007 6 21 i
395 1007 97 26 högvakt
508 1007 53 21 eller
580 1007 43 21 läst
637 1007 49 27 hytt
700 1009 53 19 utan
769 1007 77 26 tjenst-

86 1042 84 26 göring.
200 1041 34 21 Dä
250 1041 84 21 straffet
350 1041 105 27 vidtager,
476 1041 55 21 skall
551 1042 41 21 den
612 1041 137 22 arresterade
764 1041 82 20 fränta-

87 1083 39 20 gas
142 1076 74 21 sabeln
232 1076 53 21 eller
301 1077 66 20 annat
382 1075 23 22 af
419 1076 79 21 honom
516 1076 5 21 i
534 1076 92 26 tjensten
636 1075 123 27 begagnadt
769 1081 76 21 vapen,

87 1110 63 21 äfven
166 1117 34 14 om
217 1111 37 20 det
269 1112 24 19 är
309 1111 65 26 prydt
389 1111 49 20 med
454 1111 67 20 orden
538 1111 53 20 eller
606 1112 66 19 annat
682 1109 164 22 hederstecken.

160 1139 19 26 Ä
194 1146 41 24 ort,
252 1145 38 20 der
306 1145 96 26 högvakt
416 1145 48 20 icke
480 1144 76 28 finnes,
572 1145 34 20 mä
621 1145 180 26 högvaktsarrest
812 1145 35 20 ut-

87 1179 63 26 bytas
167 1181 58 18 emot
240 1181 71 18 arrest
327 1179 6 20 i
349 1180 49 25 eget
414 1179 52 20 eller
483 1181 67 18 annat
560 1179 99 26 lämpligt
669 1185 47 15 rum
731 1178 69 21 under
810 1178 37 21 be-

87 1213 95 25 vakning
198 1213 23 20 af
235 1213 128 27 soldatpost.
394 1213 60 21 Skall
470 1213 122 21 hemarrest
606 1213 152 21 verkställas
742 1209 12 35 ä
768 1213 79 26 fartyg,

88 1253 46 16 som
150 1249 25 19 är
196 1247 29 26 pä
248 1247 77 27 sjötäg,
349 1248 53 21 eller
418 1249 24 20 är
458 1248 71 26 någon
546 1248 63 26 älagd
625 1250 71 19 arrest
711 1249 7 20 i
734 1248 43 21 läst
792 1247 54 26 hytt,

87 1282 41 21 och
144 1281 80 21 saknas
239 1282 87 27 tjenligt
341 1288 47 15 rum
405 1282 33 21 för
449 1281 181 28 bestrafiningen;
645 1283 35 20 mä
691 1283 42 20 den
742 1281 105 27 skyldige,

88 1316 7 21 i
112 1316 78 24 stället,
206 1316 7 21 i
229 1316 59 21 förra
303 1317 62 21 fallet
380 1317 114 26 förbjudas
510 1319 33 19 att
562 1317 13 20 &
590 1317 94 27 fartyget
702 1316 97 27 förfiytta
814 1316 34 26 sig

88 1351 60 21 utom
172 1351 61 25 visst,
256 1357 77 20 genom
359 1353 65 24 gräns
447 1351 99 21 utmärkt
566 1351 93 27 omräde,
676 1352 57 20 samt
748 1351 7 20 i
771 1355 77 16 senare

88 1385 118 20 händelsen
230 1385 69 21 hällas
325 1386 69 20 under
417 1385 123 27 bevakning
563 1386 57 21 inom
644 1385 94 26 omräde,
758 1391 47 14 som
820 1384 29 27 pä

88 1419 114 21 enahanda
218 1421 44 19 sätt
278 1419 137 22 bestämmes.
