<?xml version="1.0" encoding="UTF-8"?>
<alto xmlns="http://www.loc.gov/standards/alto/ns-v3#" xmlns:xlink="http://www.w3.org/1999/xlink" xmlns:xsi="http://www.w3.org/2001/XMLSchema-instance" xsi:schemaLocation="http://www.loc.gov/standards/alto/ns-v3# http://www.loc.gov/alto/v3/alto-3-0.xsd">
	<Description>
		<MeasurementUnit>pixel</MeasurementUnit>
		<sourceImageInformation>
			<fileName>/tmp/tess_lrrzx9tb_input.PNG</fileName>
		</sourceImageInformation>
		<OCRProcessing ID="OCR_0">
			<ocrProcessingStep>
				<processingSoftware>
					<softwareName>tesseract 5.3.4</softwareName>
				</processingSoftware>
			</ocrProcessingStep>
		</OCRProcessing>
	</Description>
	<Layout>
		<Page WIDTH="1009" HEIGHT="1739" PHYSICAL_IMG_NR="0" ID="page_0">
			<PrintSpace HPOS="0" VPOS="0" WIDTH="1009" HEIGHT="1739">
				<GraphicalElement ID="cblock_0" HPOS="0" VPOS="66" WIDTH="4" HEIGHT="861"></GraphicalElement >
				<ComposedBlock ID="cblock_1" HPOS="198" VPOS="141" WIDTH="518" HEIGHT="42">
					<TextBlock ID="block_0" HPOS="198" VPOS="141" WIDTH="518" HEIGHT="42">
						<TextLine ID="line_0" HPOS="198" VPOS="141" WIDTH="518" HEIGHT="42">
							<String ID="string_0" HPOS="198" VPOS="145" WIDTH="12" HEIGHT="20" WC="0.96" CONTENT="8"/><SP WIDTH="218" VPOS="145" HPOS="210"/>
							<String ID="string_1" HPOS="428" VPOS="145" WIDTH="25" HEIGHT="23" WC="0.90" CONTENT="U."/><SP WIDTH="15" VPOS="145" HPOS="453"/>
							<String ID="string_2" HPOS="468" VPOS="145" WIDTH="23" HEIGHT="26" WC="0.90" CONTENT="B."/><SP WIDTH="16" VPOS="145" HPOS="491"/>
							<String ID="string_3" HPOS="507" VPOS="158" WIDTH="23" HEIGHT="21" WC="0.58" CONTENT="—"/><SP WIDTH="17" VPOS="158" HPOS="530"/>
							<String ID="string_4" HPOS="547" VPOS="141" WIDTH="68" HEIGHT="42" WC="0.68" CONTENT="Prop."/><SP WIDTH="11" VPOS="141" HPOS="615"/>
							<String ID="string_5" HPOS="626" VPOS="140" WIDTH="40" HEIGHT="40" WC="0.72" CONTENT="N:o"/><SP WIDTH="13" VPOS="140" HPOS="666"/>
							<String ID="string_6" HPOS="679" VPOS="144" WIDTH="37" HEIGHT="23" WC="0.72" CONTENT="27."/>
						</TextLine>
					</TextBlock>
				</ComposedBlock>
				<ComposedBlock ID="cblock_2" HPOS="167" VPOS="209" WIDTH="756" HEIGHT="444">
					<TextBlock ID="block_1" HPOS="168" VPOS="209" WIDTH="755" HEIGHT="98">
						<TextLine ID="line_1" HPOS="168" VPOS="209" WIDTH="755" HEIGHT="30">
							<String ID="string_7" HPOS="168" VPOS="210" WIDTH="8" HEIGHT="21" WC="0.93" CONTENT="i"/><SP WIDTH="21" VPOS="210" HPOS="176"/>
							<String ID="string_8" HPOS="197" VPOS="209" WIDTH="113" HEIGHT="28" WC="0.96" CONTENT="månaden,"/><SP WIDTH="20" VPOS="209" HPOS="310"/>
							<String ID="string_9" HPOS="330" VPOS="211" WIDTH="86" HEIGHT="22" WC="0.93" CONTENT="hvilken"/><SP WIDTH="14" VPOS="211" HPOS="416"/>
							<String ID="string_10" HPOS="430" VPOS="212" WIDTH="71" HEIGHT="27" WC="0.60" CONTENT="-afgift"/><SP WIDTH="18" VPOS="212" HPOS="501"/>
							<String ID="string_11" HPOS="519" VPOS="213" WIDTH="87" HEIGHT="26" WC="0.96" CONTENT="utgöres"/><SP WIDTH="11" VPOS="213" HPOS="606"/>
							<String ID="string_12" HPOS="617" VPOS="211" WIDTH="42" HEIGHT="24" WC="0.92" CONTENT="för"/><SP WIDTH="19" VPOS="211" HPOS="659"/>
							<String ID="string_13" HPOS="678" VPOS="211" WIDTH="41" HEIGHT="22" WC="0.93" CONTENT="full"/><SP WIDTH="13" VPOS="211" HPOS="719"/>
							<String ID="string_14" HPOS="732" VPOS="210" WIDTH="85" HEIGHT="28" WC="0.93" CONTENT="månad,"/><SP WIDTH="15" VPOS="210" HPOS="817"/>
							<String ID="string_15" HPOS="832" VPOS="211" WIDTH="91" HEIGHT="22" WC="0.93" CONTENT="änskönt"/>
						</TextLine>
						<TextLine ID="line_2" HPOS="168" VPOS="245" WIDTH="755" HEIGHT="28">
							<String ID="string_16" HPOS="168" VPOS="245" WIDTH="42" HEIGHT="21" WC="0.96" CONTENT="han"/><SP WIDTH="22" VPOS="245" HPOS="210"/>
							<String ID="string_17" HPOS="232" VPOS="245" WIDTH="76" HEIGHT="22" WC="0.96" CONTENT="endast"/><SP WIDTH="21" VPOS="245" HPOS="308"/>
							<String ID="string_18" HPOS="329" VPOS="246" WIDTH="68" HEIGHT="21" WC="0.92" CONTENT="under"/><SP WIDTH="21" VPOS="246" HPOS="397"/>
							<String ID="string_19" HPOS="418" VPOS="245" WIDTH="71" HEIGHT="28" WC="0.96" CONTENT="någon"/><SP WIDTH="12" VPOS="245" HPOS="489"/>
							<String ID="string_20" HPOS="501" VPOS="241" WIDTH="49" HEIGHT="37" WC="0.77" CONTENT="del."/><SP WIDTH="8" VPOS="241" HPOS="550"/>
							<String ID="string_21" HPOS="558" VPOS="246" WIDTH="61" HEIGHT="22" WC="0.93" CONTENT="deraf"/><SP WIDTH="13" VPOS="246" HPOS="619"/>
							<String ID="string_22" HPOS="632" VPOS="246" WIDTH="8" HEIGHT="21" WC="0.92" CONTENT="i"/><SP WIDTH="15" VPOS="246" HPOS="640"/>
							<String ID="string_23" HPOS="655" VPOS="245" WIDTH="268" HEIGHT="28" WC="0.92" CONTENT="handelsangelägenheter"/>
						</TextLine>
						<TextLine ID="line_3" HPOS="168" VPOS="279" WIDTH="304" HEIGHT="28">
							<String ID="string_24" HPOS="168" VPOS="279" WIDTH="33" HEIGHT="28" WC="0.93" CONTENT="sig"/><SP WIDTH="14" VPOS="279" HPOS="201"/>
							<String ID="string_25" HPOS="215" VPOS="279" WIDTH="111" HEIGHT="22" WC="0.92" CONTENT="härstädes"/><SP WIDTH="15" VPOS="279" HPOS="326"/>
							<String ID="string_26" HPOS="341" VPOS="280" WIDTH="131" HEIGHT="27" WC="0.92" CONTENT="uppehäller."/>
						</TextLine>
					</TextBlock>
					<TextBlock ID="block_2" HPOS="167" VPOS="314" WIDTH="756" HEIGHT="339">
						<TextLine ID="line_4" HPOS="236" VPOS="314" WIDTH="686" HEIGHT="28">
							<String ID="string_27" HPOS="236" VPOS="314" WIDTH="119" HEIGHT="21" WC="0.91" CONTENT="Enahanda"/><SP WIDTH="14" VPOS="314" HPOS="355"/>
							<String ID="string_28" HPOS="369" VPOS="315" WIDTH="210" HEIGHT="27" WC="0.91" CONTENT="näringsbevillning,"/><SP WIDTH="17" VPOS="315" HPOS="579"/>
							<String ID="string_29" HPOS="596" VPOS="315" WIDTH="54" HEIGHT="22" WC="0.93" CONTENT="dock"/><SP WIDTH="15" VPOS="315" HPOS="650"/>
							<String ID="string_30" HPOS="665" VPOS="315" WIDTH="47" HEIGHT="21" WC="0.93" CONTENT="icke"/><SP WIDTH="15" VPOS="315" HPOS="712"/>
							<String ID="string_31" HPOS="727" VPOS="314" WIDTH="34" HEIGHT="21" WC="0.96" CONTENT="till"/><SP WIDTH="9" VPOS="314" HPOS="761"/>
							<String ID="string_32" HPOS="770" VPOS="314" WIDTH="66" HEIGHT="27" WC="0.93" CONTENT="högre"/><SP WIDTH="10" VPOS="314" HPOS="836"/>
							<String ID="string_33" HPOS="846" VPOS="315" WIDTH="76" HEIGHT="27" WC="0.93" CONTENT="belopp"/>
						</TextLine>
						<TextLine ID="line_5" HPOS="168" VPOS="348" WIDTH="755" HEIGHT="29">
							<String ID="string_34" HPOS="168" VPOS="349" WIDTH="28" HEIGHT="20" WC="0.96" CONTENT="än"/><SP WIDTH="22" VPOS="349" HPOS="196"/>
							<String ID="string_35" HPOS="218" VPOS="348" WIDTH="30" HEIGHT="21" WC="0.96" CONTENT="tio"/><SP WIDTH="20" VPOS="348" HPOS="248"/>
							<String ID="string_36" HPOS="268" VPOS="349" WIDTH="61" HEIGHT="20" WC="0.96" CONTENT="mark"/><SP WIDTH="18" VPOS="349" HPOS="329"/>
							<String ID="string_37" HPOS="347" VPOS="348" WIDTH="34" HEIGHT="21" WC="0.93" CONTENT="för"/><SP WIDTH="15" VPOS="348" HPOS="381"/>
							<String ID="string_38" HPOS="396" VPOS="349" WIDTH="72" HEIGHT="28" WC="0.92" CONTENT="hvarje"/><SP WIDTH="15" VPOS="349" HPOS="468"/>
							<String ID="string_39" HPOS="483" VPOS="349" WIDTH="84" HEIGHT="28" WC="0.91" CONTENT="mänad,"/><SP WIDTH="15" VPOS="349" HPOS="567"/>
							<String ID="string_40" HPOS="582" VPOS="349" WIDTH="143" HEIGHT="22" WC="0.92" CONTENT="underkastas"/><SP WIDTH="16" VPOS="349" HPOS="725"/>
							<String ID="string_41" HPOS="741" VPOS="349" WIDTH="47" HEIGHT="26" WC="0.96" CONTENT="den,"/><SP WIDTH="16" VPOS="349" HPOS="788"/>
							<String ID="string_42" HPOS="804" VPOS="355" WIDTH="51" HEIGHT="21" WC="0.96" CONTENT="som,"/><SP WIDTH="17" VPOS="355" HPOS="855"/>
							<String ID="string_43" HPOS="872" VPOS="351" WIDTH="51" HEIGHT="20" WC="0.96" CONTENT="utan"/>
						</TextLine>
						<TextLine ID="line_6" HPOS="168" VPOS="383" WIDTH="754" HEIGHT="28">
							<String ID="string_44" HPOS="168" VPOS="383" WIDTH="32" HEIGHT="20" WC="0.96" CONTENT="att"/><SP WIDTH="15" VPOS="383" HPOS="200"/>
							<String ID="string_45" HPOS="215" VPOS="389" WIDTH="51" HEIGHT="14" WC="0.96" CONTENT="vara"/><SP WIDTH="14" VPOS="389" HPOS="266"/>
							<String ID="string_46" HPOS="280" VPOS="383" WIDTH="55" HEIGHT="21" WC="0.95" CONTENT="finsk"/><SP WIDTH="15" VPOS="383" HPOS="335"/>
							<String ID="string_47" HPOS="350" VPOS="383" WIDTH="145" HEIGHT="28" WC="0.96" CONTENT="medborgare,"/><SP WIDTH="16" VPOS="383" HPOS="495"/>
							<String ID="string_48" HPOS="511" VPOS="385" WIDTH="40" HEIGHT="21" WC="0.96" CONTENT="här"/><SP WIDTH="15" VPOS="385" HPOS="551"/>
							<String ID="string_49" HPOS="566" VPOS="385" WIDTH="7" HEIGHT="20" WC="0.80" CONTENT="i"/><SP WIDTH="15" VPOS="385" HPOS="573"/>
							<String ID="string_50" HPOS="588" VPOS="384" WIDTH="73" HEIGHT="21" WC="0.80" CONTENT="landet"/><SP WIDTH="10" VPOS="384" HPOS="661"/>
							<String ID="string_51" HPOS="671" VPOS="383" WIDTH="49" HEIGHT="22" WC="0.93" CONTENT="med"/><SP WIDTH="9" VPOS="383" HPOS="720"/>
							<String ID="string_52" HPOS="729" VPOS="383" WIDTH="143" HEIGHT="28" WC="0.93" CONTENT="vederbörligt"/><SP WIDTH="8" VPOS="383" HPOS="872"/>
							<String ID="string_53" HPOS="880" VPOS="384" WIDTH="42" HEIGHT="21" WC="0.92" CONTENT="till-"/>
						</TextLine>
						<TextLine ID="line_7" HPOS="168" VPOS="416" WIDTH="755" HEIGHT="30">
							<String ID="string_54" HPOS="168" VPOS="416" WIDTH="69" HEIGHT="27" WC="0.91" CONTENT="ständ,"/><SP WIDTH="17" VPOS="416" HPOS="237"/>
							<String ID="string_55" HPOS="254" VPOS="419" WIDTH="57" HEIGHT="19" WC="0.93" CONTENT="emot"/><SP WIDTH="11" VPOS="419" HPOS="311"/>
							<String ID="string_56" HPOS="322" VPOS="417" WIDTH="70" HEIGHT="27" WC="0.92" CONTENT="afgift,"/><SP WIDTH="16" VPOS="417" HPOS="392"/>
							<String ID="string_57" HPOS="408" VPOS="418" WIDTH="33" HEIGHT="21" WC="0.97" CONTENT="för"/><SP WIDTH="15" VPOS="418" HPOS="441"/>
							<String ID="string_58" HPOS="456" VPOS="425" WIDTH="54" HEIGHT="21" WC="0.93" CONTENT="egen"/><SP WIDTH="14" VPOS="425" HPOS="510"/>
							<String ID="string_59" HPOS="524" VPOS="418" WIDTH="91" HEIGHT="27" WC="0.92" CONTENT="räkning"/><SP WIDTH="14" VPOS="418" HPOS="615"/>
							<String ID="string_60" HPOS="629" VPOS="418" WIDTH="79" HEIGHT="26" WC="0.92" CONTENT="uppför"/><SP WIDTH="14" VPOS="418" HPOS="708"/>
							<String ID="string_61" HPOS="722" VPOS="417" WIDTH="118" HEIGHT="27" WC="0.92" CONTENT="skädespel,"/><SP WIDTH="16" VPOS="417" HPOS="840"/>
							<String ID="string_62" HPOS="856" VPOS="417" WIDTH="67" HEIGHT="27" WC="0.91" CONTENT="gifver"/>
						</TextLine>
						<TextLine ID="line_8" HPOS="168" VPOS="451" WIDTH="754" HEIGHT="28">
							<String ID="string_63" HPOS="168" VPOS="451" WIDTH="87" HEIGHT="21" WC="0.96" CONTENT="konsert"/><SP WIDTH="15" VPOS="451" HPOS="255"/>
							<String ID="string_64" HPOS="270" VPOS="452" WIDTH="51" HEIGHT="21" WC="0.96" CONTENT="eller"/><SP WIDTH="15" VPOS="452" HPOS="321"/>
							<String ID="string_65" HPOS="336" VPOS="458" WIDTH="70" HEIGHT="18" WC="0.93" CONTENT="annan"/><SP WIDTH="14" VPOS="458" HPOS="406"/>
							<String ID="string_66" HPOS="420" VPOS="453" WIDTH="126" HEIGHT="21" WC="0.92" CONTENT="musikalisk"/><SP WIDTH="14" VPOS="453" HPOS="546"/>
							<String ID="string_67" HPOS="560" VPOS="452" WIDTH="143" HEIGHT="27" WC="0.92" CONTENT="tillställning,"/><SP WIDTH="15" VPOS="452" HPOS="703"/>
							<String ID="string_68" HPOS="718" VPOS="452" WIDTH="63" HEIGHT="21" WC="0.93" CONTENT="idkar"/><SP WIDTH="9" VPOS="452" HPOS="781"/>
							<String ID="string_69" HPOS="790" VPOS="452" WIDTH="132" HEIGHT="27" WC="0.92" CONTENT="positivspel-"/>
						</TextLine>
						<TextLine ID="line_9" HPOS="168" VPOS="486" WIDTH="754" HEIGHT="28">
							<String ID="string_70" HPOS="168" VPOS="486" WIDTH="56" HEIGHT="26" WC="0.93" CONTENT="ning,"/><SP WIDTH="11" VPOS="486" HPOS="224"/>
							<String ID="string_71" HPOS="235" VPOS="486" WIDTH="103" HEIGHT="22" WC="0.91" CONTENT="förevisar"/><SP WIDTH="9" VPOS="486" HPOS="338"/>
							<String ID="string_72" HPOS="347" VPOS="486" WIDTH="155" HEIGHT="28" WC="0.91" CONTENT="konstridning,"/><SP WIDTH="9" VPOS="486" HPOS="502"/>
							<String ID="string_73" HPOS="511" VPOS="487" WIDTH="143" HEIGHT="27" WC="0.92" CONTENT="lindansning,"/><SP WIDTH="9" VPOS="487" HPOS="654"/>
							<String ID="string_74" HPOS="663" VPOS="486" WIDTH="125" HEIGHT="22" WC="0.92" CONTENT="mekaniska"/><SP WIDTH="8" VPOS="486" HPOS="788"/>
							<String ID="string_75" HPOS="796" VPOS="487" WIDTH="52" HEIGHT="21" WC="0.96" CONTENT="eller"/><SP WIDTH="7" VPOS="487" HPOS="848"/>
							<String ID="string_76" HPOS="855" VPOS="487" WIDTH="67" HEIGHT="21" WC="0.96" CONTENT="andra"/>
						</TextLine>
						<TextLine ID="line_10" HPOS="167" VPOS="520" WIDTH="755" HEIGHT="29">
							<String ID="string_77" HPOS="167" VPOS="520" WIDTH="95" HEIGHT="27" WC="0.91" CONTENT="konster,"/><SP WIDTH="15" VPOS="520" HPOS="262"/>
							<String ID="string_78" HPOS="277" VPOS="520" WIDTH="153" HEIGHT="28" WC="0.90" CONTENT="kosmoramor;"/><SP WIDTH="12" VPOS="520" HPOS="430"/>
							<String ID="string_79" HPOS="442" VPOS="528" WIDTH="129" HEIGHT="21" WC="0.92" CONTENT="panoramor"/><SP WIDTH="10" VPOS="528" HPOS="571"/>
							<String ID="string_80" HPOS="581" VPOS="522" WIDTH="40" HEIGHT="22" WC="0.97" CONTENT="och"/><SP WIDTH="10" VPOS="522" HPOS="621"/>
							<String ID="string_81" HPOS="631" VPOS="522" WIDTH="69" HEIGHT="21" WC="0.93" CONTENT="andra"/><SP WIDTH="10" VPOS="522" HPOS="700"/>
							<String ID="string_82" HPOS="710" VPOS="520" WIDTH="84" HEIGHT="28" WC="0.92" CONTENT="optiska"/><SP WIDTH="9" VPOS="520" HPOS="794"/>
							<String ID="string_83" HPOS="803" VPOS="521" WIDTH="119" HEIGHT="27" WC="0.92" CONTENT="konststyc-"/>
						</TextLine>
						<TextLine ID="line_11" HPOS="167" VPOS="555" WIDTH="754" HEIGHT="29">
							<String ID="string_84" HPOS="167" VPOS="555" WIDTH="48" HEIGHT="26" WC="0.93" CONTENT="ken,"/><SP WIDTH="15" VPOS="555" HPOS="215"/>
							<String ID="string_85" HPOS="230" VPOS="555" WIDTH="145" HEIGHT="28" WC="0.89" CONTENT="vaxkabinett,"/><SP WIDTH="16" VPOS="555" HPOS="375"/>
							<String ID="string_86" HPOS="391" VPOS="557" WIDTH="115" HEIGHT="27" WC="0.96" CONTENT="samlingar"/><SP WIDTH="16" VPOS="557" HPOS="506"/>
							<String ID="string_87" HPOS="522" VPOS="557" WIDTH="22" HEIGHT="21" WC="0.96" CONTENT="af"/><SP WIDTH="14" VPOS="557" HPOS="544"/>
							<String ID="string_88" HPOS="558" VPOS="556" WIDTH="48" HEIGHT="28" WC="0.96" CONTENT="djur"/><SP WIDTH="15" VPOS="556" HPOS="606"/>
							<String ID="string_89" HPOS="621" VPOS="556" WIDTH="41" HEIGHT="22" WC="0.93" CONTENT="och"/><SP WIDTH="10" VPOS="556" HPOS="662"/>
							<String ID="string_90" HPOS="672" VPOS="556" WIDTH="118" HEIGHT="22" WC="0.92" CONTENT="naturalier"/><SP WIDTH="9" VPOS="556" HPOS="790"/>
							<String ID="string_91" HPOS="799" VPOS="557" WIDTH="48" HEIGHT="21" WC="0.96" CONTENT="med"/><SP WIDTH="9" VPOS="557" HPOS="847"/>
							<String ID="string_92" HPOS="856" VPOS="562" WIDTH="65" HEIGHT="16" WC="0.96" CONTENT="mera."/>
						</TextLine>
						<TextLine ID="line_12" HPOS="168" VPOS="590" WIDTH="754" HEIGHT="28">
							<String ID="string_93" HPOS="168" VPOS="590" WIDTH="60" HEIGHT="21" WC="0.93" CONTENT="Dock"/><SP WIDTH="14" VPOS="590" HPOS="228"/>
							<String ID="string_94" HPOS="242" VPOS="592" WIDTH="86" HEIGHT="26" WC="0.92" CONTENT="utgöres"/><SP WIDTH="15" VPOS="592" HPOS="328"/>
							<String ID="string_95" HPOS="343" VPOS="591" WIDTH="45" HEIGHT="21" WC="0.93" CONTENT="icke"/><SP WIDTH="16" VPOS="591" HPOS="388"/>
							<String ID="string_96" HPOS="404" VPOS="591" WIDTH="70" HEIGHT="22" WC="0.93" CONTENT="denna"/><SP WIDTH="14" VPOS="591" HPOS="474"/>
							<String ID="string_97" HPOS="488" VPOS="591" WIDTH="69" HEIGHT="27" WC="0.93" CONTENT="afgift,"/><SP WIDTH="17" VPOS="591" HPOS="557"/>
							<String ID="string_98" HPOS="574" VPOS="591" WIDTH="90" HEIGHT="22" WC="0.90" CONTENT="säframt"/><SP WIDTH="15" VPOS="591" HPOS="664"/>
							<String ID="string_99" HPOS="679" VPOS="591" WIDTH="46" HEIGHT="21" WC="0.92" CONTENT="icke"/><SP WIDTH="15" VPOS="591" HPOS="725"/>
							<String ID="string_100" HPOS="740" VPOS="591" WIDTH="100" HEIGHT="21" WC="0.92" CONTENT="vistelsen"/><SP WIDTH="15" VPOS="591" HPOS="840"/>
							<String ID="string_101" HPOS="855" VPOS="591" WIDTH="7" HEIGHT="21" WC="0.93" CONTENT="i"/><SP WIDTH="11" VPOS="591" HPOS="862"/>
							<String ID="string_102" HPOS="873" VPOS="591" WIDTH="49" HEIGHT="21" WC="0.93" CONTENT="Fin-"/>
						</TextLine>
						<TextLine ID="line_13" HPOS="167" VPOS="624" WIDTH="751" HEIGHT="29">
							<String ID="string_103" HPOS="167" VPOS="624" WIDTH="51" HEIGHT="21" WC="0.92" CONTENT="land"/><SP WIDTH="15" VPOS="624" HPOS="218"/>
							<String ID="string_104" HPOS="233" VPOS="625" WIDTH="119" HEIGHT="22" WC="0.89" CONTENT="utsträckes"/><SP WIDTH="15" VPOS="625" HPOS="352"/>
							<String ID="string_105" HPOS="367" VPOS="626" WIDTH="33" HEIGHT="20" WC="0.96" CONTENT="till"/><SP WIDTH="15" VPOS="626" HPOS="400"/>
							<String ID="string_106" HPOS="415" VPOS="626" WIDTH="74" HEIGHT="27" WC="0.96" CONTENT="längre"/><SP WIDTH="15" VPOS="626" HPOS="489"/>
							<String ID="string_107" HPOS="504" VPOS="626" WIDTH="33" HEIGHT="21" WC="0.97" CONTENT="tid"/><SP WIDTH="15" VPOS="626" HPOS="537"/>
							<String ID="string_108" HPOS="552" VPOS="628" WIDTH="28" HEIGHT="19" WC="0.97" CONTENT="än"/><SP WIDTH="15" VPOS="628" HPOS="580"/>
							<String ID="string_109" HPOS="595" VPOS="628" WIDTH="32" HEIGHT="20" WC="0.96" CONTENT="tre"/><SP WIDTH="16" VPOS="628" HPOS="627"/>
							<String ID="string_110" HPOS="643" VPOS="626" WIDTH="73" HEIGHT="26" WC="0.96" CONTENT="dagar."/><SP WIDTH="200" VPOS="626" HPOS="716"/>
							<String ID="string_111" HPOS="916" VPOS="638" WIDTH="2" HEIGHT="2" WC="0.70" CONTENT="i"/>
						</TextLine>
					</TextBlock>
				</ComposedBlock>
				<ComposedBlock ID="cblock_3" HPOS="258" VPOS="723" WIDTH="575" HEIGHT="80">
					<TextBlock ID="block_3" HPOS="258" VPOS="723" WIDTH="575" HEIGHT="80">
						<TextLine ID="line_14" HPOS="493" VPOS="723" WIDTH="100" HEIGHT="27">
							<String ID="string_112" HPOS="493" VPOS="723" WIDTH="55" HEIGHT="27" WC="0.96" CONTENT="Kap."/><SP WIDTH="17" VPOS="723" HPOS="548"/>
							<String ID="string_113" HPOS="565" VPOS="723" WIDTH="28" HEIGHT="21" WC="0.94" CONTENT="II."/>
						</TextLine>
						<TextLine ID="line_15" HPOS="258" VPOS="773" WIDTH="575" HEIGHT="30">
							<String ID="string_114" HPOS="258" VPOS="773" WIDTH="71" HEIGHT="22" WC="0.94" CONTENT="Sättet"/><SP WIDTH="14" VPOS="773" HPOS="329"/>
							<String ID="string_115" HPOS="343" VPOS="773" WIDTH="36" HEIGHT="23" WC="0.93" CONTENT="för"/><SP WIDTH="14" VPOS="773" HPOS="379"/>
							<String ID="string_116" HPOS="393" VPOS="774" WIDTH="259" HEIGHT="29" WC="0.83" CONTENT="inkomstbevillningens"/><SP WIDTH="16" VPOS="774" HPOS="652"/>
							<String ID="string_117" HPOS="668" VPOS="774" WIDTH="165" HEIGHT="22" WC="0.96" CONTENT="fastställande."/>
						</TextLine>
					</TextBlock>
				</ComposedBlock>
				<ComposedBlock ID="cblock_4" HPOS="166" VPOS="820" WIDTH="756" HEIGHT="527">
					<TextBlock ID="block_4" HPOS="386" VPOS="820" WIDTH="316" HEIGHT="68">
						<TextLine ID="line_16" HPOS="386" VPOS="820" WIDTH="316" HEIGHT="28">
							<String ID="string_118" HPOS="386" VPOS="822" WIDTH="20" HEIGHT="20" WC="0.87" CONTENT="1."/><SP WIDTH="29" VPOS="822" HPOS="406"/>
							<String ID="string_119" HPOS="435" VPOS="820" WIDTH="267" HEIGHT="28" WC="0.0" CONTENT="Bevillningskomitberna."/>
						</TextLine>
						<TextLine ID="line_17" HPOS="521" VPOS="861" WIDTH="46" HEIGHT="27">
							<String ID="string_120" HPOS="521" VPOS="861" WIDTH="11" HEIGHT="27" WC="0.92" CONTENT="8"/><SP WIDTH="16" VPOS="861" HPOS="532"/>
							<String ID="string_121" HPOS="548" VPOS="862" WIDTH="19" HEIGHT="20" WC="0.92" CONTENT="7."/>
						</TextLine>
					</TextBlock>
					<TextBlock ID="block_5" HPOS="166" VPOS="906" WIDTH="756" HEIGHT="441">
						<TextLine ID="line_18" HPOS="233" VPOS="906" WIDTH="689" HEIGHT="28">
							<String ID="string_122" HPOS="233" VPOS="906" WIDTH="104" HEIGHT="28" WC="0.89" CONTENT="Beloppet"/><SP WIDTH="23" VPOS="906" HPOS="337"/>
							<String ID="string_123" HPOS="360" VPOS="907" WIDTH="58" HEIGHT="22" WC="0.92" CONTENT="säväl"/><SP WIDTH="19" VPOS="907" HPOS="418"/>
							<String ID="string_124" HPOS="437" VPOS="908" WIDTH="24" HEIGHT="21" WC="0.96" CONTENT="af"/><SP WIDTH="17" VPOS="908" HPOS="461"/>
							<String ID="string_125" HPOS="478" VPOS="908" WIDTH="42" HEIGHT="22" WC="0.93" CONTENT="den"/><SP WIDTH="14" VPOS="908" HPOS="520"/>
							<String ID="string_126" HPOS="534" VPOS="908" WIDTH="101" HEIGHT="26" WC="0.92" CONTENT="inkomst,"/><SP WIDTH="16" VPOS="908" HPOS="635"/>
							<String ID="string_127" HPOS="651" VPOS="907" WIDTH="88" HEIGHT="22" WC="0.92" CONTENT="hvarför"/><SP WIDTH="15" VPOS="907" HPOS="739"/>
							<String ID="string_128" HPOS="754" VPOS="907" WIDTH="114" HEIGHT="27" WC="0.93" CONTENT="bevillning"/><SP WIDTH="14" VPOS="907" HPOS="868"/>
							<String ID="string_129" HPOS="882" VPOS="907" WIDTH="40" HEIGHT="21" WC="0.96" CONTENT="bör"/>
						</TextLine>
						<TextLine ID="line_19" HPOS="167" VPOS="941" WIDTH="755" HEIGHT="28">
							<String ID="string_130" HPOS="167" VPOS="941" WIDTH="103" HEIGHT="26" WC="0.92" CONTENT="erläggas,"/><SP WIDTH="19" VPOS="941" HPOS="270"/>
							<String ID="string_131" HPOS="289" VPOS="948" WIDTH="46" HEIGHT="15" WC="0.96" CONTENT="som"/><SP WIDTH="19" VPOS="948" HPOS="335"/>
							<String ID="string_132" HPOS="354" VPOS="942" WIDTH="23" HEIGHT="21" WC="0.93" CONTENT="af"/><SP WIDTH="13" VPOS="942" HPOS="377"/>
							<String ID="string_133" HPOS="390" VPOS="942" WIDTH="75" HEIGHT="27" WC="0.91" CONTENT="sjelfva"/><SP WIDTH="14" VPOS="942" HPOS="465"/>
							<String ID="string_134" HPOS="479" VPOS="942" WIDTH="220" HEIGHT="27" WC="0.90" CONTENT="bevillningsafgiften"/><SP WIDTH="15" VPOS="942" HPOS="699"/>
							<String ID="string_135" HPOS="714" VPOS="942" WIDTH="34" HEIGHT="21" WC="0.93" CONTENT="för"/><SP WIDTH="14" VPOS="942" HPOS="748"/>
							<String ID="string_136" HPOS="762" VPOS="942" WIDTH="73" HEIGHT="26" WC="0.92" CONTENT="hvarje"/><SP WIDTH="15" VPOS="942" HPOS="835"/>
							<String ID="string_137" HPOS="850" VPOS="942" WIDTH="72" HEIGHT="21" WC="0.92" CONTENT="bevill-"/>
						</TextLine>
						<TextLine ID="line_20" HPOS="166" VPOS="975" WIDTH="754" HEIGHT="28">
							<String ID="string_138" HPOS="166" VPOS="975" WIDTH="146" HEIGHT="27" WC="0.93" CONTENT="ningsskyldig"/><SP WIDTH="14" VPOS="975" HPOS="312"/>
							<String ID="string_139" HPOS="326" VPOS="975" WIDTH="115" HEIGHT="22" WC="0.96" CONTENT="fastställes"/><SP WIDTH="16" VPOS="975" HPOS="441"/>
							<String ID="string_140" HPOS="457" VPOS="977" WIDTH="23" HEIGHT="21" WC="0.93" CONTENT="af"/><SP WIDTH="9" VPOS="977" HPOS="480"/>
							<String ID="string_141" HPOS="489" VPOS="976" WIDTH="239" HEIGHT="27" WC="0.58" CONTENT="bevillningskomit&amp;er,"/><SP WIDTH="10" VPOS="976" HPOS="728"/>
							<String ID="string_142" HPOS="738" VPOS="976" WIDTH="90" HEIGHT="21" WC="0.92" CONTENT="utsedde"/><SP WIDTH="10" VPOS="976" HPOS="828"/>
							<String ID="string_143" HPOS="838" VPOS="975" WIDTH="22" HEIGHT="22" WC="0.97" CONTENT="af"/><SP WIDTH="7" VPOS="975" HPOS="860"/>
							<String ID="string_144" HPOS="867" VPOS="976" WIDTH="53" HEIGHT="26" WC="0.96" CONTENT="dem,"/>
						</TextLine>
						<TextLine ID="line_21" HPOS="166" VPOS="1009" WIDTH="756" HEIGHT="29">
							<String ID="string_145" HPOS="166" VPOS="1009" WIDTH="73" HEIGHT="22" WC="0.91" CONTENT="hvilka"/><SP WIDTH="18" VPOS="1009" HPOS="239"/>
							<String ID="string_146" HPOS="257" VPOS="1011" WIDTH="67" HEIGHT="26" WC="0.96" CONTENT="enligt"/><SP WIDTH="18" VPOS="1011" HPOS="324"/>
							<String ID="string_147" HPOS="342" VPOS="1011" WIDTH="70" HEIGHT="20" WC="0.93" CONTENT="denna"/><SP WIDTH="14" VPOS="1011" HPOS="412"/>
							<String ID="string_148" HPOS="426" VPOS="1011" WIDTH="76" HEIGHT="27" WC="0.91" CONTENT="stadga"/><SP WIDTH="16" VPOS="1011" HPOS="502"/>
							<String ID="string_149" HPOS="518" VPOS="1013" WIDTH="37" HEIGHT="20" WC="0.92" CONTENT="äro"/><SP WIDTH="15" VPOS="1013" HPOS="555"/>
							<String ID="string_150" HPOS="570" VPOS="1011" WIDTH="97" HEIGHT="27" WC="0.93" CONTENT="skyldige"/><SP WIDTH="17" VPOS="1011" HPOS="667"/>
							<String ID="string_151" HPOS="684" VPOS="1012" WIDTH="32" HEIGHT="19" WC="0.93" CONTENT="att"/><SP WIDTH="15" VPOS="1012" HPOS="716"/>
							<String ID="string_152" HPOS="731" VPOS="1009" WIDTH="67" HEIGHT="22" WC="0.92" CONTENT="sädan"/><SP WIDTH="16" VPOS="1009" HPOS="798"/>
							<String ID="string_153" HPOS="814" VPOS="1009" WIDTH="61" HEIGHT="28" WC="0.92" CONTENT="afgift"/><SP WIDTH="14" VPOS="1009" HPOS="875"/>
							<String ID="string_154" HPOS="889" VPOS="1016" WIDTH="33" HEIGHT="15" WC="0.93" CONTENT="er-"/>
						</TextLine>
						<TextLine ID="line_22" HPOS="166" VPOS="1044" WIDTH="756" HEIGHT="29">
							<String ID="string_155" HPOS="166" VPOS="1045" WIDTH="69" HEIGHT="26" WC="0.90" CONTENT="lägga."/><SP WIDTH="30" VPOS="1045" HPOS="235"/>
							<String ID="string_156" HPOS="265" VPOS="1045" WIDTH="11" HEIGHT="20" WC="0.90" CONTENT="I"/><SP WIDTH="22" VPOS="1045" HPOS="276"/>
							<String ID="string_157" HPOS="298" VPOS="1045" WIDTH="117" HEIGHT="21" WC="0.92" CONTENT="allmänhet"/><SP WIDTH="19" VPOS="1045" HPOS="415"/>
							<String ID="string_158" HPOS="434" VPOS="1048" WIDTH="64" HEIGHT="25" WC="0.93" CONTENT="utgör"/><SP WIDTH="14" VPOS="1048" HPOS="498"/>
							<String ID="string_159" HPOS="512" VPOS="1045" WIDTH="73" HEIGHT="28" WC="0.92" CONTENT="hvarje"/><SP WIDTH="15" VPOS="1045" HPOS="585"/>
							<String ID="string_160" HPOS="600" VPOS="1045" WIDTH="49" HEIGHT="22" WC="0.96" CONTENT="stad"/><SP WIDTH="16" VPOS="1045" HPOS="649"/>
							<String ID="string_161" HPOS="665" VPOS="1045" WIDTH="40" HEIGHT="21" WC="0.96" CONTENT="och"/><SP WIDTH="15" VPOS="1045" HPOS="705"/>
							<String ID="string_162" HPOS="720" VPOS="1044" WIDTH="29" HEIGHT="27" WC="0.96" CONTENT="pä"/><SP WIDTH="14" VPOS="1044" HPOS="749"/>
							<String ID="string_163" HPOS="763" VPOS="1044" WIDTH="73" HEIGHT="21" WC="0.93" CONTENT="landet"/><SP WIDTH="13" VPOS="1044" HPOS="836"/>
							<String ID="string_164" HPOS="849" VPOS="1045" WIDTH="73" HEIGHT="26" WC="0.92" CONTENT="hvarje"/>
						</TextLine>
						<TextLine ID="line_23" HPOS="167" VPOS="1078" WIDTH="754" HEIGHT="29">
							<String ID="string_165" HPOS="167" VPOS="1079" WIDTH="78" HEIGHT="21" WC="0.96" CONTENT="socken"/><SP WIDTH="15" VPOS="1079" HPOS="245"/>
							<String ID="string_166" HPOS="260" VPOS="1081" WIDTH="31" HEIGHT="19" WC="0.93" CONTENT="ett"/><SP WIDTH="15" VPOS="1081" HPOS="291"/>
							<String ID="string_167" HPOS="306" VPOS="1079" WIDTH="101" HEIGHT="22" WC="0.93" CONTENT="särskildt"/><SP WIDTH="14" VPOS="1079" HPOS="407"/>
							<String ID="string_168" HPOS="421" VPOS="1080" WIDTH="226" HEIGHT="27" WC="0.81" CONTENT="bevillningsdistrikt;"/><SP WIDTH="16" VPOS="1080" HPOS="647"/>
							<String ID="string_169" HPOS="663" VPOS="1085" WIDTH="55" HEIGHT="20" WC="0.96" CONTENT="men,"/><SP WIDTH="16" VPOS="1085" HPOS="718"/>
							<String ID="string_170" HPOS="734" VPOS="1079" WIDTH="38" HEIGHT="21" WC="0.93" CONTENT="der"/><SP WIDTH="12" VPOS="1079" HPOS="772"/>
							<String ID="string_171" HPOS="784" VPOS="1078" WIDTH="137" HEIGHT="22" WC="0.95" CONTENT="Guvernören"/>
						</TextLine>
						<TextLine ID="line_24" HPOS="166" VPOS="1113" WIDTH="755" HEIGHT="28">
							<String ID="string_172" HPOS="166" VPOS="1113" WIDTH="86" HEIGHT="26" WC="0.92" CONTENT="pröfvar"/><SP WIDTH="20" VPOS="1113" HPOS="252"/>
							<String ID="string_173" HPOS="272" VPOS="1113" WIDTH="77" HEIGHT="22" WC="0.92" CONTENT="sädant"/><SP WIDTH="17" VPOS="1113" HPOS="349"/>
							<String ID="string_174" HPOS="366" VPOS="1114" WIDTH="104" HEIGHT="27" WC="0.96" CONTENT="lämpligt,"/><SP WIDTH="16" VPOS="1114" HPOS="470"/>
							<String ID="string_175" HPOS="486" VPOS="1114" WIDTH="35" HEIGHT="22" WC="0.96" CONTENT="mä"/><SP WIDTH="15" VPOS="1114" HPOS="521"/>
							<String ID="string_176" HPOS="536" VPOS="1116" WIDTH="68" HEIGHT="19" WC="0.93" CONTENT="större"/><SP WIDTH="16" VPOS="1116" HPOS="604"/>
							<String ID="string_177" HPOS="620" VPOS="1114" WIDTH="74" HEIGHT="21" WC="0.93" CONTENT="städer"/><SP WIDTH="15" VPOS="1114" HPOS="694"/>
							<String ID="string_178" HPOS="709" VPOS="1113" WIDTH="52" HEIGHT="22" WC="0.93" CONTENT="eller"/><SP WIDTH="15" VPOS="1113" HPOS="761"/>
							<String ID="string_179" HPOS="776" VPOS="1113" WIDTH="89" HEIGHT="22" WC="0.93" CONTENT="socknar"/><SP WIDTH="14" VPOS="1113" HPOS="865"/>
							<String ID="string_180" HPOS="879" VPOS="1113" WIDTH="42" HEIGHT="21" WC="0.93" CONTENT="för-"/>
						</TextLine>
						<TextLine ID="line_25" HPOS="167" VPOS="1147" WIDTH="754" HEIGHT="28">
							<String ID="string_181" HPOS="167" VPOS="1148" WIDTH="57" HEIGHT="21" WC="0.90" CONTENT="delas"/><SP WIDTH="22" VPOS="1148" HPOS="224"/>
							<String ID="string_182" HPOS="246" VPOS="1148" WIDTH="8" HEIGHT="21" WC="0.96" CONTENT="i"/><SP WIDTH="23" VPOS="1148" HPOS="254"/>
							<String ID="string_183" HPOS="277" VPOS="1148" WIDTH="57" HEIGHT="27" WC="0.94" CONTENT="flera,"/><SP WIDTH="21" VPOS="1148" HPOS="334"/>
							<String ID="string_184" HPOS="355" VPOS="1149" WIDTH="40" HEIGHT="20" WC="0.93" CONTENT="och"/><SP WIDTH="20" VPOS="1149" HPOS="395"/>
							<String ID="string_185" HPOS="415" VPOS="1149" WIDTH="97" HEIGHT="21" WC="0.92" CONTENT="deremot"/><SP WIDTH="14" VPOS="1149" HPOS="512"/>
							<String ID="string_186" HPOS="526" VPOS="1149" WIDTH="58" HEIGHT="21" WC="0.91" CONTENT="invid"/><SP WIDTH="14" VPOS="1149" HPOS="584"/>
							<String ID="string_187" HPOS="598" VPOS="1148" WIDTH="124" HEIGHT="21" WC="0.91" CONTENT="hvarandra"/><SP WIDTH="14" VPOS="1148" HPOS="722"/>
							<String ID="string_188" HPOS="736" VPOS="1147" WIDTH="92" HEIGHT="27" WC="0.92" CONTENT="belägna"/><SP WIDTH="14" VPOS="1147" HPOS="828"/>
							<String ID="string_189" HPOS="842" VPOS="1149" WIDTH="79" HEIGHT="20" WC="0.91" CONTENT="smärre"/>
						</TextLine>
						<TextLine ID="line_26" HPOS="166" VPOS="1182" WIDTH="755" HEIGHT="28">
							<String ID="string_190" HPOS="166" VPOS="1183" WIDTH="125" HEIGHT="20" WC="0.93" CONTENT="kommuner"/><SP WIDTH="15" VPOS="1183" HPOS="291"/>
							<String ID="string_191" HPOS="306" VPOS="1183" WIDTH="139" HEIGHT="21" WC="0.90" CONTENT="sammansläs"/><SP WIDTH="15" VPOS="1183" HPOS="445"/>
							<String ID="string_192" HPOS="460" VPOS="1184" WIDTH="33" HEIGHT="21" WC="0.96" CONTENT="till"/><SP WIDTH="16" VPOS="1184" HPOS="493"/>
							<String ID="string_193" HPOS="509" VPOS="1185" WIDTH="31" HEIGHT="20" WC="0.96" CONTENT="ett"/><SP WIDTH="14" VPOS="1185" HPOS="540"/>
							<String ID="string_194" HPOS="554" VPOS="1184" WIDTH="133" HEIGHT="26" WC="0.93" CONTENT="gemensamt"/><SP WIDTH="14" VPOS="1184" HPOS="687"/>
							<String ID="string_195" HPOS="701" VPOS="1182" WIDTH="220" HEIGHT="27" WC="0.92" CONTENT="bevillningsdistrikt."/>
						</TextLine>
						<TextLine ID="line_27" HPOS="166" VPOS="1216" WIDTH="755" HEIGHT="28">
							<String ID="string_196" HPOS="166" VPOS="1217" WIDTH="79" HEIGHT="27" WC="0.88" CONTENT="Hvarje"/><SP WIDTH="23" VPOS="1217" HPOS="245"/>
							<String ID="string_197" HPOS="268" VPOS="1217" WIDTH="86" HEIGHT="22" WC="0.96" CONTENT="distrikt"/><SP WIDTH="22" VPOS="1217" HPOS="354"/>
							<String ID="string_198" HPOS="376" VPOS="1218" WIDTH="39" HEIGHT="21" WC="0.96" CONTENT="har"/><SP WIDTH="20" VPOS="1218" HPOS="415"/>
							<String ID="string_199" HPOS="435" VPOS="1218" WIDTH="33" HEIGHT="21" WC="0.96" CONTENT="sin"/><SP WIDTH="15" VPOS="1218" HPOS="468"/>
							<String ID="string_200" HPOS="483" VPOS="1224" WIDTH="53" HEIGHT="20" WC="0.93" CONTENT="egen"/><SP WIDTH="15" VPOS="1224" HPOS="536"/>
							<String ID="string_201" HPOS="551" VPOS="1217" WIDTH="215" HEIGHT="26" WC="0.84" CONTENT="bevillningskomit6,"/><SP WIDTH="17" VPOS="1217" HPOS="766"/>
							<String ID="string_202" HPOS="783" VPOS="1216" WIDTH="85" HEIGHT="21" WC="0.96" CONTENT="hvilken"/><SP WIDTH="14" VPOS="1216" HPOS="868"/>
							<String ID="string_203" HPOS="882" VPOS="1217" WIDTH="39" HEIGHT="20" WC="0.95" CONTENT="bör"/>
						</TextLine>
						<TextLine ID="line_28" HPOS="166" VPOS="1251" WIDTH="755" HEIGHT="26">
							<String ID="string_204" HPOS="166" VPOS="1251" WIDTH="58" HEIGHT="21" WC="0.96" CONTENT="hålla"/><SP WIDTH="22" VPOS="1251" HPOS="224"/>
							<String ID="string_205" HPOS="246" VPOS="1252" WIDTH="46" HEIGHT="21" WC="0.93" CONTENT="sina"/><SP WIDTH="19" VPOS="1252" HPOS="292"/>
							<String ID="string_206" HPOS="311" VPOS="1252" WIDTH="172" HEIGHT="21" WC="0.95" CONTENT="sammanträden"/><SP WIDTH="18" VPOS="1252" HPOS="483"/>
							<String ID="string_207" HPOS="501" VPOS="1253" WIDTH="59" HEIGHT="20" WC="0.96" CONTENT="inom"/><SP WIDTH="15" VPOS="1253" HPOS="560"/>
							<String ID="string_208" HPOS="575" VPOS="1252" WIDTH="76" HEIGHT="21" WC="0.96" CONTENT="staden"/><SP WIDTH="16" VPOS="1252" HPOS="651"/>
							<String ID="string_209" HPOS="667" VPOS="1251" WIDTH="52" HEIGHT="21" WC="0.93" CONTENT="eller"/><SP WIDTH="15" VPOS="1251" HPOS="719"/>
							<String ID="string_210" HPOS="734" VPOS="1251" WIDTH="118" HEIGHT="26" WC="0.96" CONTENT="distriktet;"/><SP WIDTH="16" VPOS="1251" HPOS="852"/>
							<String ID="string_211" HPOS="868" VPOS="1251" WIDTH="53" HEIGHT="20" WC="0.96" CONTENT="dock"/>
						</TextLine>
						<TextLine ID="line_29" HPOS="166" VPOS="1285" WIDTH="756" HEIGHT="28">
							<String ID="string_212" HPOS="166" VPOS="1285" WIDTH="35" HEIGHT="22" WC="0.96" CONTENT="mä"/><SP WIDTH="14" VPOS="1285" HPOS="201"/>
							<String ID="string_213" HPOS="215" VPOS="1286" WIDTH="34" HEIGHT="21" WC="0.96" CONTENT="för"/><SP WIDTH="11" VPOS="1286" HPOS="249"/>
							<String ID="string_214" HPOS="260" VPOS="1287" WIDTH="76" HEIGHT="21" WC="0.93" CONTENT="landet"/><SP WIDTH="14" VPOS="1287" HPOS="336"/>
							<String ID="string_215" HPOS="350" VPOS="1286" WIDTH="78" HEIGHT="21" WC="0.91" CONTENT="utsedd"/><SP WIDTH="14" VPOS="1286" HPOS="428"/>
							<String ID="string_216" HPOS="442" VPOS="1286" WIDTH="208" HEIGHT="27" WC="0.89" CONTENT="bevillningskomit6"/><SP WIDTH="17" VPOS="1286" HPOS="650"/>
							<String ID="string_217" HPOS="667" VPOS="1285" WIDTH="62" HEIGHT="22" WC="0.92" CONTENT="äfven"/><SP WIDTH="15" VPOS="1285" HPOS="729"/>
							<String ID="string_218" HPOS="744" VPOS="1285" WIDTH="156" HEIGHT="21" WC="0.92" CONTENT="sammanträda"/><SP WIDTH="14" VPOS="1285" HPOS="900"/>
							<String ID="string_219" HPOS="914" VPOS="1285" WIDTH="8" HEIGHT="20" WC="0.96" CONTENT="i"/>
						</TextLine>
						<TextLine ID="line_30" HPOS="166" VPOS="1321" WIDTH="298" HEIGHT="26">
							<String ID="string_220" HPOS="166" VPOS="1322" WIDTH="53" HEIGHT="19" WC="0.84" CONTENT="nära"/><SP WIDTH="14" VPOS="1322" HPOS="219"/>
							<String ID="string_221" HPOS="233" VPOS="1321" WIDTH="57" HEIGHT="21" WC="0.95" CONTENT="intill"/><SP WIDTH="14" VPOS="1321" HPOS="290"/>
							<String ID="string_222" HPOS="304" VPOS="1321" WIDTH="90" HEIGHT="26" WC="0.96" CONTENT="belägen"/><SP WIDTH="14" VPOS="1321" HPOS="394"/>
							<String ID="string_223" HPOS="408" VPOS="1321" WIDTH="56" HEIGHT="21" WC="0.96" CONTENT="stad."/>
						</TextLine>
					</TextBlock>
				</ComposedBlock>
				<ComposedBlock ID="cblock_5" HPOS="166" VPOS="1379" WIDTH="756" HEIGHT="143">
					<TextBlock ID="block_6" HPOS="166" VPOS="1379" WIDTH="756" HEIGHT="143">
						<TextLine ID="line_31" HPOS="520" VPOS="1379" WIDTH="46" HEIGHT="27">
							<String ID="string_224" HPOS="520" VPOS="1379" WIDTH="12" HEIGHT="27" WC="0.91" CONTENT="$"/><SP WIDTH="15" VPOS="1379" HPOS="532"/>
							<String ID="string_225" HPOS="547" VPOS="1379" WIDTH="19" HEIGHT="22" WC="0.92" CONTENT="8."/>
						</TextLine>
						<TextLine ID="line_32" HPOS="232" VPOS="1425" WIDTH="690" HEIGHT="27">
							<String ID="string_226" HPOS="232" VPOS="1425" WIDTH="62" HEIGHT="22" WC="0.93" CONTENT="Efter"/><SP WIDTH="20" VPOS="1425" HPOS="294"/>
							<String ID="string_227" HPOS="314" VPOS="1425" WIDTH="71" HEIGHT="22" WC="0.77" CONTENT="dertill"/><SP WIDTH="15" VPOS="1425" HPOS="385"/>
							<String ID="string_228" HPOS="400" VPOS="1425" WIDTH="22" HEIGHT="22" WC="0.96" CONTENT="af"/><SP WIDTH="15" VPOS="1425" HPOS="422"/>
							<String ID="string_229" HPOS="437" VPOS="1429" WIDTH="111" HEIGHT="18" WC="0.93" CONTENT="städernas"/><SP WIDTH="15" VPOS="1429" HPOS="548"/>
							<String ID="string_230" HPOS="563" VPOS="1427" WIDTH="141" HEIGHT="25" WC="0.92" CONTENT="Magistrater"/><SP WIDTH="14" VPOS="1427" HPOS="704"/>
							<String ID="string_231" HPOS="718" VPOS="1426" WIDTH="40" HEIGHT="19" WC="0.93" CONTENT="och"/><SP WIDTH="15" VPOS="1426" HPOS="758"/>
							<String ID="string_232" HPOS="773" VPOS="1425" WIDTH="149" HEIGHT="25" WC="0.91" CONTENT="Urdningsrät-"/>
						</TextLine>
						<TextLine ID="line_33" HPOS="166" VPOS="1458" WIDTH="756" HEIGHT="29">
							<String ID="string_233" HPOS="166" VPOS="1461" WIDTH="32" HEIGHT="19" WC="0.96" CONTENT="ter"/><SP WIDTH="15" VPOS="1461" HPOS="198"/>
							<String ID="string_234" HPOS="213" VPOS="1461" WIDTH="56" HEIGHT="19" WC="0.93" CONTENT="samt"/><SP WIDTH="15" VPOS="1461" HPOS="269"/>
							<String ID="string_235" HPOS="284" VPOS="1460" WIDTH="177" HEIGHT="27" WC="0.90" CONTENT="Kronofogdarne"/><SP WIDTH="16" VPOS="1460" HPOS="461"/>
							<String ID="string_236" HPOS="477" VPOS="1461" WIDTH="39" HEIGHT="20" WC="0.93" CONTENT="och"/><SP WIDTH="10" VPOS="1461" HPOS="516"/>
							<String ID="string_237" HPOS="526" VPOS="1459" WIDTH="220" HEIGHT="22" WC="0.92" CONTENT="Häradsskrifvarene"/><SP WIDTH="7" VPOS="1459" HPOS="746"/>
							<String ID="string_238" HPOS="753" VPOS="1458" WIDTH="119" HEIGHT="27" WC="0.93" CONTENT="uppgjorda"/><SP WIDTH="8" VPOS="1458" HPOS="872"/>
							<String ID="string_239" HPOS="880" VPOS="1458" WIDTH="42" HEIGHT="21" WC="0.93" CONTENT="för-"/>
						</TextLine>
						<TextLine ID="line_34" HPOS="234" VPOS="1499" WIDTH="424" HEIGHT="23">
							<String ID="string_240" HPOS="234" VPOS="1500" WIDTH="217" HEIGHT="22" WC="0.90" CONTENT="Bevillningsutskottets"/><SP WIDTH="13" VPOS="1500" HPOS="451"/>
							<String ID="string_241" HPOS="464" VPOS="1499" WIDTH="116" HEIGHT="18" WC="0.96" CONTENT="betänkande"/><SP WIDTH="12" VPOS="1499" HPOS="580"/>
							<String ID="string_242" HPOS="592" VPOS="1500" WIDTH="36" HEIGHT="16" WC="0.96" CONTENT="N:o"/><SP WIDTH="12" VPOS="1500" HPOS="628"/>
							<String ID="string_243" HPOS="640" VPOS="1500" WIDTH="18" HEIGHT="16" WC="0.96" CONTENT="5."/>
						</TextLine>
					</TextBlock>
				</ComposedBlock>
			</PrintSpace>
		</Page>
	</Layout>
</alto>
