1009 1739
425 137 35 22 N:o
471 137 36 22 25.
796 137 11 20 7

80 205 35 21 vid
131 205 26 21 de
173 205 107 26 åtgärder,
296 211 46 16 som
358 206 7 20 i
381 205 100 22 afseende
497 207 13 20 å
526 206 122 21 kontrollen
664 206 76 21 kunna
754 212 52 15 vara
818 205 23 22 af

80 239 100 22 behofvet
195 239 123 26 påkallade.

430 269 11 26 $
460 269 32 20 12.

148 307 132 27 Kontrollör,
296 314 46 15 som
358 315 55 20 eger,
430 310 39 19 när
484 309 44 20 han
544 310 25 20 så
584 309 86 27 önskar,
688 308 94 27 granska
798 308 40 21 den

80 342 7 20 i
106 342 12 27 $
133 343 13 20 8
164 341 131 22 föreskrifna
308 343 87 26 journal
411 343 110 21 äfvensom
538 343 83 21 erhålla
637 343 95 21 tillträde
747 343 33 21 till
796 343 44 20 alla

81 376 60 21 delar
157 376 23 21 af
193 376 98 27 bryggeri
308 377 39 21 och
364 377 71 21 dertill
454 377 96 21 hörande
566 378 91 25 lokaler,
675 377 61 26 skall,
754 377 28 21 då
796 377 44 21 han

81 411 74 21 dervid
176 411 51 21 eller
247 411 61 26 eljest
323 411 120 26 upptäcker
459 411 155 21 öfverträdelse
631 411 23 21 af
672 412 69 20 denna
757 411 83 21 förord-

80 445 61 27 nings
164 445 140 25 föreskrifter,
329 445 77 22 sådant
429 446 33 20 till
481 446 51 26 laga
548 445 44 21 åtal
608 446 88 21 anmäla
713 446 39 20 hos
767 445 73 21 veder-

81 479 95 21 börande
198 478 63 22 fiskal
276 480 52 20 eller
344 480 186 27 kronobetjening,
546 486 47 15 som
608 480 36 21 det
662 480 82 26 åligger
761 480 32 20 att
810 479 30 21 äf-

80 520 41 14 ven
136 513 33 21 för
185 513 64 27 öfrigt
264 514 56 20 vaka
340 513 59 22 öfver
414 514 167 27 förordningens
596 514 130 22 efterlefnad
742 514 40 21 och
797 514 43 21 för-

80 548 94 26 brytelse
190 548 96 20 deremot
301 548 108 27 sjelfmant
425 548 59 21 åtala
500 550 56 20 samt
572 550 32 20 att
618 549 104 21 särskildt
733 548 62 26 tillse,
808 550 32 19 att

80 582 136 26 tillverkning
240 582 46 21 icke
310 588 49 21 eger
382 589 47 15 rum
452 583 66 21 innan
539 583 121 21 kontrollör
675 582 164 26 tillförordnats,

81 616 51 22 eller
155 616 53 21 efter
232 616 35 22 det
287 623 34 15 om
336 617 106 21 rörelsens
457 618 142 26 upphörande
615 617 23 21 så
654 617 101 26 anmälts,
772 623 45 15 som
833 617 7 21 i

80 651 11 27 8
107 652 12 20 5
135 651 143 21 föreskrifves.

428 680 11 27 8
457 682 33 20 13.

149 715 157 25 Öfverträdelse
322 720 24 20 af
358 720 70 21 denna
444 720 138 27 förordnings
598 720 135 22 föreskrifter
748 720 87 21 straffas

80 754 48 21 med
150 754 62 20 böter
234 754 48 20 frän
306 754 40 20 och
368 755 49 21 med
439 754 73 22 femtio
536 754 33 22 till
589 755 40 21 och
644 755 49 21 med
708 755 129 21 femhundra

80 788 69 22 mark.

428 818 12 26 S
458 819 32 20 14.

148 858 66 25 Hvar,
231 864 45 15 som
298 858 7 21 i
328 858 76 26 sviklig
427 858 71 27 afsigt,
524 860 33 19 att
576 858 123 27 derigenom
716 858 72 26 undgä
803 858 36 21 be-

78 892 117 27 skattning,
212 892 132 22 öfverträder
359 892 165 22 föreskrifterna
542 893 7 20 i
565 892 71 22 denna
652 892 126 27 förordning
789 892 51 21 eller

78 926 7 21 i
102 927 114 21 enahanda
232 926 63 28 afsigt
310 927 124 21 underläter
450 928 32 20 att
497 926 101 28 fullgöra,
613 926 57 22 hvad
686 927 86 24 honom,
785 926 53 27 jem-

78 961 40 21 likt
133 961 131 26 densamma,
282 961 81 26 äligger
378 961 52 21 eller
446 961 62 26 eljest
519 961 93 26 lagligen
624 961 90 26 äläggas
725 961 50 25 kan,
787 961 52 20 böte

79 995 65 21 minst
163 995 37 21 tvä
218 995 80 27 gänger
314 995 36 21 det
365 995 166 21 undansnillade
548 995 178 27 skattebeloppet,
744 1001 34 14 om
794 995 46 20 det-

78 1035 84 15 samma
184 1029 44 21 kan
250 1031 96 24 utrönas,
370 1030 56 20 dock
449 1030 17 26 ej
492 1029 59 21 öfver
566 1029 99 22 tvätusen
680 1029 72 26 mark,
768 1029 71 21 men
823 1025 19 35 i

79 1070 72 15 annan
166 1063 102 22 händelse
284 1063 48 22 frän
348 1064 39 21 och
403 1064 49 21 med
468 1063 192 22 etthundrafemtio
676 1064 65 21 mark
756 1063 32 21 till
799 1063 40 21 och

78 1098 48 21 med
150 1098 140 21 omförmälda
313 1098 79 27 högsta
414 1098 87 27 belopp;
526 1100 80 19 ersätte
630 1098 40 21 ock
694 1099 84 20 kronan
783 1094 13 38 i
815 1099 23 26 ty

78 1132 37 22 fall
130 1133 41 20 den
187 1133 67 26 skatt,
269 1132 43 21 han
328 1132 94 21 sälunda
438 1133 51 20 sökt
505 1132 80 27 undgä.

426 1196 12 27 8
456 1197 32 20 15.

146 1235 47 21 Har
215 1235 122 22 tillverkare
360 1242 46 15 mer
426 1237 28 19 än
469 1242 26 15 en
511 1237 57 26 gång
583 1235 70 22 blifvit
668 1236 120 21 förvunnen
804 1241 34 15 om

79 1269 151 22 öfverträdelse
254 1269 24 21 af
298 1269 164 28 förordningens
485 1269 141 27 föreskrifter,
650 1277 52 20 eger
727 1269 112 22 Guvernör

79 1304 108 21 dessutom
210 1305 28 25 pä
262 1304 40 21 den
325 1304 109 27 skyldiges
456 1305 123 20 bekostnad
602 1305 87 26 vidtaga
707 1305 44 20 alla
766 1304 26 21 de
807 1305 31 20 ät-

78 1339 83 26 gärder,
178 1344 45 15 som
239 1338 33 21 för
288 1345 26 14 en
330 1339 56 20 ökad
401 1339 95 20 kontroll
512 1339 75 20 kunna
602 1345 53 15 vara
671 1339 23 20 af
709 1339 77 20 nöden.

425 1402 12 27 8
455 1403 32 20 16.

146 1441 71 26 Böter,
242 1447 45 16 som
310 1441 66 28 enligt
400 1442 70 21 denna
485 1441 127 28 förordning
628 1441 96 26 ädömas,
742 1441 96 21 fördelas
