<?xml version="1.0" encoding="UTF-8"?>
<alto xmlns="http://www.loc.gov/standards/alto/ns-v3#" xmlns:xlink="http://www.w3.org/1999/xlink" xmlns:xsi="http://www.w3.org/2001/XMLSchema-instance" xsi:schemaLocation="http://www.loc.gov/standards/alto/ns-v3# http://www.loc.gov/alto/v3/alto-3-0.xsd">
	<Description>
		<MeasurementUnit>pixel</MeasurementUnit>
		<sourceImageInformation>
			<fileName>/tmp/tess_whlvpm9k_input.PNG</fileName>
		</sourceImageInformation>
		<OCRProcessing ID="OCR_0">
			<ocrProcessingStep>
				<processingSoftware>
					<softwareName>tesseract 5.3.4</softwareName>
				</processingSoftware>
			</ocrProcessingStep>
		</OCRProcessing>
	</Description>
	<Layout>
		<Page WIDTH="1009" HEIGHT="1739" PHYSICAL_IMG_NR="0" ID="page_0">
			<PrintSpace HPOS="0" VPOS="0" WIDTH="1009" HEIGHT="1739">
				<ComposedBlock ID="cblock_0" HPOS="196" VPOS="145" WIDTH="390" HEIGHT="22">
					<TextBlock ID="block_0" HPOS="196" VPOS="145" WIDTH="390" HEIGHT="22">
						<TextLine ID="line_0" HPOS="196" VPOS="145" WIDTH="390" HEIGHT="22">
							<String ID="string_0" HPOS="196" VPOS="145" WIDTH="25" HEIGHT="20" WC="0.96" CONTENT="16"/><SP WIDTH="284" VPOS="145" HPOS="221"/>
							<String ID="string_1" HPOS="505" VPOS="146" WIDTH="35" HEIGHT="21" WC="0.94" CONTENT="N:o"/><SP WIDTH="16" VPOS="146" HPOS="540"/>
							<String ID="string_2" HPOS="556" VPOS="146" WIDTH="30" HEIGHT="21" WC="0.96" CONTENT="31."/>
						</TextLine>
					</TextBlock>
				</ComposedBlock>
				<ComposedBlock ID="cblock_1" HPOS="164" VPOS="213" WIDTH="763" HEIGHT="132">
					<TextBlock ID="block_1" HPOS="164" VPOS="213" WIDTH="763" HEIGHT="132">
						<TextLine ID="line_1" HPOS="166" VPOS="213" WIDTH="760" HEIGHT="28">
							<String ID="string_3" HPOS="166" VPOS="213" WIDTH="18" HEIGHT="27" WC="0.95" CONTENT="ej"/><SP WIDTH="18" VPOS="213" HPOS="184"/>
							<String ID="string_4" HPOS="202" VPOS="213" WIDTH="42" HEIGHT="21" WC="0.96" CONTENT="kan"/><SP WIDTH="17" VPOS="213" HPOS="244"/>
							<String ID="string_5" HPOS="261" VPOS="213" WIDTH="83" HEIGHT="22" WC="0.96" CONTENT="erhålla"/><SP WIDTH="10" VPOS="213" HPOS="344"/>
							<String ID="string_6" HPOS="354" VPOS="214" WIDTH="121" HEIGHT="21" WC="0.96" CONTENT="kännedom"/><SP WIDTH="12" VPOS="214" HPOS="475"/>
							<String ID="string_7" HPOS="487" VPOS="215" WIDTH="136" HEIGHT="20" WC="0.96" CONTENT="annorlunda"/><SP WIDTH="11" VPOS="215" HPOS="623"/>
							<String ID="string_8" HPOS="634" VPOS="217" WIDTH="26" HEIGHT="18" WC="0.96" CONTENT="än"/><SP WIDTH="9" VPOS="217" HPOS="660"/>
							<String ID="string_9" HPOS="669" VPOS="214" WIDTH="35" HEIGHT="21" WC="0.93" CONTENT="vid"/><SP WIDTH="12" VPOS="214" HPOS="704"/>
							<String ID="string_10" HPOS="716" VPOS="213" WIDTH="210" HEIGHT="28" WC="0.91" CONTENT="generalmönstring"/>
						</TextLine>
						<TextLine ID="line_2" HPOS="166" VPOS="247" WIDTH="761" HEIGHT="30">
							<String ID="string_11" HPOS="166" VPOS="247" WIDTH="53" HEIGHT="22" WC="0.96" CONTENT="eller"/><SP WIDTH="16" VPOS="247" HPOS="219"/>
							<String ID="string_12" HPOS="235" VPOS="249" WIDTH="134" HEIGHT="26" WC="0.96" CONTENT="granskning"/><SP WIDTH="16" VPOS="249" HPOS="369"/>
							<String ID="string_13" HPOS="385" VPOS="249" WIDTH="23" HEIGHT="20" WC="0.96" CONTENT="af"/><SP WIDTH="13" VPOS="249" HPOS="408"/>
							<String ID="string_14" HPOS="421" VPOS="249" WIDTH="137" HEIGHT="28" WC="0.96" CONTENT="handlingar,"/><SP WIDTH="12" VPOS="249" HPOS="558"/>
							<String ID="string_15" HPOS="570" VPOS="249" WIDTH="56" HEIGHT="21" WC="0.96" CONTENT="skall"/><SP WIDTH="11" VPOS="249" HPOS="626"/>
							<String ID="string_16" HPOS="637" VPOS="249" WIDTH="59" HEIGHT="21" WC="0.96" CONTENT="tiden"/><SP WIDTH="16" VPOS="249" HPOS="696"/>
							<String ID="string_17" HPOS="712" VPOS="249" WIDTH="33" HEIGHT="21" WC="0.93" CONTENT="för"/><SP WIDTH="11" VPOS="249" HPOS="745"/>
							<String ID="string_18" HPOS="756" VPOS="249" WIDTH="136" HEIGHT="21" WC="0.91" CONTENT="anställande"/><SP WIDTH="12" VPOS="249" HPOS="892"/>
							<String ID="string_19" HPOS="904" VPOS="248" WIDTH="23" HEIGHT="21" WC="0.96" CONTENT="af"/>
						</TextLine>
						<TextLine ID="line_3" HPOS="166" VPOS="282" WIDTH="757" HEIGHT="29">
							<String ID="string_20" HPOS="166" VPOS="282" WIDTH="43" HEIGHT="21" WC="0.95" CONTENT="åtal"/><SP WIDTH="17" VPOS="282" HPOS="209"/>
							<String ID="string_21" HPOS="226" VPOS="283" WIDTH="81" HEIGHT="21" WC="0.96" CONTENT="räknas"/><SP WIDTH="16" VPOS="283" HPOS="307"/>
							<String ID="string_22" HPOS="323" VPOS="283" WIDTH="48" HEIGHT="21" WC="0.96" CONTENT="från"/><SP WIDTH="17" VPOS="283" HPOS="371"/>
							<String ID="string_23" HPOS="388" VPOS="283" WIDTH="40" HEIGHT="22" WC="0.96" CONTENT="den"/><SP WIDTH="13" VPOS="283" HPOS="428"/>
							<String ID="string_24" HPOS="441" VPOS="284" WIDTH="47" HEIGHT="27" WC="0.96" CONTENT="dag,"/><SP WIDTH="13" VPOS="284" HPOS="488"/>
							<String ID="string_25" HPOS="501" VPOS="284" WIDTH="27" HEIGHT="21" WC="0.96" CONTENT="då"/><SP WIDTH="12" VPOS="284" HPOS="528"/>
							<String ID="string_26" HPOS="540" VPOS="284" WIDTH="121" HEIGHT="27" WC="0.96" CONTENT="mönstring"/><SP WIDTH="12" VPOS="284" HPOS="661"/>
							<String ID="string_27" HPOS="673" VPOS="284" WIDTH="54" HEIGHT="21" WC="0.96" CONTENT="eller"/><SP WIDTH="11" VPOS="284" HPOS="727"/>
							<String ID="string_28" HPOS="738" VPOS="284" WIDTH="140" HEIGHT="27" WC="0.96" CONTENT="granskning,"/><SP WIDTH="12" VPOS="284" HPOS="878"/>
							<String ID="string_29" HPOS="890" VPOS="283" WIDTH="33" HEIGHT="22" WC="0.96" CONTENT="vid"/>
						</TextLine>
						<TextLine ID="line_4" HPOS="164" VPOS="316" WIDTH="714" HEIGHT="29">
							<String ID="string_30" HPOS="164" VPOS="316" WIDTH="88" HEIGHT="22" WC="0.93" CONTENT="hvilken"/><SP WIDTH="17" VPOS="316" HPOS="252"/>
							<String ID="string_31" HPOS="269" VPOS="317" WIDTH="144" HEIGHT="28" WC="0.91" CONTENT="förbrytelsen"/><SP WIDTH="15" VPOS="317" HPOS="413"/>
							<String ID="string_32" HPOS="428" VPOS="318" WIDTH="84" HEIGHT="21" WC="0.92" CONTENT="kunnat"/><SP WIDTH="16" VPOS="318" HPOS="512"/>
							<String ID="string_33" HPOS="528" VPOS="318" WIDTH="144" HEIGHT="27" WC="0.92" CONTENT="uppenbaras,"/><SP WIDTH="17" VPOS="318" HPOS="672"/>
							<String ID="string_34" HPOS="689" VPOS="318" WIDTH="72" HEIGHT="21" WC="0.93" CONTENT="blifvit"/><SP WIDTH="15" VPOS="318" HPOS="761"/>
							<String ID="string_35" HPOS="776" VPOS="318" WIDTH="102" HEIGHT="21" WC="0.91" CONTENT="afslutad."/>
						</TextLine>
					</TextBlock>
				</ComposedBlock>
				<ComposedBlock ID="cblock_2" HPOS="484" VPOS="392" WIDTH="121" HEIGHT="29">
					<TextBlock ID="block_2" HPOS="484" VPOS="392" WIDTH="121" HEIGHT="29">
						<TextLine ID="line_5" HPOS="484" VPOS="392" WIDTH="121" HEIGHT="29">
							<String ID="string_36" HPOS="484" VPOS="392" WIDTH="23" HEIGHT="23" WC="0.95" CONTENT="6"/><SP WIDTH="15" VPOS="392" HPOS="507"/>
							<String ID="string_37" HPOS="522" VPOS="393" WIDTH="83" HEIGHT="28" WC="0.94" CONTENT="Kap."/>
						</TextLine>
					</TextBlock>
				</ComposedBlock>
				<ComposedBlock ID="cblock_3" HPOS="164" VPOS="437" WIDTH="759" HEIGHT="217">
					<TextBlock ID="block_3" HPOS="164" VPOS="437" WIDTH="759" HEIGHT="217">
						<TextLine ID="line_6" HPOS="250" VPOS="437" WIDTH="594" HEIGHT="28">
							<String ID="string_38" HPOS="250" VPOS="437" WIDTH="34" HEIGHT="21" WC="0.95" CONTENT="Om"/><SP WIDTH="16" VPOS="437" HPOS="284"/>
							<String ID="string_39" HPOS="300" VPOS="438" WIDTH="108" HEIGHT="27" WC="0.93" CONTENT="förräderi,"/><SP WIDTH="16" VPOS="438" HPOS="408"/>
							<String ID="string_40" HPOS="424" VPOS="438" WIDTH="156" HEIGHT="22" WC="0.92" CONTENT="blottställande"/><SP WIDTH="16" VPOS="438" HPOS="580"/>
							<String ID="string_41" HPOS="596" VPOS="439" WIDTH="21" HEIGHT="21" WC="0.95" CONTENT="af"/><SP WIDTH="16" VPOS="439" HPOS="617"/>
							<String ID="string_42" HPOS="633" VPOS="438" WIDTH="137" HEIGHT="27" WC="0.96" CONTENT="krigsmakten"/><SP WIDTH="16" VPOS="438" HPOS="770"/>
							<String ID="string_43" HPOS="786" VPOS="438" WIDTH="5" HEIGHT="21" WC="0.95" CONTENT="i"/><SP WIDTH="17" VPOS="438" HPOS="791"/>
							<String ID="string_44" HPOS="808" VPOS="438" WIDTH="36" HEIGHT="21" WC="0.96" CONTENT="fält"/>
						</TextLine>
						<TextLine ID="line_7" HPOS="477" VPOS="473" WIDTH="131" HEIGHT="27">
							<String ID="string_45" HPOS="477" VPOS="473" WIDTH="38" HEIGHT="21" WC="0.96" CONTENT="och"/><SP WIDTH="17" VPOS="473" HPOS="515"/>
							<String ID="string_46" HPOS="532" VPOS="473" WIDTH="76" HEIGHT="27" WC="0.96" CONTENT="feghet."/>
						</TextLine>
						<TextLine ID="line_8" HPOS="514" VPOS="520" WIDTH="61" HEIGHT="26">
							<String ID="string_47" HPOS="514" VPOS="520" WIDTH="10" HEIGHT="26" WC="0.87" CONTENT="8"/><SP WIDTH="17" VPOS="520" HPOS="524"/>
							<String ID="string_48" HPOS="541" VPOS="520" WIDTH="34" HEIGHT="20" WC="0.95" CONTENT="44."/>
						</TextLine>
						<TextLine ID="line_9" HPOS="238" VPOS="558" WIDTH="685" HEIGHT="28">
							<String ID="string_49" HPOS="238" VPOS="558" WIDTH="44" HEIGHT="21" WC="0.92" CONTENT="Gör"/><SP WIDTH="16" VPOS="558" HPOS="282"/>
							<String ID="string_50" HPOS="298" VPOS="558" WIDTH="110" HEIGHT="27" WC="0.92" CONTENT="krigsman"/><SP WIDTH="17" VPOS="558" HPOS="408"/>
							<String ID="string_51" HPOS="425" VPOS="560" WIDTH="69" HEIGHT="20" WC="0.96" CONTENT="under"/><SP WIDTH="16" VPOS="560" HPOS="494"/>
							<String ID="string_52" HPOS="510" VPOS="560" WIDTH="94" HEIGHT="26" WC="0.96" CONTENT="krigstid"/><SP WIDTH="16" VPOS="560" HPOS="604"/>
							<String ID="string_53" HPOS="620" VPOS="560" WIDTH="33" HEIGHT="26" WC="0.96" CONTENT="sig"/><SP WIDTH="16" VPOS="560" HPOS="653"/>
							<String ID="string_54" HPOS="669" VPOS="559" WIDTH="86" HEIGHT="27" WC="0.96" CONTENT="skyldig"/><SP WIDTH="11" VPOS="559" HPOS="755"/>
							<String ID="string_55" HPOS="766" VPOS="559" WIDTH="34" HEIGHT="21" WC="0.96" CONTENT="till"/><SP WIDTH="10" VPOS="559" HPOS="800"/>
							<String ID="string_56" HPOS="810" VPOS="558" WIDTH="113" HEIGHT="28" WC="0.96" CONTENT="förräderi,"/>
						</TextLine>
						<TextLine ID="line_10" HPOS="164" VPOS="592" WIDTH="759" HEIGHT="29">
							<String ID="string_57" HPOS="164" VPOS="592" WIDTH="66" HEIGHT="21" WC="0.96" CONTENT="varde"/><SP WIDTH="16" VPOS="592" HPOS="230"/>
							<String ID="string_58" HPOS="246" VPOS="592" WIDTH="56" HEIGHT="22" WC="0.96" CONTENT="efter"/><SP WIDTH="16" VPOS="592" HPOS="302"/>
							<String ID="string_59" HPOS="318" VPOS="593" WIDTH="80" HEIGHT="21" WC="0.96" CONTENT="allmän"/><SP WIDTH="15" VPOS="593" HPOS="398"/>
							<String ID="string_60" HPOS="413" VPOS="594" WIDTH="36" HEIGHT="26" WC="0.96" CONTENT="lag"/><SP WIDTH="16" VPOS="594" HPOS="449"/>
							<String ID="string_61" HPOS="465" VPOS="594" WIDTH="89" HEIGHT="27" WC="0.95" CONTENT="ansedd,"/><SP WIDTH="18" VPOS="594" HPOS="554"/>
							<String ID="string_62" HPOS="572" VPOS="594" WIDTH="90" HEIGHT="21" WC="0.96" CONTENT="såframt"/><SP WIDTH="8" VPOS="594" HPOS="662"/>
							<String ID="string_63" HPOS="670" VPOS="593" WIDTH="106" HEIGHT="21" WC="0.96" CONTENT="särskildt"/><SP WIDTH="11" VPOS="593" HPOS="776"/>
							<String ID="string_64" HPOS="787" VPOS="600" WIDTH="78" HEIGHT="14" WC="0.93" CONTENT="ansvar"/><SP WIDTH="11" VPOS="600" HPOS="865"/>
							<String ID="string_65" HPOS="876" VPOS="593" WIDTH="47" HEIGHT="21" WC="0.91" CONTENT="der-"/>
						</TextLine>
						<TextLine ID="line_11" HPOS="164" VPOS="626" WIDTH="388" HEIGHT="28">
							<String ID="string_66" HPOS="164" VPOS="626" WIDTH="33" HEIGHT="22" WC="0.96" CONTENT="för"/><SP WIDTH="15" VPOS="626" HPOS="197"/>
							<String ID="string_67" HPOS="212" VPOS="627" WIDTH="41" HEIGHT="21" WC="0.96" CONTENT="här"/><SP WIDTH="16" VPOS="627" HPOS="253"/>
							<String ID="string_68" HPOS="269" VPOS="628" WIDTH="69" HEIGHT="20" WC="0.96" CONTENT="nedan"/><SP WIDTH="18" VPOS="628" HPOS="338"/>
							<String ID="string_69" HPOS="356" VPOS="628" WIDTH="19" HEIGHT="26" WC="0.95" CONTENT="ej"/><SP WIDTH="17" VPOS="628" HPOS="375"/>
							<String ID="string_70" HPOS="392" VPOS="628" WIDTH="68" HEIGHT="21" WC="0.96" CONTENT="finnes"/><SP WIDTH="16" VPOS="628" HPOS="460"/>
							<String ID="string_71" HPOS="476" VPOS="630" WIDTH="76" HEIGHT="19" WC="0.96" CONTENT="utsatt."/>
						</TextLine>
					</TextBlock>
				</ComposedBlock>
				<ComposedBlock ID="cblock_4" HPOS="164" VPOS="692" WIDTH="762" HEIGHT="168">
					<TextBlock ID="block_4" HPOS="515" VPOS="692" WIDTH="60" HEIGHT="26">
						<TextLine ID="line_12" HPOS="515" VPOS="692" WIDTH="60" HEIGHT="26">
							<String ID="string_72" HPOS="515" VPOS="692" WIDTH="11" HEIGHT="26" WC="0.95" CONTENT="8"/><SP WIDTH="16" VPOS="692" HPOS="526"/>
							<String ID="string_73" HPOS="542" VPOS="692" WIDTH="33" HEIGHT="22" WC="0.95" CONTENT="45,"/>
						</TextLine>
					</TextBlock>
					<TextBlock ID="block_5" HPOS="164" VPOS="725" WIDTH="762" HEIGHT="135">
						<TextLine ID="line_13" HPOS="238" VPOS="725" WIDTH="688" HEIGHT="33">
							<String ID="string_74" HPOS="238" VPOS="725" WIDTH="127" HEIGHT="32" WC="0.90" CONTENT="Öfverlöper"/><SP WIDTH="15" VPOS="725" HPOS="365"/>
							<String ID="string_75" HPOS="380" VPOS="731" WIDTH="111" HEIGHT="27" WC="0.93" CONTENT="krigsman"/><SP WIDTH="16" VPOS="731" HPOS="491"/>
							<String ID="string_76" HPOS="507" VPOS="731" WIDTH="34" HEIGHT="21" WC="0.93" CONTENT="till"/><SP WIDTH="16" VPOS="731" HPOS="541"/>
							<String ID="string_77" HPOS="557" VPOS="731" WIDTH="95" HEIGHT="26" WC="0.96" CONTENT="fienden;"/><SP WIDTH="18" VPOS="731" HPOS="652"/>
							<String ID="string_78" HPOS="670" VPOS="731" WIDTH="73" HEIGHT="21" WC="0.96" CONTENT="dömes"/><SP WIDTH="16" VPOS="731" HPOS="743"/>
							<String ID="string_79" HPOS="759" VPOS="731" WIDTH="34" HEIGHT="21" WC="0.93" CONTENT="till"/><SP WIDTH="15" VPOS="731" HPOS="793"/>
							<String ID="string_80" HPOS="808" VPOS="730" WIDTH="118" HEIGHT="22" WC="0.96" CONTENT="dödsstraff"/>
						</TextLine>
						<TextLine ID="line_14" HPOS="166" VPOS="764" WIDTH="756" HEIGHT="29">
							<String ID="string_81" HPOS="166" VPOS="764" WIDTH="54" HEIGHT="21" WC="0.91" CONTENT="eller"/><SP WIDTH="22" VPOS="764" HPOS="220"/>
							<String ID="string_82" HPOS="242" VPOS="765" WIDTH="91" HEIGHT="21" WC="0.91" CONTENT="tukthus"/><SP WIDTH="24" VPOS="765" HPOS="333"/>
							<String ID="string_83" HPOS="357" VPOS="766" WIDTH="27" HEIGHT="26" WC="0.92" CONTENT="pä"/><SP WIDTH="23" VPOS="766" HPOS="384"/>
							<String ID="string_84" HPOS="407" VPOS="766" WIDTH="76" HEIGHT="21" WC="0.91" CONTENT="lifstid."/><SP WIDTH="32" VPOS="766" HPOS="483"/>
							<String ID="string_85" HPOS="515" VPOS="766" WIDTH="68" HEIGHT="21" WC="0.91" CONTENT="Söker"/><SP WIDTH="23" VPOS="766" HPOS="583"/>
							<String ID="string_86" HPOS="606" VPOS="767" WIDTH="70" HEIGHT="26" WC="0.91" CONTENT="nägon"/><SP WIDTH="17" VPOS="767" HPOS="676"/>
							<String ID="string_87" HPOS="693" VPOS="765" WIDTH="55" HEIGHT="27" WC="0.92" CONTENT="begä"/><SP WIDTH="17" VPOS="765" HPOS="748"/>
							<String ID="string_88" HPOS="765" VPOS="766" WIDTH="77" HEIGHT="20" WC="0.91" CONTENT="sädant"/><SP WIDTH="16" VPOS="766" HPOS="842"/>
							<String ID="string_89" HPOS="858" VPOS="765" WIDTH="64" HEIGHT="27" WC="0.95" CONTENT="brott,"/>
						</TextLine>
						<TextLine ID="line_15" HPOS="164" VPOS="799" WIDTH="758" HEIGHT="27">
							<String ID="string_90" HPOS="164" VPOS="805" WIDTH="50" HEIGHT="15" WC="0.93" CONTENT="men"/><SP WIDTH="16" VPOS="805" HPOS="214"/>
							<String ID="string_91" HPOS="230" VPOS="799" WIDTH="78" HEIGHT="21" WC="0.92" CONTENT="varder"/><SP WIDTH="16" VPOS="799" HPOS="308"/>
							<String ID="string_92" HPOS="324" VPOS="800" WIDTH="98" HEIGHT="20" WC="0.92" CONTENT="derifrän"/><SP WIDTH="16" VPOS="800" HPOS="422"/>
							<String ID="string_93" HPOS="438" VPOS="800" WIDTH="103" HEIGHT="26" WC="0.93" CONTENT="hindrad;"/><SP WIDTH="17" VPOS="800" HPOS="541"/>
							<String ID="string_94" HPOS="558" VPOS="800" WIDTH="85" HEIGHT="22" WC="0.87" CONTENT="straftes"/><SP WIDTH="16" VPOS="800" HPOS="643"/>
							<String ID="string_95" HPOS="659" VPOS="800" WIDTH="50" HEIGHT="21" WC="0.93" CONTENT="med"/><SP WIDTH="11" VPOS="800" HPOS="709"/>
							<String ID="string_96" HPOS="720" VPOS="800" WIDTH="90" HEIGHT="21" WC="0.92" CONTENT="tukthus"/><SP WIDTH="16" VPOS="800" HPOS="810"/>
							<String ID="string_97" HPOS="826" VPOS="800" WIDTH="48" HEIGHT="20" WC="0.96" CONTENT="från"/><SP WIDTH="10" VPOS="800" HPOS="874"/>
							<String ID="string_98" HPOS="884" VPOS="799" WIDTH="38" HEIGHT="21" WC="0.96" CONTENT="och"/>
						</TextLine>
						<TextLine ID="line_16" HPOS="164" VPOS="834" WIDTH="380" HEIGHT="26">
							<String ID="string_99" HPOS="164" VPOS="834" WIDTH="50" HEIGHT="20" WC="0.93" CONTENT="med"/><SP WIDTH="16" VPOS="834" HPOS="214"/>
							<String ID="string_100" HPOS="230" VPOS="834" WIDTH="48" HEIGHT="26" WC="0.96" CONTENT="fyra"/><SP WIDTH="15" VPOS="834" HPOS="278"/>
							<String ID="string_101" HPOS="293" VPOS="834" WIDTH="33" HEIGHT="20" WC="0.96" CONTENT="till"/><SP WIDTH="17" VPOS="834" HPOS="326"/>
							<String ID="string_102" HPOS="343" VPOS="834" WIDTH="40" HEIGHT="21" WC="0.96" CONTENT="och"/><SP WIDTH="15" VPOS="834" HPOS="383"/>
							<String ID="string_103" HPOS="398" VPOS="835" WIDTH="49" HEIGHT="21" WC="0.96" CONTENT="med"/><SP WIDTH="16" VPOS="835" HPOS="447"/>
							<String ID="string_104" HPOS="463" VPOS="835" WIDTH="31" HEIGHT="21" WC="0.93" CONTENT="tio"/><SP WIDTH="20" VPOS="835" HPOS="494"/>
							<String ID="string_105" HPOS="514" VPOS="836" WIDTH="30" HEIGHT="20" WC="0.96" CONTENT="år."/>
						</TextLine>
					</TextBlock>
				</ComposedBlock>
				<ComposedBlock ID="cblock_5" HPOS="161" VPOS="898" WIDTH="764" HEIGHT="582">
					<TextBlock ID="block_6" HPOS="514" VPOS="898" WIDTH="59" HEIGHT="26">
						<TextLine ID="line_17" HPOS="514" VPOS="898" WIDTH="59" HEIGHT="26">
							<String ID="string_106" HPOS="514" VPOS="898" WIDTH="10" HEIGHT="26" WC="0.73" CONTENT="8"/><SP WIDTH="17" VPOS="898" HPOS="524"/>
							<String ID="string_107" HPOS="541" VPOS="898" WIDTH="32" HEIGHT="20" WC="0.95" CONTENT="46."/>
						</TextLine>
					</TextBlock>
					<TextBlock ID="block_7" HPOS="164" VPOS="936" WIDTH="761" HEIGHT="61">
						<TextLine ID="line_18" HPOS="237" VPOS="936" WIDTH="688" HEIGHT="28">
							<String ID="string_108" HPOS="237" VPOS="936" WIDTH="66" HEIGHT="27" WC="0.92" CONTENT="Hvar,"/><SP WIDTH="17" VPOS="936" HPOS="303"/>
							<String ID="string_109" HPOS="320" VPOS="942" WIDTH="45" HEIGHT="15" WC="0.96" CONTENT="som"/><SP WIDTH="17" VPOS="942" HPOS="365"/>
							<String ID="string_110" HPOS="382" VPOS="937" WIDTH="6" HEIGHT="20" WC="0.92" CONTENT="i"/><SP WIDTH="16" VPOS="937" HPOS="388"/>
							<String ID="string_111" HPOS="404" VPOS="936" WIDTH="46" HEIGHT="28" WC="0.91" CONTENT="fält,"/><SP WIDTH="18" VPOS="936" HPOS="450"/>
							<String ID="string_112" HPOS="468" VPOS="937" WIDTH="6" HEIGHT="21" WC="0.93" CONTENT="i"/><SP WIDTH="16" VPOS="937" HPOS="474"/>
							<String ID="string_113" HPOS="490" VPOS="937" WIDTH="66" HEIGHT="27" WC="0.93" CONTENT="afsigt"/><SP WIDTH="16" VPOS="937" HPOS="556"/>
							<String ID="string_114" HPOS="572" VPOS="940" WIDTH="33" HEIGHT="18" WC="0.93" CONTENT="att"/><SP WIDTH="18" VPOS="940" HPOS="605"/>
							<String ID="string_115" HPOS="623" VPOS="937" WIDTH="142" HEIGHT="26" WC="0.92" CONTENT="understödja"/><SP WIDTH="20" VPOS="937" HPOS="765"/>
							<String ID="string_116" HPOS="785" VPOS="937" WIDTH="53" HEIGHT="20" WC="0.93" CONTENT="eller"/><SP WIDTH="16" VPOS="937" HPOS="838"/>
							<String ID="string_117" HPOS="854" VPOS="943" WIDTH="71" HEIGHT="20" WC="0.92" CONTENT="gynna"/>
						</TextLine>
						<TextLine ID="line_19" HPOS="164" VPOS="969" WIDTH="92" HEIGHT="28">
							<String ID="string_118" HPOS="164" VPOS="969" WIDTH="92" HEIGHT="28" WC="0.93" CONTENT="fienden,"/>
						</TextLine>
					</TextBlock>
					<TextBlock ID="block_8" HPOS="163" VPOS="1005" WIDTH="762" HEIGHT="130">
						<TextLine ID="line_20" HPOS="237" VPOS="1005" WIDTH="687" HEIGHT="28">
							<String ID="string_119" HPOS="237" VPOS="1005" WIDTH="23" HEIGHT="26" WC="0.94" CONTENT="a)"/><SP WIDTH="16" VPOS="1005" HPOS="260"/>
							<String ID="string_120" HPOS="276" VPOS="1005" WIDTH="7" HEIGHT="20" WC="0.93" CONTENT="i"/><SP WIDTH="20" VPOS="1005" HPOS="283"/>
							<String ID="string_121" HPOS="303" VPOS="1005" WIDTH="97" HEIGHT="22" WC="0.95" CONTENT="fiendens"/><SP WIDTH="16" VPOS="1005" HPOS="400"/>
							<String ID="string_122" HPOS="416" VPOS="1005" WIDTH="50" HEIGHT="22" WC="0.96" CONTENT="våld"/><SP WIDTH="16" VPOS="1005" HPOS="466"/>
							<String ID="string_123" HPOS="482" VPOS="1005" WIDTH="90" HEIGHT="27" WC="0.93" CONTENT="bringar"/><SP WIDTH="15" VPOS="1005" HPOS="572"/>
							<String ID="string_124" HPOS="587" VPOS="1005" WIDTH="113" HEIGHT="28" WC="0.93" CONTENT="krigsfolk,"/><SP WIDTH="18" VPOS="1005" HPOS="700"/>
							<String ID="string_125" HPOS="718" VPOS="1005" WIDTH="55" HEIGHT="27" WC="0.93" CONTENT="stad,"/><SP WIDTH="16" VPOS="1005" HPOS="773"/>
							<String ID="string_126" HPOS="789" VPOS="1005" WIDTH="71" HEIGHT="27" WC="0.93" CONTENT="hamn,"/><SP WIDTH="12" VPOS="1005" HPOS="860"/>
							<String ID="string_127" HPOS="872" VPOS="1005" WIDTH="52" HEIGHT="21" WC="0.92" CONTENT="fäst-"/>
						</TextLine>
						<TextLine ID="line_21" HPOS="163" VPOS="1038" WIDTH="762" HEIGHT="29">
							<String ID="string_128" HPOS="163" VPOS="1038" WIDTH="59" HEIGHT="28" WC="0.93" CONTENT="ning,"/><SP WIDTH="17" VPOS="1038" HPOS="222"/>
							<String ID="string_129" HPOS="239" VPOS="1039" WIDTH="73" HEIGHT="28" WC="0.91" CONTENT="skans,"/><SP WIDTH="17" VPOS="1039" HPOS="312"/>
							<String ID="string_130" HPOS="329" VPOS="1046" WIDTH="51" HEIGHT="20" WC="0.96" CONTENT="pass"/><SP WIDTH="16" VPOS="1046" HPOS="380"/>
							<String ID="string_131" HPOS="396" VPOS="1040" WIDTH="54" HEIGHT="21" WC="0.96" CONTENT="eller"/><SP WIDTH="16" VPOS="1040" HPOS="450"/>
							<String ID="string_132" HPOS="466" VPOS="1047" WIDTH="72" HEIGHT="14" WC="0.93" CONTENT="annan"/><SP WIDTH="16" VPOS="1047" HPOS="538"/>
							<String ID="string_133" HPOS="554" VPOS="1040" WIDTH="154" HEIGHT="27" WC="0.92" CONTENT="försvarspost,"/><SP WIDTH="11" VPOS="1040" HPOS="708"/>
							<String ID="string_134" HPOS="719" VPOS="1040" WIDTH="141" HEIGHT="26" WC="0.92" CONTENT="örlogsskepp"/><SP WIDTH="12" VPOS="1040" HPOS="860"/>
							<String ID="string_135" HPOS="872" VPOS="1039" WIDTH="53" HEIGHT="22" WC="0.96" CONTENT="eller"/>
						</TextLine>
						<TextLine ID="line_22" HPOS="163" VPOS="1073" WIDTH="761" HEIGHT="28">
							<String ID="string_136" HPOS="163" VPOS="1073" WIDTH="79" HEIGHT="28" WC="0.93" CONTENT="fartyg,"/><SP WIDTH="17" VPOS="1073" HPOS="242"/>
							<String ID="string_137" HPOS="259" VPOS="1074" WIDTH="86" HEIGHT="27" WC="0.93" CONTENT="tyghus,"/><SP WIDTH="17" VPOS="1074" HPOS="345"/>
							<String ID="string_138" HPOS="362" VPOS="1074" WIDTH="105" HEIGHT="27" WC="0.92" CONTENT="magasin,"/><SP WIDTH="16" VPOS="1074" HPOS="467"/>
							<String ID="string_139" HPOS="483" VPOS="1081" WIDTH="69" HEIGHT="20" WC="0.92" CONTENT="vapen"/><SP WIDTH="16" VPOS="1081" HPOS="552"/>
							<String ID="string_140" HPOS="568" VPOS="1075" WIDTH="54" HEIGHT="21" WC="0.93" CONTENT="eller"/><SP WIDTH="19" VPOS="1075" HPOS="622"/>
							<String ID="string_141" HPOS="641" VPOS="1074" WIDTH="133" HEIGHT="27" WC="0.92" CONTENT="munförräd,"/><SP WIDTH="17" VPOS="1074" HPOS="774"/>
							<String ID="string_142" HPOS="791" VPOS="1074" WIDTH="133" HEIGHT="27" WC="0.92" CONTENT="krigskassa,"/>
						</TextLine>
						<TextLine ID="line_23" HPOS="164" VPOS="1107" WIDTH="232" HEIGHT="28">
							<String ID="string_143" HPOS="164" VPOS="1107" WIDTH="54" HEIGHT="22" WC="0.96" CONTENT="eller"/><SP WIDTH="16" VPOS="1107" HPOS="218"/>
							<String ID="string_144" HPOS="234" VPOS="1110" WIDTH="67" HEIGHT="19" WC="0.93" CONTENT="annat"/><SP WIDTH="15" VPOS="1110" HPOS="301"/>
							<String ID="string_145" HPOS="316" VPOS="1108" WIDTH="80" HEIGHT="27" WC="0.92" CONTENT="dylikt;"/>
						</TextLine>
					</TextBlock>
					<TextBlock ID="block_9" HPOS="162" VPOS="1141" WIDTH="763" HEIGHT="132">
						<TextLine ID="line_24" HPOS="237" VPOS="1141" WIDTH="687" HEIGHT="29">
							<String ID="string_146" HPOS="237" VPOS="1141" WIDTH="21" HEIGHT="28" WC="0.61" CONTENT="bd)"/><SP WIDTH="17" VPOS="1141" HPOS="258"/>
							<String ID="string_147" HPOS="275" VPOS="1143" WIDTH="81" HEIGHT="20" WC="0.95" CONTENT="förstör"/><SP WIDTH="16" VPOS="1143" HPOS="356"/>
							<String ID="string_148" HPOS="372" VPOS="1143" WIDTH="53" HEIGHT="21" WC="0.93" CONTENT="eller"/><SP WIDTH="16" VPOS="1143" HPOS="425"/>
							<String ID="string_149" HPOS="441" VPOS="1143" WIDTH="121" HEIGHT="22" WC="0.92" CONTENT="förderfvar"/><SP WIDTH="16" VPOS="1143" HPOS="562"/>
							<String ID="string_150" HPOS="578" VPOS="1144" WIDTH="66" HEIGHT="26" WC="0.78" CONTENT="något"/><SP WIDTH="8" VPOS="1144" HPOS="644"/>
							<String ID="string_151" HPOS="652" VPOS="1143" WIDTH="24" HEIGHT="22" WC="0.93" CONTENT="af"/><SP WIDTH="8" VPOS="1143" HPOS="676"/>
							<String ID="string_152" HPOS="684" VPOS="1143" WIDTH="58" HEIGHT="21" WC="0.96" CONTENT="hvad"/><SP WIDTH="10" VPOS="1143" HPOS="742"/>
							<String ID="string_153" HPOS="752" VPOS="1143" WIDTH="69" HEIGHT="21" WC="0.96" CONTENT="under"/><SP WIDTH="8" VPOS="1143" HPOS="821"/>
							<String ID="string_154" HPOS="829" VPOS="1149" WIDTH="63" HEIGHT="15" WC="0.95" CONTENT="mom."/><SP WIDTH="10" VPOS="1149" HPOS="892"/>
							<String ID="string_155" HPOS="902" VPOS="1144" WIDTH="22" HEIGHT="26" WC="0.93" CONTENT="a)"/>
						</TextLine>
						<TextLine ID="line_25" HPOS="162" VPOS="1177" WIDTH="763" HEIGHT="28">
							<String ID="string_156" HPOS="162" VPOS="1177" WIDTH="90" HEIGHT="20" WC="0.96" CONTENT="nämnes"/><SP WIDTH="27" VPOS="1177" HPOS="252"/>
							<String ID="string_157" HPOS="279" VPOS="1177" WIDTH="54" HEIGHT="21" WC="0.92" CONTENT="eller"/><SP WIDTH="23" VPOS="1177" HPOS="333"/>
							<String ID="string_158" HPOS="356" VPOS="1177" WIDTH="40" HEIGHT="21" WC="0.92" CONTENT="ock"/><SP WIDTH="24" VPOS="1177" HPOS="396"/>
							<String ID="string_159" HPOS="420" VPOS="1178" WIDTH="100" HEIGHT="27" WC="0.91" CONTENT="telegraf,"/><SP WIDTH="16" VPOS="1178" HPOS="520"/>
							<String ID="string_160" HPOS="536" VPOS="1178" WIDTH="144" HEIGHT="27" WC="0.92" CONTENT="fördämning,"/><SP WIDTH="14" VPOS="1178" HPOS="680"/>
							<String ID="string_161" HPOS="694" VPOS="1178" WIDTH="98" HEIGHT="27" WC="0.92" CONTENT="jernväg,"/><SP WIDTH="16" VPOS="1178" HPOS="792"/>
							<String ID="string_162" HPOS="808" VPOS="1177" WIDTH="45" HEIGHT="27" WC="0.93" CONTENT="bro,"/><SP WIDTH="17" VPOS="1177" HPOS="853"/>
							<String ID="string_163" HPOS="870" VPOS="1177" WIDTH="55" HEIGHT="28" WC="0.96" CONTENT="färja"/>
						</TextLine>
						<TextLine ID="line_26" HPOS="164" VPOS="1210" WIDTH="760" HEIGHT="29">
							<String ID="string_164" HPOS="164" VPOS="1210" WIDTH="53" HEIGHT="21" WC="0.95" CONTENT="eller"/><SP WIDTH="16" VPOS="1210" HPOS="217"/>
							<String ID="string_165" HPOS="233" VPOS="1213" WIDTH="68" HEIGHT="19" WC="0.93" CONTENT="annat"/><SP WIDTH="15" VPOS="1213" HPOS="301"/>
							<String ID="string_166" HPOS="316" VPOS="1211" WIDTH="280" HEIGHT="27" WC="0.89" CONTENT="kommunikationsmedel,"/><SP WIDTH="12" VPOS="1211" HPOS="596"/>
							<String ID="string_167" HPOS="608" VPOS="1213" WIDTH="54" HEIGHT="20" WC="0.93" CONTENT="eller"/><SP WIDTH="10" VPOS="1213" HPOS="662"/>
							<String ID="string_168" HPOS="672" VPOS="1211" WIDTH="156" HEIGHT="28" WC="0.92" CONTENT="krigsredskap"/><SP WIDTH="12" VPOS="1211" HPOS="828"/>
							<String ID="string_169" HPOS="840" VPOS="1211" WIDTH="39" HEIGHT="22" WC="0.93" CONTENT="och"/><SP WIDTH="9" VPOS="1211" HPOS="879"/>
							<String ID="string_170" HPOS="888" VPOS="1218" WIDTH="36" HEIGHT="15" WC="0.93" CONTENT="an-"/>
						</TextLine>
						<TextLine ID="line_27" HPOS="162" VPOS="1245" WIDTH="554" HEIGHT="28">
							<String ID="string_171" HPOS="162" VPOS="1246" WIDTH="45" HEIGHT="25" WC="0.96" CONTENT="nat,"/><SP WIDTH="17" VPOS="1246" HPOS="207"/>
							<String ID="string_172" HPOS="224" VPOS="1251" WIDTH="46" HEIGHT="16" WC="0.96" CONTENT="som"/><SP WIDTH="17" VPOS="1251" HPOS="270"/>
							<String ID="string_173" HPOS="287" VPOS="1245" WIDTH="33" HEIGHT="21" WC="0.93" CONTENT="för"/><SP WIDTH="15" VPOS="1245" HPOS="320"/>
							<String ID="string_174" HPOS="335" VPOS="1246" WIDTH="162" HEIGHT="27" WC="0.91" CONTENT="krigsmaktens"/><SP WIDTH="16" VPOS="1246" HPOS="497"/>
							<String ID="string_175" HPOS="513" VPOS="1247" WIDTH="67" HEIGHT="21" WC="0.89" CONTENT="behof"/><SP WIDTH="14" VPOS="1247" HPOS="580"/>
							<String ID="string_176" HPOS="594" VPOS="1247" WIDTH="71" HEIGHT="21" WC="0.93" CONTENT="afsedt"/><SP WIDTH="16" VPOS="1247" HPOS="665"/>
							<String ID="string_177" HPOS="681" VPOS="1248" WIDTH="35" HEIGHT="24" WC="0.96" CONTENT="är;"/>
						</TextLine>
					</TextBlock>
					<TextBlock ID="block_10" HPOS="161" VPOS="1279" WIDTH="764" HEIGHT="96">
						<TextLine ID="line_28" HPOS="236" VPOS="1279" WIDTH="688" HEIGHT="29">
							<String ID="string_178" HPOS="236" VPOS="1280" WIDTH="20" HEIGHT="23" WC="0.45" CONTENT="e)"/><SP WIDTH="17" VPOS="1280" HPOS="256"/>
							<String ID="string_179" HPOS="273" VPOS="1279" WIDTH="91" HEIGHT="22" WC="0.96" CONTENT="hindrar"/><SP WIDTH="23" VPOS="1279" HPOS="364"/>
							<String ID="string_180" HPOS="387" VPOS="1281" WIDTH="143" HEIGHT="21" WC="0.95" CONTENT="användande"/><SP WIDTH="20" VPOS="1281" HPOS="530"/>
							<String ID="string_181" HPOS="550" VPOS="1281" WIDTH="24" HEIGHT="21" WC="0.93" CONTENT="af"/><SP WIDTH="13" VPOS="1281" HPOS="574"/>
							<String ID="string_182" HPOS="587" VPOS="1281" WIDTH="107" HEIGHT="27" WC="0.93" CONTENT="krigsfolk"/><SP WIDTH="16" VPOS="1281" HPOS="694"/>
							<String ID="string_183" HPOS="710" VPOS="1282" WIDTH="45" HEIGHT="20" WC="0.93" CONTENT="mot"/><SP WIDTH="15" VPOS="1282" HPOS="755"/>
							<String ID="string_184" HPOS="770" VPOS="1280" WIDTH="86" HEIGHT="22" WC="0.96" CONTENT="fienden"/><SP WIDTH="16" VPOS="1280" HPOS="856"/>
							<String ID="string_185" HPOS="872" VPOS="1281" WIDTH="52" HEIGHT="21" WC="0.96" CONTENT="eller"/>
						</TextLine>
						<TextLine ID="line_29" HPOS="161" VPOS="1313" WIDTH="764" HEIGHT="29">
							<String ID="string_186" HPOS="161" VPOS="1313" WIDTH="95" HEIGHT="22" WC="0.93" CONTENT="förleder"/><SP WIDTH="25" VPOS="1313" HPOS="256"/>
							<String ID="string_187" HPOS="281" VPOS="1314" WIDTH="37" HEIGHT="21" WC="0.95" CONTENT="det"/><SP WIDTH="23" VPOS="1314" HPOS="318"/>
							<String ID="string_188" HPOS="341" VPOS="1316" WIDTH="33" HEIGHT="19" WC="0.95" CONTENT="att"/><SP WIDTH="22" VPOS="1316" HPOS="374"/>
							<String ID="string_189" HPOS="396" VPOS="1315" WIDTH="34" HEIGHT="20" WC="0.93" CONTENT="till"/><SP WIDTH="16" VPOS="1315" HPOS="430"/>
							<String ID="string_190" HPOS="446" VPOS="1315" WIDTH="86" HEIGHT="22" WC="0.91" CONTENT="fienden"/><SP WIDTH="16" VPOS="1315" HPOS="532"/>
							<String ID="string_191" HPOS="548" VPOS="1315" WIDTH="88" HEIGHT="27" WC="0.92" CONTENT="öfvergä"/><SP WIDTH="20" VPOS="1315" HPOS="636"/>
							<String ID="string_192" HPOS="656" VPOS="1315" WIDTH="54" HEIGHT="22" WC="0.97" CONTENT="eller"/><SP WIDTH="16" VPOS="1315" HPOS="710"/>
							<String ID="string_193" HPOS="726" VPOS="1315" WIDTH="33" HEIGHT="21" WC="0.93" CONTENT="till"/><SP WIDTH="16" VPOS="1315" HPOS="759"/>
							<String ID="string_194" HPOS="775" VPOS="1321" WIDTH="81" HEIGHT="21" WC="0.93" CONTENT="uppror"/><SP WIDTH="16" VPOS="1321" HPOS="856"/>
							<String ID="string_195" HPOS="872" VPOS="1315" WIDTH="53" HEIGHT="22" WC="0.96" CONTENT="eller"/>
						</TextLine>
						<TextLine ID="line_30" HPOS="161" VPOS="1348" WIDTH="207" HEIGHT="27">
							<String ID="string_196" HPOS="161" VPOS="1353" WIDTH="73" HEIGHT="16" WC="0.93" CONTENT="annan"/><SP WIDTH="16" VPOS="1353" HPOS="234"/>
							<String ID="string_197" HPOS="250" VPOS="1348" WIDTH="118" HEIGHT="27" WC="0.92" CONTENT="trolöshet;"/>
						</TextLine>
					</TextBlock>
					<TextBlock ID="block_11" HPOS="161" VPOS="1382" WIDTH="764" HEIGHT="63">
						<TextLine ID="line_31" HPOS="234" VPOS="1382" WIDTH="691" HEIGHT="29">
							<String ID="string_198" HPOS="234" VPOS="1382" WIDTH="26" HEIGHT="26" WC="0.87" CONTENT="d)"/><SP WIDTH="16" VPOS="1382" HPOS="260"/>
							<String ID="string_199" HPOS="276" VPOS="1383" WIDTH="70" HEIGHT="26" WC="0.93" CONTENT="gifver"/><SP WIDTH="15" VPOS="1383" HPOS="346"/>
							<String ID="string_200" HPOS="361" VPOS="1383" WIDTH="85" HEIGHT="22" WC="0.96" CONTENT="fienden"/><SP WIDTH="12" VPOS="1383" HPOS="446"/>
							<String ID="string_201" HPOS="458" VPOS="1384" WIDTH="100" HEIGHT="27" WC="0.96" CONTENT="kunskap"/><SP WIDTH="11" VPOS="1384" HPOS="558"/>
							<String ID="string_202" HPOS="569" VPOS="1390" WIDTH="34" HEIGHT="16" WC="0.93" CONTENT="om"/><SP WIDTH="8" VPOS="1390" HPOS="603"/>
							<String ID="string_203" HPOS="611" VPOS="1384" WIDTH="79" HEIGHT="27" WC="0.92" CONTENT="paroll,"/><SP WIDTH="11" VPOS="1384" HPOS="690"/>
							<String ID="string_204" HPOS="701" VPOS="1384" WIDTH="69" HEIGHT="27" WC="0.93" CONTENT="lösen,"/><SP WIDTH="11" VPOS="1384" HPOS="770"/>
							<String ID="string_205" HPOS="781" VPOS="1383" WIDTH="81" HEIGHT="27" WC="0.91" CONTENT="fältrop"/><SP WIDTH="10" VPOS="1383" HPOS="862"/>
							<String ID="string_206" HPOS="872" VPOS="1383" WIDTH="53" HEIGHT="22" WC="0.96" CONTENT="eller"/>
						</TextLine>
						<TextLine ID="line_32" HPOS="161" VPOS="1416" WIDTH="333" HEIGHT="29">
							<String ID="string_207" HPOS="161" VPOS="1418" WIDTH="67" HEIGHT="19" WC="0.93" CONTENT="annat"/><SP WIDTH="16" VPOS="1418" HPOS="228"/>
							<String ID="string_208" HPOS="244" VPOS="1416" WIDTH="250" HEIGHT="29" WC="0.83" CONTENT="igenkänningstecken;"/>
						</TextLine>
					</TextBlock>
					<TextBlock ID="block_12" HPOS="219" VPOS="1451" WIDTH="705" HEIGHT="29">
						<TextLine ID="line_33" HPOS="219" VPOS="1451" WIDTH="705" HEIGHT="29">
							<String ID="string_209" HPOS="219" VPOS="1451" WIDTH="19" HEIGHT="27" WC="0.82" CONTENT="e)"/><SP WIDTH="16" VPOS="1451" HPOS="238"/>
							<String ID="string_210" HPOS="254" VPOS="1451" WIDTH="92" HEIGHT="27" WC="0.93" CONTENT="afgifver"/><SP WIDTH="16" VPOS="1451" HPOS="346"/>
							<String ID="string_211" HPOS="362" VPOS="1453" WIDTH="34" HEIGHT="20" WC="0.93" CONTENT="till"/><SP WIDTH="16" VPOS="1453" HPOS="396"/>
							<String ID="string_212" HPOS="412" VPOS="1453" WIDTH="84" HEIGHT="22" WC="0.96" CONTENT="förman"/><SP WIDTH="18" VPOS="1453" HPOS="496"/>
							<String ID="string_213" HPOS="514" VPOS="1453" WIDTH="52" HEIGHT="22" WC="0.96" CONTENT="eller"/><SP WIDTH="16" VPOS="1453" HPOS="566"/>
							<String ID="string_214" HPOS="582" VPOS="1460" WIDTH="70" HEIGHT="15" WC="0.93" CONTENT="annan"/><SP WIDTH="18" VPOS="1460" HPOS="652"/>
							<String ID="string_215" HPOS="670" VPOS="1453" WIDTH="91" HEIGHT="27" WC="0.96" CONTENT="behörig"/><SP WIDTH="15" VPOS="1453" HPOS="761"/>
							<String ID="string_216" HPOS="776" VPOS="1459" WIDTH="79" HEIGHT="20" WC="0.93" CONTENT="person"/><SP WIDTH="13" VPOS="1459" HPOS="855"/>
							<String ID="string_217" HPOS="868" VPOS="1452" WIDTH="56" HEIGHT="22" WC="0.96" CONTENT="falsk"/>
						</TextLine>
					</TextBlock>
				</ComposedBlock>
			</PrintSpace>
		</Page>
	</Layout>
</alto>
