1009 1739
316 138 24 22 U.
356 139 23 21 B.
395 151 29 3 —
440 138 61 29 Prop.
517 137 37 23 N:o
572 138 34 22 18.
780 139 29 21 23

88 205 118 26 vändighet
221 206 33 20 att
270 205 53 21 söka
338 204 169 27 tillvägabringa
523 205 110 21 särskilda
648 205 85 21 klasser
748 205 23 21 af
780 205 59 21 med-

86 240 91 27 borgare
198 240 93 21 emellan
312 247 27 14 en
360 242 72 20 större
450 240 118 27 jemlikhet
590 240 7 21 i
612 240 130 27 utöfningen
758 240 24 22 af
796 241 41 21 den

87 275 103 27 politiska
205 276 115 21 valrätten.
349 275 29 22 Ju
395 282 68 21 mera,
480 277 25 20 så
528 276 49 21 vidt
595 276 87 27 möjligt
698 278 32 25 är,
745 275 94 22 flertalet

86 311 24 21 af
123 311 142 27 medborgare
280 313 83 25 öppnas
378 311 88 22 tillfälle
482 313 34 20 att
532 312 113 21 verksamt
661 311 87 27 deltaga
764 311 7 22 i
781 311 58 22 valet

87 346 25 22 af
120 347 228 28 folkrepresentanter,
360 347 57 21 skall
427 348 39 20 vår
476 347 222 27 folkrepresentation
708 347 70 22 förmå
788 347 52 27 fylla

88 382 33 22 sin
137 385 111 20 närmaste
263 383 154 21 bestämmelse
432 384 34 20 att
482 383 59 27 gifva
557 385 33 20 ett
604 383 98 28 verkligt
715 383 87 27 uttryck
817 384 23 20 åt

87 419 114 21 nationens
217 419 81 26 åsigter
314 419 39 20 och
369 418 115 22 intressen.
513 418 196 27 Nödvändigheten
726 419 23 21 af
762 425 27 15 en
805 420 34 19 ut-

87 454 100 27 veckling
207 454 7 21 i
233 454 96 27 antydda
343 454 98 27 rigtning
462 454 24 21 af
504 455 51 20 vårt
570 454 173 27 representativa
759 456 81 25 system

87 490 50 22 med
153 490 49 22 dess
222 490 162 27 ålderdomliga,
404 496 50 15 men
470 490 120 27 ingalunda
606 490 23 22 af
643 490 125 26 utveckling
783 490 56 21 oför-

88 528 79 24 mögna
182 525 88 28 former,
286 526 43 21 kan
344 525 132 27 näppeligen
491 526 25 21 af
529 527 72 25 någon
610 526 111 21 tänkande
732 526 107 21 förnekas.

87 561 44 21 Det
150 562 34 20 lär
201 561 23 21 af
238 561 65 27 ingen
318 562 28 26 på
362 561 69 22 allvar
446 562 76 20 kunna
538 562 84 26 påstås,
638 563 34 20 att
687 561 153 27 utvecklingen

88 597 39 21 hos
149 603 35 15 oss
205 597 67 21 borde
292 598 28 26 gå
340 597 8 21 i
370 597 69 21 andra
460 597 70 22 banor
548 600 28 18 än
593 598 42 20 den
651 604 84 15 samma
751 596 89 28 inslagit

87 632 66 22 bland
174 633 26 21 de
219 633 129 27 europeiska
364 632 152 22 kulturfolken
533 634 40 20 och
590 633 106 21 särskildt
711 633 7 21 i
735 634 27 20 de
777 633 63 21 skan-

88 668 113 22 dinaviska
221 668 111 27 länderna,
353 668 86 22 hvilkas
461 668 228 22 kulturförhållanden
711 669 40 21 och
772 668 68 22 delvis

88 704 149 22 institutioner
252 704 64 21 hafva
332 705 24 21 så
371 706 54 19 nära
436 704 120 27 frändskap
568 705 50 21 med
629 706 59 20 våra.
712 704 50 22 Icke
772 704 69 21 heller

88 740 33 21 lär
142 740 49 21 med
212 740 36 27 fog
269 740 41 21 den
332 742 74 19 satsen
426 740 74 21 kunna
522 740 130 27 uppställas,
674 742 33 20 att
725 741 49 21 vårt
789 740 52 21 land

88 777 58 20 ännu
167 776 70 21 skulle
257 774 87 23 befinna
365 776 33 26 sig
420 775 7 21 i
448 776 128 27 utveckling
597 777 24 20 så
642 776 62 27 långt
719 776 56 21 efter
789 776 52 20 våra

87 813 73 19 vestra
175 811 151 27 grannländer,
343 813 33 19 att
391 811 21 21 vi
428 811 20 27 ej
465 818 38 14 ens
520 811 68 22 borde
604 812 54 21 söka
673 814 76 19 närma
764 818 36 14 oss
814 812 27 20 de

88 846 86 28 former,
190 847 33 21 uti
238 847 74 21 hvilka
328 847 38 21 det
376 846 114 28 offentliga
500 847 63 21 lifvet
573 847 7 21 i
592 847 65 21 dessa
668 847 76 21 länder
754 849 36 19 rör
801 846 40 27 sig.

163 882 47 22 Den
231 882 79 27 nådiga
331 882 172 28 propositionen,
526 889 48 15 som
595 882 59 22 afser
674 889 27 15 en
719 882 80 22 reform
820 881 24 23 af

88 918 100 28 gällande
211 918 135 27 stadganden
369 918 113 27 angående
503 919 82 21 valrätt
606 918 35 22 till
662 918 180 27 borgareståndet

88 954 40 21 och
149 956 99 19 närmare
268 954 164 21 bestämmande
454 954 24 21 af
498 954 100 21 vilkoren
619 954 34 21 för
672 954 129 26 utöfningen
820 953 24 22 af

88 990 42 21 den
144 989 97 27 Wamma,
262 989 42 21 kan
326 989 18 27 ej
365 995 63 16 anses
445 991 27 25 gå
488 990 7 21 i
512 996 30 15 nu
558 990 96 26 antydda
669 989 103 27 rigtning,
788 990 53 20 utan

88 1031 88 15 snarare
197 1025 6 21 i
223 1031 27 15 en
271 1027 97 19 motsatt.
400 1025 31 26 Ty
447 1025 67 22 sedan
531 1026 50 21 med
597 1025 50 22 stöd
663 1025 23 21 af
700 1025 12 27 8
730 1025 28 21 12
774 1025 7 20 i
796 1024 46 27 gäl-

88 1061 64 21 lande
167 1061 210 26 landtdagsordning
388 1067 27 15 en
426 1061 7 20 i
444 1061 228 21 öfverensstämmelse
683 1061 50 21 med
743 1061 99 20 kommu-

88 1096 195 27 nalförfattningen
298 1096 34 21 för
348 1097 103 20 städerna
466 1096 124 27 begränsad
605 1098 93 20 rösträtt
714 1097 8 20 i
735 1097 37 20 det
783 1097 59 20 stora

88 1131 94 22 flertalet
203 1132 23 21 af
244 1132 86 21 landets
351 1132 75 21 städer
446 1132 94 21 kommit
561 1132 34 21 till
616 1132 66 21 stånd
701 1132 39 21 och
756 1131 86 22 således

89 1174 90 15 numera
194 1167 7 22 i
217 1167 74 28 regeln
304 1167 65 27 ingen
380 1167 44 22 kan
435 1167 37 22 vid
484 1167 115 22 städernas
610 1166 232 28 landtdagsmannaval

88 1205 62 20 rösta
170 1204 50 21 med
241 1210 47 15 mer
306 1206 27 19 än
350 1203 28 22 25
394 1205 78 26 röster,
489 1203 121 22 innefattar
625 1203 165 28 propositionen
806 1202 36 21 be-

88 1239 106 22 träffande
210 1239 165 22 röstmaximum
392 1239 19 27 ej
429 1240 68 26 något
509 1239 113 27 framsteg,
633 1245 49 15 men
694 1238 90 22 innebär
795 1238 47 21 der-

88 1277 60 20 emot
163 1275 166 21 vidkommande
346 1275 37 21 det
398 1275 82 21 minsta
496 1275 80 26 belopp
592 1275 104 27 inkomst,
713 1281 46 14 som
770 1273 73 22 berät-

88 1311 58 27 tigar
169 1311 34 20 till
227 1311 129 26 deltagande
380 1311 7 21 i
408 1310 242 28 landtdagsmannaval,
672 1312 33 20 ett
725 1309 118 28 ingalunda

89 1346 147 27 oväsendtligt
255 1346 99 27 baksteg,
376 1346 7 21 i
405 1348 23 25 ty
448 1348 34 19 att
504 1347 62 20 detta
587 1346 79 27 belopp
685 1346 107 21 bestämts
809 1345 34 21 till

89 1382 44 22 800
153 1382 63 21 mark
236 1381 8 22 i
259 1381 105 22 Finlands
383 1381 44 22 alla
443 1382 82 21 städer.
556 1382 36 21 Då
607 1381 110 27 nämligen
733 1381 68 26 enligt
817 1381 26 21 de

88 1419 29 25 på
147 1417 296 27 kommunalförfattningens
474 1417 72 27 grund
571 1417 85 27 byggda
681 1416 161 26 valordningar,

86 1453 75 21 hvilka
179 1453 128 21 tillkommit
322 1452 46 21 före
385 1452 143 22 utfärdandet
544 1452 24 21 af
582 1452 155 26 förordningen
754 1451 42 21 den
814 1450 28 22 15

88 1488 94 27 Augusti
200 1488 64 27 1883,
280 1488 151 21 innefattande
442 1488 120 26 ändringar
573 1488 7 21 i
591 1486 253 23 kommunalförfattnin-

164 1528 163 28 Lagutskottets
343 1528 135 22 betänkande
493 1528 45 22 N:o
554 1529 19 21 5.
