1009 1739
435 163 22 20 U.
470 164 22 19 B.
504 174 24 3 —
540 163 62 24 Prop.
614 164 37 19 N:o
662 164 28 19 17.

645 222 15 27 8
676 223 20 20 4.

422 261 16 21 I
451 261 98 26 afseende
563 262 14 20 &
592 261 82 22 sädana
689 263 59 20 extra
764 261 98 28 länsting,
874 262 62 21 hvar-

388 301 33 15 om
432 295 10 21 i
452 295 69 22 denna
532 295 126 28 förordning
670 296 66 26 säges,
748 295 68 27 gäller
826 296 10 20 i
843 295 93 28 tillämp-

388 329 44 27 liga
454 329 60 22 delar
535 329 55 22 hvad
608 336 33 15 om
660 329 86 27 lagtima
761 329 104 28 länstings
879 337 57 14 sam-

388 363 150 28 mansättning,
558 363 110 22 arbetssätt
682 370 27 14 m.
725 370 26 14 m.
768 363 9 21 i
788 363 149 26 förstnämnda

387 396 34 27 lag
436 397 91 27 stadgas.
560 396 179 23 Omkostnaderna
753 397 36 26 för
804 399 58 20 extra
877 397 59 22 läns-

387 431 45 26 ting
446 430 104 22 bestridas
564 431 48 21 med
626 431 25 21 de
666 431 36 26 för
717 431 104 27 länstings
836 431 101 21 ändamål

388 464 101 27 anslagna
504 464 72 22 medel.

422 574 165 31 Förordning,
604 574 178 24 innefattande
800 574 136 24 förändrad

387 614 100 31 lydelse
501 614 39 24 för
552 614 36 24 40
603 614 16 31 &
637 614 9 24 i
658 614 182 30 förordningen
848 615 50 23 den
906 614 29 24 17

387 654 71 24 Mars
475 654 62 24 1879
554 654 133 30 angäende
704 654 132 24 allmänna
848 654 87 30 fattig-

386 694 98 23 värden
502 693 9 23 i
528 694 246 24 Storfurstendömet
791 693 115 24 Finland.

437 743 141 22 Oförändrad.

421 858 164 30 Förordning,
599 858 179 24 innefattande
791 858 93 31 tillägg
893 858 43 24 till

384 897 35 24 20
441 898 16 30 S
479 897 9 23 i
510 897 182 31 förordningen
710 898 50 23 den
777 898 17 24 6
811 898 124 24 Februari

386 936 61 24 1865
475 937 133 30 angäende
631 937 303 24 kommunalförvaltnin-

385 982 51 23 gen
454 976 32 30 pä
504 976 95 24 landet.

420 1037 76 21 Såsom
512 1037 72 28 tillägg
600 1037 33 22 till
647 1039 31 19 20
693 1037 15 28 $i
716 1037 167 28 förordningen
894 1039 40 20 den

387 1072 14 19 6
416 1071 105 21 Februari
535 1073 57 20 1865
608 1072 107 26 angäende
729 1071 205 26 kommunalförvalt-

384 1105 78 26 ningen
474 1105 33 26 pä
522 1105 69 22 landet
605 1106 76 21 varder
700 1105 122 27 härigenom
838 1105 98 28 stadgadt

384 1145 46 14 som
445 1139 74 27 följer:

419 1172 50 21 Den
486 1173 77 26 grund,
582 1173 105 26 hvarefter
704 1175 96 19 rösterna
814 1173 36 21 vid
864 1173 71 27 dylika

383 1213 154 20 gemensamma
554 1206 222 22 kommunalstämmor
790 1206 57 22 skola
862 1206 74 21 beräk-

385 1247 47 19 nas,
452 1240 122 21 bestämmes
594 1241 23 26 af
636 1241 103 26 länsting;
755 1240 51 21 dock
820 1240 53 21 skall
888 1240 47 21 dess

386 1274 66 21 beslut
470 1274 81 26 härom,
570 1275 35 25 för
620 1276 30 19 att
664 1274 66 21 lända
744 1274 32 21 till
791 1274 143 26 efterrättelse,

384 1315 75 20 genom
470 1307 136 22 Guvernören
613 1308 144 21 underställas
765 1308 100 21 Senatens
871 1308 63 27 pröf-

385 1342 52 27 ning
458 1342 36 21 och
516 1342 141 26 fastställelse.
688 1341 72 22 Skulle
778 1342 108 27 stridighet
901 1348 33 15 om

384 1376 95 21 nämnda
494 1375 198 28 beräkningsgrund
704 1382 74 21 yppas,
788 1375 98 28 antingen
897 1375 39 22 der

384 1410 70 21 sädan
468 1409 136 27 fastställelse
618 1409 44 22 icke
676 1409 106 22 utverkats
792 1409 50 22 eller
852 1409 37 21 ock
896 1409 39 21 der

384 1443 225 28 länstingsinrättning
627 1445 60 20 ännu
702 1444 20 27 ej
736 1443 69 24 finnes
819 1443 74 26 införd
907 1443 28 21 el-

247 1483 46 21 Lag-
306 1483 30 17 och
348 1483 170 18 Ekonomiutskottets
529 1484 104 16 betänkande
645 1483 36 17 N:o
694 1484 17 16 2:
