1009 1739
384 143 78 23 Ständ.
479 144 35 23 Sv.
532 157 25 3 —
575 145 68 28 Prop.
660 145 38 22 N:o
713 144 32 22 23.

313 207 48 24 stol,
384 207 8 20 i
414 208 76 20 stället
507 207 41 27 för
562 207 158 28 hufvudskrift,
732 207 73 28 förete
821 207 108 22 bevittnad

313 240 93 28 afskrift
429 241 27 28 af
478 242 130 26 densamma,
632 241 38 21 bör
686 242 72 21 tillika
780 242 93 27 styrkas,
896 245 33 18 att

313 274 176 27 hufvudskriften
505 277 27 19 är
548 276 34 20 till
598 276 104 27 stadgadt
718 276 74 27 belopp
805 277 31 26 på
851 279 78 25 stämp-

313 308 47 21 ladt
372 315 86 21 papper
472 309 97 28 skrifven
585 311 52 20 eller
653 310 37 21 ock
706 310 46 21 med
768 311 73 20 dervid
852 311 77 26 fästad

314 342 65 21 karta
404 343 96 27 försedd,
517 345 8 19 i
540 344 41 21 den
598 344 95 27 ordning
708 345 16 26 $
738 346 29 19 11
783 344 147 29 föreskrifver.

314 377 74 21 Skulle
412 377 58 21 detta
485 378 125 21 uraktlåtas
626 379 52 20 eller
693 379 71 27 någon
776 379 152 26 försummelse

308 411 126 27 Jörefinnas
450 413 8 19 i
474 412 88 28 hänsigt
578 413 35 20 till
628 413 188 27 hufvudskriftens
828 413 100 27 behöriga

312 445 119 28 kartering,
448 447 35 20 må
500 446 120 28 afskriften
630 446 73 28 förses
719 448 47 20 med
782 447 34 21 det
831 447 97 21 kartabe-

313 479 57 27 lopp,
387 486 43 15 som
447 481 13 20 å
477 480 179 28 hufvudskriften
672 481 84 21 brister.

380 513 67 29 Intyg
462 515 9 20 i
486 514 140 28 omförmäldt
641 515 101 25 afseende
758 516 38 20 bör
810 516 53 20 helst
874 516 55 20 med-

313 548 60 21 delas
396 549 8 19 i
424 550 50 20 stad
489 549 28 28 af
530 549 147 28 ordföranden
694 550 8 20 i
717 550 146 27 Magistraten
879 550 51 21 eller

312 582 74 21 dervid
408 584 89 20 anstäld
520 584 129 27 tjensteman
665 584 38 20 och
716 584 32 27 på
766 584 72 21 landet
853 584 27 28 af
892 585 37 20 do-

313 623 65 19 mare,
406 617 141 27 presterskap
570 618 52 20 eller
646 617 156 26 kronobetjent;
824 618 105 20 skolande

313 651 72 20 andra
407 651 54 27 gode
476 654 57 23 män,
550 658 44 14 som
609 651 195 28 sannfärdigheten
821 651 106 28 bestyrka,

307 686 67 26 jemte
396 689 88 17 namnet
507 688 82 18 utsätta
612 686 35 20 sin
669 686 123 27 befattning
816 686 52 20 eller
891 686 39 20 sitt

312 718 52 28 yrke
379 719 37 21 och
433 719 95 21 hemvist.

586 784 14 26 $
616 784 34 20 19.

381 828 96 21 Domare
500 828 38 22 och
554 836 76 14 annan
647 830 136 26 tjensteman,
800 836 43 14 som
859 829 71 20 under

312 862 104 28 utöfning
438 863 28 28 af
484 864 35 20 sin
542 863 123 27 befattning
687 866 116 24 emottager
822 862 107 21 enskildes

313 896 91 28 skrifter
426 898 39 20 och
481 898 141 27 handlingar,
641 904 93 14 ansvare
745 897 40 28 för
800 898 64 20 deras
879 897 49 20 kar-

315 931 75 26 tering,
407 931 38 21 der
461 932 75 25 sådan,
553 932 68 27 enligt
636 938 29 14 nu
684 932 122 20 meddelade
817 927 115 36 föreskrif-

314 967 38 23 ter,
376 965 48 20 bort
444 973 39 20 ega
499 972 54 15 rum.
583 965 37 21 Då
635 965 57 20 slika
708 965 92 26 skrifter
816 965 113 26 inlemnas,

314 999 85 27 åligger
422 999 36 21 det
474 1000 77 27 derför
568 1000 42 20 den
626 999 151 28 emottagande
793 1000 137 27 tjensteman-

314 1039 42 14 nen
370 1035 33 18 att
418 1036 75 25 genast
502 1033 170 28 tillkännagifva
681 1033 107 21 huruvida
797 1034 69 26 någon
876 1033 55 20 brist

314 1067 8 19 i
337 1066 140 29 karteringen
488 1068 130 27 förefinnes,
635 1067 79 21 hvilket
730 1068 133 20 inlemnaren
873 1067 58 21 skall

314 1101 68 20 ställa
398 1102 34 27 sig
448 1102 36 21 till
499 1102 150 25 efterrättelse,
666 1101 53 21 dock
735 1101 47 21 med
794 1101 74 21 honom
880 1101 51 21 lem-

314 1135 46 20 nad
382 1138 46 18 rätt
452 1139 38 23 att,
514 1137 8 19 i
532 1136 47 27 fall
599 1137 43 20 han
660 1143 64 13 anser
739 1136 39 20 den
789 1135 141 27 föreskrifna

314 1169 140 28 karteringen
470 1177 52 14 vara
538 1171 86 27 oriktig,
642 1170 98 27 deröfver
756 1170 65 27 klaga
837 1169 37 21 hos
889 1169 40 21 den

314 1203 132 28 myndighet,
470 1205 67 20 under
559 1205 86 21 hvilken
668 1205 170 26 tjenstemannen
862 1204 68 27 lyder.

315 1237 134 28 Ansökning,
473 1245 50 20 som,
543 1240 8 19 i
566 1240 48 20 stöd
630 1239 30 27 af
672 1239 56 20 hvad
738 1238 193 28 författningerne

314 1272 9 19 i
338 1273 57 19 vissa
406 1272 48 26 fall
469 1273 80 25 tillåta,
564 1274 71 20 under
651 1273 83 27 omslag
750 1273 108 25 insändes,
875 1273 57 20 bör
922 1268 14 36 i

315 1306 74 27 vanlig
406 1307 93 27 ordning
513 1308 131 27 föreläggas
659 1307 161 21 vederbörande
834 1307 99 28 myndig-

314 1339 41 27 het,
377 1347 51 20 som,
445 1341 8 20 i
473 1341 101 21 händelse
589 1343 67 26 något
670 1342 8 20 i
693 1341 173 26 handlingarnes
882 1341 48 20 kar-

315 1375 71 27 tering
410 1375 95 27 befinnes
522 1376 112 26 åsidosatt,
648 1376 96 27 pröfvar
760 1375 56 21 hvad
830 1375 102 27 afseende

314 1409 14 19 å
344 1409 150 28 ansökningen
511 1410 78 27 hafvas
606 1411 41 20 må.

383 1443 67 21 Hvad
472 1444 94 21 sålunda
587 1451 33 14 om
638 1445 139 27 tjenstemans
792 1443 141 28 ansvarighet
