1009 1739
363 157 79 22 Ständ.
459 157 37 24 Sv.
513 170 27 3 —
556 158 70 27 Prop.
646 159 38 21 N:o
699 157 34 23 27.

311 218 35 27 för
360 219 54 27 flera
436 221 112 26 månader,
573 221 66 21 Ukväl
654 220 63 22 alltid
732 221 35 26 för
782 221 42 27 full
840 219 86 22 månad.

382 249 63 32 Öfver
466 255 43 21 den
531 255 78 22 skedda
631 255 166 28 inbetalmingen
819 255 36 21 bör
876 261 52 21 upp-

311 287 156 23 Vördsmannen
486 289 71 22 lemma
572 290 116 27 gvittenser
704 290 12 20 &
733 290 83 27 tryckta
832 289 95 22 Vlanket-

312 324 36 24 ter,
364 330 44 14 som
423 323 8 21 i
446 324 52 21 män
514 324 28 27 af
554 324 64 27 behof
630 324 27 27 af
668 324 258 27 Finansezpeditionen
914 319 15 36 i

310 357 95 22 Senaten
421 358 116 21 tillsändas
553 359 167 21 Guvernörerne
735 359 36 26 för
786 360 32 19 att
828 358 98 21 kronans

309 391 158 27 uppdördsmän
478 393 8 20 i
496 393 106 22 Städerne
613 393 187 26 tillhandahållas,
810 393 36 21 och
854 393 72 20 hvilka

310 426 118 21 blanketter
450 427 50 21 böra
523 428 115 21 innehålla
661 428 95 20 erinran
778 434 32 14 om
832 427 94 27 behörigt

310 460 138 28 iakttagande
464 462 28 26 af
503 462 57 21 hvad
575 462 85 22 allmän
676 462 34 28 lag
721 462 36 20 och
768 461 105 22 särskilda
881 461 45 27 för-

308 495 128 28 fattningar
451 496 7 21 i
474 496 99 27 afseende
588 497 14 21 &
617 496 105 22 utländsk
743 496 79 22 handel
844 496 81 27 stadga.

377 530 103 22 Beträdes
502 531 71 21 sådan
595 531 44 21 icke
658 531 58 27 finsk
730 531 134 28 medborgare
879 530 46 21 med

308 565 34 19 att
356 564 59 21 inom
438 565 76 21 landet
534 566 71 21 under
628 566 76 28 längre
720 566 30 20 tid
766 568 30 18 än
812 567 30 19 tre
858 566 68 26 dagar

308 598 54 27 efter
376 599 36 21 sin
426 600 102 21 hitkomst
543 600 63 28 bjuda
622 602 27 20 ut
663 600 51 22 eller
729 600 59 22 sluta
803 600 79 22 handel
892 606 32 14 om

308 633 118 22 utländska
440 642 72 19 varor,
528 637 56 19 utan
600 637 33 19 att
648 635 68 27 hafva
729 635 42 21 den
781 634 99 28 stadgade
891 635 34 19 ut-

305 668 71 27 yiften
398 668 112 29 behörigen
532 670 74 27 erlagt,
623 670 43 20 Vöte
682 669 105 28 afyiftens
802 669 70 27 belopp
888 668 36 21 och

307 702 65 22 betale
388 704 58 20 ändå
461 704 69 21 såsom
545 704 103 27 ofvanför
663 704 63 28 sagdt
740 706 32 19 är.
799 702 123 28 Förbrytel-

306 744 34 14 ser
362 738 96 22 häremot
480 740 107 26 upptagas
606 739 28 27 af
647 739 176 25 Poliskammare,
839 739 37 20 der
891 738 33 20 så-

306 772 46 21 dan
367 772 77 28 finnes,
460 774 37 21 och
513 774 59 27 eljest
582 774 28 27 af
617 774 85 21 allmän
717 774 98 26 domstol;
831 774 36 20 och
878 773 44 27 för-

306 806 59 22 delas
379 808 25 20 de
418 808 91 22 ådömda
532 808 87 22 böterna
639 808 43 21 lika
700 808 91 21 emellan
806 808 116 28 åklagaren

306 841 36 21 och
358 842 24 20 de
397 842 85 28 fattiga.

374 875 128 23 Enahanda
519 877 135 27 stadganden
668 876 57 28 gälle
736 876 80 25 jemväl
831 876 89 28 uppbör-

306 910 42 20 den
363 910 28 27 af
402 910 42 22 den
454 911 68 27 afgift
531 911 153 28 utländingar,
695 918 44 14 som
749 911 112 21 härstädes
872 911 50 21 idka

306 951 80 14 annan
401 946 83 27 näring
499 948 31 18 än
545 946 85 25 handel,
647 946 69 27 enligt
730 946 16 20 2
758 953 60 13 mom.
834 947 15 26 $
861 946 13 20 1
884 948 40 19 äro

304 979 164 27 underkastade,
486 980 46 21 med
547 980 41 21 den
604 979 112 22 ätskilnad
731 981 33 20 att
779 980 93 27 afgiften
887 980 35 27 för

304 1013 74 28 hvarje
400 1014 82 21 månad
504 1014 38 27 får
563 1015 133 20 inlevereras
706 1014 81 27 jemväl
803 1014 33 21 till
850 1015 71 20 veder-

303 1047 94 22 Vörande
411 1048 229 27 kronoupplördsman
651 1049 33 26 pä
700 1049 78 21 landet.

371 1081 35 22 De
416 1083 95 21 sälunda
521 1083 87 28 erlagda
619 1083 84 21 medlen
714 1083 80 27 äligger
801 1083 34 21 det
842 1083 77 20 krono-

302 1116 206 27 upplördsmannen
530 1119 38 24 att,
591 1117 73 21 under
687 1117 45 21 titel
754 1117 165 28 näringsbevill-

302 1150 56 28 ning
380 1151 28 27 af
426 1151 116 22 utländske
566 1151 133 26 handlande,
723 1151 197 27 handelsexpediter

302 1185 36 20 och
353 1185 177 28 näringsidkare,
546 1186 68 21 såsom
628 1185 75 22 andra
718 1185 133 22 kronomedel
866 1185 8 22 i
890 1185 31 22 be-

301 1219 61 28 hörig
378 1219 95 28 ordning
488 1220 35 21 till
538 1220 70 21 länets
622 1220 89 21 ränteri
727 1219 97 22 leverera.

233 1258 105 21 Finlands
354 1259 93 22 Ständer
463 1260 123 21 framhärda
603 1262 40 19 etc.

233 1298 141 27 Helsingfors,
391 1301 41 20 den
448 1301 28 20 22
492 1301 42 26 Maj
552 1301 62 21 1885.

292 1465 117 22 Helsingfors,
423 1467 16 16 J.
453 1467 65 17 Simelii
532 1468 96 20 arfvingars
641 1468 85 20 tryckeri,
743 1469 46 15 1885.
