1009 1739
197 151 27 20 20
502 148 40 23 N:o
557 149 39 23 23.

221 249 33 23 för
269 249 122 23 handlande
407 251 41 22 och
462 250 112 22 fabrikant
597 266 5 5 .

221 284 34 22 för
269 291 71 15 annan
355 285 91 28 borgare
526 301 5 6 .
742 301 4 5 .

192 319 247 28 Fartygsförpassning
442 319 47 22 frän
505 301 158 44 tullksrmare,
679 301 69 45 iögi-

222 355 84 24 strats-,
329 353 56 22 folk-
406 354 53 22 eller
479 355 85 27 sjöpass
580 353 111 24 äfvensom
706 353 42 28 sjö-

222 388 129 22 mansrulla
341 384 12 36 ;

252 423 22 27 a)
288 423 34 21 för
338 423 82 22 utrikes
437 423 85 27 gående
536 423 83 28 fartyg:

277 457 67 23 finskt
361 458 41 22 och
416 458 68 28 ryskt,
501 458 95 22 däckadt
634 474 4 5 .
671 473 4 5 .
707 472 5 6 .
742 472 6 7 .

442 509 9 8 n
478 488 13 37 =
501 492 111 22 Odäckadt
635 508 5 5 .

278 509 115 39 utländskt
416 542 4 6 E

253 560 21 26 0)
290 560 32 23 för
337 561 80 22 inrikes
433 562 53 22 eller
502 561 33 22 till
546 542 108 48 Ryssland
665 541 85 47 gående

279 595 81 28 fartyg:

278 630 111 22 däckadt
379 626 15 36 .

278 664 110 22 odäckadt

196 698 128 28 Patentbref
333 699 98 22 karteras
446 701 30 25 pä
491 682 45 39 sätt
551 705 34 16 om
599 680 155 46 privilegiibref
765 692 1 5 |

225 734 6 20 i
247 739 64 16 mom.
330 736 10 19 1
357 736 25 19 är
398 734 109 28 stadgadt.

197 767 165 28 Pensionsbref:

229 804 33 20 1:0
286 803 36 22 vid
341 802 77 23 afsked
437 803 47 22 från
507 803 85 22 embete
613 802 53 23 eller
686 802 67 28 tjenst

254 837 50 22 med
324 838 92 26 pension
434 844 26 15 ur
478 838 101 26 kronans,
599 838 72 26 nägon
690 837 62 21 stads

256 872 54 22 eller
330 878 71 16 annan
417 872 79 22 allmän
512 873 72 25 kassa,
602 879 26 15 en
643 872 47 21 half
702 877 50 21 pro-
766 893 2 3 :

255 908 51 20 cent
324 906 22 22 af
360 906 210 28 pensionsbeloppet
584 906 34 22 för
634 908 32 20 ett
680 906 33 26 är;

226 942 34 20 2:0
278 941 13 21 &
300 941 91 27 pension
402 948 25 15 ur
437 940 249 28 krigsmanshusfonden,
696 942 57 19 samt

254 974 35 23 för
312 975 57 22 enka
392 975 40 22 och
455 975 53 22 barn
532 975 56 22 efter
603 975 93 22 embets-
712 974 56 32 och
756 970 14 40 |

255 1009 133 28 tjensteman
410 1010 37 21 vid
466 1010 86 21 landets
570 1010 96 26 militär-,
687 1009 65 26 civil-,
767 1037 2 2 |

255 1045 58 20 samt
328 1044 140 22 ecklesiastik
484 1044 41 22 och
541 1044 124 26 skolstater,
682 1043 72 22 äfven-
767 1063 2 12 |

255 1084 49 15 som
319 1078 13 21 ä
347 1079 99 26 pension,
464 1085 48 16 som
528 1079 56 21 enka
600 1078 41 22 och
655 1078 54 21 barn
720 1084 32 15 er-
767 1076 2 6 |

254 1112 60 22 hålla
329 1119 27 15 ur
373 1113 27 21 de
416 1112 24 23 af
453 1113 159 27 borgerskapet
622 1113 7 21 i
640 1112 58 22 vissa
708 1113 46 20 stä-

255 1147 40 22 der
310 1147 112 22 inrättade
437 1147 220 26 understödskassor,
673 1149 37 19 äro
721 1146 33 22 för

255 1181 120 27 stämpladt
395 1188 84 21 papper
494 1181 46 28 fria,
557 1181 67 28 enligt
645 1181 5 28 $
668 1183 25 20 14
709 1186 45 16 mo-

255 1217 84 20 mentet
356 1218 38 24 19;

227 1251 35 21 3:0
280 1251 12 20 &
308 1252 61 19 extra
384 1251 117 26 pensioner
517 1250 40 22 och
573 1250 67 21 andra
651 1256 26 15 ur
687 1251 67 20 stats-

256 1285 86 22 medlen
358 1285 110 26 utgäende
486 1284 225 27 understöds-anslag,
723 1283 31 22 äf-

255 1325 91 16 vensom
362 1314 15 36 &
407 1319 95 22 tillskott
526 1319 34 22 &i
575 1318 179 27 författningarne

256 1353 142 22 föreskrifven
415 1354 98 27 pension,
524 1355 40 20 när
574 1353 100 27 anslaget
685 1352 69 23 öfver-

256 1388 69 27 stiger
345 1389 43 20 200
403 1389 63 21 mark
480 1388 34 22 för
530 1389 52 26 äret,
599 1390 14 19 4
628 1389 90 26 procent
733 1387 23 22 af

256 1422 52 22 dess
323 1423 91 28 belopp;

227 1458 34 20 4:0
278 1456 34 22 för
327 1457 43 21 alla
385 1457 69 28 öfriga
470 1463 110 21 personer,
592 1457 22 22 af
623 1457 57 21 hvad
690 1462 64 16 namn

813 251 40 20 100

824 286 26 19 25

842 493 9 19 =

843 631 10 19 —-

892 664 26 20 50
