1009 1739
281 154 79 23 Ständ.
377 155 36 22 Sv.
430 167 27 3 —
473 155 71 27 Prop.
560 155 40 22 N:o
616 155 31 21 21.
791 156 11 19 7

145 216 140 22 Beträffande
302 217 78 26 frägan
398 224 34 14 om
449 217 159 27 pensionering
624 217 23 22 af
661 217 72 22 lärare
750 218 39 21 och
801 217 30 22 lä-

74 250 102 21 rarionor
193 250 37 21 vid
246 250 116 21 städernas
378 251 134 26 folkskolor,
528 251 123 22 innehäller
666 252 166 27 propositionen

74 287 31 18 ett
120 284 84 27 förslag
220 284 33 21 till
270 284 138 27 stadganden
424 285 6 20 i
447 287 83 24 ämnet,
546 285 144 28 hvarigenom
706 286 7 20 i
729 285 61 22 detta
800 286 31 21 af-

74 318 82 21 seende
180 318 115 22 städernas
319 319 278 26 folkskollärarepersonal
614 320 87 21 komme
718 323 31 19 att
764 321 6 20 i
788 320 43 21 huf-

74 352 86 21 vudsak
181 353 111 21 likställas
309 353 48 20 med
374 353 41 21 den
432 354 29 27 pä
476 353 82 22 landet.
590 354 48 21 Den
654 355 102 21 enskilde
772 355 59 21 lära-

73 393 39 14 ren
130 387 40 21 och
186 387 126 21 lärarinnan
330 387 72 21 skulle
418 387 37 21 vid
472 387 198 28 afskedstagandet
680 388 84 21 erhälla
774 395 57 15 sam-

75 427 35 14 ma
133 421 187 27 pensionsbelopp
343 421 7 20 i
366 421 78 21 staden
461 427 46 15 som
525 422 29 26 pä
569 421 81 26 landet,
667 422 41 21 och
725 422 26 21 de
768 422 62 28 skilj-

74 454 126 27 aktigheter
222 454 49 21 från
295 454 71 27 öfriga
384 454 34 22 för
434 455 205 27 lärarepersonalen
656 455 6 21 i
678 455 124 22 folkskolor
818 456 13 20 &

74 488 77 22 landet
174 488 102 27 gällande
298 488 280 28 pensionsbestämningar,
603 496 47 14 som
672 489 27 21 de
723 496 28 14 nu
774 489 56 21 före-

73 522 79 28 slagna
177 522 152 27 stadgandena
351 522 120 26 innehälla,
496 523 52 21 bero
572 523 32 21 till
625 526 82 19 största
722 523 63 22 delen
802 524 28 26 pä

76 556 42 21 den
134 556 120 21 afvikande
270 557 105 27 ställning
391 556 105 22 städerna
512 558 76 26 iutaga
599 557 171 21 vidkommande
781 558 49 21 sina

74 590 124 21 folkskolor
208 591 41 21 och
261 590 64 22 deras
336 591 122 21 underhäll.
489 592 37 20 Dä
536 591 105 22 städerna
652 598 41 21 ega
704 598 26 14 en
742 591 86 27 ganska

74 627 46 19 stor
135 624 66 22 frihet
216 628 32 18 att
259 625 69 21 ordna
338 625 220 21 folkskoleväsendet
570 626 30 21 uti
611 626 140 26 kommunen,
762 632 67 21 synes

76 658 37 22 det
128 658 64 22 äfven
209 659 78 27 billigt,
304 662 31 18 att
350 659 27 21 de
393 659 7 21 i
416 660 71 26 någon
504 660 50 20 män
572 660 121 21 medverka
704 660 32 21 till
747 660 81 21 lärare-

75 693 143 27 personalens
238 693 162 27 pensionering,
418 693 67 21 ehuru
501 694 14 20 å
530 693 70 21 andra
615 693 63 21 sidan
695 696 70 19 staten
784 694 44 25 bör,

74 726 6 21 i
104 726 96 26 enlighet
232 726 51 22 med
312 726 57 21 hvad
401 728 40 19 den
466 727 84 27 nädiga
572 727 165 27 propositionen
763 728 65 21 äfven

74 760 100 28 föreslär,
194 760 50 21 icke
259 761 93 21 allenast
368 760 93 27 bidraga
476 760 52 22 med
543 761 68 27 nägot
626 761 110 21 bestämdt
752 761 77 21 under-

73 794 56 25 stöd,
152 797 51 18 utan
228 795 40 21 ock
292 797 51 24 taga
367 794 49 22 hela
436 795 255 27 pensionsinrättningen
708 795 68 21 under
792 795 38 21 sitt

73 829 56 25 hägn
153 828 39 21 och
216 829 33 20 sin
266 828 92 27 garanti.
390 829 43 21 Det
448 828 73 28 ärliga
536 829 79 27 bidrag
631 829 32 21 till
679 829 151 27 pensionerin-

73 869 49 20 gen,
146 868 46 16 som
214 862 104 22 städerna
334 862 86 22 komme
436 865 32 19 att
483 863 79 26 lemna,
579 863 71 21 blefve
666 863 110 21 dessutom
793 870 36 14 en-

74 896 41 27 ligt
144 896 174 28 propositionen,
348 896 25 21 sä
402 898 70 25 ringa,
502 899 32 19 att
564 896 123 22 detsamma
716 897 29 27 pä
775 897 55 21 intet

74 931 33 21 vis
130 930 71 22 skulle
225 930 75 22 kunna
326 937 66 15 anses
413 931 97 26 betunga
526 930 26 22 de
568 931 128 26 respektiva
711 930 117 22 städernas

73 964 112 27 budgeter.

142 998 29 21 Af
181 998 163 27 propositionen
356 998 97 27 framgär
464 998 50 21 icke
526 998 134 27 fullkomligt
668 998 87 28 tydligt,
765 998 63 22 huru-

74 1031 51 22 vida
133 1031 43 22 den
185 1032 31 21 uti
224 1036 9 21 $
244 1032 40 21 135
293 1032 6 21 i
308 1032 278 27 folkskoleförordningen,
596 1032 68 21 sådan
672 1033 73 20 denna
751 1037 9 21 $
767 1032 61 27 lyder

72 1066 71 27 enligt
157 1065 156 28 förordningen
329 1066 23 21 af
362 1067 41 20 den
414 1067 27 20 28
452 1066 52 21 Juni
517 1068 61 24 1883,
591 1066 107 27 stadgade
709 1066 119 21 inskränk-

72 1100 54 27 ning
141 1100 7 21 i
164 1099 131 28 rättigheten
312 1103 32 18 att
358 1100 84 26 äinjuta
458 1101 92 26 pension
567 1101 65 20 äfven
648 1101 57 20 skall
717 1100 111 27 tillämpas

74 1134 13 21 å
102 1134 172 21 folkskollärare
291 1134 40 21 och
348 1134 124 21 lärarinnor
488 1135 6 20 i
512 1134 104 21 städerna
627 1135 59 25 eller,
699 1133 49 22 med
759 1133 70 22 andra

72 1169 45 24 ord,
133 1174 34 15 om
184 1167 78 22 endast
277 1167 27 22 de
319 1169 72 21 lärare
403 1168 39 21 och
454 1168 125 21 lärarinnor
591 1168 6 21 i
609 1168 111 26 städerna,
732 1174 46 15 som
790 1173 39 20 ge-

74 1201 100 27 nomgätt
196 1201 140 22 seminarium
359 1202 53 21 eller
438 1201 76 22 kunha
530 1201 68 22 förete
615 1203 62 26 intyg
693 1202 23 21 af
730 1201 98 21 direktor

74 1235 33 21 för
130 1235 141 21 seminarium
295 1235 60 22 öfver
378 1235 82 27 nödiga
483 1236 130 27 kunskaper
637 1237 40 20 och
693 1235 136 26 skicklighet

74 1271 32 19 att
128 1269 113 21 folkskola
257 1268 85 26 förestä,
360 1269 64 21 skola
440 1269 69 21 blifva
526 1269 137 28 berättigade
679 1269 33 22 till
728 1269 100 27 pension.

73 1302 122 21 Ständerna
204 1302 64 22 hafva
278 1303 124 21 emellertid
411 1305 73 19 ansett
492 1303 35 27 sig
535 1309 41 20 ega
586 1303 49 21 skäl
644 1306 88 25 antaga,
742 1304 32 19 att
782 1308 46 21 pro-

72 1336 124 27 positionen
213 1336 67 22 afsett
295 1339 31 19 att
336 1337 28 21 de
377 1337 7 20 i
395 1337 97 21 nämnda
502 1341 10 21 $
524 1337 24 21 af
557 1336 270 27 folkskoleförordningen

72 1369 114 22 bestämda
204 1370 96 27 grunder
316 1370 33 21 för
365 1371 159 27 pensionering
541 1371 71 21 skulle
629 1371 6 20 i
652 1371 73 22 denna
741 1369 36 22 del
794 1370 34 21 til-

72 1403 85 28 lämpas
174 1404 63 21 äfven
254 1405 29 26 pä
298 1404 117 22 städernas
431 1405 172 21 folkskollärare
620 1405 38 21 och
675 1404 131 22 lärarinnor.
