1009 1739
312 159 24 19 U.
349 159 23 19 B.
384 169 22 4 —
419 159 62 23 Prop.
494 159 38 18 N:o
546 159 28 18 17.
776 158 23 18 83

266 216 104 28 Kejsaren
396 216 37 21 och
455 216 135 26 Storfursten
611 215 122 27 framställa
756 215 63 22 önsk-

266 250 106 28 ningsmål
390 250 9 21 i
413 251 94 20 ärenden
522 250 57 21 inom
594 250 96 21 området
704 249 26 26 af
743 250 76 27 tingets

267 284 123 27 befogenhet.

301 318 45 21 För
368 318 25 21 de
416 318 23 26 af
458 318 114 27 länstinget
586 317 106 22 beslutade
706 318 113 27 åtgärder-

266 358 39 15 nas
327 352 114 27 bringande
459 352 10 21 i
482 351 155 28 verkställighet
651 352 36 20 må
702 351 65 28 tinget
781 351 37 22 hos

269 386 210 27 länstingsområdets
501 386 102 21 invånare
625 387 97 20 uttaxera
740 385 78 28 nödiga

267 420 66 21 medel
347 421 9 19 i
370 420 40 21 den
425 420 92 27 ordning
533 421 67 20 denna
617 420 34 26 lag
665 420 92 26 stadgar.

508 482 16 28 $
540 483 36 20 28.

301 522 54 21 Lika
377 522 91 27 lydande
492 528 45 15 som
560 522 11 27 $
587 522 27 22 29
630 522 6 21 i
652 522 168 27 propositionen,

268 557 90 21 förutom
379 558 33 20 att
425 556 7 21 i
448 556 59 21 förra
522 556 112 27 meningen
650 556 24 22 af
688 556 49 21 dess
752 556 68 21 andra

269 597 61 15 mom.
348 591 61 21 ordet
428 590 140 28 ,aflemnadt*
588 590 81 28 utbytts
690 592 44 19 mot
752 590 66 21 orden

268 624 88 21 insändt
374 624 49 21 eller
437 624 94 26 ingifvet,
550 624 38 21 och
606 624 128 27 hänvisning
752 624 68 27 gjorts

268 659 33 21 till
317 658 15 28 $
348 659 29 19 43
391 658 8 21 i
414 660 26 19 st.
456 658 14 21 f.
486 658 34 21 till
543 658 5 27 $
563 659 35 25 44,
614 660 56 19 samt
684 660 32 19 att
726 658 6 21 i
744 664 76 15 senare

268 693 111 26 meningen
396 692 66 22 orden
478 692 86 27 ,sävida
576 692 74 26 frågan
666 692 61 21 icke"
740 694 80 20 ersatts

269 727 47 21 med
332 726 74 21 såvida
422 726 18 26 ej
454 726 87 27 frågan.

510 788 15 28 8
540 790 38 19 29.

304 828 34 21 Pä
360 828 233 27 föredragningslistan,
616 834 44 15 som
682 828 9 20 i
708 828 113 27 samlings-

270 864 89 19 rummet
382 862 78 27 ansläs,
484 862 106 27 uppföras
604 862 80 26 främst
698 862 26 21 de
738 862 84 27 frägor,

270 903 44 15 som
337 896 68 26 blifvit
427 896 24 26 af
469 896 91 22 Senaten
577 896 32 22 till
624 896 113 28 länstinget
752 896 69 26 öfver-

271 930 104 26 lemnade;
399 930 91 27 derefter
512 930 52 27 från
586 931 126 27 föregående
728 931 94 27 länsting

270 964 129 27 uppskjutna
421 965 104 25 ärenden;
548 965 72 20 vidare
641 965 24 26 af
685 965 137 21 Guvernören

272 999 150 26 öfverlemnade
444 998 83 27 förslag
545 1000 54 20 samt
612 999 98 27 slutligen
725 999 24 26 af
764 999 58 22 läns-

271 1033 101 26 utskottet,
402 1032 100 21 kommun
528 1033 49 20 eller
602 1033 121 27 fullmäktig
748 1033 72 21 väckta

271 1067 81 27 frågor.

306 1101 125 27 Länstinget
454 1101 124 21 bestämmer
600 1101 9 21 i
630 1102 66 26 öfrigt
716 1101 51 26 sjelf
788 1101 35 22 sin

272 1135 164 27 arbetsordning.

512 1198 15 27 $
547 1199 34 20 30.

305 1238 53 21 Lika
374 1238 48 21 med
438 1237 11 28 $
466 1239 26 20 31
509 1239 6 20 i
532 1238 165 27 propositionen.

513 1300 15 27 $
543 1301 33 20 31.

306 1340 53 21 Lika
374 1340 47 21 med
438 1339 11 28 $&
465 1340 28 21 32
509 1340 7 21 i
531 1339 167 28 propositionen.

513 1401 16 28 $
544 1403 36 19 32.

305 1441 54 21 Lika
374 1441 47 22 med
438 1441 12 28 $
465 1441 29 22 33
510 1441 6 21 i
532 1441 165 27 propositionen.

135 1481 45 21 Lag-
192 1482 30 16 och
234 1481 169 17 Ekonomiutskottets
414 1480 105 18 betänkande
532 1481 35 16 N:o
579 1481 17 16 2.
