1009 1739
207 135 26 20 14
416 134 23 23 U.
456 135 22 25 B.
494 145 30 6 —
540 135 63 28 Prop.
620 135 38 22 N:o
674 134 30 24 21.

176 190 64 21 skuld
255 189 133 22 fortfarande
403 191 87 26 qvarstå
507 191 29 26 på
550 197 27 15 en
592 191 64 27 plats,
672 191 39 21 der
726 191 95 21 arbetets
836 189 100 28 mycken-

175 224 38 21 het
227 224 49 21 icke
290 231 46 15 mer
349 226 120 20 motsvaras
484 225 23 21 af
522 225 63 21 deras
599 224 89 22 krafter.

245 258 48 21 Den
307 258 148 27 utsträckning
470 259 7 20 i
491 259 179 27 pensionsrätten,
688 265 46 15 som
744 258 113 22 Utskottet
872 258 63 22 ofvan

175 291 118 28 föreslagit,
309 292 69 26 torde,
398 299 34 14 om
447 293 123 21 densamme
586 293 23 21 af
621 293 85 26 Regent
721 293 41 21 och
778 293 92 21 Ständer
884 293 52 26 god-

175 326 89 26 kännes,
280 326 108 27 sjelffallet
402 326 53 21 böra
471 327 109 26 tillämpas
595 327 62 21 äfven
672 326 34 22 för
717 326 163 22 folkskollärare
896 327 40 21 och

175 360 121 21 lärarinnor
322 359 28 28 på
374 361 79 21 landet.
490 361 77 21 Denna
589 361 126 26 förändring
738 361 68 21 borde
830 363 60 19 möta
912 360 24 22 så

176 394 86 27 mycket
272 394 82 21 mindre
365 395 177 27 betänkligheter,
559 401 46 15 som
614 401 77 21 genom
701 394 79 28 nådiga
793 395 143 27 kungörelsen

178 428 22 21 af
215 429 40 20 den
272 429 26 21 29
315 428 124 27 September
455 430 55 20 1880
526 429 110 21 allaredan
652 429 104 27 stadgats,
772 431 33 19 att
820 429 46 27 ,vid
881 429 55 21 folk-

177 462 61 22 skola
253 462 28 27 på
296 462 80 26 landet,
392 469 44 15 som
452 462 94 28 åtnjuter
562 463 75 27 anslag
651 462 24 22 af
688 463 107 22 allmänna
810 463 75 26 medel,
901 462 36 22 må

177 496 34 21 till
227 496 107 21 ordinarie
349 496 69 22 lärare
434 497 52 21 eller
500 497 109 21 lärarinna
624 499 90 25 antagas
728 497 76 21 endast
820 498 47 25 den,
891 504 45 15 som

177 530 125 27 genomgått
317 530 173 22 folkskollärare-
505 531 53 21 eller
572 531 247 22 lärarinneseminarium
834 532 52 20 eller
896 532 40 21 ock

174 564 68 28 jemte
272 565 64 27 betyg
361 565 59 21 öfver
444 565 118 27 behörigen
590 565 122 27 godkända,
739 566 57 20 inför
820 566 117 21 seminarii-

177 599 171 27 lärarepersonal
364 599 84 27 aflagda
462 599 160 27 kunskapsprof
639 600 7 20 i
663 600 43 21 alla
721 600 34 20 till
770 606 26 14 en
812 599 125 27 fullständig

178 633 161 22 seminariikurs
360 634 96 20 hörande
478 635 78 19 ämnen
578 633 81 21 företer
677 633 24 22 af
715 634 97 21 direktor
825 634 34 20 för
874 634 62 21 semi-

176 667 85 21 narium
277 667 111 21 utfärdadt
402 668 59 26 intyg
477 667 60 22 öfver
552 668 128 26 erforderlig
691 668 129 26 skicklighet
836 670 32 19 att
882 668 56 21 folk-

178 701 61 22 skola
254 701 87 26 förestå,
364 701 120 27 ådagalagd
502 708 78 20 genom
594 702 117 26 fullgjorda
727 702 98 27 öfningar
840 702 52 21 eller
906 702 32 21 af-

177 736 66 27 lagda
257 735 50 28 prof
320 736 8 20 i
343 736 133 21 seminariets
490 736 163 21 normalskola.*
683 736 47 21 Den
752 736 121 21 utsträckta
887 742 51 21 pen-

178 770 131 28 sionsrättan
332 770 68 21 skulle
422 770 90 21 sålunda
534 770 177 27 tillgodokomma
736 770 78 21 endast
836 770 26 21 de
885 771 53 26 jem-

177 804 112 22 förelsevis
304 804 22 21 få
343 804 163 21 folkskollärare
522 804 40 21 och
577 804 120 21 lärarinnor
712 804 28 27 på
755 804 79 27 landet,
858 804 80 26 hvilka,

177 840 54 20 utan
254 840 33 20 att
308 838 28 27 på
359 838 63 22 ofvan
437 838 87 22 anfördt
540 840 42 19 sätt
598 837 65 22 hafva
678 838 131 27 ådagalagdt
824 839 46 21 sina
884 839 55 21 kun-

177 872 85 28 skaper,
278 872 54 21 efter
347 873 141 26 tjenstgöring
503 872 69 21 under
587 874 77 20 tvenne
682 872 80 27 profår,
782 873 67 21 redan
863 872 76 22 vunnit

177 906 43 22 fast
243 906 129 28 anställning
394 907 36 20 vid
450 906 128 22 folkskolan.
610 906 76 27 Någon
702 906 114 28 tillökning
831 907 7 21 i
854 907 36 21 det
905 907 34 22 till

177 941 159 21 folkskolornas
360 940 28 27 på
412 941 73 20 landet
510 940 113 21 underhåll
649 946 50 21 nyss
724 940 116 21 förordade
864 941 75 26 anslag

178 975 70 21 blefve
271 975 47 21 icke
331 969 77 27 heller
430 975 22 21 af
473 975 71 21 nöden
566 975 33 21 för
616 975 144 21 instundande
775 974 163 27 budgetperiod,

178 1009 138 21 alldenstund
341 1009 41 21 den
406 1009 65 26 utgift
497 1015 46 15 som
565 1009 41 21 den
629 1009 116 26 utvidgade
767 1009 173 26 pensionsrätten

178 1043 70 22 skulle
271 1043 67 21 under
357 1043 93 21 nämnda
464 1043 32 21 tid
511 1042 34 21 för
560 1042 131 22 statsverket
706 1043 103 26 medföra,
832 1043 108 21 sannolikt

178 1077 47 22 icke
240 1077 71 22 blefve
327 1079 75 24 större,
418 1079 28 18 än
460 1078 33 20 att
508 1077 41 21 den
564 1077 72 21 kunde
652 1078 52 19 utan
719 1076 109 27 svårighet
838 1083 26 15 ur
874 1077 67 27 sagda

178 1111 76 27 anslag
272 1111 113 21 bestridas.

248 1145 44 22 Det
302 1145 120 21 Ständerna
444 1145 94 27 delgifna
558 1145 104 26 förslaget
677 1144 34 21 till
727 1144 133 27 stadganden
875 1143 65 28 angå-

178 1179 54 22 ende
242 1179 152 27 pensionering
404 1179 22 21 af
434 1179 294 27 folkskollärarepersonalen
739 1179 7 20 i
762 1179 100 21 städerna
878 1184 62 21 synes

178 1213 114 21 Utskottet
306 1213 47 21 icke
368 1213 49 21 fullt
432 1213 78 27 tydligt
525 1213 91 26 angifva,
637 1212 108 21 huruvida
760 1218 27 15 en
802 1213 70 21 lärare
887 1212 53 21 eller

178 1247 112 21 lärarinna
304 1247 46 25 bör,
365 1247 34 21 för
414 1248 32 20 att
461 1247 7 21 i
484 1247 40 21 och
539 1247 33 21 för
587 1247 147 27 pensionsrätt
749 1246 22 22 få
781 1246 159 27 tillgodoräkna

178 1281 33 27 sig
231 1282 32 21 ett
279 1281 108 27 tjensteår,
410 1281 69 22 under
494 1281 67 27 sagda
576 1281 24 21 år
615 1281 65 21 hafva
695 1282 36 25 egt
746 1287 27 15 en
788 1281 36 20 lön
839 1280 24 22 af
875 1280 66 21 minst

178 1315 122 27 respektive
324 1315 55 22 1200
398 1315 52 21 eller
466 1315 42 22 900
522 1315 68 21 mark.
620 1315 35 21 Då
670 1315 162 26 propositionen
847 1315 94 20 bestäm-

178 1355 53 20 mer,
254 1351 34 20 att
310 1349 75 21 endast
400 1349 42 21 den
455 1349 78 26 lärare,
556 1355 46 15 som
616 1349 42 20 har
672 1348 65 21 minst
753 1349 57 21 1200
824 1349 61 20 mark
900 1348 41 22 och

178 1383 42 22 den
235 1383 117 26 lärarinna,
367 1389 46 16 som
428 1383 40 22 har
482 1383 66 21 minst
563 1383 42 21 900
620 1382 62 22 mark
697 1383 8 20 i
720 1382 37 21 lön
772 1382 36 21 vid
823 1388 26 15 en
863 1382 77 21 under-

178 1417 220 28 visningsskyldighet
419 1417 24 22 af
459 1417 65 22 minst
539 1417 28 21 24
581 1417 89 21 timmar
684 1416 8 21 i
707 1416 88 26 veckan,
811 1418 25 19 är
851 1415 90 22 berätti-

178 1453 44 25 gad
236 1453 35 21 till
286 1452 95 26 pension,
400 1452 64 21 torde
479 1452 61 21 detta
553 1458 53 15 vara
620 1452 33 20 ett
668 1450 76 26 vilkor,
768 1456 46 15 som
829 1450 57 21 blott
900 1450 41 22 har

250 1491 152 19 Statsutskottets
415 1491 117 17 betänkande
544 1490 38 18 N:o
595 1490 30 17 10.
