1009 1739
306 153 23 18 U.
341 153 57 18 B..—
411 153 61 24 Prop.
485 153 37 18 N:o
533 153 29 18 17.
781 153 9 17 7

71 211 89 26 ansägos
175 211 53 20 böra
244 211 102 26 vidtagas,
364 211 108 27 tillstyrka
490 211 151 26 lagförslagets
660 211 118 26 antagande
792 209 24 23 af

71 245 113 21 ständerna
198 245 48 21 med
261 245 62 21 dessa
337 245 120 26 ändringar.
492 245 119 21 Ständerna
629 245 69 21 hunno
718 244 96 22 emeller-

71 279 30 20 tid
116 279 46 21 icke
178 279 22 21 ät
214 279 117 21 detsamma
346 285 54 20 egna
414 279 40 21 den
469 279 38 25 tid,
527 285 45 14 som
595 279 49 21 dess
665 278 149 27 omsorgsfulla

71 313 97 26 pröfning
182 312 56 22 hade
253 312 62 26 kräft,
331 315 55 19 samt
400 313 109 26 nödgades
528 313 139 26 fördenskull,
686 313 28 26 pä
730 314 43 19 sätt
787 312 26 21 de

71 347 6 20 i
92 347 130 27 underdänig
244 347 110 21 skrifvelse
377 347 99 26 anmälte,
495 347 45 21 läta
557 347 75 26 frägan
650 353 34 15 om
703 346 110 22 införande

70 381 23 21 af
106 381 212 27 länsrepresentation
333 381 33 21 för
381 381 40 21 den
436 381 83 27 gången
534 381 92 21 förfalla.

137 415 99 21 Derefter
255 415 108 21 nedsattes
384 415 46 21 åter
452 421 26 15 en
500 415 80 21 komit6
602 415 50 21 med
672 416 95 26 uppdrag
782 416 32 19 att

70 451 50 25 taga
134 450 67 20 under
216 448 153 28 öfvervägande
384 449 46 21 dels
445 450 27 20 de
487 449 23 21 af
524 449 156 21 ofvannämnda
694 450 119 20 ständerut-

70 484 58 20 skott
141 484 124 20 framstälda
279 484 107 26 äsigterna
408 484 38 21 och
468 484 108 26 förslagen
599 484 31 20 uti
652 484 160 26 ifrågavarande

70 518 84 25 ärende,
170 518 45 21 dels
230 518 26 20 de
271 518 113 26 meningar,
400 523 45 16 som
460 518 13 20 i.
483 524 26 15 en
525 518 34 21 del
575 518 62 21 stånd.
652 518 54 21 hade
724 518 88 21 uttalats

70 552 34 20 vid
119 552 127 21 detsammas
261 552 77 22 remiss
349 552 33 21 till
397 552 111 26 utskottet,
527 554 61 23 samt,
611 552 55 22 efter
680 552 133 26 sjelfständig

70 586 128 27 granskning
213 586 23 21 af
249 586 73 27 frågan
337 586 7 21 i
358 586 50 21 hela
422 586 49 21 dess
486 586 57 26 vidd,
564 586 45 22 deri
632 586 79 27 afgifva
726 586 86 26 förslag.

69 620 42 22 Det
125 620 80 27 förslag
219 620 33 22 till
267 621 34 26 lag
316 626 33 16 om
364 620 98 27 länsting,
479 626 45 16 som
540 620 92 22 komitén
648 620 27 27 på
686 620 67 27 grund
765 620 47 21 här-

70 654 22 21 af
105 655 123 26 uppgjorde,
243 654 61 22 afvek
318 655 8 21 i
340 654 56 22 flera
410 655 120 27 väsentliga
544 655 92 27 punkter
650 654 48 22 från
713 655 39 21 den
764 654 48 21 tidi-

69 695 50 19 gare
132 689 103 21 komiténs
246 689 79 27 förslag
336 689 38 21 och
389 689 40 21 den
444 688 130 28 föregående
589 689 165 27 propositionen,
764 694 49 16 men

68 723 92 21 innehöll
174 723 64 21 äfven
250 724 39 20 den
302 723 32 21 för
350 724 62 20 dessa
426 729 158 19 gemensamma
598 723 167 27 bestämningen,
781 723 32 20 att

69 758 70 20 länet
129 752 10 37 i
147 757 32 21 sin
188 757 71 21 belhet
266 757 68 21 skulle
342 759 75 25 utgöra
426 759 30 19 ett
464 757 198 27 länstingsområde,
667 757 53 21 dock
728 763 28 15 nu
764 756 48 22 med

68 791 40 21 den
123 791 46 21 icke
184 792 137 26 oväsentliga,
336 791 23 21 af
372 792 44 26 lag-
432 791 39 21 och
486 792 204 20 ekonomiutskottet
706 791 35 21 vid
757 790 55 22 1882

68 826 35 20 års
118 826 101 26 landtdag
233 826 63 20 redan
312 825 113 21 förordade
444 826 96 26 ändring,
563 828 37 24 att,
616 826 102 21 ehuruväl
733 824 79 22 förhål-

69 860 91 20 landet
152 855 12 36 i
176 860 72 26 regeln
264 860 68 21 skulle
348 866 50 14 vara
414 860 36 20 det
468 860 99 26 nämnda,
590 860 58 21 länet
665 860 64 21 likväl
744 859 69 21 under

69 894 55 20 vissa
138 894 69 21 vilkor
222 894 68 21 kunde
306 894 59 21 delas
379 894 7 20 i
401 894 36 21 två
455 894 54 22 eller
530 894 56 21 flera
600 893 212 27 länstingsområden.

70 927 144 22 Omförmälda
228 934 74 15 senare
317 928 159 26 komitéförslag
490 928 47 21 blef
550 928 66 27 derpå
630 928 60 27 lagdt
703 928 34 20 till
744 927 68 27 grund

68 962 34 20 vid
128 961 148 22 utarbetandet
302 961 23 22 af
349 962 139 21 förevarande
511 962 77 27 nådiga
609 962 137 27 proposition.
776 961 36 22 Uti

70 996 73 25 denna,
159 1001 44 16 som
219 996 33 21 för
267 996 63 27 öfrigt
344 998 38 25 gör
397 996 106 21 särskilda
518 997 115 26 ändringar
644 996 7 21 i
658 996 104 21 komiténs
770 995 43 21 för-

68 1029 47 27 slag
130 1041 27 4 —
172 1030 26 21 de
213 1030 113 27 vigtigaste
342 1030 22 21 af
378 1031 46 21 dem
440 1030 132 22 hänförande
591 1031 33 26 sig
641 1031 32 20 till
689 1030 74 27 frågan
779 1035 34 16 om

69 1063 124 27 länstingets
202 1064 126 27 befogenhet
334 1076 33 15 —,
376 1067 104 24 upptages
486 1065 79 26 jemväl
573 1065 141 27 nyssberörda
721 1065 92 21 bestäm-

69 1097 49 27 ning
133 1103 33 16 om
182 1099 32 20 att
228 1098 58 21 länet
300 1099 69 21 skulle
384 1099 58 21 bilda
456 1099 38 21 det
507 1099 97 21 normala
618 1099 96 21 omrädet
728 1098 34 21 för
772 1098 41 21 den

68 1138 42 21 nya
123 1132 154 26 institutionen,
296 1139 47 15 men
359 1133 71 21 kunna
444 1133 8 21 i
467 1133 76 21 anförd
565 1133 66 21 mätto
653 1133 55 21 efter
722 1133 92 21 omstän-

69 1166 135 26 digheternas
219 1167 49 20 kraf
281 1167 65 22 delas.
362 1179 26 4 —
410 1167 76 22 Denna
500 1167 133 27 bestämning
648 1167 54 22 hade
717 1166 97 22 emeller-

66 1200 31 21 tid
113 1200 46 21 icke
175 1202 49 20 utan
241 1201 149 27 skiljaktighet
404 1201 108 22 förordats
528 1202 22 21 af
559 1202 100 21 komitén.
681 1202 32 21 En
728 1200 87 22 minori-

66 1235 31 20 tet
112 1234 55 21 inom
184 1235 122 22 densamma
321 1236 96 21 uttalade
436 1236 33 27 sig
487 1236 106 27 nemligen
612 1236 34 21 för
663 1242 26 15 en
704 1241 110 21 represen-

66 1269 73 25 tation,
162 1269 123 26 grundande
310 1270 32 27 sig
364 1270 13 21 &
397 1270 222 27 häradsindelningen.
648 1269 110 22 Utskottet
776 1269 39 21 har

65 1304 54 19 trott
134 1303 32 26 sig
181 1303 64 21 hafva
261 1304 45 21 skäl
322 1305 32 20 att
362 1316 26 4 —
397 1304 85 22 utöfver
494 1304 55 22 hvad
562 1303 162 23 vidkommande
731 1303 86 27 äsigten:

66 1341 33 16 om
114 1336 69 21 länets
198 1336 107 23 företräde
320 1337 7 21 i
343 1337 141 23 förevarande
499 1338 121 22 hänseende
630 1338 89 21 framför
725 1337 90 21 häradet

65 1370 64 21 redan
145 1370 109 23 ofvanföre
269 1373 77 26 yttrats
360 1385 27 2 —
402 1372 39 21 här
456 1372 54 21 söka
525 1373 6 20 i
546 1373 121 26 möjligaste
683 1371 87 22 korthet
778 1377 38 15 an-

64 1404 50 27 tyda
130 1405 26 21 de
171 1405 53 26 skäl,
240 1411 44 16 som
300 1405 34 22 för
348 1406 104 21 hvardera
468 1407 112 26 meningen
596 1407 119 26 äberopats.

130 1438 43 21 Till
188 1438 82 22 förmån
280 1439 34 22 för
323 1446 26 15 en
360 1439 248 28 häradsrepresentation
619 1441 39 20 har
667 1440 90 21 sålunda
766 1439 48 21 huf-

134 1478 45 21 Lag-
192 1480 30 15 och
233 1479 167 17 Ekonomiutskottets
411 1480 105 17 betänkande
528 1480 33 17 N:o
573 1480 17 17 2.
