<?xml version="1.0" encoding="UTF-8"?>
<alto xmlns="http://www.loc.gov/standards/alto/ns-v3#" xmlns:xlink="http://www.w3.org/1999/xlink" xmlns:xsi="http://www.w3.org/2001/XMLSchema-instance" xsi:schemaLocation="http://www.loc.gov/standards/alto/ns-v3# http://www.loc.gov/alto/v3/alto-3-0.xsd">
	<Description>
		<MeasurementUnit>pixel</MeasurementUnit>
		<sourceImageInformation>
			<fileName>/tmp/tess_lqewda4s_input.PNG</fileName>
		</sourceImageInformation>
		<OCRProcessing ID="OCR_0">
			<ocrProcessingStep>
				<processingSoftware>
					<softwareName>tesseract 5.3.4</softwareName>
				</processingSoftware>
			</ocrProcessingStep>
		</OCRProcessing>
	</Description>
	<Layout>
		<Page WIDTH="1009" HEIGHT="1739" PHYSICAL_IMG_NR="0" ID="page_0">
			<PrintSpace HPOS="0" VPOS="0" WIDTH="1009" HEIGHT="1739">
				<ComposedBlock ID="cblock_0" HPOS="310" VPOS="147" WIDTH="291" HEIGHT="30">
					<TextBlock ID="block_0" HPOS="310" VPOS="147" WIDTH="291" HEIGHT="30">
						<TextLine ID="line_0" HPOS="310" VPOS="147" WIDTH="291" HEIGHT="30">
							<String ID="string_0" HPOS="310" VPOS="148" WIDTH="24" HEIGHT="22" WC="0.91" CONTENT="U."/><SP WIDTH="15" VPOS="148" HPOS="334"/>
							<String ID="string_1" HPOS="349" VPOS="148" WIDTH="23" HEIGHT="23" WC="0.92" CONTENT="B."/><SP WIDTH="17" VPOS="148" HPOS="372"/>
							<String ID="string_2" HPOS="389" VPOS="160" WIDTH="27" HEIGHT="3" WC="0.91" CONTENT="—"/><SP WIDTH="15" VPOS="160" HPOS="416"/>
							<String ID="string_3" HPOS="431" VPOS="148" WIDTH="66" HEIGHT="29" WC="0.95" CONTENT="Prop."/><SP WIDTH="16" VPOS="148" HPOS="497"/>
							<String ID="string_4" HPOS="513" VPOS="148" WIDTH="38" HEIGHT="23" WC="0.96" CONTENT="N:o"/><SP WIDTH="15" VPOS="148" HPOS="551"/>
							<String ID="string_5" HPOS="566" VPOS="147" WIDTH="35" HEIGHT="23" WC="0.94" CONTENT="23."/>
						</TextLine>
					</TextBlock>
				</ComposedBlock>
				<ComposedBlock ID="cblock_1" HPOS="283" VPOS="458" WIDTH="555" HEIGHT="134">
					<TextBlock ID="block_1" HPOS="283" VPOS="458" WIDTH="555" HEIGHT="134">
						<TextLine ID="line_1" HPOS="323" VPOS="458" WIDTH="515" HEIGHT="30">
							<String ID="string_6" HPOS="323" VPOS="460" WIDTH="321" HEIGHT="28" WC="0.91" CONTENT="Bevillningsutskottets"/><SP WIDTH="22" VPOS="460" HPOS="644"/>
							<String ID="string_7" HPOS="666" VPOS="458" WIDTH="172" HEIGHT="24" WC="0.96" CONTENT="betänkande"/>
						</TextLine>
						<TextLine ID="line_2" HPOS="286" VPOS="493" WIDTH="551" HEIGHT="30">
							<String ID="string_8" HPOS="286" VPOS="494" WIDTH="37" HEIGHT="23" WC="0.96" CONTENT="N:o"/><SP WIDTH="16" VPOS="494" HPOS="323"/>
							<String ID="string_9" HPOS="339" VPOS="494" WIDTH="21" HEIGHT="28" WC="0.95" CONTENT="4,"/><SP WIDTH="22" VPOS="494" HPOS="360"/>
							<String ID="string_10" HPOS="382" VPOS="494" WIDTH="8" HEIGHT="22" WC="0.96" CONTENT="i"/><SP WIDTH="16" VPOS="494" HPOS="390"/>
							<String ID="string_11" HPOS="406" VPOS="494" WIDTH="122" HEIGHT="28" WC="0.95" CONTENT="anledning"/><SP WIDTH="14" VPOS="494" HPOS="528"/>
							<String ID="string_12" HPOS="542" VPOS="494" WIDTH="26" HEIGHT="22" WC="0.96" CONTENT="af"/><SP WIDTH="12" VPOS="494" HPOS="568"/>
							<String ID="string_13" HPOS="580" VPOS="494" WIDTH="58" HEIGHT="22" WC="0.96" CONTENT="Hans"/><SP WIDTH="16" VPOS="494" HPOS="638"/>
							<String ID="string_14" HPOS="654" VPOS="494" WIDTH="126" HEIGHT="29" WC="0.93" CONTENT="Kejserliga"/><SP WIDTH="15" VPOS="494" HPOS="780"/>
							<String ID="string_15" HPOS="795" VPOS="493" WIDTH="42" HEIGHT="23" WC="0.92" CONTENT="Ma-"/>
						</TextLine>
						<TextLine ID="line_3" HPOS="283" VPOS="528" WIDTH="554" HEIGHT="30">
							<String ID="string_16" HPOS="283" VPOS="528" WIDTH="81" HEIGHT="29" WC="0.92" CONTENT="jestäts"/><SP WIDTH="23" VPOS="528" HPOS="364"/>
							<String ID="string_17" HPOS="387" VPOS="528" WIDTH="85" HEIGHT="29" WC="0.96" CONTENT="nådiga"/><SP WIDTH="22" VPOS="528" HPOS="472"/>
							<String ID="string_18" HPOS="494" VPOS="528" WIDTH="139" HEIGHT="30" WC="0.96" CONTENT="proposition"/><SP WIDTH="15" VPOS="528" HPOS="633"/>
							<String ID="string_19" HPOS="648" VPOS="528" WIDTH="114" HEIGHT="30" WC="0.93" CONTENT="angående"/><SP WIDTH="12" VPOS="528" HPOS="762"/>
							<String ID="string_20" HPOS="774" VPOS="528" WIDTH="63" HEIGHT="22" WC="0.92" CONTENT="stäm-"/>
						</TextLine>
						<TextLine ID="line_4" HPOS="286" VPOS="563" WIDTH="166" HEIGHT="29">
							<String ID="string_21" HPOS="286" VPOS="563" WIDTH="166" HEIGHT="29" WC="0.90" CONTENT="pelbevillning."/>
						</TextLine>
					</TextBlock>
				</ComposedBlock>
				<ComposedBlock ID="cblock_2" HPOS="81" VPOS="626" WIDTH="765" HEIGHT="894">
					<TextBlock ID="block_2" HPOS="81" VPOS="626" WIDTH="762" HEIGHT="339">
						<TextLine ID="line_5" HPOS="150" VPOS="626" WIDTH="689" HEIGHT="28">
							<String ID="string_22" HPOS="150" VPOS="628" WIDTH="49" HEIGHT="21" WC="0.96" CONTENT="Med"/><SP WIDTH="18" VPOS="628" HPOS="199"/>
							<String ID="string_23" HPOS="217" VPOS="627" WIDTH="101" HEIGHT="22" WC="0.93" CONTENT="afseende"/><SP WIDTH="18" VPOS="627" HPOS="318"/>
							<String ID="string_24" HPOS="336" VPOS="628" WIDTH="66" HEIGHT="26" WC="0.92" CONTENT="derpå"/><SP WIDTH="16" VPOS="628" HPOS="402"/>
							<String ID="string_25" HPOS="418" VPOS="630" WIDTH="33" HEIGHT="19" WC="0.96" CONTENT="att"/><SP WIDTH="15" VPOS="630" HPOS="451"/>
							<String ID="string_26" HPOS="466" VPOS="628" WIDTH="80" HEIGHT="26" WC="0.96" CONTENT="nådiga"/><SP WIDTH="15" VPOS="628" HPOS="546"/>
							<String ID="string_27" HPOS="561" VPOS="627" WIDTH="151" HEIGHT="27" WC="0.96" CONTENT="förordningen"/><SP WIDTH="16" VPOS="627" HPOS="712"/>
							<String ID="string_28" HPOS="728" VPOS="626" WIDTH="22" HEIGHT="22" WC="0.96" CONTENT="af"/><SP WIDTH="10" VPOS="626" HPOS="750"/>
							<String ID="string_29" HPOS="760" VPOS="626" WIDTH="41" HEIGHT="22" WC="0.96" CONTENT="den"/><SP WIDTH="13" VPOS="626" HPOS="801"/>
							<String ID="string_30" HPOS="814" VPOS="628" WIDTH="25" HEIGHT="19" WC="0.96" CONTENT="15"/>
						</TextLine>
						<TextLine ID="line_6" HPOS="81" VPOS="660" WIDTH="759" HEIGHT="29">
							<String ID="string_31" HPOS="81" VPOS="662" WIDTH="119" HEIGHT="22" WC="0.96" CONTENT="December"/><SP WIDTH="24" VPOS="662" HPOS="200"/>
							<String ID="string_32" HPOS="224" VPOS="664" WIDTH="62" HEIGHT="24" WC="0.96" CONTENT="1882,"/><SP WIDTH="16" VPOS="664" HPOS="286"/>
							<String ID="string_33" HPOS="302" VPOS="662" WIDTH="7" HEIGHT="21" WC="0.96" CONTENT="i"/><SP WIDTH="16" VPOS="662" HPOS="309"/>
							<String ID="string_34" HPOS="325" VPOS="662" WIDTH="95" HEIGHT="27" WC="0.93" CONTENT="enlighet"/><SP WIDTH="22" VPOS="662" HPOS="420"/>
							<String ID="string_35" HPOS="442" VPOS="662" WIDTH="105" HEIGHT="22" WC="0.91" CONTENT="hvarmed"/><SP WIDTH="23" VPOS="662" HPOS="547"/>
							<String ID="string_36" HPOS="570" VPOS="662" WIDTH="41" HEIGHT="22" WC="0.96" CONTENT="den"/><SP WIDTH="20" VPOS="662" HPOS="611"/>
							<String ID="string_37" HPOS="631" VPOS="662" WIDTH="22" HEIGHT="22" WC="0.93" CONTENT="af"/><SP WIDTH="15" VPOS="662" HPOS="653"/>
							<String ID="string_38" HPOS="668" VPOS="661" WIDTH="122" HEIGHT="23" WC="0.91" CONTENT="Ständerna"/><SP WIDTH="14" VPOS="661" HPOS="790"/>
							<String ID="string_39" HPOS="804" VPOS="660" WIDTH="36" HEIGHT="22" WC="0.96" CONTENT="vid"/>
						</TextLine>
						<TextLine ID="line_7" HPOS="82" VPOS="695" WIDTH="758" HEIGHT="29">
							<String ID="string_40" HPOS="82" VPOS="699" WIDTH="86" HEIGHT="19" WC="0.92" CONTENT="senaste"/><SP WIDTH="20" VPOS="699" HPOS="168"/>
							<String ID="string_41" HPOS="188" VPOS="697" WIDTH="106" HEIGHT="27" WC="0.92" CONTENT="landtdag"/><SP WIDTH="14" VPOS="697" HPOS="294"/>
							<String ID="string_42" HPOS="308" VPOS="697" WIDTH="106" HEIGHT="27" WC="0.92" CONTENT="beviljade"/><SP WIDTH="16" VPOS="697" HPOS="414"/>
							<String ID="string_43" HPOS="430" VPOS="696" WIDTH="280" HEIGHT="28" WC="0.91" CONTENT="stämpelpappersafgiften"/><SP WIDTH="15" VPOS="696" HPOS="710"/>
							<String ID="string_44" HPOS="725" VPOS="696" WIDTH="68" HEIGHT="21" WC="0.92" CONTENT="under"/><SP WIDTH="15" VPOS="696" HPOS="793"/>
							<String ID="string_45" HPOS="808" VPOS="695" WIDTH="32" HEIGHT="21" WC="0.92" CONTENT="in-"/>
						</TextLine>
						<TextLine ID="line_8" HPOS="81" VPOS="730" WIDTH="759" HEIGHT="29">
							<String ID="string_46" HPOS="81" VPOS="731" WIDTH="122" HEIGHT="22" WC="0.91" CONTENT="nevarande"/><SP WIDTH="16" VPOS="731" HPOS="203"/>
							<String ID="string_47" HPOS="219" VPOS="731" WIDTH="148" HEIGHT="27" WC="0.90" CONTENT="skatteperiod"/><SP WIDTH="15" VPOS="731" HPOS="367"/>
							<String ID="string_48" HPOS="382" VPOS="732" WIDTH="102" HEIGHT="27" WC="0.91" CONTENT="utgjorts,"/><SP WIDTH="16" VPOS="732" HPOS="484"/>
							<String ID="string_49" HPOS="500" VPOS="731" WIDTH="51" HEIGHT="22" WC="0.96" CONTENT="med"/><SP WIDTH="16" VPOS="731" HPOS="551"/>
							<String ID="string_50" HPOS="567" VPOS="732" WIDTH="60" HEIGHT="21" WC="0.96" CONTENT="detta"/><SP WIDTH="15" VPOS="732" HPOS="627"/>
							<String ID="string_51" HPOS="642" VPOS="732" WIDTH="34" HEIGHT="20" WC="0.96" CONTENT="års"/><SP WIDTH="17" VPOS="732" HPOS="676"/>
							<String ID="string_52" HPOS="693" VPOS="730" WIDTH="81" HEIGHT="28" WC="0.93" CONTENT="utgång"/><SP WIDTH="13" VPOS="730" HPOS="774"/>
							<String ID="string_53" HPOS="787" VPOS="736" WIDTH="53" HEIGHT="21" WC="0.92" CONTENT="upp-"/>
						</TextLine>
						<TextLine ID="line_9" HPOS="81" VPOS="764" WIDTH="759" HEIGHT="29">
							<String ID="string_54" HPOS="81" VPOS="766" WIDTH="40" HEIGHT="21" WC="0.95" CONTENT="hör"/><SP WIDTH="19" VPOS="766" HPOS="121"/>
							<String ID="string_55" HPOS="140" VPOS="768" WIDTH="33" HEIGHT="19" WC="0.95" CONTENT="att"/><SP WIDTH="21" VPOS="768" HPOS="173"/>
							<String ID="string_56" HPOS="194" VPOS="766" WIDTH="63" HEIGHT="27" WC="0.96" CONTENT="gälla,"/><SP WIDTH="15" VPOS="766" HPOS="257"/>
							<String ID="string_57" HPOS="272" VPOS="765" WIDTH="40" HEIGHT="22" WC="0.96" CONTENT="har"/><SP WIDTH="15" VPOS="765" HPOS="312"/>
							<String ID="string_58" HPOS="327" VPOS="766" WIDTH="59" HEIGHT="22" WC="0.95" CONTENT="Hans"/><SP WIDTH="16" VPOS="766" HPOS="386"/>
							<String ID="string_59" HPOS="402" VPOS="766" WIDTH="124" HEIGHT="27" WC="0.95" CONTENT="Kejserliga"/><SP WIDTH="14" VPOS="766" HPOS="526"/>
							<String ID="string_60" HPOS="540" VPOS="766" WIDTH="104" HEIGHT="27" WC="0.95" CONTENT="Majestät"/><SP WIDTH="15" VPOS="766" HPOS="644"/>
							<String ID="string_61" HPOS="659" VPOS="766" WIDTH="32" HEIGHT="21" WC="0.96" CONTENT="till"/><SP WIDTH="16" VPOS="766" HPOS="691"/>
							<String ID="string_62" HPOS="707" VPOS="772" WIDTH="29" HEIGHT="14" WC="0.93" CONTENT="nu"/><SP WIDTH="14" VPOS="772" HPOS="736"/>
							<String ID="string_63" HPOS="750" VPOS="764" WIDTH="90" HEIGHT="22" WC="0.92" CONTENT="försam-"/>
						</TextLine>
						<TextLine ID="line_10" HPOS="81" VPOS="798" WIDTH="762" HEIGHT="30">
							<String ID="string_64" HPOS="81" VPOS="800" WIDTH="50" HEIGHT="22" WC="0.93" CONTENT="lade"/><SP WIDTH="24" VPOS="800" HPOS="131"/>
							<String ID="string_65" HPOS="155" VPOS="800" WIDTH="93" HEIGHT="22" WC="0.91" CONTENT="Ständer"/><SP WIDTH="22" VPOS="800" HPOS="248"/>
							<String ID="string_66" HPOS="270" VPOS="800" WIDTH="68" HEIGHT="22" WC="0.90" CONTENT="aflåtit"/><SP WIDTH="22" VPOS="800" HPOS="338"/>
							<String ID="string_67" HPOS="360" VPOS="800" WIDTH="135" HEIGHT="28" WC="0.95" CONTENT="proposition"/><SP WIDTH="24" VPOS="800" HPOS="495"/>
							<String ID="string_68" HPOS="519" VPOS="807" WIDTH="34" HEIGHT="15" WC="0.92" CONTENT="om"/><SP WIDTH="23" VPOS="807" HPOS="553"/>
							<String ID="string_69" HPOS="576" VPOS="800" WIDTH="99" HEIGHT="28" WC="0.91" CONTENT="förnyadt"/><SP WIDTH="23" VPOS="800" HPOS="675"/>
							<String ID="string_70" HPOS="698" VPOS="799" WIDTH="106" HEIGHT="27" WC="0.96" CONTENT="åtagande"/><SP WIDTH="16" VPOS="799" HPOS="804"/>
							<String ID="string_71" HPOS="820" VPOS="798" WIDTH="23" HEIGHT="22" WC="0.96" CONTENT="af"/>
						</TextLine>
						<TextLine ID="line_11" HPOS="82" VPOS="834" WIDTH="760" HEIGHT="28">
							<String ID="string_72" HPOS="82" VPOS="835" WIDTH="112" HEIGHT="21" WC="0.89" CONTENT="enahanda"/><SP WIDTH="24" VPOS="835" HPOS="194"/>
							<String ID="string_73" HPOS="218" VPOS="835" WIDTH="114" HEIGHT="27" WC="0.90" CONTENT="bevillning"/><SP WIDTH="24" VPOS="835" HPOS="332"/>
							<String ID="string_74" HPOS="356" VPOS="836" WIDTH="66" HEIGHT="26" WC="0.96" CONTENT="enligt"/><SP WIDTH="23" VPOS="836" HPOS="422"/>
							<String ID="string_75" HPOS="445" VPOS="834" WIDTH="145" HEIGHT="23" WC="0.96" CONTENT="oförändrade"/><SP WIDTH="19" VPOS="834" HPOS="590"/>
							<String ID="string_76" HPOS="609" VPOS="835" WIDTH="94" HEIGHT="27" WC="0.96" CONTENT="grunder"/><SP WIDTH="14" VPOS="835" HPOS="703"/>
							<String ID="string_77" HPOS="717" VPOS="834" WIDTH="33" HEIGHT="22" WC="0.96" CONTENT="för"/><SP WIDTH="16" VPOS="834" HPOS="750"/>
							<String ID="string_78" HPOS="766" VPOS="834" WIDTH="27" HEIGHT="21" WC="0.96" CONTENT="de"/><SP WIDTH="15" VPOS="834" HPOS="793"/>
							<String ID="string_79" HPOS="808" VPOS="835" WIDTH="34" HEIGHT="19" WC="0.96" CONTENT="tre"/>
						</TextLine>
						<TextLine ID="line_12" HPOS="82" VPOS="868" WIDTH="759" HEIGHT="29">
							<String ID="string_80" HPOS="82" VPOS="869" WIDTH="144" HEIGHT="28" WC="0.95" CONTENT="nästföljande"/><SP WIDTH="17" VPOS="869" HPOS="226"/>
							<String ID="string_81" HPOS="243" VPOS="870" WIDTH="56" HEIGHT="21" WC="0.96" CONTENT="åren."/><SP WIDTH="31" VPOS="870" HPOS="299"/>
							<String ID="string_82" HPOS="330" VPOS="870" WIDTH="76" HEIGHT="22" WC="0.96" CONTENT="Denna"/><SP WIDTH="19" VPOS="870" HPOS="406"/>
							<String ID="string_83" HPOS="425" VPOS="870" WIDTH="137" HEIGHT="27" WC="0.96" CONTENT="proposition"/><SP WIDTH="15" VPOS="870" HPOS="562"/>
							<String ID="string_84" HPOS="577" VPOS="870" WIDTH="39" HEIGHT="21" WC="0.96" CONTENT="har"/><SP WIDTH="15" VPOS="870" HPOS="616"/>
							<String ID="string_85" HPOS="631" VPOS="869" WIDTH="23" HEIGHT="22" WC="0.95" CONTENT="af"/><SP WIDTH="12" VPOS="869" HPOS="654"/>
							<String ID="string_86" HPOS="666" VPOS="869" WIDTH="101" HEIGHT="26" WC="0.93" CONTENT="samtliga"/><SP WIDTH="16" VPOS="869" HPOS="767"/>
							<String ID="string_87" HPOS="783" VPOS="868" WIDTH="58" HEIGHT="21" WC="0.92" CONTENT="stån-"/>
						</TextLine>
						<TextLine ID="line_13" HPOS="83" VPOS="902" WIDTH="757" HEIGHT="29">
							<String ID="string_88" HPOS="83" VPOS="904" WIDTH="41" HEIGHT="21" WC="0.96" CONTENT="den"/><SP WIDTH="22" VPOS="904" HPOS="124"/>
							<String ID="string_89" HPOS="146" VPOS="904" WIDTH="132" HEIGHT="22" WC="0.95" CONTENT="remitterats"/><SP WIDTH="23" VPOS="904" HPOS="278"/>
							<String ID="string_90" HPOS="301" VPOS="904" WIDTH="32" HEIGHT="22" WC="0.96" CONTENT="till"/><SP WIDTH="23" VPOS="904" HPOS="333"/>
							<String ID="string_91" HPOS="356" VPOS="904" WIDTH="130" HEIGHT="27" WC="0.96" CONTENT="behandling"/><SP WIDTH="14" VPOS="904" HPOS="486"/>
							<String ID="string_92" HPOS="500" VPOS="905" WIDTH="9" HEIGHT="21" WC="0.96" CONTENT="i"/><SP WIDTH="16" VPOS="905" HPOS="509"/>
							<String ID="string_93" HPOS="525" VPOS="904" WIDTH="59" HEIGHT="22" WC="0.92" CONTENT="såväl"/><SP WIDTH="23" VPOS="904" HPOS="584"/>
							<String ID="string_94" HPOS="607" VPOS="904" WIDTH="70" HEIGHT="22" WC="0.92" CONTENT="Stats-"/><SP WIDTH="24" VPOS="904" HPOS="677"/>
							<String ID="string_95" HPOS="701" VPOS="910" WIDTH="47" HEIGHT="15" WC="0.93" CONTENT="som"/><SP WIDTH="15" VPOS="910" HPOS="748"/>
							<String ID="string_96" HPOS="763" VPOS="902" WIDTH="77" HEIGHT="22" WC="0.91" CONTENT="Bevill-"/>
						</TextLine>
						<TextLine ID="line_14" HPOS="82" VPOS="939" WIDTH="178" HEIGHT="26">
							<String ID="string_97" HPOS="82" VPOS="939" WIDTH="178" HEIGHT="26" WC="0.92" CONTENT="ningsutskottet."/>
						</TextLine>
					</TextBlock>
					<TextBlock ID="block_3" HPOS="83" VPOS="972" WIDTH="762" HEIGHT="445">
						<TextLine ID="line_15" HPOS="152" VPOS="972" WIDTH="690" HEIGHT="29">
							<String ID="string_98" HPOS="152" VPOS="974" WIDTH="63" HEIGHT="27" WC="0.91" CONTENT="Uppå"/><SP WIDTH="24" VPOS="974" HPOS="215"/>
							<String ID="string_99" HPOS="239" VPOS="973" WIDTH="72" HEIGHT="22" WC="0.96" CONTENT="derom"/><SP WIDTH="23" VPOS="973" HPOS="311"/>
							<String ID="string_100" HPOS="334" VPOS="974" WIDTH="60" HEIGHT="27" WC="0.94" CONTENT="gjord"/><SP WIDTH="24" VPOS="974" HPOS="394"/>
							<String ID="string_101" HPOS="418" VPOS="973" WIDTH="110" HEIGHT="28" WC="0.96" CONTENT="förfrågan"/><SP WIDTH="18" VPOS="973" HPOS="528"/>
							<String ID="string_102" HPOS="546" VPOS="974" WIDTH="39" HEIGHT="21" WC="0.93" CONTENT="har"/><SP WIDTH="15" VPOS="974" HPOS="585"/>
							<String ID="string_103" HPOS="600" VPOS="972" WIDTH="242" HEIGHT="28" WC="0.91" CONTENT="Bevillningsutskottet"/>
						</TextLine>
						<TextLine ID="line_16" HPOS="83" VPOS="1006" WIDTH="760" HEIGHT="29">
							<String ID="string_104" HPOS="83" VPOS="1007" WIDTH="128" HEIGHT="27" WC="0.95" CONTENT="meddelats,"/><SP WIDTH="19" VPOS="1007" HPOS="211"/>
							<String ID="string_105" HPOS="230" VPOS="1011" WIDTH="33" HEIGHT="19" WC="0.96" CONTENT="att"/><SP WIDTH="15" VPOS="1011" HPOS="263"/>
							<String ID="string_106" HPOS="278" VPOS="1009" WIDTH="35" HEIGHT="21" WC="0.96" CONTENT="vid"/><SP WIDTH="15" VPOS="1009" HPOS="313"/>
							<String ID="string_107" HPOS="328" VPOS="1009" WIDTH="146" HEIGHT="26" WC="0.96" CONTENT="beredningen"/><SP WIDTH="16" VPOS="1009" HPOS="474"/>
							<String ID="string_108" HPOS="490" VPOS="1008" WIDTH="25" HEIGHT="22" WC="0.96" CONTENT="af"/><SP WIDTH="14" VPOS="1008" HPOS="515"/>
							<String ID="string_109" HPOS="529" VPOS="1009" WIDTH="60" HEIGHT="21" WC="0.96" CONTENT="detta"/><SP WIDTH="16" VPOS="1009" HPOS="589"/>
							<String ID="string_110" HPOS="605" VPOS="1009" WIDTH="78" HEIGHT="21" WC="0.96" CONTENT="ärende"/><SP WIDTH="16" VPOS="1009" HPOS="683"/>
							<String ID="string_111" HPOS="699" VPOS="1008" WIDTH="6" HEIGHT="21" WC="0.96" CONTENT="i"/><SP WIDTH="17" VPOS="1008" HPOS="705"/>
							<String ID="string_112" HPOS="722" VPOS="1006" WIDTH="121" HEIGHT="28" WC="0.96" CONTENT="Kejserliga"/>
						</TextLine>
						<TextLine ID="line_17" HPOS="84" VPOS="1040" WIDTH="759" HEIGHT="30">
							<String ID="string_113" HPOS="84" VPOS="1042" WIDTH="93" HEIGHT="22" WC="0.96" CONTENT="Senaten"/><SP WIDTH="16" VPOS="1042" HPOS="177"/>
							<String ID="string_114" HPOS="193" VPOS="1043" WIDTH="68" HEIGHT="26" WC="0.96" CONTENT="några"/><SP WIDTH="15" VPOS="1043" HPOS="261"/>
							<String ID="string_115" HPOS="276" VPOS="1044" WIDTH="106" HEIGHT="21" WC="0.96" CONTENT="särskilda"/><SP WIDTH="14" VPOS="1044" HPOS="382"/>
							<String ID="string_116" HPOS="396" VPOS="1043" WIDTH="130" HEIGHT="27" WC="0.92" CONTENT="handlingar"/><SP WIDTH="14" VPOS="1043" HPOS="526"/>
							<String ID="string_117" HPOS="540" VPOS="1043" WIDTH="49" HEIGHT="22" WC="0.96" CONTENT="icke"/><SP WIDTH="14" VPOS="1043" HPOS="589"/>
							<String ID="string_118" HPOS="603" VPOS="1043" WIDTH="129" HEIGHT="25" WC="0.95" CONTENT="tillkommit,"/><SP WIDTH="12" VPOS="1043" HPOS="732"/>
							<String ID="string_119" HPOS="744" VPOS="1041" WIDTH="18" HEIGHT="28" WC="0.96" CONTENT="ej"/><SP WIDTH="13" VPOS="1041" HPOS="762"/>
							<String ID="string_120" HPOS="775" VPOS="1040" WIDTH="68" HEIGHT="23" WC="0.96" CONTENT="heller"/>
						</TextLine>
						<TextLine ID="line_18" HPOS="84" VPOS="1075" WIDTH="760" HEIGHT="29">
							<String ID="string_121" HPOS="84" VPOS="1077" WIDTH="133" HEIGHT="27" WC="0.93" CONTENT="omröstning"/><SP WIDTH="15" VPOS="1077" HPOS="217"/>
							<String ID="string_122" HPOS="232" VPOS="1077" WIDTH="112" HEIGHT="22" WC="0.92" CONTENT="derstädes"/><SP WIDTH="16" VPOS="1077" HPOS="344"/>
							<String ID="string_123" HPOS="360" VPOS="1078" WIDTH="108" HEIGHT="21" WC="0.89" CONTENT="förefallit."/><SP WIDTH="33" VPOS="1078" HPOS="468"/>
							<String ID="string_124" HPOS="501" VPOS="1078" WIDTH="103" HEIGHT="21" WC="0.91" CONTENT="Deremot"/><SP WIDTH="15" VPOS="1078" HPOS="604"/>
							<String ID="string_125" HPOS="619" VPOS="1077" WIDTH="39" HEIGHT="22" WC="0.97" CONTENT="har"/><SP WIDTH="15" VPOS="1077" HPOS="658"/>
							<String ID="string_126" HPOS="673" VPOS="1077" WIDTH="114" HEIGHT="22" WC="0.96" CONTENT="Utskottet"/><SP WIDTH="14" VPOS="1077" HPOS="787"/>
							<String ID="string_127" HPOS="801" VPOS="1075" WIDTH="43" HEIGHT="21" WC="0.96" CONTENT="fått"/>
						</TextLine>
						<TextLine ID="line_19" HPOS="83" VPOS="1110" WIDTH="759" HEIGHT="30">
							<String ID="string_128" HPOS="83" VPOS="1111" WIDTH="47" HEIGHT="22" WC="0.93" CONTENT="från"/><SP WIDTH="21" VPOS="1111" HPOS="130"/>
							<String ID="string_129" HPOS="151" VPOS="1112" WIDTH="86" HEIGHT="21" WC="0.92" CONTENT="Preste-"/><SP WIDTH="24" VPOS="1112" HPOS="237"/>
							<String ID="string_130" HPOS="261" VPOS="1113" WIDTH="40" HEIGHT="21" WC="0.93" CONTENT="och"/><SP WIDTH="19" VPOS="1113" HPOS="301"/>
							<String ID="string_131" HPOS="320" VPOS="1113" WIDTH="188" HEIGHT="27" WC="0.92" CONTENT="Borgarestånden"/><SP WIDTH="17" VPOS="1113" HPOS="508"/>
							<String ID="string_132" HPOS="525" VPOS="1115" WIDTH="96" HEIGHT="25" WC="0.93" CONTENT="mottaga"/><SP WIDTH="14" VPOS="1115" HPOS="621"/>
							<String ID="string_133" HPOS="635" VPOS="1110" WIDTH="207" HEIGHT="29" WC="0.90" CONTENT="protokollsutdrag,"/>
						</TextLine>
						<TextLine ID="line_20" HPOS="84" VPOS="1145" WIDTH="759" HEIGHT="30">
							<String ID="string_134" HPOS="84" VPOS="1146" WIDTH="151" HEIGHT="23" WC="0.96" CONTENT="innehållande"/><SP WIDTH="16" VPOS="1146" HPOS="235"/>
							<String ID="string_135" HPOS="251" VPOS="1153" WIDTH="26" HEIGHT="16" WC="0.97" CONTENT="en"/><SP WIDTH="15" VPOS="1153" HPOS="277"/>
							<String ID="string_136" HPOS="292" VPOS="1148" WIDTH="78" HEIGHT="26" WC="0.96" CONTENT="mängd"/><SP WIDTH="15" VPOS="1148" HPOS="370"/>
							<String ID="string_137" HPOS="385" VPOS="1148" WIDTH="167" HEIGHT="27" WC="0.96" CONTENT="anmärkningar"/><SP WIDTH="16" VPOS="1148" HPOS="552"/>
							<String ID="string_138" HPOS="568" VPOS="1147" WIDTH="40" HEIGHT="22" WC="0.93" CONTENT="och"/><SP WIDTH="10" VPOS="1147" HPOS="608"/>
							<String ID="string_139" HPOS="618" VPOS="1145" WIDTH="167" HEIGHT="28" WC="0.91" CONTENT="önskningsmål,"/><SP WIDTH="12" VPOS="1145" HPOS="785"/>
							<String ID="string_140" HPOS="797" VPOS="1149" WIDTH="46" HEIGHT="16" WC="0.95" CONTENT="som"/>
						</TextLine>
						<TextLine ID="line_21" HPOS="83" VPOS="1178" WIDTH="761" HEIGHT="32">
							<String ID="string_141" HPOS="83" VPOS="1181" WIDTH="37" HEIGHT="21" WC="0.96" CONTENT="vid"/><SP WIDTH="15" VPOS="1181" HPOS="120"/>
							<String ID="string_142" HPOS="135" VPOS="1182" WIDTH="104" HEIGHT="22" WC="0.96" CONTENT="remissen"/><SP WIDTH="16" VPOS="1182" HPOS="239"/>
							<String ID="string_143" HPOS="255" VPOS="1181" WIDTH="23" HEIGHT="22" WC="0.96" CONTENT="af"/><SP WIDTH="13" VPOS="1181" HPOS="278"/>
							<String ID="string_144" HPOS="291" VPOS="1182" WIDTH="161" HEIGHT="27" WC="0.96" CONTENT="ifrågavarande"/><SP WIDTH="11" VPOS="1182" HPOS="452"/>
							<String ID="string_145" HPOS="463" VPOS="1182" WIDTH="136" HEIGHT="28" WC="0.96" CONTENT="proposition"/><SP WIDTH="11" VPOS="1182" HPOS="599"/>
							<String ID="string_146" HPOS="610" VPOS="1181" WIDTH="22" HEIGHT="22" WC="0.96" CONTENT="af"/><SP WIDTH="9" VPOS="1181" HPOS="632"/>
							<String ID="string_147" HPOS="641" VPOS="1180" WIDTH="108" HEIGHT="23" WC="0.93" CONTENT="särskilda"/><SP WIDTH="8" VPOS="1180" HPOS="749"/>
							<String ID="string_148" HPOS="757" VPOS="1178" WIDTH="87" HEIGHT="23" WC="0.89" CONTENT="stånds-"/>
						</TextLine>
						<TextLine ID="line_22" HPOS="84" VPOS="1213" WIDTH="761" HEIGHT="34">
							<String ID="string_149" HPOS="84" VPOS="1216" WIDTH="139" HEIGHT="21" WC="0.94" CONTENT="medlemmar"/><SP WIDTH="23" VPOS="1216" HPOS="223"/>
							<String ID="string_150" HPOS="246" VPOS="1217" WIDTH="97" HEIGHT="22" WC="0.91" CONTENT="uttalats."/><SP WIDTH="30" VPOS="1217" HPOS="343"/>
							<String ID="string_151" HPOS="373" VPOS="1217" WIDTH="33" HEIGHT="22" WC="0.94" CONTENT="En"/><SP WIDTH="22" VPOS="1217" HPOS="406"/>
							<String ID="string_152" HPOS="428" VPOS="1217" WIDTH="123" HEIGHT="21" WC="0.95" CONTENT="kortfattad"/><SP WIDTH="23" VPOS="1217" HPOS="551"/>
							<String ID="string_153" HPOS="574" VPOS="1216" WIDTH="136" HEIGHT="27" WC="0.96" CONTENT="redogörelse"/><SP WIDTH="17" VPOS="1216" HPOS="710"/>
							<String ID="string_154" HPOS="727" VPOS="1214" WIDTH="36" HEIGHT="33" WC="0.96" CONTENT="för"/><SP WIDTH="17" VPOS="1214" HPOS="763"/>
							<String ID="string_155" HPOS="780" VPOS="1213" WIDTH="65" HEIGHT="22" WC="0.96" CONTENT="dessa"/>
						</TextLine>
						<TextLine ID="line_23" HPOS="84" VPOS="1247" WIDTH="760" HEIGHT="32">
							<String ID="string_156" HPOS="84" VPOS="1250" WIDTH="128" HEIGHT="22" WC="0.95" CONTENT="uttalanden"/><SP WIDTH="22" VPOS="1250" HPOS="212"/>
							<String ID="string_157" HPOS="234" VPOS="1252" WIDTH="62" HEIGHT="21" WC="0.96" CONTENT="torde"/><SP WIDTH="16" VPOS="1252" HPOS="296"/>
							<String ID="string_158" HPOS="312" VPOS="1252" WIDTH="124" HEIGHT="27" WC="0.95" CONTENT="lämpligast"/><SP WIDTH="14" VPOS="1252" HPOS="436"/>
							<String ID="string_159" HPOS="450" VPOS="1251" WIDTH="61" HEIGHT="22" WC="0.96" CONTENT="finna"/><SP WIDTH="15" VPOS="1251" HPOS="511"/>
							<String ID="string_160" HPOS="526" VPOS="1251" WIDTH="56" HEIGHT="27" WC="0.96" CONTENT="plats"/><SP WIDTH="16" VPOS="1251" HPOS="582"/>
							<String ID="string_161" HPOS="598" VPOS="1251" WIDTH="7" HEIGHT="21" WC="0.93" CONTENT="i"/><SP WIDTH="15" VPOS="1251" HPOS="605"/>
							<String ID="string_162" HPOS="620" VPOS="1247" WIDTH="224" HEIGHT="31" WC="0.91" CONTENT="detaljmotiveringen"/>
						</TextLine>
						<TextLine ID="line_24" HPOS="84" VPOS="1281" WIDTH="760" HEIGHT="32">
							<String ID="string_163" HPOS="84" VPOS="1285" WIDTH="36" HEIGHT="21" WC="0.95" CONTENT="vid"/><SP WIDTH="24" VPOS="1285" HPOS="120"/>
							<String ID="string_164" HPOS="144" VPOS="1285" WIDTH="26" HEIGHT="21" WC="0.95" CONTENT="de"/><SP WIDTH="24" VPOS="1285" HPOS="170"/>
							<String ID="string_165" HPOS="194" VPOS="1285" WIDTH="109" HEIGHT="22" WC="0.96" CONTENT="särskilda"/><SP WIDTH="21" VPOS="1285" HPOS="303"/>
							<String ID="string_166" HPOS="324" VPOS="1285" WIDTH="124" HEIGHT="28" WC="0.96" CONTENT="paragrafer"/><SP WIDTH="17" VPOS="1285" HPOS="448"/>
							<String ID="string_167" HPOS="465" VPOS="1286" WIDTH="7" HEIGHT="21" WC="0.96" CONTENT="i"/><SP WIDTH="16" VPOS="1286" HPOS="472"/>
							<String ID="string_168" HPOS="488" VPOS="1285" WIDTH="159" HEIGHT="27" WC="0.96" CONTENT="förordningen,"/><SP WIDTH="23" VPOS="1285" HPOS="647"/>
							<String ID="string_169" HPOS="670" VPOS="1285" WIDTH="33" HEIGHT="21" WC="0.96" CONTENT="till"/><SP WIDTH="14" VPOS="1285" HPOS="703"/>
							<String ID="string_170" HPOS="717" VPOS="1283" WIDTH="74" HEIGHT="22" WC="0.93" CONTENT="hvilka"/><SP WIDTH="16" VPOS="1283" HPOS="791"/>
							<String ID="string_171" HPOS="807" VPOS="1281" WIDTH="37" HEIGHT="22" WC="0.92" CONTENT="de-"/>
						</TextLine>
						<TextLine ID="line_25" HPOS="85" VPOS="1317" WIDTH="759" HEIGHT="31">
							<String ID="string_172" HPOS="85" VPOS="1325" WIDTH="83" HEIGHT="16" WC="0.96" CONTENT="samma"/><SP WIDTH="14" VPOS="1325" HPOS="168"/>
							<String ID="string_173" HPOS="182" VPOS="1320" WIDTH="90" HEIGHT="22" WC="0.96" CONTENT="hänföra"/><SP WIDTH="15" VPOS="1320" HPOS="272"/>
							<String ID="string_174" HPOS="287" VPOS="1321" WIDTH="38" HEIGHT="27" WC="0.96" CONTENT="sig,"/><SP WIDTH="17" VPOS="1321" HPOS="325"/>
							<String ID="string_175" HPOS="342" VPOS="1321" WIDTH="40" HEIGHT="21" WC="0.96" CONTENT="och"/><SP WIDTH="16" VPOS="1321" HPOS="382"/>
							<String ID="string_176" HPOS="398" VPOS="1321" WIDTH="39" HEIGHT="21" WC="0.96" CONTENT="här"/><SP WIDTH="15" VPOS="1321" HPOS="437"/>
							<String ID="string_177" HPOS="452" VPOS="1321" WIDTH="32" HEIGHT="21" WC="0.96" CONTENT="till"/><SP WIDTH="18" VPOS="1321" HPOS="484"/>
							<String ID="string_178" HPOS="502" VPOS="1327" WIDTH="27" HEIGHT="15" WC="0.96" CONTENT="en"/><SP WIDTH="15" VPOS="1327" HPOS="529"/>
							<String ID="string_179" HPOS="544" VPOS="1320" WIDTH="75" HEIGHT="27" WC="0.96" CONTENT="början"/><SP WIDTH="11" VPOS="1320" HPOS="619"/>
							<String ID="string_180" HPOS="630" VPOS="1320" WIDTH="77" HEIGHT="21" WC="0.96" CONTENT="endast"/><SP WIDTH="9" VPOS="1320" HPOS="707"/>
							<String ID="string_181" HPOS="716" VPOS="1319" WIDTH="54" HEIGHT="21" WC="0.93" CONTENT="böra"/><SP WIDTH="10" VPOS="1319" HPOS="770"/>
							<String ID="string_182" HPOS="780" VPOS="1317" WIDTH="64" HEIGHT="21" WC="0.92" CONTENT="fram-"/>
						</TextLine>
						<TextLine ID="line_26" HPOS="84" VPOS="1351" WIDTH="760" HEIGHT="32">
							<String ID="string_183" HPOS="84" VPOS="1354" WIDTH="76" HEIGHT="27" WC="0.96" CONTENT="läggas"/><SP WIDTH="16" VPOS="1354" HPOS="160"/>
							<String ID="string_184" HPOS="176" VPOS="1356" WIDTH="32" HEIGHT="20" WC="0.96" CONTENT="ett"/><SP WIDTH="16" VPOS="1356" HPOS="208"/>
							<String ID="string_185" HPOS="224" VPOS="1355" WIDTH="22" HEIGHT="21" WC="0.96" CONTENT="af"/><SP WIDTH="15" VPOS="1355" HPOS="246"/>
							<String ID="string_186" HPOS="261" VPOS="1355" WIDTH="67" HEIGHT="28" WC="0.96" CONTENT="sagda"/><SP WIDTH="16" VPOS="1355" HPOS="328"/>
							<String ID="string_187" HPOS="344" VPOS="1355" WIDTH="133" HEIGHT="26" WC="0.95" CONTENT="uttalanden,"/><SP WIDTH="17" VPOS="1355" HPOS="477"/>
							<String ID="string_188" HPOS="494" VPOS="1355" WIDTH="84" HEIGHT="22" WC="0.96" CONTENT="hvilket"/><SP WIDTH="14" VPOS="1355" HPOS="578"/>
							<String ID="string_189" HPOS="592" VPOS="1353" WIDTH="180" HEIGHT="26" WC="0.93" CONTENT="hufvudsakligen"/><SP WIDTH="16" VPOS="1353" HPOS="772"/>
							<String ID="string_190" HPOS="788" VPOS="1351" WIDTH="56" HEIGHT="22" WC="0.92" CONTENT="afser"/>
						</TextLine>
						<TextLine ID="line_27" HPOS="84" VPOS="1387" WIDTH="720" HEIGHT="30">
							<String ID="string_191" HPOS="84" VPOS="1388" WIDTH="164" HEIGHT="28" WC="0.93" CONTENT="ifrågavarande"/><SP WIDTH="16" VPOS="1388" HPOS="248"/>
							<String ID="string_192" HPOS="264" VPOS="1390" WIDTH="140" HEIGHT="22" WC="0.90" CONTENT="skatteforms"/><SP WIDTH="16" VPOS="1390" HPOS="404"/>
							<String ID="string_193" HPOS="420" VPOS="1390" WIDTH="111" HEIGHT="22" WC="0.93" CONTENT="allmänna"/><SP WIDTH="15" VPOS="1390" HPOS="531"/>
							<String ID="string_194" HPOS="546" VPOS="1389" WIDTH="125" HEIGHT="28" WC="0.92" CONTENT="principiela"/><SP WIDTH="15" VPOS="1389" HPOS="671"/>
							<String ID="string_195" HPOS="686" VPOS="1387" WIDTH="118" HEIGHT="28" WC="0.96" CONTENT="betydelse."/>
						</TextLine>
					</TextBlock>
					<TextBlock ID="block_4" HPOS="85" VPOS="1420" WIDTH="761" HEIGHT="65">
						<TextLine ID="line_28" HPOS="154" VPOS="1420" WIDTH="692" HEIGHT="31">
							<String ID="string_196" HPOS="154" VPOS="1423" WIDTH="33" HEIGHT="22" WC="0.96" CONTENT="En"/><SP WIDTH="15" VPOS="1423" HPOS="187"/>
							<String ID="string_197" HPOS="202" VPOS="1424" WIDTH="92" HEIGHT="22" WC="0.96" CONTENT="medlem"/><SP WIDTH="15" VPOS="1424" HPOS="294"/>
							<String ID="string_198" HPOS="309" VPOS="1424" WIDTH="23" HEIGHT="22" WC="0.93" CONTENT="af"/><SP WIDTH="12" VPOS="1424" HPOS="332"/>
							<String ID="string_199" HPOS="344" VPOS="1424" WIDTH="168" HEIGHT="22" WC="0.91" CONTENT="Presteståndet"/><SP WIDTH="15" VPOS="1424" HPOS="512"/>
							<String ID="string_200" HPOS="527" VPOS="1425" WIDTH="40" HEIGHT="21" WC="0.96" CONTENT="har"/><SP WIDTH="14" VPOS="1425" HPOS="567"/>
							<String ID="string_201" HPOS="581" VPOS="1423" WIDTH="106" HEIGHT="28" WC="0.96" CONTENT="nämligen"/><SP WIDTH="15" VPOS="1423" HPOS="687"/>
							<String ID="string_202" HPOS="702" VPOS="1422" WIDTH="36" HEIGHT="22" WC="0.96" CONTENT="vid"/><SP WIDTH="16" VPOS="1422" HPOS="738"/>
							<String ID="string_203" HPOS="754" VPOS="1421" WIDTH="41" HEIGHT="22" WC="0.96" CONTENT="den"/><SP WIDTH="12" VPOS="1421" HPOS="795"/>
							<String ID="string_204" HPOS="807" VPOS="1420" WIDTH="39" HEIGHT="21" WC="0.96" CONTENT="der"/>
						</TextLine>
						<TextLine ID="line_29" HPOS="85" VPOS="1454" WIDTH="758" HEIGHT="31">
							<String ID="string_205" HPOS="85" VPOS="1456" WIDTH="112" HEIGHT="23" WC="0.91" CONTENT="förefallna"/><SP WIDTH="14" VPOS="1456" HPOS="197"/>
							<String ID="string_206" HPOS="211" VPOS="1459" WIDTH="180" HEIGHT="21" WC="0.92" CONTENT="remissdebatten"/><SP WIDTH="15" VPOS="1459" HPOS="391"/>
							<String ID="string_207" HPOS="406" VPOS="1458" WIDTH="126" HEIGHT="27" WC="0.93" CONTENT="framhållit,"/><SP WIDTH="16" VPOS="1458" HPOS="532"/>
							<String ID="string_208" HPOS="548" VPOS="1459" WIDTH="102" HEIGHT="21" WC="0.93" CONTENT="hurusom"/><SP WIDTH="14" VPOS="1459" HPOS="650"/>
							<String ID="string_209" HPOS="664" VPOS="1458" WIDTH="7" HEIGHT="20" WC="0.96" CONTENT="i"/><SP WIDTH="16" VPOS="1458" HPOS="671"/>
							<String ID="string_210" HPOS="687" VPOS="1456" WIDTH="75" HEIGHT="27" WC="0.93" CONTENT="hvarje"/><SP WIDTH="16" VPOS="1456" HPOS="762"/>
							<String ID="string_211" HPOS="778" VPOS="1454" WIDTH="65" HEIGHT="22" WC="0.92" CONTENT="ratio-"/>
						</TextLine>
					</TextBlock>
					<TextBlock ID="block_5" HPOS="154" VPOS="1497" WIDTH="426" HEIGHT="23">
						<TextLine ID="line_30" HPOS="154" VPOS="1497" WIDTH="426" HEIGHT="23">
							<String ID="string_212" HPOS="154" VPOS="1497" WIDTH="215" HEIGHT="23" WC="0.89" CONTENT="Bevillningsutskottets"/><SP WIDTH="13" VPOS="1497" HPOS="369"/>
							<String ID="string_213" HPOS="382" VPOS="1497" WIDTH="118" HEIGHT="19" WC="0.96" CONTENT="betänkande"/><SP WIDTH="14" VPOS="1497" HPOS="500"/>
							<String ID="string_214" HPOS="514" VPOS="1498" WIDTH="36" HEIGHT="18" WC="0.96" CONTENT="N:o"/><SP WIDTH="13" VPOS="1498" HPOS="550"/>
							<String ID="string_215" HPOS="563" VPOS="1498" WIDTH="17" HEIGHT="17" WC="0.96" CONTENT="4."/>
						</TextLine>
					</TextBlock>
				</ComposedBlock>
			</PrintSpace>
		</Page>
	</Layout>
</alto>
