1009 1739
306 150 25 23 U.
347 151 22 22 B.
386 162 28 3 —
429 151 60 28 Prop.
512 150 38 23 N:o
565 149 35 23 23.
781 150 27 20 49

76 216 82 28 jemväl
178 215 38 23 vid
230 216 70 21 finska
313 215 205 28 passexpeditionen
532 215 8 22 i
554 216 34 21 S:t
602 215 132 28 Petersburg
748 214 90 28 lämplig

79 250 197 28 försäljningsman,
296 250 88 22 hvilken
402 256 53 21 eger
469 249 168 22 tillhandahålla
652 249 144 22 allmänheten
811 249 27 22 de

79 285 87 22 valörer
180 285 26 21 af
218 285 118 27 stämpladt
350 291 83 21 papper
448 285 39 21 och
502 285 189 27 stämpelmärken,
706 290 45 15 som
760 283 34 22 för
804 283 35 22 be-

79 319 76 22 hofvet
173 319 111 22 derstädes
301 319 74 22 kunna
390 319 117 22 erfordras.
536 319 98 22 Nämnde
649 318 191 28 försäljningsman

80 353 98 28 åtnjuter
196 353 49 28 fyra
263 355 89 26 procent
369 353 9 22 i
392 353 110 28 provision
515 353 68 28 jemte
597 353 58 22 skild
670 353 120 27 ersättning
805 352 35 21 för

80 389 62 26 porto
162 388 39 22 och
221 394 107 21 assurans,
347 389 56 20 samt
420 388 77 21 ställer
512 388 34 27 sig
560 388 36 21 för
610 387 68 29 öfrigt
692 387 34 22 till
741 387 99 22 efterrät-

80 423 56 21 telse
151 423 44 21 alla
210 423 27 21 de
251 422 143 27 föreskrifter,
412 429 44 15 som
472 422 35 22 för
522 423 71 27 öfriga
602 422 190 28 försäljningsmän
802 423 37 19 äro

80 456 102 28 gällande
200 458 56 20 samt
275 456 25 22 af
317 456 321 22 Minister-Statssekreteraren
654 456 55 22 efter
724 456 116 22 förhållan-

81 491 57 21 dena
152 491 75 21 kunna
241 491 114 21 anordnas.

150 526 46 21 Hos
216 526 26 21 de
262 525 91 22 sålunda
368 528 97 25 antagne
480 526 233 28 försäljningsmännen
728 532 51 20 eger
793 525 48 21 kro-

80 565 50 21 nan,
153 559 8 22 i
183 560 102 22 händelse
307 560 25 21 af
348 560 76 22 balans
447 560 53 22 eller
520 560 111 22 bristande
649 559 143 28 redogörelse,
808 558 33 22 för

80 594 246 27 kartasigillatamedlen
350 600 82 16 samma
456 594 142 22 förmonsrätt
620 601 45 15 som
688 595 38 21 hos
747 594 94 21 kronans

79 628 160 27 uppbördsmän
252 629 9 21 i
276 629 122 22 allmänhet.

428 694 13 25 $
458 694 34 20 33.

151 731 82 28 Hvarje
255 731 225 29 försäljningskontor,
504 733 26 21 så
552 732 8 22 i
582 732 49 22 stad
650 738 45 16 som
714 732 29 26 på
761 730 80 27 landet,

81 765 57 22 skall
159 766 44 21 alla
220 766 149 28 söcknedagar
386 766 50 23 från
454 767 95 22 klockan
566 767 35 22 nio
616 766 48 23 före
678 766 117 27 middagen
809 765 34 21 till

81 800 35 28 sju
138 800 56 22 efter
213 800 115 28 middagen
342 801 70 22 hållas
428 803 72 25 öppet.
531 802 106 22 Beträdes
652 800 191 28 försäljningsman

81 834 49 22 med
145 834 146 23 försummelse
306 836 52 21 eller
372 836 60 22 visar
447 836 44 22 han
507 837 94 27 ogenhet
610 836 53 22 eller
672 837 62 21 beter
744 835 34 27 sig
788 834 55 22 otill-

82 868 99 28 ständigt
202 871 56 20 emot
278 870 150 27 allmänheten,
450 870 69 22 varde
534 872 79 26 genast
627 870 50 22 från
691 869 152 27 befattningen

80 902 59 22 skild
160 904 39 21 och
217 910 72 16 annan
307 904 192 28 försäljningsman
515 904 8 22 i
537 905 54 21 hans
606 905 64 22 ställe
684 903 158 23 tillförordnad.

432 968 14 25 8
462 968 35 20 34.

153 1006 28 21 Ei
196 1006 35 22 må
246 1006 191 28 försäljningsman
452 1007 26 21 af
490 1007 84 28 köpare
589 1007 73 22 fordra
676 1013 66 21 mera,
758 1008 29 19 än
803 1006 41 22 den

82 1045 88 22 summa,
194 1040 68 22 hvarå
284 1041 108 27 stämpeln
410 1041 71 27 lyder;
502 1042 52 21 sker
568 1042 80 21 sådant
661 1041 75 27 likväl,
752 1046 92 16 ansvare

83 1074 43 21 han
142 1073 73 23 derför
230 1075 72 21 såsom
316 1075 35 21 för
366 1075 64 28 olaga
445 1075 100 28 uppbörd
560 1076 40 21 och
614 1082 51 16 vare
680 1075 66 23 äfven
761 1075 8 21 i
784 1074 61 22 detta

82 1107 40 23 fall
137 1110 79 26 genast
230 1109 50 22 från
296 1109 152 28 befattningen
462 1110 67 22 skild.

428 1173 13 28 8
458 1175 34 20 35.

152 1211 43 22 Vid
210 1213 112 27 utgången
337 1213 25 22 af
374 1213 77 28 hvarje
466 1213 57 22 halft
539 1214 25 21 år
574 1214 56 22 skall
640 1214 40 21 allt
689 1213 73 22 osäldt
772 1213 73 21 karta-

83 1245 78 22 förräd
181 1247 39 21 hos
240 1247 26 22 de
282 1249 95 26 antagne
392 1244 234 31 försäljningsmännen
640 1248 134 26 inventeras,
790 1246 57 23 efter

84 1280 146 28 förteckning,
249 1287 45 16 som
309 1282 47 21 dem
372 1282 86 27 äligger
472 1281 62 23 förut
548 1283 22 21 in
586 1283 63 27 duplo
662 1283 111 27 upprätta,
790 1284 55 19 samt

82 1315 59 22 hvad
156 1315 64 22 deraf
231 1315 39 22 hos
286 1316 47 22 dem
348 1319 25 19 är
387 1316 9 21 i
411 1317 73 21 behåll
494 1317 36 22 till
539 1319 64 20 nästa
613 1317 81 22 halfärs
706 1315 140 28 redovisning

81 1348 157 23 utbalanseras.

150 1383 65 22 Efter
228 1385 101 22 anmälan
344 1385 25 22 af
381 1385 236 29 försäljningsmannen
632 1386 106 22 förrättas
753 1385 94 22 nämnda

81 1416 139 29 inventering
236 1419 13 21 &
264 1419 106 27 tjenstens
384 1422 86 25 vägnar
486 1421 125 27 afyiftsfritt
624 1420 25 22 af
661 1421 39 22 två
711 1419 136 28 magistrats-

81 1457 103 21 personer
199 1452 8 22 i
220 1453 51 22 stad
286 1455 56 21 samt
358 1454 24 22 af
394 1454 137 28 kronofogde
547 1455 51 22 eller
612 1455 59 27 hans;
680 1453 167 23 tillförordnade

151 1492 215 23 Bevillningsutskottets
379 1493 119 19 betänkande
511 1495 37 17 N:o
561 1495 15 17 4.

770 1516 10 16 4
