1009 1739
425 170 35 21 N:o
470 170 39 22 25.
797 171 13 20 3

79 240 89 24 kunnat,
192 240 58 19 emot
271 238 163 21 föreskrifterna
454 239 7 21 i
479 239 101 27 gällande
596 239 134 26 författning,
747 238 91 26 bifallas,

81 280 35 15 om
132 273 40 21 ock
188 273 46 20 skäl
250 273 33 20 till
299 273 51 21 slikt
365 273 61 21 bifall
441 273 130 27 någongång
586 273 146 22 förekommit.

148 307 59 21 Enär
223 307 77 21 endast
315 307 62 27 ringa
392 307 124 22 erfarenhet
532 308 111 26 angående
659 308 26 21 de
696 307 86 27 brister,
793 313 46 14 som

80 341 73 21 kunna
164 341 88 21 vidlåda
262 341 164 26 ifrågavarande
437 341 215 28 beskattningsform,
664 341 110 22 härintills
784 341 54 21 kun-

80 378 38 18 nat
140 375 82 26 vinnas,
245 375 65 21 hafva
332 376 36 21 vid
390 376 152 27 uppgörandet
562 376 23 21 af
603 376 82 27 förslag
700 376 33 21 till
748 375 92 27 förnyad

80 409 127 27 författning
223 410 6 21 i
246 411 71 20 ämnet
333 410 47 21 icke
395 410 69 26 några
479 411 71 20 andra
561 411 118 26 ändringar
691 412 82 19 ansetts
784 410 55 20 böra

81 446 113 24 upptagas,
220 446 27 18 än
266 446 32 18 att
315 444 20 21 åt
353 444 92 21 Senaten
461 444 69 21 skulle
547 444 118 27 inrymmas
681 444 110 27 möjlighet
807 445 33 19 att

79 479 7 20 i
102 478 174 22 förekommande
292 478 37 21 fall
346 478 107 26 medgifva
468 478 71 27 skälig
554 478 102 22 afvikelse
672 478 48 22 från
736 478 101 21 ofvanbe-

81 513 65 21 rörda
169 513 134 27 stadganden
325 513 133 21 beträffande
482 513 188 22 koutrollörernas
690 512 94 27 aflöning
800 512 41 21 och

82 548 40 20 den
140 547 127 27 ovilkorliga
282 547 148 27 skyldigheten
446 547 34 21 för
496 548 75 26 hvarje
587 546 251 28 bryggeri-innehafvare

83 584 33 19 att
130 582 33 20 till
179 582 98 26 bryggeri
294 582 98 20 anskaffa
412 582 145 26 maltmätare,
574 584 56 19 samt
646 584 32 19 att
695 581 145 27 regelbunden

80 616 107 27 justering
210 616 24 21 af
254 616 137 21 maltmätare
415 616 66 21 borde
501 623 40 20 ega
559 623 54 19 rum,
631 616 109 22 äfvensom
756 617 33 19 att
804 616 36 20 be-

82 651 108 26 stämning
206 651 6 20 i
228 652 12 20 2
256 657 63 15 mom.
336 652 12 19 9
364 651 11 27 $
392 650 79 26 derom,
488 652 34 20 att
537 651 133 21 kontrollörs
686 650 78 22 arvode
775 649 64 27 utgår

83 685 53 21 efter
160 686 35 20 det
218 686 57 26 parti
298 685 60 25 malt,
374 691 46 15 som
442 685 104 26 skrotats,
562 686 75 26 bragts
653 686 7 20 i
676 685 164 21 öfverensstäm-

83 720 64 21 melse
170 719 48 21 med
238 720 128 26 stadgandet
382 720 6 20 i
406 720 8 20 1
432 720 11 26 &
460 721 32 19 att
508 720 141 21 maltskatten
664 720 107 21 beräknas
786 718 54 22 efter

84 754 100 26 beloppet
200 754 95 20 användt
311 754 59 20 malt.

148 788 33 21 Dä
197 788 70 26 nägon
286 788 118 21 nämnvärd
421 788 115 27 olägenhet
552 788 23 21 af
588 788 167 26 ifrägavarande
772 787 69 21 skatt,

81 829 50 15 vare
154 823 31 26 sig
208 822 32 22 för
263 823 124 21 tillverkare
410 824 52 20 eller
479 823 154 21 konsumenter
649 822 23 21 af
686 822 152 26 maltdrycker,

81 858 47 21 icke
144 857 104 26 försports
264 858 40 20 och
319 858 121 20 inkomsten
461 857 63 21 deraf
540 857 136 21 fortfarande
692 859 24 19 är
732 856 22 21 af
769 856 71 21 nöden

81 892 33 21 för
130 892 192 21 åstadkommande
333 892 23 20 af
365 891 137 27 erforderligt
518 892 94 20 tillskott
628 892 32 20 till
675 890 163 22 militieverkets

82 926 110 22 ordinarie
208 926 103 26 intrader,
328 926 40 21 har
383 926 61 21 Hans
459 926 123 27 Kejserliga
598 926 104 26 Majestät
717 926 59 21 velat
786 924 7 22 i
804 924 38 21 nå-

84 961 38 20 der
137 960 79 21 föreslå
232 960 127 26 Ständerna,
376 963 32 18 att
424 960 141 21 merberörda
581 960 117 27 bevillning
713 959 56 26 finge
780 958 62 22 äfven

83 995 34 21 för
140 995 52 21 åren
217 995 139 20 1886—1888
380 995 114 26 uppbäras,
517 995 39 20 och
576 995 6 20 i
599 994 79 21 sådant
694 993 101 22 afseende
811 993 33 21 till

84 1029 134 21 Ständernas
234 1029 160 26 handläggning
410 1029 132 21 öfverlemna
558 1028 95 28 följande

290 1125 128 34 Förslag
445 1125 43 26 till
516 1125 154 34 förordning,
694 1132 39 19 om
754 1124 90 27 bevill-

224 1165 62 34 ning
304 1165 38 26 för
361 1165 170 34 tillverkning
550 1165 28 27 af
594 1165 178 34 maltdrycker.

440 1229 10 27 S
470 1230 17 19 1.

154 1268 132 21 Tillverkare
304 1268 22 21 af
340 1269 27 26 öl,
383 1270 73 25 porter
472 1269 53 20 eller
542 1275 71 15 annan
628 1269 122 27 maltdryck
766 1268 57 21 skall
839 1267 6 22 i

85 1303 116 26 bevillning
218 1303 88 27 erlägga
321 1303 77 22 ättatio
414 1303 64 27 penni
494 1303 34 21 för
544 1304 74 27 hvarje
629 1304 88 27 lispund
728 1303 59 26 malt,
799 1309 46 15 som

87 1337 32 22 till
135 1337 121 22 beredande
272 1337 24 22 af
308 1337 68 22 sädan
392 1338 66 27 dryck
474 1338 116 21 användes.

434 1401 10 27 8
461 1402 19 19 2.

155 1440 47 22 Har
217 1441 7 20 i
240 1441 106 27 bryggeri,
362 1442 38 21 der
415 1441 123 27 maltdryck
558 1441 117 26 tillverkas,
692 1441 70 20 under
778 1441 31 20 ett
825 1439 24 21 är

87 1474 47 21 icke
150 1474 124 22 förbrukats
290 1475 24 21 sä
329 1477 46 19 stor
390 1475 106 27 gvantitet
512 1475 59 26 malt,
588 1476 32 20 att
630 1473 219 28 bevillningsafgiften
