1009 1739
206 163 22 17 46
436 162 60 19 U.'B.
508 170 24 6 —
544 162 62 23 Prep.
618 158 36 32 N:o
666 162 33 19 17,

184 219 62 21 äfven
262 219 24 21 så
300 220 7 20 i
323 221 83 25 ögonen
428 219 103 27 fallande,
546 221 32 20 att
596 219 66 22 saken
683 219 19 27 ej
718 219 62 22 torde
795 219 39 21 här
848 219 92 22 behöfva

184 255 116 24 yttermera
316 253 91 27 belysas.
438 253 60 22 Eller
514 253 54 21 huru
583 253 77 22 tänker
676 259 48 15 man
740 253 33 27 sig
788 255 32 19 att
835 253 105 27 exempel-

184 287 32 21 vis
232 293 25 15 en
272 287 108 27 Björköbo
396 287 56 22 skall
468 287 70 21 förmå
553 287 80 26 afgifva
652 287 97 26 sakligen
766 287 79 26 riktiga
859 288 81 26 yttran-

186 321 39 20 den
241 321 111 26 angående
367 321 70 26 broar,
453 321 74 26 färjor,
543 321 137 26 vintervägar
696 327 27 14 m.
739 327 27 14 m.
782 321 7 20 i
804 320 134 27 Korpiselkä,

185 361 26 15 en
234 355 158 21 Mustasaaribo
417 361 33 15 om
474 355 73 27 dylika
562 355 6 20 i
583 355 117 26 Jyväskylä
718 355 92 26 trakten,
827 361 25 15 en
868 355 72 20 Kemi-

183 388 83 27 järvibo
290 395 33 14 om
346 388 164 22 förhällandena
524 389 7 20 i
547 388 101 27 Kalajoki
664 394 20 15 o.
701 394 16 15 s.
732 395 20 14 v.
783 388 59 21 Eller
864 388 76 21 männe

183 422 135 26 jordbruket,
334 422 136 26 sjukvärden,
485 422 223 27 yrkesskickligheten
724 422 52 21 eller
792 423 66 20 andra
869 421 72 27 dylika

185 456 139 21 ekonomiska
346 456 142 22 lifsintressen.
512 456 71 23 skulle
601 456 4 20 i
616 456 122 21 nämnvärd
757 456 52 26 grad
825 455 115 27 befrämjas

185 495 77 21 genom
278 496 26 14 en
320 490 121 21 diskussion
458 490 100 24 emellan,
568 491 181 25 representanter,
768 496 44 15 som
833 489 108 21 företräda

186 523 24 21 sä
225 524 45 21 vidt
286 524 102 26 ätskiljda
403 526 57 28 orter
477 524 43 21 och
532 523 210 22 ortsförhällanden?
757 519 31 25 Är
803 524 36 20 det
853 523 89 21 fastmer

186 558 19 26 ej
209 558 61 26 fara
284 558 68 25 värdt,
360 559 32 20 att
403 558 209 23 hosmedlemmarna
624 558 6 20 i
643 558 123 26 länstinget,
777 558 49 21 med
837 553 44 36 dess
893 557 47 21 vid-

186 592 95 24 sträekta
296 592 209 26 verkningsomräde,
522 592 37 21 det
576 592 184 21 vakna.intresset
774 592 34 20 för
823 592 118 20 ärendenas

186 625 130 27 behandling
331 628 59 23 snart
405 632 42 20 nog
462 625 23 21 af
499 626 33 26 sig
548 625 50 27 sjelf
608 626 69 21 skulle
688 625 97 21 afsvalna
796 625 38 22 och
846 627 30 19 att
886 625 62 26 äsig-,

186 660 180 26 terna,
260 655 12 36 i
281 660 84 26 brist.pä
377 660 97 26 verkliga
486 666 158 20 gemensamma
656 659 208 27 föreningspunkter,
872 659 70 21 skulle

186 693 86 21 komma
288 695 31 19 att
339 694 111 26 divergera
466 694 6 20 i
488 700 82 14 samma
589 694 60 26 grad,
666 699 46 15 som
728 694 26 20 de
768 693 116 21 bestående
895 692 56 22 för-

186 726 130 23 hällandena
330 727 39 21 och
380 728 107 20 behofven
500 729 38 19 äro
550 727 70 21 olika?
643 727 60 21 Eller
718 727 62 21 äfven
796 727 100 21 förutsatt
907 728 36 20 att

187 760 145 27 framstående
348 761 259 27 representantförmägor
621 761 69 21 under
704 761 40 21 den
755 761 67 21 första
837 761 116 22 nitälskan-

187 794 33 22 för
244 794 182 27 förverkligandet
441 795 23 21 af
479 795 163 27 länstings-idön
659 794 101 28 lyckades
778 795 89 21 uttänka
881 794 62 22 sken-

187 828 49 24 bart
249 828 126 27 acceptabla
389 828 76 27 planer
480 829 34 21 till
530 835 122 20 gemensam
669 828 91 22 fromma
774 828 40 22 och
826 828 67 24 äfven
906 834 37 21 ge-

187 862 121 26 nomdrifva
327 862 55 26 dem,
398 864 24 19 är
438 863 37 21 det
490 863 54 21 dock
560 862 72 21 alltför.
648 862 125 27 uppenbart,
782 865 32 18 att
826 863 62 21 dessa
898 862 54 27 pla--

187 901 39 15 ner
239 895 40 23 och
290 896 26 21 de
328 902 26 14 ur
369 896 49 21 dem
434 896 142 26 framgängna
591 896 171 26 inrättningarna
771 896 69 21 under
851 896 94 27 antydda

187 928 157 27 förhällanden,
353 930 24 20 sä
388 930 141 21 välmenande
545 930 26 21 de
587 932 26 19 än
628 930 63 24 varit,
700 930 77 25 skulle,
785 932 50 19 utan
848 932 31 20 att
886 930 58 21 med-

187 963 51 22 föra
250 963 72 26 någon
338 963 94 26 egentlig
453 963 69 22 fördel
542 963 33 21 för
590 963 49 22 hela
654 964 60 21 länet
729 963 43 22 lika
788 964 47 21 litet
848 970 46 15 som
910 963 34 22 för

188 997 25 20 de
224 997 80 29 skilda.
321 992 143 38 kommunerna,
482 997 8 21 i
501 997 77 27 sjelfva
593 997 75 22 verket
684 997 66 21 blifva
766 1004 26 15 en
800 997 94 22 hämsko
910 997 42 23 för:

186 1030 166 23 kommunernas,
375 1031 97 27 verkliga
496 1031 148 28 sjelfstyrelse.
678 1025 135 28 Åtminstone
836 1031 115 22 förefaller.

188 1065 38 26 det
241 1071 36 20 oss
292 1065 102 26 ofattligt,
409 1065 57 21 hvad
482 1066 5 20 i
503 1065 93 22 flertalet
607 1065 24 22 af
644 1065 27 21 de
682 1065 91 21 sålunda
783 1065 119 27 uppkomna
913 1065 32 22 in-

187 1099 150 27 rättningarna
352 1099 38 22 det
399 1099 95 27 verkligt
504 1099 204 27 gemensamma
671 1095 39 36 för
723 1099 28 24 de
766 1099 74 23 skilda,
850 1099 95 21 kommu-

189 1139 67 15 nerna
271 1133 78 26 blefve,
364 1139 36 15 om
416 1139 48 16 man
479 1134 135 26 undantager
629 1145 27 4 —
672 1133 151 23 kostnaderna.

244 1167 58 22 Den
318 1167 79 26 nådiga
418 1167 160 28 propositionen
598 1167 40 21 har
656 1167 127 26 visserligen
803 1167 49 22 sökt
866 1167 79 21 bereda

186 1200 34 21 för
230 1216 5 10 ,
238 1201 260 27 länstingsinstitutionen
522 1207 26 16 en
571 1201 113 26 möjlighet
705 1202 32 22 att
759 1200 69 27 forma
842 1201 32 26 sig
890 1201 56 21 efter

186 1234 59 23 olika
261 1235 137 21 kommunala
413 1235 149 21 förhållanden
578 1235 38 21 och
634 1234 90 21 sålunda
740 1234 81 21 erhålla
831 1234 76 21 liksom
917 1240 32 16 en.

186 1263 91 36 fastare,
290 1263 106 36 grundval.
420 1269 51 21 Men
486 1269 7 20 i
509 1269 24 21 de
538 1269 67 24 allra
620 1268 62 24 flesta
698 1268 23 22 af
734 1268 84 23 landets
829 1263 34 36 län
872 1263 79 36 skulle:

186 1301 111 26 olikheten
301 1302 17 24 i
333 1302 72 24 lokala
420 1302 153 22 förhällanden
586 1303 7 20 i
603 1301 150 27 verkligheten
763 1301 88 27 betinga
862 1302 33 21 till
911 1297 36 36 den

186 1336 54 26 grad
255 1336 127 23 inskränkta
397 1336 215 27 länstingsomräden,
628 1337 33 20 att
676 1335 35 21 för
725 1335 115 26 länstinget
855 1335 19 27 ej
885 1341 59 17 mera

186 1369 76 25 skulle,
272 1369 85 23 återstå,
369 1376 38 15 ens
417 1370 144 27 möjligheten
577 1371 38 24 att,
626 1369 45 22 hela
683 1365 66 36 länet.
755 1365 66 36 direkt
836 1369 33 21 till
882 1369 63 26 godo,

187 1399 63 31 ytaga
265 1395 68 39 under
345 1404 40 25 sin
393 1404 135 24 jomyärdnad
552 1403 86 22 sädana.
647 1395 105 39 göromäl,
761 1409 52 18 som
828 1403 59 24 förut
900 1402 44 25 äle-

186 1439 37 24 gat
245 1439 83 19 statens
350 1437 140 26 tjenstemän*
505 1450 30 3 —
549 1437 82 21 hvilket
653 1437 55 21 dock
730 1436 142 27 uttryckligen
895 1437 24 19 är
936 1435 7 22 i

255 1476 47 20 Lag-
315 1477 29 15 och
358 1477 169 17 Ekonomiutskottets
538 1476 105 18 betänkande
657 1476 36 17 N:o
705 1476 17 17 2.
