1009 1739
215 155 28 33 44
455 161 23 18 U.
490 160 24 19 B.
526 170 23 4 —
560 160 63 24 Prop.
636 160 36 19 N:o
684 160 30 19 17.

197 215 167 28 budgetsperiod
389 217 96 22 kommer
512 219 32 20 att
566 218 76 27 bildas,
666 218 102 21 behöfver
791 218 163 27 ifrågavarande

197 250 82 27 anslag,
295 251 67 26 enligt
377 251 115 22 utskottets
507 252 72 25 tanke,
594 251 34 22 för
644 252 26 21 de
684 253 108 20 närmaste
802 253 34 20 tre
846 252 51 21 åren
907 252 47 21 icke

197 285 105 26 upptagas
320 285 8 20 i
347 285 106 26 budgeten
468 285 34 22 till
518 285 67 28 högre
600 286 78 27 belopp
693 287 27 20 än
735 286 95 25 200,000
844 286 61 21 mark
920 286 34 21 år-

196 317 64 27 ligen,
284 318 94 27 oaktadt,
401 319 28 27 på
448 321 43 20 sätt
505 320 107 21 utskottet
626 326 29 15 nu
670 319 125 28 tillstyrker,
811 319 27 22 de
853 320 100 26 länsting,

197 358 45 15 som
265 352 86 22 komma
373 353 33 21 till
430 353 68 26 stånd,
518 354 61 21 skola
593 353 22 22 få
630 353 152 28 tillgodonjuta
798 353 39 26 sin,
853 353 7 21 i
875 353 79 22 förhål-

196 386 64 21 lande
282 387 33 20 till
331 387 159 27 folkmängden,
509 388 149 27 propotionela
673 389 77 26 anpart
764 388 7 21 i
787 387 98 26 anslaget
900 387 55 22 efter

196 426 26 15 en
238 420 118 27 beräkning
372 421 22 21 af
408 421 50 21 dess
473 422 137 21 totalsamma
625 422 34 20 till
674 422 94 26 400,000
783 422 67 21 mark.

264 453 52 22 Med
338 454 100 22 afseende
462 455 12 21 å
496 456 38 21 det
548 462 29 14 nu
592 455 96 26 anförda,
703 455 82 22 tilläter
800 456 34 26 sig
849 455 105 22 utskottet

197 488 101 26 slutligen
314 489 110 21 vördsamt
439 489 86 26 föreslå,
542 490 36 21 det
594 490 120 21 Ständerna
730 489 50 21 ville
791 488 100 22 besluta:

437 524 30 20 att
489 523 25 21 de
533 523 99 27 länsting,
648 522 70 22 hvilka
731 523 68 21 under
814 523 140 21 instundande

404 556 159 28 budgetsperiod
584 556 83 22 komma
690 558 30 20 att
744 557 98 26 inrättas,
857 556 59 22 skola
931 558 23 25 af

403 590 34 22 det
452 590 80 28 anslag,
547 598 45 14 som
607 591 121 21 Ständerna
742 591 36 26 för
788 591 122 21 ändamälet
920 591 33 21 be-

404 624 54 27 vilja,
475 624 90 22 tilldelas
580 625 74 27 bidrag
669 625 9 21 i
691 624 135 27 förhållande
840 625 33 21 till
888 625 66 27 tings-

403 658 106 22 områdets
531 658 125 28 folkmängd
670 658 37 22 och
722 658 116 22 beräknadt
852 659 52 26 efter
918 659 35 27 fy-

404 692 110 22 rahundra
536 694 59 20 tusen
616 692 61 22 mark
695 699 33 15 om
746 693 47 21 året
806 693 36 26 för
856 692 98 28 samtliga

404 726 93 27 länsting
512 726 9 21 i
535 726 75 22 landet.

269 846 34 20 Uti
319 845 156 29 behandlingen
490 847 24 21 af
528 847 140 22 förevarande
684 847 79 21 ärende
778 846 64 22 hafva
853 846 100 27 deltagit:

197 878 144 23 ordföranden
363 880 115 27 Fabritius,
497 881 147 21 ledamöterne
659 881 81 26 Antell,
755 880 99 26 Aminoff,
872 880 81 27 Stjern-

196 913 50 26 vall,
269 914 63 26 Lyra,
354 914 109 27 Järvinen,
486 915 111 27 Forsman,
621 915 75 25 Lilius,
720 910 88 31 Öhman,
831 914 122 26 Rönnbäck,

196 946 94 27 Hoikka,
313 948 105 27 Hollmén,
442 949 109 26 Vuolijoki
567 949 38 21 och
621 949 83 21 Anttila
720 950 56 19 samt
790 948 164 27 suppleanterne

196 979 142 29 Gripenberg,
354 988 40 15 von
410 982 104 26 Qvanten,
529 983 77 26 Walle,
622 983 100 26 Alopeus
738 982 38 21 och
792 981 92 27 Kiipula.

266 1021 135 27 Helsingfors
417 1022 40 21 den
475 1023 26 21 12
517 1022 59 21 Mars
593 1022 61 21 1885.

264 1484 45 20 Lag-
322 1483 30 15 och
364 1482 170 17 Ekonomiutskottets
545 1482 104 17 betänkande
661 1482 35 16 N:o
709 1482 16 16 2.
