1009 1739
216 143 13 20 2
368 143 78 22 Ständ.
463 143 37 22 Sv.
516 155 28 3 —
559 143 69 28 Prop.
645 143 40 22 N:o
700 142 33 21 23.

255 206 13 21 I
283 207 13 26 8
312 207 14 20 4
340 206 64 22 hafva
418 206 23 22 af
455 207 118 22 Ständerna
588 207 7 21 i
610 205 160 30 förteckningen
781 205 59 23 öfver
851 206 87 22 embets-

186 240 52 21 verk
261 241 39 21 och
322 240 148 29 myndigheter
491 241 79 28 tillagts
592 240 158 28 Arkeologiska
767 240 170 21 Kommissionen

186 275 39 21 och
242 274 188 29 Statsarkeologen
446 275 108 22 äfvensom
570 274 297 28 Justeringskommissionen,
882 277 55 19 samt

186 309 108 22 uteslutits
316 308 245 29 Spinnhusstyrelserna
577 309 38 22 och
631 308 180 27 Kontrollverket,
828 309 23 21 af
862 309 74 22 hvilka

186 343 26 22 de
235 343 55 22 förra
312 343 47 22 icke
381 351 45 14 mer
448 344 67 22 finnas
530 343 33 22 till
578 344 38 21 och
632 343 35 22 det
682 343 129 22 sistnämnda
826 343 87 28 uppgått
928 344 7 21 i

186 377 142 29 Myntverket.
359 377 109 29 Derjemte
483 379 39 20 har
537 377 130 29 korrigering
674 377 24 22 af
706 379 30 20 ett
744 385 37 21 par
791 378 149 28 benämningar

186 412 107 28 vidtagits.

255 446 59 22 Enär
336 446 134 28 borgarebref
487 446 67 22 under
569 454 29 14 nu
613 446 97 29 gällande
725 446 215 28 näringslagstiftning

185 480 47 22 icke
255 480 71 22 vidare
349 480 157 29 ifrägakomma,
530 481 39 21 har
592 480 123 29 stadgandet
738 488 33 14 om
786 480 150 29 stämpalafoift

187 515 32 22 för
234 515 48 21 dem
298 523 25 14 ur
338 516 13 26 &
367 516 13 20 5
395 516 114 22 uteslutits.

256 550 12 21 I
283 558 79 13 samma
378 551 7 25 8
400 546 55 36 under
474 550 104 27 fullmakt
594 551 34 20 5:0
644 550 14 20 &
673 550 264 28 kyrkoherdebeställning

186 584 64 22 hafva
265 584 25 22 de
306 584 67 22 skilda
388 586 121 20 momenten
524 584 70 22 blifvit
608 584 122 28 omflyttade
743 584 6 21 i
760 592 68 14 annan
838 584 97 22 inbördes

188 618 157 29 ordningsföljd,
368 618 32 22 till
422 619 142 21 förbättrande
579 618 23 22 af
615 619 173 27 sammanhanget
803 619 76 21 mellan
896 622 40 19 sat-

187 661 66 14 serna.

256 688 44 21 Till
322 688 39 21 den
382 680 81 36 jemväl
476 688 7 21 i
498 689 14 26 8
528 689 13 21 5
556 688 67 22 under
639 688 167 28 Lysningssedel
820 688 32 22 till
868 688 71 22 äkten-

188 722 52 28 skap
270 722 171 22 förekommande
464 722 108 28 afdelning
594 722 75 22 hänför
691 722 32 28 sig
744 724 30 20 ett
796 724 65 20 större
884 724 56 20 antal

184 756 117 28 ändringar.

255 791 13 21 I
282 791 113 29 anledning
409 791 23 22 af
445 792 107 28 försporda
567 791 163 28 anmärkningar
745 798 34 14 om
797 791 141 29 ofullständig-

187 826 37 22 het
246 826 8 20 i
276 834 29 13 nu
327 826 95 28 gällande
444 826 127 28 förordning,
588 825 129 23 beträffande
742 826 160 28 uppräknandet
917 826 24 22 af

187 860 81 22 ständs-
290 860 39 22 och
344 860 187 28 yrkeskategorier,
547 860 63 22 hafva
625 860 65 28 några
705 860 77 22 sådana
797 860 69 22 blifvit
882 861 57 21 kom-

186 894 157 29 pletteringsvis
358 894 87 26 införda,
460 894 107 29 nämligen
583 895 67 21 under
665 894 95 29 punkten
776 895 33 21 2:o
814 894 124 28 predikant,

187 929 67 21 under
272 930 34 20 5:o
325 929 61 27 lägre
394 929 196 27 jernvägsbetjente
605 931 55 20 samt
675 929 67 21 under
756 930 34 20 9:o
804 929 133 27 gårdsegare

186 965 55 19 utan
256 963 107 21 särskildt
377 963 59 28 yrke,
452 963 210 28 boktryckerifaktor
676 963 40 21 och
730 963 112 21 kontorist.

256 997 148 29 Anmärkning
420 998 38 21 har
473 998 71 21 vidare
559 997 114 22 framstälts
689 1005 34 14 om
732 997 34 22 det
774 997 164 29 oproportioner-

185 1032 42 29 liga
250 1032 50 26 deri,
324 1034 31 20 att
377 1040 25 13 en
428 1035 66 19 större
516 1032 112 29 godsegare
644 1032 53 21 skall
713 1032 7 21 i
736 1031 153 30 stämpelafgift
905 1032 33 22 för

185 1067 153 28 lysningssedel
361 1067 82 28 erlägga
466 1067 27 22 80
508 1067 68 27 mark,
591 1075 34 14 om
640 1067 42 21 han
698 1071 23 17 är
736 1066 23 22 af
772 1066 165 29 ståndspersons-

186 1101 90 25 klassen,
302 1109 48 14 men
373 1102 73 21 endast
470 1102 12 20 8
498 1101 67 26 mark,
580 1109 34 14 om
630 1101 42 21 han
688 1101 76 22 räknas
780 1101 31 21 till
826 1101 110 28 allmogen.

187 1147 27 4 —
230 1135 100 22 Nämnda
344 1136 140 28 anmärkning
498 1136 76 21 vinner
588 1136 7 21 i
610 1135 51 29 vigt,
676 1135 24 28 ju
716 1143 44 14 mer
771 1135 66 22 under
847 1135 91 22 tidernas

186 1170 49 28 lopp
258 1169 118 29 betydande
389 1170 189 28 jordpossessioner
592 1169 86 29 öfvergå
694 1169 7 21 i
716 1169 115 28 allmogens
847 1177 36 21 ego
898 1170 39 21 och

184 1203 25 30 ju
224 1204 144 22 obestämdare
383 1204 363 29 ståndspersons-qvalifikationerna
757 1203 108 22 efterhand
876 1203 64 22 blifva

186 1245 76 21 genom
277 1238 102 22 inverkan
395 1239 23 21 af
431 1247 26 13 en
473 1239 82 28 stegrad
570 1239 38 21 och
623 1246 47 14 mer
684 1238 89 22 utbredd
788 1238 76 21 allmän
880 1239 58 20 med-

186 1273 104 28 borgerlig
310 1272 100 29 bildning.
442 1273 118 22 Ständerna
578 1273 65 22 hafva
658 1273 62 21 också
735 1272 69 22 derför
819 1275 69 19 ansett
902 1273 36 20 det

186 1315 50 14 vara
251 1307 96 28 lämpligt
362 1307 7 21 i
384 1307 69 22 denna
468 1307 57 28 fråga
540 1304 105 32 uppslälla
660 1307 53 22 blott
723 1313 25 14 en
756 1306 58 23 tariff
823 1306 32 22 för
865 1306 72 28 hvarje

186 1349 68 21 grupp
270 1341 23 22 af
306 1341 216 29 landsbefolkningen,
538 1341 27 29 pä
579 1341 69 29 grund
664 1341 76 22 hvaraf
752 1341 8 21 i
775 1342 13 25 $
795 1337 13 37 5
828 1341 32 22 till
870 1341 69 28 punk-

186 1378 36 19 ten
247 1376 53 25 10:0,
318 1376 67 21 under
400 1376 41 21 den
456 1376 124 21 förändrade
594 1375 113 22 rubriken:
724 1375 35 21 till
775 1375 164 21 landskommun

187 1409 103 27 hörande,
306 1409 112 23 öfverförts
431 1411 41 21 alla
487 1410 118 29 kategorier
619 1409 47 22 från
684 1411 52 24 11:0,
753 1409 22 22 sä
790 1411 31 20 att
830 1409 38 21 här
879 1415 60 21 gvar-

187 1444 70 23 blifvit
272 1445 73 22 endast
360 1445 166 22 oklassificerade
542 1445 171 28 ständspersoner
728 1444 7 21 i
750 1444 45 22 stad
811 1444 37 21 och
861 1443 26 29 pä
896 1444 42 21 lan-
