1009 1739
193 131 27 22 14
360 131 79 22 Ständ.
456 131 37 23 Sv.
510 143 28 3 —
553 131 71 28 Prop.
640 130 40 23 N:o
695 129 34 22 28.

505 195 125 27 Transport
659 193 57 22 Fmk
746 193 120 28 8,115,295:
882 193 35 22 03.

164 229 220 28 Näringsbevillning
399 229 23 22 af
431 229 119 22 utländske
561 228 68 22 hand-

233 264 65 22 laude
313 271 27 14 m.
356 263 21 22 fl.
400 265 7 20 å
422 264 37 21 mk
475 264 80 26 30,000
588 279 5 5 .
624 281 4 3 .
683 280 11 9 »
784 263 84 24 90,000:
884 273 27 4 —

166 299 108 22 Finlands
290 299 73 21 Banks
380 298 20 22 d.
411 299 26 21 31
449 298 53 21 Dec.
513 298 55 21 1884
577 297 55 22 odis-

234 333 111 28 ponerade
361 332 130 22 vinstmedel
518 348 5 5 .
683 347 12 10 jä
750 331 120 26 6,162,064:
886 331 27 22 65

544 367 101 28 Summa
663 367 57 20 Fmk
737 366 133 25 14,367,359:
886 366 34 21 68.

236 402 35 21 Då
288 401 37 22 det
339 401 87 28 belopp,
443 407 47 16 som
506 401 34 22 för
557 401 75 30 bestri-

168 436 73 22 dande
256 436 22 21 af
294 436 64 21 ofvan
368 439 112 24 upptagna
489 435 89 27 utgifter
587 436 48 20 bor-

168 470 27 22 de
211 471 22 20 at
249 470 123 21 Ständerna
383 469 119 26 anskaffas,
512 469 120 21 beräknats

168 504 34 22 till
272 520 5 5 os
307 519 327 7 lkk.
664 503 58 21 Fmk
739 503 133 26 12,505,588:
888 515 27 3 —

167 538 63 22 torde
247 538 93 22 sålunda
356 545 25 14 en
398 538 127 27 behållning
540 538 24 21 af
593 556 3 4 .
628 555 4 5 .
662 538 58 21 Fmk
751 538 121 26 1,861,771:
888 538 34 21 68.

169 574 8 20 i
192 573 108 21 Finlands
324 572 75 22 Banks
421 572 145 22 förenämnda
582 572 126 28 disponibla
723 572 130 22 vinstmedel
870 579 53 15 vara

168 608 39 21 vid
229 608 112 27 utgängen
364 606 24 22 af
406 606 200 22 nästinstundande
622 606 149 28 finansperiod
787 608 31 20 att
832 609 90 19 emotse.

169 642 10 21 I
195 642 108 21 händelse
325 641 144 21 förenämnda
485 640 162 28 öfverföringar
662 641 34 21 till
712 640 211 22 kommunikations-

170 676 82 22 fonden
275 676 50 21 icke
348 682 42 21 ega
412 682 53 20 rum,
488 676 93 26 uppstår
604 676 99 20 deremot
724 675 8 21 i
748 675 126 21 densamma
897 681 26 15 en

170 710 103 22 eventuel
288 710 55 21 brist
359 710 23 20 af
396 710 57 21 Fmk
469 710 99 26 982,228:
585 710 35 26 32,
636 716 47 14 som
700 710 69 27 enligt
790 709 134 22 Ständernas

170 745 68 21 tanke
261 744 68 31 borde
353 744 106 22 betäckas
482 750 80 21 genom
582 744 234 27 kapitalöfverskottet
830 743 38 21 vid
884 743 41 21 den

171 779 158 27 konvertering
351 778 23 21 af
396 779 55 21 1862
474 779 36 21 års
530 779 86 27 41/,%/,
633 778 45 27 län,
694 778 90 21 hvarom
800 778 124 21 Ständerna

170 813 104 21 meddela
292 813 38 21 sitt
345 813 71 21 beslut
432 814 6 20 i
454 813 140 27 underdänig
610 812 182 22 svarsskrifvelse
817 812 5 21 ä
837 812 88 22 Eders

169 847 181 27 Kejserliga
368 847 161 28 Majestäts
546 847 82 27 nädiga
644 846 136 28 proposition
796 853 34 15 om
847 847 78 27 anslag

170 882 34 21 till
220 881 113 22 särskilda
345 881 247 27 jernvägsbyggnader.

240 916 36 20 Då
299 916 145 21 statsverkets
460 916 118 21 finansiela
597 915 113 27 ställning,
726 916 73 21 såsom
816 916 24 20 af
852 915 74 21 ofvan-

172 950 92 21 stående
286 950 104 29 framgår,
405 950 49 21 icke
470 950 33 21 för
520 949 184 22 nästkommande
720 949 158 28 budgetperiod
894 955 32 15 er-

172 983 88 22 fordrar
283 983 151 28 upptagandet
457 984 23 21 af
494 984 104 27 samtliga
614 984 33 21 för
663 983 137 22 närvarande
816 983 110 27 utgående

171 1017 156 28 bevillningar,
350 1021 57 18 samt
429 1018 258 27 inkomstbevillningen,
710 1017 32 22 till
765 1017 56 28 följd
844 1017 23 22 af
884 1017 42 22 den

172 1051 121 28 ojemnhet,
317 1051 105 22 hvarmed
442 1052 42 21 den
504 1053 60 20 visat
578 1053 36 26 sig
629 1052 71 27 enligt
715 1052 103 27 gällande
835 1051 92 22 bestäm-

173 1087 81 26 ningar
274 1086 65 21 träffa
354 1085 28 22 de
397 1086 183 27 skattdragande,
595 1087 67 21 känts
678 1093 44 14 mer
739 1086 139 27 betungande
894 1086 33 21 för

174 1119 42 22 den
240 1119 164 28 skattskyldige
423 1122 27 19 än
467 1121 73 26 öfriga
554 1120 115 27 nyssagda
684 1120 154 27 bevillningar,
854 1119 74 22 hvilka

174 1154 139 22 sistnämnda
335 1153 64 22 äfven
424 1161 82 15 annars
529 1161 67 20 synas
620 1155 74 21 såsom
709 1154 107 28 lämpliga
831 1154 97 22 beskatt-

174 1188 148 27 ningsformer
346 1187 55 22 böra
422 1188 137 21 fortfarande
578 1189 131 26 bibehållas,
724 1188 66 22 hafva
806 1188 123 21 Ständerna

174 1224 74 19 ansett
263 1222 73 27 någon
352 1222 82 21 allmän
450 1222 220 27 inkomstbevillning
686 1223 32 21 för
727 1223 53 21 åren
795 1223 49 21 1886
854 1223 74 21 —1888

174 1256 51 21 icke
248 1256 54 21 böra
322 1256 167 27 ifrågakomma,
506 1257 30 27 på
551 1259 44 19 sätt
610 1256 126 23 Ständerna
752 1256 102 22 meddela
868 1257 7 20 i
891 1257 38 21 sitt

175 1289 154 28 underdåniga
352 1296 51 15 svar
426 1291 14 20 å
455 1291 94 22 Eders
573 1291 179 28 Kejserliga
770 1291 158 28 Majestäts

176 1324 83 27 nådiga
281 1324 136 28 proposition
440 1325 116 27 angående
580 1325 122 28 utgörande
718 1325 24 22 af
756 1324 172 22 inkomstbevill-

176 1358 54 27 ning
246 1358 34 21 för
296 1358 51 21 åren
366 1359 60 26 1886,
444 1360 53 21 1887
516 1360 39 21 och
573 1360 61 22 1888.

246 1392 32 21 På
300 1393 70 27 grund
394 1394 21 20 af
431 1394 36 21 det
482 1393 67 22 ofvan
567 1393 93 23 anförda
674 1394 24 21 få
712 1393 124 22 Ständerna
851 1393 78 22 under-

177 1427 91 28 dånigst
282 1427 88 21 anmäla
479 1429 2 2 |
