1009 1739
210 147 26 20 74
518 146 35 22 N:o
569 145 30 22 31.

249 215 33 20 4:90
300 215 76 26 ålägga
392 215 143 21 underofficer
552 215 39 21 och
607 215 104 27 manskap
728 215 134 27 strafftjenst,
874 215 64 26 högst

181 249 47 27 fyra
244 249 90 27 gånger;

248 285 34 20 5:o
299 283 76 27 ålägga
399 283 143 22 underofficer
562 285 39 20 och
622 284 103 27 manskap
746 284 62 21 enkel
825 286 71 19 arrest
912 284 26 27 pä

180 319 64 26 högst
261 319 37 20 två
314 319 62 26 dygn.

534 347 11 28 $
564 348 31 21 18.

246 387 158 27 Kompanichef
418 395 50 20 eger
485 388 107 25 rättighet
607 390 41 19 att:

284 424 24 23 a)
324 423 5 19 i
346 423 86 25 hänsigt
448 423 33 20 till
498 423 116 26 manskap:

252 457 31 20 1:0
300 456 100 27 förbjuda
416 456 139 27 aflägsnande
572 456 46 21 från
636 457 85 25 kasern,
734 458 87 25 gvarter
832 456 54 21 eller
896 456 42 21 far-

181 492 37 25 tyg
234 490 28 27 på
278 490 64 27 högst
357 491 36 20 två
409 491 89 25 veckor;

248 526 34 20 2:0
300 526 76 26 ålägga
392 526 128 26 manskapet
536 526 114 26 åliggande
666 526 90 20 arbeten
772 526 57 20 ända
845 526 31 20 till
892 525 46 21 åtta

181 559 91 27 gånger;

248 594 34 20 3:0
299 594 77 26 ålägga
392 594 130 27 strafitjenst
538 594 56 21 ända
609 595 33 20 till
658 595 47 20 åtta
720 594 93 27 gånger;

250 629 34 20 4:0
301 628 76 27 ålägga
393 629 61 21 enkel
472 631 78 24 arrest,
566 629 65 26 högst
647 629 40 21 fem
706 629 66 27 dygn;

248 664 34 20 5:0
299 663 77 27 ålägga
392 664 76 26 skärpt
484 666 76 24 arrest,
578 664 64 24 högst
658 664 36 21 två
710 664 64 26 dygn;

285 697 20 27 b)
321 698 7 20 i
344 698 86 26 hänsigt
446 698 33 21 till
497 698 191 21 underofficerare:

250 733 33 20 1:0
299 734 52 24 göra
368 733 168 27 anmärkningar
552 734 39 20 och
608 733 188 26 föreställningar;

249 767 34 20 2:0
300 766 100 27 förbjuda
416 766 139 28 aflägsnande
571 767 47 21 från
634 768 86 26 kasern,
732 769 87 25 gvarter
830 768 52 20 eller
894 767 42 21 far-

180 802 37 25 tyg
233 800 29 27 på
278 801 64 26 högst
358 802 36 20 två
411 802 89 25 veckor;

248 835 34 21 3:0
299 835 76 26 ålägga
392 836 130 26 strafftjenst
538 837 56 20 ända
610 836 32 21 till
659 837 46 20 åtta
722 836 91 27 gånger;

248 870 34 20 4:0
301 870 76 26 ålägga
394 870 61 21 enkel
472 873 78 23 arrest,
567 870 62 27 högst
646 871 40 21 fem
705 871 66 26 dygn;

285 904 19 27 e)
321 905 5 20 i
343 904 88 27 hänsigt
447 905 33 21 till
497 905 121 21 officerare:

249 940 54 24 göra
322 939 162 26 underlydande
502 939 74 21 officer
592 940 169 26 anmärkningar
776 939 40 21 och
832 939 107 21 föreställ-

180 971 83 27 ningar.

532 1002 11 27 $
562 1003 31 20 19.

248 1041 189 27 Kompaniofficer,
450 1049 44 14 som
507 1043 33 20 för
552 1043 56 20 befäl
620 1042 59 21 öfver
692 1042 104 21 särskildt
807 1042 132 21 afkommen-

179 1075 67 21 derad
264 1078 72 24 trupp,
353 1076 96 27 åtnjuter
465 1076 163 27 kompanichefs
644 1077 135 26 rättigheter.

532 1139 12 27 8
560 1140 33 20 20.

249 1178 79 21 Officer
344 1179 53 20 eller
408 1179 138 27 tjensteman,
558 1179 85 21 hvilken
656 1179 97 26 ständigt
764 1179 94 21 förestår
869 1179 69 26 någon

178 1213 96 20 särskild
290 1213 197 27 förvaltningsgren
504 1213 23 21 af
543 1214 193 25 militärväsendet,
753 1213 101 27 åtnjuter,
870 1214 5 20 i
887 1213 52 21 hän-

178 1247 43 26 sigt
244 1247 34 20 till
302 1247 125 21 underbefäl
452 1248 39 21 och
515 1248 103 26 manskap
643 1248 35 21 vid
704 1254 81 15 samma
801 1248 137 27 förvaltning,

178 1280 164 27 kompanichefs
359 1282 135 25 rättigheter.

532 1345 12 27 $
560 1346 33 19 21.

247 1383 73 27 Yngre
336 1384 136 21 stabsofficer
488 1385 102 26 åtnjuter,
606 1385 7 20 i
630 1385 88 26 hänsigt
732 1385 32 20 till
777 1385 162 26 underlydande

179 1417 113 22 officerare
314 1420 56 19 samt
390 1419 128 21 underbefäl
534 1419 38 21 och
589 1419 112 26 manskap,
717 1419 162 27 kompanichefs
896 1421 43 18 rät-

178 1451 102 27 tigheter.
