1009 1739
183 167 27 20 46
492 168 35 21 N:o
546 167 30 22 31.

155 235 92 21 domstol
272 235 61 27 skall,
357 236 65 21 innan
444 236 43 21 han
510 236 185 21 domareembetet
716 235 115 26 tillträder,
854 236 6 20 i
880 235 35 27 lag

154 269 143 22 föreskrifven
314 271 115 20 domareed
445 271 92 26 aflägga.

466 356 36 23 17
518 356 86 29 Kap.

155 407 34 22 Om
206 408 25 21 de
248 408 46 27 mål,
310 414 44 16 som
370 409 30 21 till
416 409 146 27 krigsdomstol
576 410 60 26 höra;
648 409 25 22 så
684 409 38 22 ock
732 414 32 17 om
776 409 24 22 de
811 408 102 23 särskilda

360 444 209 26 krigsdomstolarnes
586 444 126 27 behörighet.

496 507 12 27 $
526 508 47 20 151.

227 546 41 21 Till
284 546 161 27 Krigsdomstol
462 548 53 20 höra
530 547 96 27 följande
642 548 53 20 mål:

228 582 31 20 1:o
278 581 98 21 Militära
398 582 66 26 brott,
489 588 45 15 som
560 582 95 21 föröfvas
672 582 23 20 af
709 582 117 27 krigsmän,
843 581 71 21 hvilka

154 617 37 19 äro
208 616 35 20 vid
260 616 26 20 de
302 615 74 21 aktiva
392 618 119 25 trupperna
528 617 106 21 anstälde.

226 651 32 20 2:0
275 650 119 21 Enahanda
410 651 66 25 brott,
492 658 47 14 som
556 652 66 26 begås
638 651 23 21 af
676 651 26 20 de
719 651 32 20 till
768 656 100 16 reserven
884 651 30 21 el-

153 684 32 21 ler
201 684 138 21 landtvärnet
355 685 96 21 hörande
467 686 111 26 krigsmän
595 686 53 20 eller
663 685 23 21 af
701 685 26 21 de
746 685 36 21 vid
792 685 121 26 krigsmak-

153 720 36 19 ten
206 720 99 20 anstälde
321 720 61 20 civile
398 720 137 26 tjenstemän,
553 720 27 21 dä
596 721 26 20 de
638 718 108 29 enligt
722 714 29 37 $$
763 721 13 19 2
792 720 39 20 och
847 721 12 19 3
876 722 36 18 äro

154 754 161 20 underkastade
331 754 283 26 ansvarsbestämningarna
630 756 6 19 i
653 755 71 20 denna
740 754 41 26 lag.

226 789 33 20 3:o
276 788 146 27 Förbrytelse,
440 795 45 15 som
502 791 125 19 omnämnes
638 790 6 20 i
656 789 12 27 $
681 790 40 19 114
732 788 24 21 af
765 788 148 27 Värnepligts-

153 822 69 27 lagen.

225 858 34 20 4:0
275 857 136 27 Vanvördigt
426 857 136 22 förhållande
578 858 56 21 inför
650 858 163 26 Krigsdomstol
830 858 22 20 af
866 858 47 25 den,

153 897 45 15 som
216 892 70 20 denna
301 892 35 25 lag
352 892 148 21 underkastad
516 894 30 19 är.

225 926 33 20 5:o
276 926 49 20 Alla
341 926 69 26 öfriga
426 927 66 25 brott,
509 927 73 21 hvilka
598 927 6 20 i
620 926 94 26 krigstid
732 926 95 21 föröfvas
844 926 22 21 af
876 926 37 20 nä-

153 965 49 21 gon,
219 966 45 15 som
282 961 60 26 lyder
359 961 68 20 under
444 961 70 21 denna
530 961 41 26 lag,
589 961 65 21 likväl
670 961 50 20 med
736 961 111 26 undantag
862 960 23 21 af
894 960 18 26 ej

152 995 84 26 mindre
259 995 201 26 äktenskapsbrott,
484 995 74 21 hvilka
581 996 35 20 vid
639 995 80 22 allmän
743 995 94 20 domstol
861 995 53 20 böra

152 1029 141 26 handläggas,
310 1031 27 19 än
353 1030 147 26 religionsmäl
520 1030 39 21 och
576 1030 81 21 sådana
672 1029 144 27 förbrytelser
827 1029 7 20 i
845 1031 68 25 prest-

152 1063 100 26 embetet,
270 1069 46 15 som
333 1064 67 26 enligt
416 1064 134 27 kyrkolagen
567 1065 87 20 tillhöra
670 1064 163 21 vederbörande
848 1063 67 21 Dom-

152 1097 94 27 kapitels
262 1099 146 26 upptagande.

224 1132 85 21 Varder
332 1133 77 26 nägon,
434 1133 66 21 sedan
524 1133 26 22 de
573 1133 157 26 förhällanden,
754 1133 28 26 pä
805 1132 69 27 grund
892 1132 23 21 af

151 1166 74 21 hvilka
240 1167 42 20 han
298 1167 117 27 underlydt
433 1168 71 21 denna
519 1168 41 26 lag,
577 1168 101 26 upphört,
695 1167 101 26 angifven
808 1167 52 21 eller
871 1167 43 20 till-

151 1201 59 21 talad
233 1201 35 21 för
291 1201 65 26 brott,
382 1208 46 15 som
444 1202 105 21 föröfvats
566 1203 76 20 medan
659 1202 42 21 han
718 1201 57 21 varit
790 1201 124 21 densamma

151 1235 155 26 underkastad,
331 1236 55 21 skall
403 1237 66 20 målet
485 1237 73 26 likväl,
576 1243 33 14 om
626 1237 36 20 det
678 1236 64 27 eljest
758 1236 68 25 enligt
842 1235 71 22 ofvan-

152 1269 89 22 stäende
265 1271 96 26 grunder
384 1271 40 21 hör
439 1271 34 21 till
494 1271 169 26 Krigsdomstol,
688 1271 40 20 der
750 1272 107 25 upptagas
874 1271 38 20 och

151 1304 95 27 afgöras.

494 1334 11 27 8
525 1335 45 20 152.

223 1373 52 21 Med
291 1373 111 27 undantag
418 1373 22 21 af
455 1374 27 21 de
499 1374 51 27 mäl,
567 1380 45 15 som
629 1374 7 21 i
651 1375 13 20 4
681 1379 63 15 mom.
761 1373 44 27 af
795 1369 13 37 $
819 1374 38 20 151
870 1379 44 15 om-

150 1407 111 26 förmälas,
286 1408 74 21 hvilka
382 1408 135 27 handläggas
541 1409 35 20 vid
600 1409 40 20 den
659 1408 103 26 domstol,
779 1408 38 20 der
832 1408 83 20 brottet

151 1441 65 26 skett,
232 1441 112 22 äfvensom
360 1442 23 21 af
397 1442 55 27 dem,
470 1449 46 15 som
531 1443 29 26 pä
574 1443 70 26 grund
656 1443 23 20 af
692 1442 12 27 $
717 1443 39 20 153
769 1442 42 21 litt.
823 1442 23 27 a)
858 1443 57 20 samt

150 1476 12 27 8
178 1477 40 20 201
236 1476 49 21 utaf
300 1472 249 31 Öfverkrigsdomstolen
567 1477 39 21 och
623 1476 115 22 Ständrätt
748 1476 94 26 afgöras,
853 1476 63 21 skola
