1009 1739
204 173 13 20 6
512 171 38 24 N:o
566 171 32 24 19.

202 289 42 20 2:0.
269 288 69 25 Bevis,
348 294 46 15 som
410 287 121 28 berättigar
544 288 33 21 till
587 288 119 27 uttagande
718 287 22 21 af

271 323 83 26 lysning
373 323 33 20 till
426 322 127 27 äktenskap,
576 322 34 21 för
632 322 107 21 hvardera

270 356 157 22 kontrahenten
443 373 5 5 .
480 374 4 4 .
517 374 4 4 .
662 373 76 4 es]
792 368 25 3 —
883 359 27 20 50

202 392 41 20 3:0.
268 391 165 27 Lysningssedel
448 391 33 22 till
498 373 132 44 äktenskap.
661 408 4 4 =
697 407 5 5 ä
806 398 13 20 2
884 405 24 2 ==

202 427 40 20 4:0.
268 426 63 21 Bevis
346 425 58 21 öfver
420 426 113 21 afkunnad
551 426 85 26 lysning
652 426 32 20 till
701 408 37 38 äk-

270 460 90 27 tenskap
374 461 65 26 jemte
455 460 61 27 intyg
532 466 34 15 om
580 460 159 21 hinderslöshet

270 495 33 21 till
319 495 201 27 sammanvigning
513 491 16 35 .
552 512 5 4 .
697 510 40 5 E
793 514 26 2 —
883 497 27 20 50

202 530 40 21 5:0.
268 530 83 27 Utdrag
366 536 25 14 ur
407 530 51 26 dop-
475 530 41 20 och
532 511 144 45 dödslängder
698 545 40 5 «om
792 548 26 3 —
883 532 27 20 50

202 565 40 21 6:0.
268 564 63 21 Bevis
347 564 33 21 för
395 565 54 25 dem,
459 570 47 15 som
523 564 53 21 söka
586 564 101 21 inträde
676 560 10 35 i
700 564 38 20 all-

271 601 49 19 män
336 599 76 27 tjenst.
443 616 4 4 .
480 616 4 4 .
516 616 5 4 .
553 615 3 3 .
792 618 26 3 —
883 602 27 20 50

202 635 40 20 7:0.
268 634 69 25 Bevis,
361 640 45 15 som
430 633 109 22 erfordras
563 616 35 38 vid
618 615 116 45 ansökning
743 616 6 29 |

271 675 33 14 om
327 668 79 27 lagfart
423 668 13 21 å
451 668 83 21 skatte-
550 668 51 22 eller
619 668 130 21 immission
739 664 14 35 |

270 703 7 21 i
292 703 169 21 kronohemman
477 710 28 14 m.
517 710 26 14 m.
557 705 56 19 samt
628 703 111 21 innehålla

270 738 114 26 utredning
409 737 59 22 öfver
493 737 245 27 slägtskapsförhållan-

270 772 51 21 den:

298 806 28 22 då
344 807 80 21 beviset
442 806 118 22 innefattar
578 807 33 21 till
631 806 40 22 och
690 806 59 23 med!

268 841 37 21 två
320 842 91 26 slägtled
442 858 4 4 .
478 858 4 4 .
516 858 3 3 .
551 858 4 4 .
624 857 78 5 e
734 831 15 30 I
806 850 13 19 2
883 854 26 2 —

298 876 33 20 för
346 876 74 26 hvarje
436 876 34 21 led
487 858 121 39 derutötver
625 892 75 4 pomon
734 886 14 17 se
807 884 12 20 2
883 888 26 3 —

200 911 41 21 8:0.
268 910 68 26 Bevis,
352 910 112 22 utfärdadt
481 910 33 22 för
526 910 125 27 skeppare
640 906 12 36 ä
666 910 72 21 landt-
856 932 2 6 |

269 945 150 26 mannafartyg
443 961 4 4 .
479 961 4 4 .
516 961 4 4 .
733 941 84 26 do
883 946 27 20 50

201 980 40 20 9:0.
267 979 63 21 Bevis
345 979 33 21 för
393 979 123 27 besättning
527 979 13 21 å
551 961 51 44 dito,
619 961 33 39 för
660 961 63 38 hvarj
715 985 22 21 je

270 1020 77 20 person
371 1030 4 5 .
407 1031 4 4 .
443 1031 4 4 .
733 1030 4 4 5
792 1032 26 3 —
883 1015 27 20 20
930 1004 2 16 |

189 1049 52 20 10:0.
267 1049 83 26 Utdrag
365 1055 25 14 ur
406 1025 296 54 kyrköstamimoprotokol:-

269 1083 69 21 första
353 1083 61 21 arket
441 1100 4 4 .
477 1099 5 5 .
514 1099 4 4 .
550 1099 4 5 .
808 1090 8 19 1
883 1084 27 20 20

271 1118 67 21 andra
354 1118 62 21 arket
432 1118 40 21 och
487 1118 75 27 hvarje
574 1099 23 39 af
606 1099 25 40 da
642 1099 91 46 följande
741 1099 7 18 |
792 1129 26 3 —
883 1119 27 20 80
930 1114 2 4 |

243 1175 64 20 Anm:
336 1175 70 20 Lösen
422 1175 96 26 erlägges
534 1175 30 26 ej:
583 1175 41 27 1:0)
640 1175 34 21 för
685 1175 70 26 betyg,
767 1181 46 15 som
824 1175 108 22 erfordras

186 1211 23 20 ör
224 1210 80 21 elevers
319 1209 112 27 intagning
446 1209 7 21 i
469 1209 109 25 läroverk;
599 1210 43 27 2:0)
659 1209 33 21 för
709 1209 70 27 betyg,
795 1209 113 22 utfärdade
924 1211 8 20 i

176 1244 102 21 afseende
297 1245 12 20 å
328 1243 95 28 lyftande
440 1243 24 21 af
476 1244 91 26 pension
582 1244 52 21 eller
650 1244 118 21 understöd
783 1251 25 14 ur
824 1245 108 20 allmänna

175 1279 69 21 medel
260 1279 51 21 eller
326 1278 48 21 från
389 1279 89 26 publika
494 1279 52 21 eller
561 1279 98 21 enskilda
674 1279 112 26 pensions-
801 1279 39 21 och
856 1279 77 21 under-

174 1313 146 26 stödskassor;
336 1315 56 19 samt
408 1314 44 26 3:0)
469 1313 23 21 af
505 1313 116 27 veterligen
637 1313 104 21 medellös
757 1319 84 21 person.

242 1349 76 25 Lösen,
339 1355 46 14 som
404 1349 67 26 enligt
486 1348 70 21 denna
572 1350 51 19 taxa
639 1348 117 26 uppbäres,
772 1348 54 21 skall
842 1349 92 20 ovilkor-

172 1383 57 27 ligen
245 1383 33 21 till
294 1383 99 27 beloppet
409 1382 12 21 å
438 1383 41 21 den
495 1382 115 22 utfärdade
626 1382 152 27 expeditionen
794 1383 123 21 antecknas.
