1009 1739
208 161 27 19 36
413 159 25 22 U.
452 159 25 22 B.
492 171 27 4 —
534 160 64 28 Prop.
614 160 38 22 N:o
670 159 35 23 23.

178 223 86 23 valörer
281 224 49 23 icke
349 225 44 21 kan
408 227 166 20 sammansättas
590 225 42 22 den
647 232 89 21 summa,
752 231 45 16 som
811 225 8 22 i
834 225 104 22 förekom-

176 259 78 22 mande
273 259 39 22 fall
332 259 110 28 ästundas,
462 260 36 21 mä
514 260 265 28 kartasigillatakontoret
793 260 58 22 förse
866 260 27 22 de
907 259 31 22 in-

177 293 63 28 gifna
254 293 160 28 handlingarna
429 294 49 21 med
492 296 97 20 närmast
604 295 59 27 lägre
678 295 177 27 stämpelbelopp.

526 357 12 28 8
556 359 33 20 11.

245 397 36 21 Då
304 397 84 22 enskild
410 397 134 28 afhandling,
567 397 132 22 förbindelse
722 398 52 22 eller
786 404 71 15 annan
872 397 65 22 skrift

176 431 40 22 hos
238 431 97 27 domstol,
358 431 104 22 exekutor
482 432 52 21 eller
552 438 73 15 annan
639 432 129 27 myndighet
782 432 85 27 företes,
884 431 53 28 ålig-

177 472 41 21 ger
232 465 38 22 det
284 465 163 22 vederbörande
463 466 93 27 domare,
572 466 149 22 embetsverks
736 466 135 22 sekreterare
885 465 52 23 eller

176 500 132 27 tjensteman
322 500 64 27 tillse,
402 501 34 20 att
450 500 66 22 karta
530 500 34 22 till
580 500 37 22 det
632 500 86 28 belopp,
734 506 46 16 som
789 500 147 28 tilläfventyrs

177 534 87 27 brister,
280 534 26 22 af
318 535 122 27 sakegaren
456 534 116 22 anskaffas.

245 569 118 27 Begagnas
379 569 75 22 dervid
469 570 119 26 stämpladt
602 576 88 21 papper,
706 570 40 21 bör
762 570 118 22 detsamma
888 569 50 22 med

176 602 50 22 lack
248 603 40 21 och
311 603 140 27 embetssigill
472 604 38 21 vid
532 603 93 23 skriften
645 603 76 28 fästas,
742 604 110 22 äfvensom
866 604 29 26 pä
911 604 26 22 de

176 637 94 27 tillagda
284 638 114 21 kartornas
414 638 104 27 stämplar
532 638 123 28 korteligen
670 639 120 21 antecknas
805 638 34 22 till
849 638 88 22 hvilken

176 671 106 28 handling
300 672 27 21 de
346 672 62 27 höra;
428 673 40 21 och
482 673 36 21 mä
534 673 86 22 domare
636 673 40 21 och
690 673 71 22 andra
776 672 161 23 vederbörande

176 705 35 22 för
228 706 39 21 sitt
284 706 79 22 besvär
380 706 48 22 med
446 707 162 27 beläggningen
624 708 40 21 och
678 707 8 22 i
701 707 123 28 ersättning
839 706 35 22 för
888 707 50 21 kar-

176 741 74 20 tornas
265 740 139 22 vidfästande
419 742 98 26 uppbära
531 741 8 21 i
555 743 33 20 ett
602 742 35 21 för
653 742 40 21 allt
708 742 64 27 tjugu
786 741 71 28 penni.

244 774 118 28 Begagnas
380 776 172 28 stämpelmärke,
571 777 40 21 bör
631 776 120 22 detsamma
766 776 68 22 finnas
849 774 87 24 häftadt

176 808 15 22 å
209 808 104 22 skriftens
331 809 69 22 första
418 810 48 21 sida
486 810 45 28 och,
548 810 73 22 derest
635 810 54 22 flera
704 810 72 22 skilda
791 810 145 28 stämpelmär-

175 842 44 22 ken
238 844 118 26 användas,
376 844 76 22 vidare
466 845 74 21 utmed
554 845 98 21 brädden
668 845 25 21 af
706 845 93 22 skriften
813 846 29 26 pä
857 845 80 21 sädant

175 878 52 26 sätt,
238 879 35 20 att
283 878 27 21 de
320 878 19 27 ej
350 878 74 22 kunna
433 878 50 22 frän
494 879 158 28 afhandlingen
663 880 82 27 skiljas,
756 881 54 20 utan
819 881 34 20 att
861 879 76 23 värde-

175 912 108 26 stämpeln
298 912 124 28 derigenom
437 913 86 22 skadas.
546 914 85 21 Saknas
647 916 107 25 utrymme
756 908 14 37 ä
787 914 70 22 första
866 914 70 26 sidan,

175 946 37 21 mä
226 946 166 27 stämpelmärke
404 947 82 27 jemväl
499 948 29 27 pä
544 947 114 22 fränsidan
673 948 124 27 anbringas.
819 948 47 21 Och
880 948 57 21 skall

176 979 104 28 derjemte
302 980 65 22 hvart
389 981 39 21 och
449 983 33 20 ett
502 982 26 21 af
549 982 26 21 de
595 983 128 26 begagnade
742 982 194 27 stämpelmärkena

176 1014 124 22 makuleras
320 1015 104 28 antingen
443 1016 91 22 medelst
552 1017 150 28 pätryckning
720 1017 26 21 af
762 1017 92 27 stämpel
868 1017 69 27 enligt

175 1048 104 22 faststäld
293 1049 55 22 form
363 1049 58 28 eller,
438 1050 38 22 der
490 1051 70 21 sådan
576 1051 19 28 ej
608 1051 74 22 blifvit
693 1051 41 22 den
745 1051 135 28 tjensteman,
891 1057 45 16 som

175 1082 95 23 skriften
292 1083 127 28 erottager,
439 1085 99 28 tillstäld,
555 1092 77 21 genom
648 1092 27 15 en
692 1085 25 22 af
729 1086 77 21 honom
821 1086 53 21 eller
888 1086 49 21 sak-

175 1123 82 21 egaren
271 1118 114 21 verkstäläd
399 1119 51 22 kort
464 1119 98 28 skriftlig
577 1120 141 28 anteckning,
734 1127 44 15 som
793 1120 99 28 tydligen
904 1122 33 20 ut-

174 1151 60 22 visar
252 1151 35 22 till
304 1152 89 22 hvilken
408 1153 66 22 skrift
486 1154 54 21 eller
554 1154 108 27 handling
675 1155 178 27 stämpelmärket
867 1155 69 22 hörer.

174 1185 46 22 För
234 1186 70 21 sådan
318 1187 137 28 makulering
470 1195 52 21 eger
536 1189 94 22 särskild
646 1189 67 28 afgift
726 1189 49 22 icke
790 1195 53 16 rum.

245 1220 75 22 Skulle
338 1221 61 27 dylik
414 1222 129 29 afhandling
558 1223 53 22 eller
625 1223 73 28 skrift,
715 1224 28 21 dä
759 1224 41 21 den
815 1224 122 22 sedermera

175 1254 57 27 ånyo
249 1255 38 21 vid
304 1255 91 22 domstol
414 1257 54 21 eller
481 1257 128 28 myndighet
623 1257 89 28 företes,
728 1258 68 22 likväl
810 1259 70 21 sakna
895 1258 42 22 den

174 1288 122 28 kartering,
318 1290 105 22 hvarmed
446 1291 41 22 den
510 1292 73 22 blifvit
604 1292 97 26 försedd,
724 1293 57 21 skall
800 1293 64 22 karta
884 1293 53 21 eller

173 1323 169 27 stämpelmärke
361 1324 35 23 till
410 1325 106 28 stadgadt
530 1327 78 28 belopp
623 1327 111 22 anskaffas
750 1327 40 22 och
803 1327 133 28 handlingen

173 1357 119 28 vidhäftas,
308 1358 67 22 innan
391 1359 71 22 denna
477 1360 35 22 fär
526 1363 131 26 emottagas.

523 1423 13 28 8
552 1426 34 19 12.

242 1460 41 22 Om
306 1461 99 22 enskilda
427 1469 108 21 personer,
557 1470 45 15 som
621 1463 37 28 sig
676 1464 92 22 emellan
787 1464 61 22 slutit
863 1465 73 28 nägon

242 1500 219 23 Bevillningsutskottets
474 1502 116 19 betänkande
601 1504 39 18 N:o
652 1504 16 17 4.
