1009 1739
269 168 79 22 Ständ.
363 168 36 23 Sv.
416 180 28 3 —
458 168 71 27 Prop.
547 169 39 21 N:o
604 168 33 21 19.
776 169 25 20 11

500 226 16 27 $
531 226 19 20 5.

289 265 39 21 Vid
339 265 199 28 prestaflöningens
549 265 157 22 bestämmande
717 265 58 22 skola
786 265 45 27 för-

217 306 105 15 monerna
344 299 27 28 af
390 300 37 25 bol,
451 300 141 28 boningsrum
615 300 36 21 och
666 300 66 21 uthus
749 299 83 28 tagas
820 295 16 37 i

217 333 118 29 beräkning
350 336 57 19 samt
420 334 124 21 inkomsten
560 335 27 27 af
599 335 54 21 bolet
662 334 128 27 uppskattas
800 333 31 28 ef-

218 370 31 19 ter
263 368 45 21 dess
326 368 95 29 verkliga
436 369 71 26 värde,
524 369 74 22 dervid
612 369 94 28 beloppet
720 368 28 28 af
760 369 24 20 de
800 368 31 21 lä-

215 403 104 28 genheten
341 403 67 28 enligt
430 403 35 28 lag
488 403 37 22 och
540 403 164 28 författningar
718 403 113 28 åliggande

217 436 109 28 utskylder
346 437 36 21 och
397 437 73 22 besvär
484 438 38 21 bör
537 438 109 27 afräknas
660 439 57 20 samt
731 437 100 27 afseende

214 471 80 28 jemväl
315 471 69 28 fästas
399 472 13 21 å
427 472 57 22 hvad
499 472 54 22 bolet
567 472 71 22 kunde
653 472 102 28 inbringa
772 472 8 21 i
795 479 36 14 ar-

217 506 70 21 rende.

499 536 15 26 $
529 536 18 21 6.

284 574 34 22 De
340 574 74 29 bidrag
437 575 33 21 till
482 576 169 27 presterskapets
666 575 105 28 aflöning,
788 582 43 14 som

217 608 43 22 icke
275 610 52 27 utgå
341 609 54 27 fråm
410 610 197 28 församlingarna,
626 612 58 20 utan
696 610 89 28 grunda
800 609 32 28 sig

214 644 31 26 på
260 644 130 28 statsanslag
405 644 8 21 i
428 644 109 22 kontanta
545 645 135 28 penningar,
692 643 140 23 kronotionde

218 678 35 21 och
270 678 70 21 andra
355 678 74 27 dylika
445 679 90 21 tillskott
551 680 7 20 i
568 679 52 27 jord
634 679 51 21 eller
696 680 135 26 penningar,

216 712 64 26 skola,
296 712 37 21 der
348 713 24 21 de
388 712 75 27 finnas
478 714 8 20 i
503 720 28 15 en
546 714 51 20 eller
612 720 80 15 annan
703 713 129 27 församling

216 746 44 22 icke
274 747 74 21 vidare
362 754 54 14 vara
432 747 110 29 behöfliga,
557 748 105 28 indragas
678 748 37 21 och
730 748 28 27 af
764 748 68 21 dein-

216 782 96 26 flytande
334 782 82 21 medlen
440 782 69 21 bildas
525 789 27 15 en
567 782 59 28 fond,
643 782 101 28 derifrån
758 782 75 28 bidrag

218 816 90 21 tilldelas
330 816 24 21 de
376 816 164 28 församlingar,
556 817 73 21 hvilka
644 817 78 28 sjelfva
738 817 18 27 ej
772 818 38 20 äro
825 817 9 20 i

216 850 64 21 stånd
302 852 33 19 att
356 850 56 27 förse
434 851 39 21 sitt
490 852 138 26 presterskap
651 852 46 20 med
718 850 115 28 tillräcklig

217 884 105 28 aflöning.

454 949 33 20 II
511 949 77 25 Kap.

327 1004 41 23 Om
384 1004 151 28 aflöningens
551 1005 171 22 beskaffenhet.

498 1053 18 23 8
532 1051 18 20 7.

285 1090 51 21 Den
358 1090 112 22 säkallade
493 1091 83 21 tertial-
592 1091 51 21 eller
659 1090 174 27 tiondespanmä-

218 1124 34 21 len
268 1125 110 27 äfvensom
393 1125 42 21 den
451 1125 34 21 till
500 1125 132 28 kapellaner,
644 1125 142 27 predikanter
797 1124 37 21 och

216 1159 194 28 sockneadjunkter
428 1160 108 27 utgående
551 1160 238 27 spanmälsaflöningen
804 1159 30 21 bi-

217 1193 89 22 behålles
328 1194 66 27 äfven
416 1193 113 28 framgent
550 1194 68 21 såsom
642 1196 30 19 ett
682 1193 151 29 jordlägenhe-

218 1229 61 20 terna
303 1228 113 28 åliggande
432 1228 125 28 lönebidrag
572 1229 34 20 till
617 1229 163 26 presterskapet,
797 1228 38 21 och

217 1261 121 22 bestämmes
354 1263 80 27 jemväl
449 1263 9 20 i
473 1263 25 21 de
514 1263 61 21 delar
590 1263 28 27 af
630 1263 78 26 landet,
724 1263 38 21 der
778 1263 55 21 tion-

216 1297 42 20 den
273 1304 32 14 nu
320 1297 65 28 utgår
399 1297 54 27 efter
468 1297 60 22 årets
542 1299 52 19 växt
608 1297 50 22 eller
672 1297 69 28 enligt
751 1297 83 27 träffad

217 1331 213 27 öfverenskommelse,
455 1331 34 22 till
512 1333 54 20 visst
587 1331 72 28 belopp
681 1332 55 27 från
758 1331 77 28 hvarje

217 1365 104 28 lägenhet,
344 1366 68 27 enligt
434 1366 24 21 de
480 1365 38 28 för
538 1365 74 22 landet
625 1366 9 21 i
649 1365 121 22 allmänhet
784 1365 51 22 eller

216 1401 58 20 vissa
298 1401 56 20 orter
376 1400 104 21 särskildt
502 1400 103 28 gällande
619 1400 163 28 författningar
797 1399 38 22 och

218 1434 140 28 stadganden,
382 1434 113 27 äfvensom
519 1435 46 20 med
587 1434 84 27 fästadt
692 1435 99 27 afseende
802 1434 32 27 på

216 1467 25 21 de
264 1468 53 26 från
339 1468 159 28 församlingen
517 1468 33 22 till
564 1468 46 21 dess
620 1469 137 27 presterskap
772 1469 63 26 förut
