1009 1739
311 140 23 23 U.
351 141 22 22 B.
390 155 28 4 —
434 143 62 26 Prop.
513 143 37 22 N:o
567 141 34 26 18.
765 143 28 21 27

68 209 84 26 slagits,
176 208 88 22 förorda
285 208 152 23 bibehällande
460 209 25 22 af
504 211 39 21 det
558 211 142 22 kommunala
715 211 108 22 skattöret

70 245 72 21 säsom
166 245 71 26 grund
260 244 34 22 för
316 245 42 21 den
376 245 106 27 politiska
497 248 127 20 rösträtten.
641 247 51 22 Men
709 247 6 21 i
731 249 93 19 motsats

71 279 34 23 till
129 280 163 27 propositionen
315 280 64 22 hafva
402 281 21 21 vi
447 281 19 27 ej
483 283 75 20 ansett
573 283 67 26 nägot
654 283 40 21 fixt
711 283 113 22 minimum

71 315 34 22 för
127 316 119 22 utöfvande
269 316 23 21 af
314 317 41 21 den
378 317 106 26 politiska
502 317 109 23 valrätten
627 319 54 22 böra
697 318 128 28 uppställas,

71 354 53 20 utan
149 353 27 22 12
200 353 11 27 &
228 353 7 21 i
250 353 283 28 kommunalförordningen
550 354 7 21 i
573 355 110 27 städerna,
700 355 67 21 sädan
784 355 41 21 den

71 389 61 27 lyder
148 389 8 21 i
176 389 26 21 K.
219 389 153 27 förordningen
388 389 24 22 af
426 390 42 21 den
486 390 28 21 15
530 390 94 27 Augusti
640 391 66 27 1883,
722 391 53 22 böra
790 390 37 22 vid

73 425 148 27 beräkningen
237 425 24 21 af
275 427 99 19 rösterna
389 425 61 27 tjena
464 426 36 20 till
516 426 154 28 efterrättelse,
686 427 56 21 dock
754 428 24 20 sä
786 429 40 24 att,

74 462 72 21 säsom
167 461 68 21 redan
254 461 70 27 sades,
340 460 65 28 ingen
420 461 74 22 kunde
511 462 115 22 innehafva
642 468 47 16 mer
705 464 27 20 än
750 462 28 22 10
792 464 34 20 rö-

73 498 51 20 ster.
156 496 34 22 Då
214 503 26 15 en
264 498 62 26 gång,
343 498 72 20 såsom
432 497 60 22 skett
508 498 8 20 i
531 498 173 28 propositionen,
720 498 108 22 skattöret

74 533 57 27 lagts
152 532 35 22 till
208 533 70 27 grund
294 532 32 22 för
342 533 42 21 den
400 533 105 27 politiska
521 534 115 27 valrätten,
651 536 71 20 mäste
738 535 37 21 det
790 540 38 16 an-

76 575 34 15 ses
134 575 52 15 vara
209 569 50 27 föga
282 568 136 28 följdrigtigt,
440 571 34 19 att
489 571 54 20 utan
560 570 102 22 afseende
678 572 28 26 pä
721 571 108 21 skattöret

76 604 111 22 fastställa
210 606 32 20 ett
264 604 40 22 fixt
321 605 114 21 minimum
452 605 24 22 af
489 605 104 28 inkomst,
610 612 47 16 som
673 607 101 27 utgjorde
789 606 40 21 vil-

76 642 42 20 kor
142 640 34 22 för
191 641 118 21 utöfvande
324 641 24 21 af
361 641 93 21 berörda
469 641 88 22 valrätt.
589 642 75 22 Detär
673 643 66 21 ocksä
747 648 82 22 uppen-

74 677 57 27 bart,
147 678 33 20 att
196 678 32 20 ett
243 676 55 22 visst
314 677 112 22 minimum
442 676 25 22 af
480 678 104 27 inkomst,
601 680 16 19 t.
634 685 31 15 ex.
683 679 37 21 det
736 679 7 21 i
751 684 78 22 propo-

76 713 94 21 sitionen
187 713 40 21 och
244 713 21 21 af
280 713 109 21 utskottet
404 713 126 27 föreslagna
545 714 103 27 beloppet
663 714 25 22 af
702 714 43 22 800
760 714 70 27 mark,

76 750 70 20 mäste
170 749 7 21 i
201 749 59 21 olika
282 749 74 21 städer
377 748 89 28 betinga
482 756 28 14 en
526 750 87 26 mycket
628 750 60 21 olika
703 750 128 22 ekonomisk

79 785 111 26 ställning.
222 785 33 21 En
278 785 132 21 ärsinkomst
432 784 24 22 af
471 785 45 22 800
532 786 62 20 mark
610 786 56 21 skall
682 788 16 19 t.
716 792 31 16 ex.
764 786 7 22 i
787 786 44 21 Ka-

76 822 54 26 jana
145 821 100 22 förefalla
260 828 44 20 nog
319 821 104 27 ansenlig,
440 822 28 20 dä
484 822 43 21 den
544 828 84 15 samma
644 822 98 22 deremot
758 822 6 21 i
780 822 52 22 Hel-

78 857 94 27 singfors
188 858 70 20 mäste
274 863 63 15 anses
352 863 52 15 vara
417 856 161 28 jemförelsevis
594 858 79 26 knapp.

152 893 35 21 Då
201 893 22 21 vi
239 893 83 22 således
338 892 134 22 beträffande
488 895 73 20 rätten
578 895 33 20 att
627 894 87 27 deltaga
730 894 6 20 i
748 894 84 21 städer-

78 935 40 16 nas
133 929 231 26 landtdagsmannaval
380 929 92 21 anslutit
488 935 36 15 oss
540 929 35 21 till
591 930 37 20 det
644 930 7 20 i
673 929 159 22 ofvannämnda

79 965 27 20 K.
123 964 128 27 förordning
266 964 24 22 af
296 965 41 21 den
350 964 27 22 15
393 965 95 26 Augusti
505 965 59 22 1883
580 965 106 26 ingående
702 965 132 26 stadgandet

79 1001 112 26 angäende
211 1000 99 22 vilkoren
326 1000 33 21 för
374 1000 100 27 utöfning
490 1000 25 22 af
529 1001 41 21 den
586 1000 141 22 kommunala
742 1001 92 20 rösträt-

79 1038 45 25 ten,
147 1037 87 21 komme
258 1036 68 27 enligt
346 1037 48 20 värt
418 1036 82 27 förslag
524 1036 65 27 ingen
605 1038 33 19 att
654 1036 74 22 utöfva
744 1036 91 27 politisk

79 1072 88 27 valrätt,
191 1078 47 15 som
262 1072 19 27 ej
297 1072 55 21 hade
368 1072 34 27 sig
417 1073 79 20 tvenne
513 1072 139 21 kommunala
668 1073 113 20 skattören
796 1073 38 26 pä-

81 1108 68 22 förda.
180 1108 43 21 Vid
246 1108 78 21 sädant
344 1107 136 22 förhällande
496 1108 88 21 komme
600 1108 7 21 i
628 1108 44 21 alla
688 1109 26 20 de
730 1108 82 27 städer,
829 1107 5 20 i

80 1144 74 22 hvilka
178 1144 108 22 skattöret
309 1144 137 21 motsvarade
462 1144 38 21 det
517 1144 34 21 för
567 1144 37 21 det
620 1151 84 14 samma
719 1143 117 22 faststälda

80 1181 80 26 högsta
181 1180 79 27 belopp
281 1180 45 21 400
341 1180 67 27 mark,
426 1179 69 28 enligt
511 1181 48 20 värt
575 1179 81 28 förslag
671 1179 115 22 valcensus
802 1180 35 20 att

81 1223 53 14 vara
150 1217 41 20 den
208 1222 84 15 samma
307 1222 46 15 som
370 1216 42 21 den
428 1215 7 21 i
450 1215 167 28 propositionen
634 1216 39 21 och
689 1215 24 22 af
728 1215 109 21 utskottet

82 1252 116 21 förordade
214 1252 53 21 eller
283 1252 43 22 800
341 1252 69 21 mark.
442 1251 34 22 Då
491 1251 22 22 vi
530 1251 33 22 för
578 1253 38 20 vär
633 1251 35 22 del
683 1250 114 27 föreslagit
804 1250 32 21 tio

82 1289 72 20 säsom
178 1288 38 21 det
238 1288 78 27 högsta
338 1287 122 27 röstetalet,
482 1287 105 22 hvarmed
603 1288 70 26 nägon
689 1286 57 28 finge
762 1285 76 22 utöfva

81 1323 91 27 politisk
194 1323 88 27 valrätt,
301 1323 64 21 hafva
380 1323 20 21 vi
417 1324 13 20 &
445 1329 41 15 ena
502 1323 64 21 sidan
582 1322 48 22 haft
645 1323 8 20 i
669 1323 56 26 sigte
741 1321 96 22 nödvän-

83 1353 104 27 digheten
214 1355 34 20 att
268 1353 64 22 ställa
356 1353 113 21 städernas
493 1353 106 26 politiska
621 1352 131 27 valordning
767 1352 29 26 pä
812 1357 26 15 en

82 1395 60 15 mera
165 1389 91 27 folkelig
279 1389 75 27 grund,
379 1395 50 15 men
452 1389 13 20 &
484 1389 70 20 andra
569 1388 62 21 sidan
647 1388 59 21 velat
721 1387 117 27 tillgodose

84 1424 44 22 alla
143 1424 77 27 billiga
235 1425 96 26 anspräk
346 1425 28 26 pä
388 1426 33 19 att
436 1424 181 27 förmögenheten
634 1423 39 22 och
684 1423 155 26 intelligensen

83 1459 57 28 finge
155 1460 131 26 tillräckligt
309 1459 117 27 inflytande
442 1460 36 20 vid
494 1460 72 21 valen.
598 1459 43 21 Det
657 1459 57 21 skall
730 1459 48 20 icke
794 1457 45 21 hel-

83 1495 33 23 ler
139 1496 49 22 med
212 1496 36 26 fog
271 1496 74 20 kunna
360 1496 82 26 påstås,
458 1497 34 19 att
509 1502 27 14 en
553 1494 138 27 årsinkomst,
700 1500 47 15 som
766 1498 74 22 repre-

158 1536 162 28 Lagutskottets
336 1536 134 22 betänkande
485 1536 45 21 N:o
546 1537 20 21 5.
