1009 1739
358 143 78 24 Ständ.
451 143 36 23 Sv.
503 155 29 4 —
547 143 69 28 Prop.
632 142 39 23 N:o
686 142 33 23 23.

346 247 34 20 3:o
397 247 13 20 å
421 246 107 29 följande
545 245 150 22 ecklesiastika
711 244 86 28 värdig.
807 232 1 49 |

318 276 70 36 heter:
806 298 2 10 i

346 314 107 21 honorär-
469 315 37 20 och
518 314 276 28 fältprost.-----------
806 320 2 25 I

346 349 448 27 Vicepastor..--rssrrrs
630 336 51 44 rens
688 336 67 44 rer
773 336 23 44 tt
806 356 2 15 |

348 382 167 27 Förordnande,
532 389 21 15 se
564 381 117 28 fullmakt.
806 385 2 11 |

350 412 130 36 Gesällbref
488 411 62 30 vuamatsia
561 429 33 3 yy
636 411 44 30 veroa
690 428 4 4 8
706 411 45 30 saaman
762 411 32 30 sian

349 450 135 28 Grefvebref,
500 458 23 14 se
539 451 88 27 diplom.

347 484 180 28 Helfrihetsbref,
544 492 21 14 se
579 484 88 27 fribref.

348 518 199 28 Hviloständsbref-«
580 530 15 5 «<
605 530 33 5 <<<
648 530 4 4 <
662 529 132 5 0on0nnnnna

348 552 154 28 Kallelsebref,
520 560 22 14 se
552 552 116 28 fullmakt.

348 586 80 26 Karta,
440 587 164 26 landtmätare-,
616 594 44 14 som
670 587 35 21 till
715 586 85 22 enskild

321 621 107 28 utgifves:

348 655 24 27 a)
394 657 62 25 öfver
479 656 85 27 byalag,
581 655 151 28 samfällighet
748 655 52 21 eller

320 689 85 21 enskild
420 690 111 27 lägenhet:

347 723 37 26 för
400 723 77 28 hvarje
492 724 45 21 helt
552 724 84 20 mantal
651 724 81 20 kartan
743 724 56 20 inne-

320 757 71 21 HUME
401 753 5 30 »
416 770 6 4 «
433 753 47 30 vansasa
490 770 4 4 «
504 753 62 30 ososenain
578 753 46 30 eiosene
634 770 4 4 n
649 753 46 30 KURSER
706 769 4 4 n
721 753 46 30 osmiinsn
778 753 17 30 min

356 792 111 21 derunder
495 792 36 21 till
557 792 38 21 och
620 792 48 21 med
695 794 29 19 ett
742 791 69 27 halfti

320 827 85 23 manial
422 838 32 5 =:
468 838 29 4 osu
521 838 5 4 <
537 838 46 4 vosa
597 838 28 4 saa
664 816 33 38 SEI
721 816 33 38 vain
778 838 18 4 xi

348 863 57 19 samt
420 861 376 21 derunder......sssteosoces
764 857 35 29 se

350 894 29 26 b).
396 894 60 28 öfver
478 895 94 27 spridda
596 894 129 29 egostycken,
748 901 63 26 upp-|

320 928 90 27 gångna
426 930 51 20 råer
492 929 39 21 och
538 929 117 26 förrättad
665 918 133 42 råhägnads-
809 922 2 5 |

322 962 89 27 delning
426 963 48 20 med
489 969 61 14 mera
562 974 234 5 -ssssssrrerrenr
777 949 23 44 ra

349 996 91 27 Egande
445 996 319 28 förrättningslandtmätaren
772 997 28 20 el-

321 1030 32 21 ler
376 1030 48 26 den,
447 1030 29 28 af
494 1031 86 21 hvilken
602 1031 80 21 kartan
697 1031 104 27 utfärdas

322 1063 36 22 och
382 1064 114 29 bestyrkes,
521 1067 39 24 att,
583 1065 70 21 såsom
675 1065 127 28 lämpligast

317 1098 77 27 finnas
424 1098 50 25 kan,
500 1099 105 27 antingen
625 1100 31 27 pä
681 1099 121 27 stämplaat

318 1139 87 21 papper
428 1133 81 27 affatta
532 1133 87 26 kartan,
643 1134 9 19 i
668 1133 48 27 fall
732 1133 41 20 den
789 1133 13 20 å

322 1169 29 18 ett
366 1167 41 20 ark
422 1167 124 28 inrymmes,
563 1167 53 21 eller
631 1167 81 27 efteråt
727 1167 46 21 låta
789 1167 13 20 å

322 1200 266 28 kartasigillatakontoret
627 1201 95 28 stämpla
752 1201 49 21 den-

321 1241 89 19 samma,
434 1235 53 20 eller
503 1235 39 21 ock
557 1235 167 28 stämpelmärke
738 1235 64 27 häfta

322 1269 37 20 vid
382 1269 36 20 det
438 1275 94 21 papper,
549 1269 115 28 hvaruppä
680 1269 80 22 kartan
776 1271 27 19 är

320 1302 68 26 ritad,
412 1302 115 22 hvarutom
550 1304 13 20 å
585 1303 107 28 stämplen
716 1303 86 21 tecknas

322 1337 37 20 bör
381 1337 36 20 till
439 1337 85 21 hvilken
548 1337 65 22 karta
629 1338 40 21 den
686 1337 64 22 hörer
765 1337 38 21 och

321 1371 63 20 invid
399 1372 108 27 stämpeln
524 1372 13 20 å
552 1372 82 21 kartan
650 1372 36 21 till
700 1371 58 22 hvad
768 1371 35 22 be-

321 1405 50 27 lopp
388 1405 72 21 denna
476 1407 26 19 är
514 1406 46 21 med
570 1406 176 27 stämpelpapper

321 1439 59 21 sedd.
