1009 1739
168 130 14 21 4
400 127 23 22 U.
438 126 23 23 B.
478 140 27 3 —
522 126 62 29 Prop.
599 127 41 22 N:o
658 125 34 23 30.

169 188 143 28 förhällande,
335 189 33 20 att
392 187 6 21 i
422 187 27 22 de
472 187 63 22 flesta
559 187 40 31 fall
612 185 118 28 utredning
750 191 35 16 om
802 185 118 28 äberopadt

169 223 72 23 förfall
257 224 71 22 skulle
343 224 80 21 lättare
438 223 76 22 kunna
529 222 124 23 föreställas
669 223 8 20 i
693 223 41 20 den
750 221 169 28 värnepligtiges

168 261 86 22 hemort
269 263 28 18 än
313 261 13 20 &
342 260 41 21 den
400 261 34 20 ort
450 260 38 21 der
503 259 112 28 uppbädet
626 258 122 27 försiggätt.
771 257 75 28 Härpä
856 263 64 22 grun-

170 297 38 21 dar
224 297 34 26 sig
274 297 39 20 ock
329 296 37 21 det
382 295 124 28 föreslagna
521 295 101 27 tillägget
637 295 34 21 till
687 300 30 15 nu
728 293 164 28 ifrägavarande
902 293 18 28 $.

169 333 34 21 Då
222 331 122 23 emellertid
360 331 68 28 enligt
444 331 82 22 allmän
542 331 36 27 lag
593 330 141 28 förbrytelser
751 330 61 21 skola
827 329 70 22 åtalas
915 329 7 21 i

169 368 167 27 gerningsorten
352 367 40 22 och
408 367 110 22 utskottet
534 373 63 15 anser
612 366 64 22 häraf
686 365 59 28 följa,
756 367 34 20 att
800 365 27 22 de
838 365 7 21 i
856 365 66 27 sagda

169 404 77 27 tillägg
272 403 130 22 omnämnda
426 401 148 29 förbrytelser,
598 403 71 21 såsom
695 401 135 22 fullbordade
852 402 12 20 ä
880 401 41 22 den

169 441 41 25 ort,
232 440 38 21 der
289 438 261 28 uppbådsförrättningen
571 440 39 25 ägt
629 444 55 21 rum,
706 437 53 21 böra
774 436 36 22 vid
826 436 93 22 domstol

169 475 113 22 derstädes
298 474 77 28 åtalas,
392 476 57 20 samt
459 474 111 22 utskottet
580 474 18 27 ej
612 473 72 22 funnit
695 472 63 22 ofvan
769 472 91 22 anförda
870 472 47 22 skäl

169 511 33 21 för
218 512 33 20 ett
266 512 91 20 motsatt
372 510 125 22 förfarande
513 517 53 15 vara
582 510 23 22 af
620 510 42 22 den
677 508 119 28 betydelse,
812 510 33 20 att
860 514 60 22 nyss-

169 547 96 21 nämnda
288 546 109 22 allmänna
420 546 118 28 grundsats
565 546 33 21 uti
620 545 164 27 ifrågavarande
800 544 38 22 fall
854 544 66 22 borde

169 582 94 28 frångås,
284 583 40 21 har
343 582 109 22 utskottet
468 582 48 22 icke
531 582 85 21 kunnat
632 581 75 23 förena
723 582 33 27 sig
772 588 35 16 om
823 580 97 30 proposi-

168 619 76 21 tionen
267 619 6 21 i
298 619 70 21 denna
392 618 41 22 del.
466 618 45 22 Och
535 624 47 16 som
604 618 41 22 den
662 618 24 22 af
699 618 109 22 utskottet
823 618 97 22 uttalade

168 655 58 27 åsigt
240 661 91 15 numera
351 654 63 22 äfven
430 654 62 22 torde
508 653 24 22 af
542 654 148 22 domstolarne
700 654 167 28 allmänneligen
875 654 45 27 hyl-

168 690 39 28 las,
228 697 62 21 synes
314 692 67 26 något
402 690 105 22 särskildt
524 690 120 27 stadgande
661 696 35 16 om
713 690 70 22 forum
800 690 33 22 för
848 690 73 27 dylika

168 726 43 22 mål
227 726 48 22 icke
290 733 52 15 vara
357 725 110 28 behöfligt.

228 762 43 21 Vid
296 762 78 22 sådant
389 762 137 21 förhållande
547 768 64 15 anser
631 762 110 22 utskottet
762 762 42 22 113
824 762 8 28 $
851 762 7 21 i
874 764 46 19 vär-

168 798 159 27 nepligtslagen
343 798 53 21 böra
412 797 102 22 förblifva
530 797 138 22 oförändrad.

228 834 43 22 För
295 834 66 27 öfrigt
384 833 64 22 hafva
469 833 35 21 väl
528 833 59 21 inom
604 834 109 21 utskottet
728 834 69 27 gjorts
814 834 106 21 särskilda

168 870 169 27 anmärkningar
358 872 58 19 emot
438 869 148 27 stiliseringen
606 869 23 22 af
644 870 41 21 den
702 869 122 27 föreslagna
840 870 80 27 lagtex-

168 907 37 20 ten
229 906 40 21 och
293 912 26 15 en
341 905 35 22 del
395 905 23 21 af
438 905 63 22 dessa
517 905 170 27 anmärkningar
702 904 64 23 hafva
781 905 63 22 äfven
860 907 60 26 synts

168 941 109 22 utskottet
298 941 47 22 icke
366 941 46 21 helt
428 941 40 22 och
484 940 68 23 hållet
568 942 68 20 sakna
652 940 48 29 fog;
716 948 49 15 men
782 942 90 21 emedan
888 948 32 15 re-

169 977 118 22 daktionen
310 977 24 21 af
353 977 111 27 lagtexten
484 977 70 26 enligt
575 977 119 22 utskottets
716 976 139 28 uppfattning
875 977 47 22 icke

168 1013 84 21 lemnar
268 1019 47 15 rum
331 1012 34 22 för
381 1012 153 22 missförstånd
551 1014 57 20 samt
623 1013 109 21 utskottet
746 1012 66 22 fattat
823 1013 33 20 sin
867 1019 53 20 upp-

168 1048 41 27 gift
232 1048 99 27 sålunda,
356 1050 33 19 att
412 1049 122 21 detsamma
557 1048 36 21 vid
616 1049 78 26 antydt
717 1048 134 21 förhållande
874 1048 48 21 icke

167 1084 50 22 bort
232 1084 112 27 tillstyrka
359 1084 117 27 ändringar
492 1084 8 21 i
516 1084 151 27 redaktionen,
684 1084 45 21 har:
739 1084 109 21 utskottet
862 1083 60 22 bibe-

167 1120 64 21 hållit
246 1120 112 27 lagtexten
374 1120 138 21 oförändrad.
544 1120 61 21 Dock
620 1120 41 21 har
676 1120 116 27 utskottet,
801 1119 33 22 för
848 1120 72 21 ästad-

167 1156 131 21 kommande
314 1155 24 22 af
352 1155 228 22 öfverensstämmelse
596 1156 93 21 emellan
706 1155 108 28 förslagen
830 1155 34 22 till
878 1155 42 21 för-

169 1191 93 28 ordning
281 1192 40 21 och
337 1192 131 27 kungörelse
484 1192 8 21 i
508 1194 82 25 ämnet,
607 1192 59 21 såväl
683 1191 6 21 i
706 1191 103 22 rubriken
825 1191 34 22 till
867 1191 53 22 kun-

167 1227 99 27 görelsen
273 1227 61 22 som
320 1222 12 37 i
343 1228 49 21 dess
401 1230 47 19 text
455 1227 73 28 utbytt
536 1228 63 21 ordet
607 1227 106 27 ,socken*'
720 1229 58 20 emot
786 1222 18 37 ,,
799 1226 123 27 kommun.”

227 1263 31 22 På
278 1263 71 27 grund
365 1263 24 21 af
417 1263 57 22 hvad
490 1263 110 22 utskottet
616 1263 92 22 sålunda
724 1262 47 23 haft
787 1265 53 19 äran
855 1262 65 23 fram-

167 1298 59 22 hålla
249 1299 34 21 får
306 1299 115 27 utskottet,
446 1305 46 15 som
515 1299 49 22 med
580 1299 104 22 afseende
702 1300 13 20 å
730 1299 56 21 hvad
803 1299 120 21 detsamma

167 1334 40 21 här
223 1334 64 22 ofvan
303 1335 81 21 uttalat
399 1334 136 22 beträffande
552 1335 42 21 113
612 1335 11 27 8
639 1335 7 21 i
663 1334 196 27 värnepligtslagen
876 1340 45 15 om-

168 1369 128 22 formulerat
311 1370 104 22 rubriken
432 1370 34 21 till
483 1371 42 21 den
542 1370 124 27 föreslagna
682 1370 162 27 förordningen,
860 1370 62 21 vörd-

169 1408 57 19 samt
242 1406 88 22 föreslå:

350 1443 32 20 att
398 1441 128 23 Ständerna
541 1441 49 22 ville
606 1442 37 21 hos
659 1441 66 22 Hans
737 1441 124 28 Kejserliga
874 1441 48 22 Ma-

308 1477 69 27 Jjestät
400 1477 160 28 underdänigst
582 1477 90 22 anmäla
696 1478 31 21 att
741 1476 125 22 Ständerna
882 1476 40 28 för

310 1512 36 22 sin
362 1512 34 22 del
412 1513 86 28 antagit
515 1520 27 15 en
557 1514 25 21 så
598 1513 95 28 lydande

226 1548 164 28 Lagutskottets
406 1548 135 22 betänkande
556 1548 42 22 N:o
614 1548 19 21 3.
