1009 1739
422 171 36 21 N:o
474 171 37 22 25.
804 171 12 21 5

441 240 11 27 8
470 241 18 20 6.

154 280 42 21 Vid
211 280 122 21 beredande
349 280 24 21 af
387 280 123 27 maltdryck
525 280 35 21 mä
576 280 48 22 icke
642 281 154 26 maltsurrogat
807 286 38 15 an-

86 315 82 21 vändas
184 314 7 21 i
208 315 71 21 stället
294 314 34 21 för
342 315 59 20 malt.
682 317 2 2 :

442 371 47 28 87.

155 413 69 26 Egare
240 413 51 20 eller
306 411 140 22 innehafvare
462 411 24 21 af
499 412 107 26 bryggeri,
623 412 71 20 afsedt
707 411 33 21 för
750 412 96 21 tillverk-

86 447 50 27 ning
152 447 23 21 af
188 447 144 27 maltdrycker
348 446 32 21 till
396 446 134 27 försäljning,
546 452 52 15 vare
614 446 90 26 skyldig,
722 448 32 19 att
764 446 8 20 i
782 446 63 26 bryg-

86 482 69 26 geriet
170 482 52 20 eller
238 481 126 21 dithörande
380 481 100 27 byggnad
492 481 109 26 uppställa
613 481 39 21 och
664 480 93 22 derefter
767 480 6 21 i
784 480 61 21 skick

86 516 58 21 hällä
166 522 26 15 en
215 516 49 21 med
288 515 130 22 automatisk
441 516 140 20 maltmätare
604 515 88 21 försedd
710 521 68 21 gvarn
794 515 52 21 eller

86 550 68 26 kross,
179 556 51 20 som,
254 550 55 21 efter
331 549 99 21 deröfver
452 550 111 21 inlemnad
581 550 140 26 beskrifning,
738 549 70 21 blifvit
824 548 23 22 af

89 584 138 22 Guvernören
250 585 6 21 i
279 585 58 21 länet
359 584 108 27 godkänd.
499 584 127 27 Ansökning
641 585 76 21 härom
733 584 39 21 bör
787 584 57 20 inom

87 620 36 20 två
144 620 79 20 veckor
243 619 53 21 efter
316 619 47 21 dess
378 618 138 22 inlemnande
532 619 23 21 af
570 618 113 23 Guvernör
698 619 33 21 till
746 618 100 27 pröfning

88 656 113 25 upptagas.

155 688 61 26 Malt,
241 694 44 15 som
308 688 33 21 till
360 688 68 26 brygd
445 688 57 21 skall
518 688 118 26 användas,
654 689 35 20 mä
705 688 47 21 icke
768 694 78 14 annor-

87 723 73 21 städes
182 723 92 25 skrotas,
299 724 27 19 än
346 722 7 21 i
370 722 134 27 bryggeriets
521 729 59 20 egen,
596 723 50 21 med
662 722 69 22 sädan
746 722 100 21 maltmä-

87 759 47 19 tare
150 757 101 21 försedda
267 763 67 21 gvarn
351 757 53 21 eller
419 757 69 21 kross.

155 786 18 26 Ä
190 791 103 21 Senatens
309 792 271 26 Ekonomiedepartement
591 792 127 20 ankommer
729 791 65 21 likväl
806 792 39 24 att,

86 826 38 22 der
146 827 24 20 sä
192 826 76 27 nödigt
289 826 91 26 pröfvas,
404 826 28 26 pä
455 826 123 26 ansökning
593 826 80 27 bevilja
688 825 92 21 anstånd
796 824 50 22 med

85 860 150 27 uppställande
251 860 23 22 af
287 860 62 22 ofvan
365 860 130 21 föreskrifna
511 860 213 27 mätningsapparat,
742 860 50 21 eller
804 859 40 21 ock

86 894 69 22 befria
177 901 63 21 egare
260 894 23 21 af
296 895 99 27 bryggeri
410 894 48 21 frän
474 894 154 28 skyldigheten
645 896 33 20 att
694 894 98 21 anskaffa
809 894 37 26 dy-

86 929 30 21 lik
132 931 91 24 apparat
238 931 56 19 samt
309 930 7 20 i
332 930 60 20 detta
410 929 38 21 fall
465 928 110 22 äfvensom
592 929 28 21 dä
636 929 138 21 maltmätare
790 928 56 26 tagit

86 963 67 21 skada
171 963 39 21 och
225 963 33 22 för
277 963 69 27 nägon
366 963 32 21 tid
414 963 68 27 gjorts
499 963 111 21 obrukbar
624 963 101 21 meddela
741 962 105 21 erforder-

85 998 45 26 liga
145 997 134 22 föreskrifter
295 1004 34 15 om
344 997 134 22 kontrollens
493 997 175 21 handhafvande.

440 1061 10 26 8
469 1061 19 20 8.

154 1100 30 21 Pä
207 1100 149 22 tillverkarens
375 1107 78 14 ansvar
469 1101 41 20 och
526 1101 68 20 under
611 1101 133 26 förpligtelse
759 1099 34 21 för
808 1099 38 21 ho-

85 1140 49 15 nom
158 1136 38 24 att,
221 1135 27 21 dä
271 1135 77 21 sädant
370 1135 72 27 yrkas,
462 1135 91 27 beediga
568 1135 151 27 uppgifternas
735 1134 109 27 riktighet,

85 1169 55 20 skall
164 1169 12 21 &
195 1169 74 28 hvarje
284 1169 100 27 bryggeri
399 1169 59 22 föras
475 1176 26 14 en
516 1170 95 27 journal,
628 1169 139 27 upptagande
782 1168 63 21 malt-

84 1204 109 20 mätarens
209 1203 71 22 siffror
295 1204 7 21 i
318 1204 40 21 den
375 1204 97 27 ordning,
490 1204 26 21 de
533 1205 12 20 &
562 1205 126 20 densamma
703 1203 141 26 förekomma,

84 1236 47 22 från
154 1240 86 19 venster
263 1239 33 20 till
318 1239 72 26 höger,
411 1239 33 20 för
463 1239 76 27 hvarje
555 1239 43 27 dag
615 1239 53 21 efter
684 1238 74 22 slutad
773 1237 72 21 kross-

83 1272 57 27 ning,
162 1273 66 26 jemte
251 1273 35 21 det
309 1273 77 27 belopp
405 1273 59 26 malt,
481 1279 46 15 som
543 1274 69 21 under
628 1279 83 15 samma
727 1272 32 21 tid
776 1271 70 21 blifvit

84 1307 107 26 krossadt,
208 1309 68 19 utsatt
290 1308 8 21 i
312 1308 87 26 lispund
419 1308 52 21 eller
488 1308 37 21 det
540 1308 100 27 vigtslag,
656 1306 110 23 hvarefter
782 1305 62 22 malt-

84 1343 97 19 mätaren
204 1341 70 22 blifvit
294 1342 106 27 justerad,
424 1342 70 27 dagen
519 1342 34 21 för
575 1343 75 26 hvarje
668 1341 70 28 brygd
754 1340 39 21 och
809 1340 37 21 det

83 1375 77 27 belopp
183 1376 61 27 malt,
267 1383 46 14 som
336 1377 34 20 till
393 1377 73 26 hvarje
482 1376 70 21 sådan
567 1376 71 21 blifvit
654 1375 102 26 användt,
774 1374 71 21 äfven-

83 1415 45 16 som
152 1410 40 21 den
215 1411 79 26 mängd
316 1411 122 26 maltdryck
460 1411 7 20 i
490 1411 99 26 kanntal,
606 1411 87 21 hvilken
710 1409 98 22 erhållits
824 1408 24 21 af

82 1444 74 27 hvarje
179 1445 75 26 brygd,
279 1445 36 21 det
338 1445 134 26 svagdricka,
492 1445 84 22 hvilket
592 1445 71 21 såsom
678 1444 119 27 biprodukt
812 1449 34 15 er-

82 1478 82 26 hållits,
180 1478 47 22 häri
244 1479 54 21 dock
318 1479 47 21 icke
385 1479 130 27 inbegripet.
546 1479 88 21 Sådana
648 1478 112 28 journaler
776 1477 68 25 skola,
