1009 1739
194 175 10 17 2
420 175 22 19 U.
453 175 24 20 B.
491 185 23 4 —
526 175 64 24 Prop.
603 175 38 24 N:o
651 176 33 23 17.

170 231 34 22 för
226 234 34 20 att
278 232 170 26 omformuleras,
469 233 69 28 enligt
555 233 175 22 Presteståndets
745 233 74 22 beslut
833 233 102 27 antingen

170 266 8 21 i
192 266 42 29 idet
249 267 56 27 syfte
320 269 33 20 att
370 274 26 15 ur
412 267 45 28 $:en
474 268 96 27 tydligen
585 267 128 28 framginge,
728 267 64 22 hvem
807 274 46 15 som
869 269 65 20 rätte-

171 301 57 27 ligen
251 301 55 28 egde
328 303 33 20 att
382 303 35 20 vid
440 308 124 21 gemensam
586 302 218 22 kommunalstämma
824 301 110 22 diskutera

170 335 40 22 och
226 336 91 26 besluta,
333 336 54 21 huru
403 338 99 20 rösterna
517 337 76 21 dervid
608 337 70 21 skulle
695 337 107 20 beräknas
814 338 56 19 samt
880 336 54 21 hvil-

170 369 42 22 ken
234 372 45 20 rätt
296 370 120 22 tillkomme
434 377 124 21 gemensam
577 371 223 26 kommunalstämma,
820 371 55 21 eller
895 370 40 22 ock

170 404 7 21 i
201 405 37 21 det
260 404 57 27 syfte
336 407 32 20 att
386 405 138 22 kommuners
539 405 83 27 förslag
637 406 6 20 i
659 405 138 22 förenämndt
811 405 123 21 hänseende

171 438 70 22 skulle
256 445 76 21 genom
349 440 162 21 vederbörande
523 439 113 22 Guvernör
648 439 144 22 öfverlemnas
802 439 34 21 till
846 438 88 28 Kejser-

171 474 43 26 liga
234 473 108 23 Senatens
364 474 125 27 afgörande,
513 476 57 20 samt
588 474 68 28 enligt
673 474 174 22 Bondeståndets
862 473 73 22 beslut

171 507 97 27 sålunda,
288 510 32 20 att
338 508 24 22 af
376 508 46 28 $:en
437 509 96 27 tydligen
550 509 126 27 framginge,
693 508 61 22 hvem
771 514 45 16 som
833 508 53 27 egde
902 509 32 20 att

170 542 35 21 vid
220 542 124 27 gemensam
359 543 217 21 kommunalstämma
591 542 88 28 deltaga
694 543 7 21 i
717 542 164 28 öfverläggning
896 542 38 22 och

170 576 78 28 beslut,
264 577 54 21 huru
334 579 98 20 rösterna
447 578 35 21 vid
499 578 67 21 sådan
582 577 218 22 kommunalstämma
815 576 70 22 skulle
897 577 37 21 be-

170 610 86 28 räknas,
276 614 56 19 samt
350 612 86 22 hvilken
455 612 131 27 befogenhet
600 612 120 21 tillkomme
736 617 122 21 gemensam
874 611 59 21 kom-

170 646 172 22 munalstämma.

177 706 3 2 .
238 680 72 22 Jemte
322 681 37 21 det
369 680 117 27 Utskottet,
500 681 28 21 då
540 681 30 21 uti
583 681 76 27 frågan
672 686 34 16 om
718 680 94 26 länsting
820 680 37 21 två
866 680 66 22 Stånd

171 716 87 20 stannat
273 717 45 28 mot
329 715 36 21 två
376 715 7 21 i
396 715 77 27 sjelfva
487 714 157 26 hufvudsaken,
657 714 71 22 funnit
739 714 33 27 sig
783 714 47 22 icke
841 714 73 22 kunna
926 714 7 22 i

171 749 70 21 denna
256 749 35 21 del
307 749 24 21 af
344 750 42 32 den
401 750 78 27 nådiga
494 750 160 27 propositionen
668 749 122 21 framställa
801 749 65 27 något
878 756 55 14 sam-

170 783 260 28 manjemkningsförslag,
450 784 40 22 har
505 784 113 22 Utskottet
633 786 73 20 ansett
721 783 128 26 Ständerna,
866 784 67 20 ehuru

169 818 93 21 nämnda
285 818 61 27 fråga
369 818 91 22 sålunda
482 818 86 22 komme
588 820 32 20 att
634 818 95 26 förfalla,
746 818 120 22 emellertid
881 824 53 15 vara

170 851 152 23 oförhindrade
338 854 32 20 att
384 853 85 21 besluta
484 853 7 21 i
507 853 117 27 anledning
638 852 24 22 af
676 853 38 23 det
728 852 32 21 uti
771 852 161 27 propositionen

166 885 81 27 jemväl
269 886 105 27 ingående
393 886 105 28 förslaget
520 887 33 21 till
576 887 132 27 förordning,
732 886 147 22 innefattande
898 886 34 22 til-

169 920 51 27 lägg
241 921 34 21 till
306 920 4 28 $
333 922 29 21 20
380 922 6 20 i
406 921 152 27 förordningen
578 922 41 21 den
635 922 13 21 6
664 921 105 21 Februari
787 921 62 22 1865.
879 921 53 27 Tyi

168 956 92 20 motsats
275 955 34 21 till
323 955 68 27 några
406 955 140 22 medlemmar
560 955 24 22 af
597 955 119 26 Utskottet,
729 955 73 21 hvilka
812 956 68 26 yttrat
891 955 40 21 den

168 989 87 27 mening
271 991 32 19 att
318 989 132 22 sistberörda
466 990 82 26 förslag
563 996 51 15 vore
630 989 25 22 så
670 989 108 22 beroende
794 989 24 21 af
828 989 104 27 förslaget

168 1023 33 21 till
224 1023 37 28 lag
279 1029 34 16 om
332 1024 100 27 länsting,
452 1026 33 19 att
500 1024 121 21 Ständerna
636 1030 36 20 nu,
688 1023 27 22 då
730 1023 60 22 detta
805 1024 91 21 sednare
911 1023 19 27 ej

168 1058 101 26 antagits,
285 1057 67 22 borde
370 1058 118 22 inskränka
507 1059 33 26 sig
555 1059 33 20 till
604 1060 32 19 att
651 1057 88 22 anhålla
754 1064 34 15 om
804 1057 64 28 nådig
882 1064 50 21 pro-

167 1091 93 27 position
283 1092 33 21 till
339 1094 63 19 nästa
423 1093 104 26 landtdag
548 1093 111 26 angående
675 1092 165 26 ifrågavarande
855 1093 77 26 tillägg

167 1125 34 21 till
216 1125 286 28 kommunalförordningen,
519 1127 39 21 har
572 1127 126 21 Utskottets
709 1127 112 26 pluralitet
832 1127 100 21 omfattat

167 1159 41 22 den
224 1160 64 27 åsigt,
303 1163 33 19 att
350 1161 172 27 propositionens
534 1161 223 27 författningsförslag
767 1161 93 22 rörande
871 1161 61 22 detta

166 1193 78 29 tillägg
257 1195 48 22 icke
320 1195 46 22 står
380 1195 8 21 i
403 1195 24 22 så
442 1195 137 28 oskiljaktigt
594 1195 105 22 samband
714 1196 48 21 med
778 1195 104 27 förslaget
897 1195 34 22 till

166 1228 150 28 länstingslag,
339 1231 33 20 att
391 1230 19 26 ej
430 1230 37 21 det
481 1230 60 21 förra
556 1229 70 22 skulle
641 1229 75 22 kunna
730 1229 105 22 särskildt
849 1229 34 22 för
898 1230 33 27 sig

166 1262 24 22 af
204 1263 122 22 Ständerna
340 1264 141 27 bandläggas,
498 1265 90 20 oaktadt
603 1265 37 21 det
656 1264 92 21 sednare
763 1263 97 22 förfallit.

235 1297 129 22 Emellertid
379 1298 39 21 har
433 1298 113 22 Utskottet
561 1299 71 21 funnit
646 1297 35 28 sig
696 1298 48 21 icke
759 1304 52 15 vara
826 1298 4 21 i
844 1298 86 22 tillfälle

166 1333 33 19 att
220 1331 8 22 i
247 1332 142 22 förevarande
408 1333 103 22 afseende
526 1333 120 26 framlägga
662 1334 33 20 ett
709 1333 83 26 förslag
806 1333 7 20 i
829 1333 40 21 den
886 1339 44 15 om-

165 1365 101 28 fattning;
285 1373 46 15 som
349 1367 165 22 Presteståndet
532 1367 68 28 enligt
614 1367 60 28 förra
690 1367 139 21 alternativet
844 1366 23 22 af
880 1367 50 21 dess

164 1400 74 26 beslut
256 1401 40 22 och
310 1401 163 27 Bondeståndet
488 1402 72 27 afsett,
575 1403 53 20 enär
643 1402 41 21 den
700 1403 100 20 närmare
815 1401 115 27 utredning

164 1434 7 21 i
186 1436 80 25 ämnet,
282 1441 46 16 som
344 1435 34 22 för
393 1436 124 22 ändamålet
531 1436 71 22 skulle
613 1435 61 30 varit
690 1435 23 22 af
727 1435 77 27 nöden,
817 1435 47 22 icke
876 1435 54 22 stått

164 1468 116 23 Utskottet
300 1470 34 20 till
354 1470 54 21 buds
427 1471 40 25 och
486 1471 19 27 ej
522 1471 70 21 heller
606 1470 78 21 hunnit
698 1469 24 22 af
737 1464 111 39 Utskottet
857 1469 73 22 -inför-

234 1510 72 21 Bihang
317 1509 28 17 till
357 1510 46 22 Lag-
416 1511 30 16 och
457 1510 171 18 Ekonomiutskottets
638 1509 108 18 betänkande
758 1510 35 16 N:o
806 1509 18 17 2.
