1009 1739
447 147 38 22 N:o
502 146 29 23 17.
827 146 11 19 5

114 213 27 22 de
160 213 176 27 valberättigade,
356 213 39 22 har
411 213 41 22 den
468 212 23 23 af
504 212 96 23 komitén
616 212 121 27 föreslagna
753 210 118 27 anordning

114 249 32 20 att
168 247 182 28 länsfullmäktige
373 248 69 21 skulle
463 250 62 19 utses
544 247 135 21 kommunvis
696 252 76 21 genom
788 245 84 22 direkta

114 281 40 26 val,
176 282 7 21 i
202 282 95 27 enlighet
315 282 49 21 med
383 282 27 21 de
425 282 35 21 vid
476 282 35 22 val
526 282 32 21 till
574 281 138 22 kommunala
727 279 144 26 befattningar

115 316 99 27 gällande
232 317 40 22 och
287 316 33 22 för
334 317 142 21 kommunens
491 316 141 22 medlemmar
647 316 67 21 redan
729 315 72 22 kända
814 313 56 22 före-

116 350 92 28 skrifter,
226 351 121 28 uppenbart
362 350 109 22 företräde
486 350 88 22 framför
589 350 109 21 indirekta
712 349 34 22 val
757 348 114 27 tingslags-

115 385 39 26 vis,
175 391 45 16 som
240 385 23 22 af
281 391 27 16 en
322 385 92 27 tidigare
429 385 82 22 komité
526 385 124 26 föreslagits
668 385 40 21 och
724 384 61 22 äfven
800 383 72 27 ingick

115 419 7 21 i
138 420 41 21 den
194 420 77 26 nådiga
286 420 161 26 propositionen
463 420 33 20 till
512 419 122 21 Ständerna
649 419 36 21 vid
700 419 87 21 senaste
802 417 70 21 landt-

117 454 47 26 dag.
194 454 42 21 För
259 456 32 19 att
313 454 65 21 likväl
400 454 6 20 i
429 454 99 27 lämpligt
550 453 134 22 förhållande
708 454 31 20 till
761 454 26 21 de
803 453 70 21 större

116 488 152 22 valområdena
289 488 83 22 minska
395 488 27 21 de
438 488 47 21 små
503 488 164 22 valområdenas
684 490 59 20 stora
758 487 59 22 antal
833 486 40 22 och

117 523 27 27 på
166 528 81 16 samma
271 523 55 27 gång
345 522 119 27 nedbringa
484 522 38 22 det
541 522 72 22 alltför
628 524 60 20 stora
704 522 58 22 antal
777 520 97 22 länsfull-

117 557 101 27 mäktige,
234 563 45 15 som
296 557 66 27 enligt
376 557 108 21 komiténs
500 556 82 27 förslag
596 557 7 21 i
620 563 26 15 en
658 557 78 21 dellän
746 556 85 22 komme
842 556 34 20 att

117 591 73 27 väljas,
207 592 39 21 har
261 592 35 21 vid
311 592 151 26 uppgörandet
477 590 22 23 af
515 591 166 28 nedanföljande
696 591 82 26 förslag
792 590 32 21 till
839 589 37 27 lag

118 632 34 16 om
168 626 94 26 länsting
276 626 119 27 stadgande
412 628 84 20 ansetts
513 625 136 28 erforderligt
663 626 81 26 derom,
760 626 33 20 att
802 624 73 22 lands-

118 660 101 22 kommun
234 660 50 22 med
298 660 84 22 mindre
398 663 26 19 än
442 662 63 24 1,500
520 660 102 22 invånare
638 661 40 21 bör
693 660 85 22 förenas
793 659 32 21 till
844 660 32 20 ett

119 695 121 21 valområde
263 696 48 20 med
332 695 151 27 angränsande
502 695 108 21 kommun.
642 695 83 22 Genom
741 694 61 22 detta
817 693 59 22 stad-

119 730 70 26 gande
204 736 81 15 vunnes
301 729 61 22 äfven
379 731 69 20 större
462 730 98 27 jemnhet
575 730 135 22 beträffande
726 729 83 22 antalet
819 728 58 21 läns-

118 764 134 28 fullmäktige
268 764 46 22 från
330 764 70 22 skilda
416 764 60 22 delar
491 764 7 22 i
513 764 67 22 länet.

148 796 73 24 "En
242 799 7 21 i
272 798 133 22 förhållande
424 798 34 22 till
478 798 152 28 folkmängden
646 799 66 27 något
727 797 151 27 förmänligare

120 834 171 26 representation
312 834 32 22 för
364 834 104 21 städerna
487 836 27 19 än
533 834 33 22 för
586 834 218 22 landskommunerna
820 834 24 19 är
859 831 23 22 af

121 868 95 22 komitén
231 868 127 27 föreslagen,
374 869 7 20 i
396 869 36 21 det
442 869 108 27 nemligen
562 869 49 21 stad
622 868 49 22 med
682 870 64 25 3,000
757 867 41 22 och
808 867 72 21 lands-

122 902 100 22 kommun
241 903 49 21 med
312 904 63 25 8,000
393 903 103 22 invånare
512 903 53 21 eller
580 904 108 21 derunder
703 902 56 28 finge
774 901 107 23 hvardera

122 937 57 27 välja
201 944 26 14 en
248 937 176 28 länsfullmäktig,
445 938 49 21 stad
510 938 49 21 med
574 937 60 22 öfver
649 939 63 25 3,000
728 937 32 21 till
776 936 41 22 och
831 935 51 22 med

124 973 62 24 6,000
206 971 36 22 två
257 973 57 19 samt
328 971 166 22 landskommun
510 971 49 22 med
575 971 60 22 öfver
649 973 64 25 8,000
728 971 33 22 till
777 970 40 22 och
833 969 49 22 med

124 1007 77 24 16,000
219 1006 79 27 jemväl
316 1006 36 21 två
373 1012 19 15 o.
408 1012 17 15 s.
442 1013 18 14 v.
491 1007 44 20 Det
549 1007 73 21 kunde
637 1006 108 22 måhända
761 1005 121 25 anmärkas,

124 1041 33 20 att
180 1040 47 21 skäl
248 1040 73 21 härtill
344 1041 18 26 ej
378 1040 140 27 förekomme,
536 1043 52 20 enär
602 1041 103 26 komitén,
720 1041 30 27 på
765 1041 45 20 sätt
825 1039 59 22 förut

124 1076 24 19 är
162 1075 82 26 antydt,
260 1075 99 21 omfattat
374 1081 26 15 en
417 1081 71 15 annan
503 1076 71 25 grund
588 1075 34 22 för
636 1075 124 26 uttaxering
771 1074 23 22 af
802 1074 82 21 sådana

124 1109 118 27 utskylder,
263 1109 32 22 till
314 1109 72 22 hvilka
400 1109 96 28 länsting
512 1109 73 22 kunde
600 1110 92 27 besluta,
709 1112 27 19 än
752 1108 131 23 inkomstbe-

125 1143 121 28 villningen,
270 1150 45 15 som
338 1143 22 22 af
380 1143 41 22 den
444 1144 58 21 förra
525 1144 95 22 komitén
640 1145 61 22 lades
718 1144 31 22 till
766 1143 69 27 grund
851 1142 33 22 för

124 1177 205 28 länstingsskattens
344 1178 127 27 fördelning.
502 1179 48 21 Den
566 1178 118 28 obillighet,
702 1185 45 16 som
762 1177 74 22 kunde
847 1183 38 15 an-

126 1218 35 15 ses
183 1213 7 20 i
212 1213 93 21 nämnda
326 1213 127 27 proportion
475 1213 122 27 förefinnas,
617 1213 63 22 torde
694 1213 65 22 likväl
775 1212 7 21 i
797 1211 89 22 betrak-

125 1246 65 22 tande
206 1246 23 22 af
242 1247 112 21 städernas
370 1247 50 27 låga
436 1247 125 27 folkmängd
576 1248 49 21 icke
641 1254 51 15 vara
708 1247 22 22 af
742 1247 72 27 någon
824 1247 61 26 bety-

126 1281 60 21 delse
202 1283 55 20 samt
272 1283 111 26 uppvägas
399 1281 64 22 deraf
476 1284 34 19 att
520 1281 249 28 länsrepresentationen
780 1280 106 23 tillfördes

127 1315 98 26 element,
241 1315 78 27 hvilka,
336 1316 32 21 till
383 1315 53 28 följd
452 1315 22 22 af
489 1316 42 21 den
541 1316 7 21 i
560 1316 118 23 allmänhet
688 1316 90 27 lifligare
789 1316 97 21 kommu-

126 1349 50 22 nala
190 1349 164 22 verksamheten
371 1349 7 22 i
394 1351 110 26 städerna,
519 1356 51 16 vore
581 1351 34 22 väl
626 1351 111 27 förtrogne
748 1350 49 22 med
808 1349 79 28 frågor,

127 1390 46 15 som
188 1383 51 22 falla
254 1384 56 21 inom
326 1384 98 23 området
440 1385 23 22 af
477 1385 107 28 länstings
599 1386 136 27 befogenhet.

196 1419 32 21 De
244 1418 22 22 af
280 1419 94 22 komitén
390 1419 126 28 föreslagna
531 1421 135 27 stadganden
681 1420 113 28 angående
806 1419 83 22 sådana

126 1453 70 22 länets
220 1459 159 21 gemensamma
400 1454 195 28 angelägenheter,
622 1456 72 21 hvilka
718 1455 68 21 borde
811 1455 78 25 utgöra
