1009 1739
290 148 19 24 U.
325 147 19 24 B.
363 159 23 4 —
404 147 54 30 Prop.
474 147 33 24 N:o
524 147 34 24 22-
754 148 24 20 11

48 206 35 21 till
98 205 114 27 9,970,000
227 205 67 26 mark,
303 205 86 21 hvaruti
401 205 80 26 jemväl
488 205 62 26 ingär
559 211 26 16 en
593 211 84 16 summa
686 205 23 21 af
718 204 92 26 800,000

48 240 70 26 mark,
134 239 120 28 utgörande
270 239 117 28 ersättning
401 239 48 21 frän
458 239 167 22 militieboställs
640 239 79 22 kassan
730 239 33 20 till
774 238 38 21 mi-

49 274 126 22 litiefonden
190 274 33 21 för
239 274 36 21 det
297 273 85 27 belopp,
398 273 82 22 hvilket
494 273 34 22 till
544 273 93 22 nämnda
652 273 65 22 kassa
732 272 80 22 influtit

49 309 35 22 för
98 307 197 28 virkesförsäljning
310 314 26 15 ur
346 308 104 26 skogarne
461 308 69 21 under
544 308 158 21 militiestatens
712 306 100 22 boställs-

50 343 131 26 lägenheter.
211 341 35 22 Dä
261 341 166 22 Statsutskottet
437 341 47 22 icke
499 342 71 21 funnit
586 342 47 21 skäl
648 342 33 21 till
696 341 68 27 nägra
775 347 37 15 an-

50 377 140 27 märkningar
204 377 8 21 i
228 377 114 26 anledning
357 377 21 20 af
388 376 92 22 berörda
490 377 248 26 inkomstberäkningar,
749 375 64 22 hafva

52 411 110 21 desamma
176 411 24 21 af
213 411 112 21 Utskottet
340 410 70 22 säsom
425 411 138 27 tillförlitliga
577 411 117 27 upptagits.

122 445 39 21 Om
176 444 57 22 ifrån
248 444 26 22 de
289 444 137 28 kalkylerade
442 445 118 27 utgifterna
574 462 2 4 .
606 445 62 21 F:mk
685 444 127 27 18,699,848

52 479 100 27 afdrages
168 479 156 21 ofvannämnda
339 478 89 28 tillgäng
631 496 12 10 v
669 474 15 36 =
698 478 114 26 9,970,000

52 514 93 26 hvilken,
166 514 85 26 jemlikt
270 513 11 28 $
297 514 40 20 122
352 514 7 20 i
374 514 202 26 värnepligtslagen,

52 548 77 22 främst
144 548 40 21 bör
199 548 108 21 användas
322 548 33 21 till
370 548 93 21 militära
473 548 107 26 ändamål,

52 585 66 25 utgör
132 583 37 21 det
184 582 28 27 pä
234 584 98 20 närmare
354 582 151 29 anvisning
476 578 29 37 af
520 582 62 22 Stän-

54 617 67 22 derna
136 617 108 21 beroende
260 616 135 22 återstående
409 616 102 27 beloppet
542 634 4 4 .
578 633 5 5 .
636 633 11 9 ,
692 615 120 26 8,729,848.

496 651 89 21 Summa
600 651 62 21 F:mk
679 650 133 26 18,699,848.

123 685 33 22 Då
172 685 166 22 Statsutskottet
353 686 32 21 uti
400 686 36 20 sitt
452 685 138 22 betänkande
605 686 7 20 i
621 686 114 26 anledning
746 684 23 22 af
776 684 38 21 nä-

54 720 50 27 diga
119 720 160 27 propositionen
293 726 34 14 n:o
343 720 35 27 28,
390 726 34 15 om
434 720 100 27 samtliga
544 720 36 21 vid
590 719 144 22 innevarande
744 718 70 22 landt-

54 754 42 28 dag
111 754 80 22 äskade
206 754 74 26 anslag
296 754 39 21 och
349 756 118 25 utvägarne
482 754 35 22 till
526 754 62 22 deras
599 754 144 25 bestridande,
755 753 59 21 kom-

54 795 47 15 mer
116 790 33 20 att
168 790 60 25 yttra
243 789 32 26 sig
298 795 33 15 om
347 788 43 22 alla
405 788 33 26 dej
453 788 147 28 bevillningar,
620 788 73 22 hvilka
708 788 34 22 för
757 788 58 20 näst-

54 822 129 22 kommande
198 822 155 28 budgetperiod
368 822 66 22 blifva
448 822 114 28 behöfliga,
573 823 40 21 har
624 822 112 22 Utskottet
744 822 72 20 ansett

55 858 32 26 sig
100 858 79 26 jemväl
199 857 121 27 lämpligast
342 857 7 21 i
373 857 92 21 nämnda
488 857 138 22 betänkande
641 857 54 21 böra
709 856 107 26 redogöra

54 892 41 26 för,
110 892 57 21 huru
182 892 26 21 de
224 892 70 21 medel
310 892 60 21 skola
380 892 112 26 anskaffas,
510 892 73 21 hvilka
598 892 85 21 utöfver
694 890 122 22 militiefon-

56 926 52 22 dens
117 932 54 21 egna
178 926 138 27 kalkylerade
324 926 117 21 inkomster
448 926 110 21 erfordras
565 926 33 22 till
607 925 138 23 bestridande
760 924 24 21 af
790 924 25 21 de

55 960 50 22 utaf
118 960 120 21 Ständerna
260 960 112 27 godkända
389 960 118 27 utgifterna
522 961 34 21 för
570 960 162 22 militieverkets
752 957 66 23 behof

56 995 69 21 under
139 994 192 21 nästinstundande
346 994 149 27 finansperiod.

126 1091 38 22 Uti
186 1091 156 27 behandlingen
364 1092 23 21 af
406 1092 61 21 detta
488 1092 82 21 ärende
585 1091 64 22 hafva
664 1090 90 28 deltagit
770 1089 48 22 ord-

57 1126 105 22 föranden
176 1125 90 22 friherre
281 1126 65 27 Boije,
370 1126 40 22 och
424 1126 150 22 ledamöterna
588 1126 90 21 friherre
696 1131 41 16 von
752 1124 65 26 Born,

58 1161 26 22 A.
100 1160 128 27 Schauman,
244 1160 118 27 Hackman,
378 1161 65 26 Hjelt,
459 1161 110 26 Kihlman,
578 1161 94 25 Donner,
683 1159 135 25 Danielsson,

58 1195 84 26 Heikel,
158 1194 120 26 Lindblom,
295 1194 115 27 Snellman,
426 1195 91 27 Nybom,
533 1195 119 26 Meurman,
671 1194 71 25 Värri,
753 1192 67 22 Häkli

59 1229 40 22 och
124 1228 72 22 Klami
218 1231 56 19 samt
294 1229 165 28 suppleanterna
483 1229 93 22 friherre
601 1229 26 22 K.
654 1227 165 29 Langenskiöld,

59 1263 123 22 Colliander
196 1263 41 22 och
253 1263 133 22 Savolainen.

126 1308 134 27 Helsingfors
276 1309 41 22 den
332 1309 25 22 31
374 1309 58 22 Mars
448 1309 63 23 1885.

131 1514 150 18 Statsutskottets
294 1514 116 18 betänkande
422 1514 36 20 N:o
472 1514 30 18 11.
