1009 1739
212 154 26 21 18

366 153 80 24 Ständ.
463 155 38 23 Sv.
516 168 29 4 —
560 155 70 29 Prop.
640 155 47 23 N:o
702 155 32 22 23.

337 258 148 28 domkapitlen
508 259 108 28 utgående
630 259 148 28 expeditioner
792 261 28 19 är

330 292 160 28 föreskrifven.

364 328 32 19 9:0
419 327 14 21 å
448 327 109 21 klockare-
572 327 54 22 eller
640 328 177 27 orgelnisttjenst,

329 360 43 27 för
394 361 87 22 hvilken
506 362 64 21 lönen
585 363 27 20 är
628 362 34 21 till
676 358 43 25 viss
734 369 83 14 summa

334 395 9 21 i
354 395 128 28 penningar
498 395 104 28 bestämd,
617 397 15 20 4
643 398 92 25 procent
744 396 72 27 deraf,

332 435 54 20 men,
410 429 42 21 der
476 429 63 21 lönen
554 431 20 26 ej
588 432 28 18 är
630 430 95 21 sälunda
740 432 75 21 utsatt,

332 462 219 29 Vlandsförsamling
560 464 56 23 efter
622 463 114 22 enahanda
743 464 73 27 grund

334 497 37 21 och
394 498 36 20 till
453 498 46 20 lika
523 498 81 27 belopp,
627 504 45 14 som
694 498 14 20 ä
730 498 84 21 sockne-

332 531 181 28 adjunktstjenst,
528 535 58 18 samt
602 532 8 20 i
620 532 194 27 stadsförsamling

330 566 49 21 med
394 573 26 14 en
436 566 111 21 tiondedel
564 566 28 28 af
604 567 40 20 den
656 566 42 27 för
715 568 98 26 pastors-

325 600 137 27 fullmakten
487 602 8 20 i
518 608 84 14 samma
618 600 138 28 församling
780 600 31 21 be-

329 635 87 21 stämda
432 634 72 22 karta.

359 670 49 20 10:0
432 670 13 20 &
470 670 82 20 lärare-
576 670 37 20 och
630 669 182 27 lärarinnetjenst

329 704 35 20 vid
374 703 121 27 folkskola,
512 710 45 14 som
568 704 98 27 åtnjuter
676 704 134 26 statsanslag

328 738 36 20 till
380 737 120 27 aflönande
511 738 30 27 af
548 737 155 28 läropersonal,
717 738 34 20 två
761 744 49 20 pro-

329 774 47 18 cent
398 772 30 26 af
438 772 36 20 det
490 772 8 20 i
514 773 62 19 lönen
594 772 104 28 ingående
712 774 97 18 statsan-

328 806 76 27 slaget,
420 806 122 21 beräknadt
558 807 60 20 såväl
634 807 8 19 i
657 806 56 26 stad,
724 812 46 14 som
777 806 31 26 pä

330 838 81 27 landet,
430 842 43 25 för
489 841 75 20 lärare
579 841 35 20 till
629 840 125 20 sexhundra
770 840 37 20 och

320 873 42 27 för
384 874 118 21 lärarinna
526 874 35 21 till
578 874 145 28 fyrahundra
745 874 73 32 mark]

325 914 34 15 om
375 910 54 19 året.

355 944 47 19 11:0
418 943 14 20 å
448 942 175 28 kyrkoväktare-,
640 942 64 21 skall-
714 941 37 22 och
762 941 44 21 bro-

319 975 72 28 fogde
406 979 57 18 samt
479 983 78 14 annan
574 977 86 20 mindre
676 975 130 28 beställning

324 1010 36 21 vid
375 1010 77 28 kyrka,
468 1011 76 20 socken
561 1011 37 20 och
614 1009 188 27 menighet------

352 1045 48 21 12:0
424 1045 14 20 &
454 1045 78 20 embete
548 1045 38 20 och
602 1046 72 26 tjenst,
690 1050 44 15 som
750 1044 56 27 efter

322 1078 74 21 derom
410 1079 66 27 gjord
486 1079 124 27 ansökning
620 1078 99 21 erhällits
729 1085 75 20 genom

326 1114 115 25 transport
456 1113 54 20 eller
526 1113 52 27 byte,
594 1113 94 26 skrifves
700 1113 32 26 pä
740 1114 64 18 stäm-

320 1146 67 27 pladt
399 1153 87 21 papper
501 1148 36 19 till
554 1147 44 20 lika
614 1147 82 26 belopp,
712 1153 45 14 som
768 1146 36 21 vid

322 1179 129 27 befordran,
467 1181 71 20 derest
553 1181 41 20 den
610 1181 44 25 lön,
669 1187 45 14 som
722 1180 82 21 tillträ-

322 1213 43 25 des,
382 1216 27 19 är
423 1216 71 19 större
510 1217 28 18 än
554 1215 41 21 den
599 1215 66 27 förut
675 1214 127 27 innehafda,

323 1254 47 14 men
393 1250 39 19 äro
456 1249 62 20 dessa
542 1249 60 21 löner
624 1248 46 21 lika
692 1249 52 20 eller
762 1248 40 20 den

323 1281 119 22 tillirädda
458 1283 64 20 lönen
538 1283 92 26 mindre,
647 1283 108 27 begagnas
770 1283 32 19 sä-

316 1315 48 21 dan
389 1316 75 27 karta,
487 1323 46 15 som
556 1319 27 19 är
598 1317 98 21 bestämd
707 1317 43 27 för
765 1318 36 20 det

321 1349 145 22 embetsverks
497 1352 155 27 expeditioner,
682 1351 117 26 hvarifrån

314 1383 137 27 fullmakten
474 1385 54 21 eller
549 1385 163 26 förordnandet
726 1385 73 23 utfär-

312 1417 47 22 das.
392 1418 56 21 Sker
464 1421 141 26 transporten
623 1422 55 19 utan
689 1420 108 27 föregån-

813 1075 2 13 |
