1009 1739
243 165 35 23 U.
298 165 42 23 B.
356 176 30 6 —
400 164 102 29 Prop.
519 163 58 24 Nio
592 164 51 23 22.

274 554 214 24 Statsutskottots
512 554 149 23 betänkande
678 553 38 23 N:o
730 552 20 24 11
766 553 5 22 i
789 558 35 17 an-

207 588 73 29 ledning
295 588 21 24 af
330 588 49 23 Hans
395 588 105 29 Kejserliga
516 588 101 28 Majestäts
632 588 68 29 nådiga
710 587 116 29 proposition

207 629 29 17 om
251 622 102 24 anvisande
368 622 20 24 af
404 622 59 24 medel
478 622 27 24 till
524 622 124 24 bestridande
664 622 20 24 af
698 621 129 25 kostnaderna

207 657 32 23 för
252 657 63 23 finska
330 657 92 23 militären
438 657 59 23 under
513 656 47 24 åren
576 657 134 24 1886—1888.

140 743 104 27 Samtliga
258 743 63 21 stånd
336 743 64 22 hafva
415 744 122 21 remitterat
552 744 41 21 den
608 743 78 27 nådiga
701 743 130 27 propositio-

69 784 42 16 nen
126 778 34 21 till
175 778 116 26 beredning
306 778 23 21 af
342 778 174 26 Statsutskottet,
533 784 46 16 som
594 778 48 21 från
657 778 120 26 Kejserliga
792 777 38 21 Se-

70 814 65 20 naten
156 812 42 21 fått
220 814 110 25 emottaga
352 812 26 21 de
400 812 35 21 vid
451 812 100 22 ärendets
573 812 131 27 behandling
719 812 112 23 derstädes

70 846 113 22 tillkomna
197 846 127 27 handlingar
336 846 66 27 jemte
417 846 141 22 meddelande
574 846 79 26 derom,
669 848 33 20 att
718 847 31 20 uti
764 846 66 22 Sena-

70 882 37 20 ten
121 880 71 28 någon
208 881 132 27 omröstning
354 881 7 21 i
376 880 76 28 frågan
467 881 47 21 icke
529 880 110 22 förefallit.
668 880 112 22 Utskottet
790 880 41 22 har

72 916 109 20 dessutom
196 915 86 21 erhållit
297 915 34 21 del
346 915 23 21 af
382 915 107 21 särskilda
503 915 59 21 inom
576 916 105 26 Borgare-
697 914 39 22 och
746 914 84 22 Bonde-

72 949 90 22 stånden
176 949 36 21 vid
226 950 171 25 propositionens
412 950 75 20 remiss
506 950 33 21 till
554 950 85 21 utskott
654 949 80 27 afgifna
748 950 82 26 yttran-

72 984 41 21 den
127 984 8 21 i
150 983 73 26 saken,
246 983 108 22 äfvensom
370 985 32 20 ett
416 983 33 22 till
468 983 163 22 Presteståndet
645 983 88 27 ingifvet
748 983 39 21 och
803 982 27 27 på

71 1018 69 21 finska
154 1017 88 27 språket
258 1017 100 22 affattadt
372 1017 24 22 så
411 1018 91 27 lydande
518 1018 224 26 petitionsmemorial:

256 1103 46 22 Till
318 1096 140 36 Högvördiga
474 1104 176 21 Presteståndet!

140 1155 32 17 Då
190 1155 35 17 vår
237 1160 26 12 nu
280 1155 90 23 gällande
387 1154 156 23 värnepligtslag
558 1154 94 23 stiftades,
665 1154 96 17 uttalades
771 1153 41 24 just
824 1153 7 18 i

74 1183 52 18 detta
143 1183 62 22 stånd,
224 1183 65 18 såsom
308 1183 93 23 naturligt
419 1189 39 16 var,
480 1183 22 18 de
516 1185 97 16 varmaste
632 1183 119 23 önskningar
763 1188 31 11 om
807 1187 23 13 en

73 1212 89 18 verksam
177 1212 37 17 och
226 1211 125 24 omsorgsfull
363 1212 97 23 själavård
472 1211 31 19 för
516 1212 37 17 den
559 1211 143 24 värnepligtiga
715 1211 115 23 ungdomen,

73 1241 70 18 medan
160 1240 113 18 densamma
292 1240 72 24 fullgör
378 1241 29 17 sin
426 1241 121 22 krigstjenst.
571 1239 261 24 Värnepligtsinstitutionen

73 1269 35 18 har
120 1269 60 18 redan
192 1269 6 18 i
210 1271 69 16 trenne
296 1269 21 18 år
328 1269 52 18 varit
391 1269 6 18 i
409 1269 130 23 verksamhet,
552 1269 38 18 och
598 1269 20 18 vi
627 1269 59 18 hafva
694 1268 82 18 sålunda
783 1267 49 18 hvar

74 1299 37 17 och
122 1304 24 12 en
162 1299 54 17 varit
227 1299 7 16 i
246 1297 76 19 tillfälle
334 1299 28 16 att
373 1298 87 23 iakttaga
472 1298 7 17 i
491 1298 53 17 hvad
562 1298 44 17 män
619 1298 24 17 de
656 1297 64 18 blifvit
732 1296 100 19 förverkli-

73 1327 50 24 gade
143 1327 57 18 dessa
218 1327 152 23 önskningsmål,
389 1332 42 12 som
449 1327 81 17 uttalats
542 1326 22 18 af
574 1326 152 19 Presteståndet,
738 1324 94 19 hvilket
821 1320 14 35 i

74 1356 62 18 denna
148 1355 35 18 sak
195 1357 143 22 representerar
356 1355 43 18 icke
411 1355 82 18 allenast
504 1355 36 18 sitt
552 1357 46 21 eget
610 1355 62 22 stånd,
685 1356 47 16 utan
744 1353 44 18 hela
800 1353 33 18 det

73 1385 72 17 finska”
156 1384 72 18 folkets
247 1384 89 23 kristliga
356 1383 133 24 familjekrets,
509 1383 68 24 hvarje
590 1383 55 18 fader
658 1383 35 18 och
706 1383 72 20 moder,
790 1387 42 13 som

74 1413 61 18 håller
147 1413 33 18 sitt
194 1413 47 18 barn
254 1413 48 18 kärt.

142 1442 45 18 Med
204 1441 122 18 tacksamhet
345 1444 103 15 omnämna
468 1442 26 22 vi,
507 1443 30 16 att
554 1441 68 23 hvarje
640 1441 87 22 bataljon
747 1445 46 18 eger
809 1444 24 12 en

73 1472 53 22 prest
138 1470 31 18 för
180 1470 123 24 fullgörande
315 1470 22 18 af
347 1470 23 18 de
382 1470 82 23 löpande
476 1470 172 23 förrättningarna,
656 1475 44 12 men
709 1469 45 17 med
762 1469 72 17 smärta

74 1499 93 18 anmärka
184 1500 20 16 vi
216 1500 34 22 att,
269 1499 44 17 med
330 1499 100 22 undantag
448 1498 22 18 af
481 1498 189 24 gardesbataljonen,
690 1499 60 21 ingen
762 1496 36 18 har
810 1501 24 12 en

144 1534 152 18 Statsutskottets
309 1534 116 18 betänkande
435 1535 37 16 N:o
481 1533 30 17 11.
