1009 1739
318 156 23 19 U.
354 156 23 19 B.
389 166 23 3 —
423 155 61 24 Prop.
497 155 37 20 N:o
546 155 29 19 17.
780 155 22 18 29

484 213 32 29 $8
530 213 90 22 13—15.

316 253 153 22 Oförändrade.

520 322 16 28 $
550 323 33 20 16.
763 339 7 7 a

316 367 189 27 Länsfullmäktige
521 367 36 22 och
571 367 133 28 suppleanter
714 367 67 28 väljas
790 367 35 27 för

282 403 31 20 tre
334 402 37 26 år;
394 401 50 22 dock
465 402 87 21 utträda
569 402 70 27 hvarje
654 403 26 20 år
693 401 132 28 fullmäktige

283 435 35 21 och
332 436 132 26 suppleanter
478 436 36 26 för
528 442 25 15 en
568 436 97 27 tredjedel
678 436 27 26 af
712 436 112 27 länstings-

282 470 99 26 området,
404 470 8 21 i
433 470 75 22 hvilket
530 470 95 26 afseende
642 470 33 21 det
696 470 54 26 först
771 476 55 15 sam-

282 504 152 22 manträdande
459 504 112 28 länstinget
596 504 93 27 fördelar
712 504 112 28 länstings-

283 538 104 21 områdets
409 538 120 22 kommuner
550 540 10 20 i
581 540 31 20 tre
633 539 48 21 med
697 538 82 28 hänsyn
794 538 32 21 till

282 572 144 28 fullmäktiges
447 573 56 21 antal
525 573 68 21 såvidt
611 572 79 28 möjligt
705 572 41 22 lika
760 579 64 21 grup-

281 614 46 19 per,
349 606 104 27 hvarefter
473 614 73 20 genom
569 607 88 27 lottning
672 607 126 25 bestämmes,
817 607 9 20 i

283 641 81 21 hvilken
379 642 89 27 ordning
483 642 24 21 de
522 642 32 20 till
568 638 70 30 hvarje
650 648 70 21 grupp
734 641 92 21 hörande

282 675 130 27 fullmäktige
437 676 36 21 och
497 676 133 26 suppleanter
654 676 58 21 skola
733 676 92 21 utträda.

283 709 33 22 De
338 710 126 26 kommuner,
487 710 69 21 hvilka
577 710 32 21 till
630 710 56 27 följd
708 710 67 26 häraf
790 716 36 21 ega

284 746 29 19 att
327 746 44 19 utse
385 751 41 20 nya
440 744 130 27 fullmäktige
585 744 37 21 och
635 744 133 27 suppleanter
781 744 9 21 i
800 744 25 21 de

283 778 115 27 afgångnes
420 778 66 27 ställe,
509 778 57 22 skola
588 778 24 27 af
630 778 142 22 länsutskottet
786 785 39 14 an-

283 812 72 22 modas
372 814 30 19 att
418 819 41 21 nya
473 812 33 22 val
520 812 36 27 för
571 812 119 22 ändamålet
704 812 119 28 ofördröjli-

282 854 39 20 gen
336 846 96 22 anställa.

315 880 76 22 Derest
405 881 94 27 vidtagen
514 882 90 26 ändring
620 881 26 27 af
656 881 120 27 grunderna
790 880 36 27 för

283 915 33 21 val
334 915 26 27 af
371 915 179 27 länsfullmäktige
564 915 49 21 eller
628 915 35 21 ock
678 922 70 14 annan
763 914 63 22 orsak

284 949 64 22 skulle
364 949 85 27 påkalla
468 956 27 21 ny
510 950 118 27 fördelning
642 950 27 26 af
681 950 145 26 länstingsom-

284 984 70 21 rådets
368 983 121 22 kommuner
504 984 9 21 i
526 984 139 26 förenämnda
676 984 101 26 afseende,
790 983 36 21 må

284 1017 92 28 länsting
390 1017 63 27 äfven
466 1018 70 21 sådan
550 1018 118 27 fördelning
683 1017 117 22 verkställa.

522 1087 16 27 $
552 1088 36 19 17.

317 1131 30 28 Ej
364 1132 36 21 må
418 1133 46 25 den,
482 1139 45 15 som
548 1132 32 21 till
595 1131 168 28 länsfullmäktig
777 1131 49 26 blif-

284 1166 28 21 vit
338 1166 52 26 vald,
412 1167 138 27 undandraga
571 1167 33 27 sig
626 1167 54 21 detta
702 1165 124 28 förtroende,

284 1200 73 21 sävida
378 1200 43 21 icke
442 1201 40 21 den
503 1201 59 21 valde
584 1201 24 21 de
629 1202 80 21 senaste
730 1202 31 19 tre
776 1200 52 21 ären

284 1234 116 27 tjenstgjort
412 1235 71 21 såsom
498 1235 119 27 fullmäktig
632 1235 49 22 eller
690 1235 70 21 såsom
770 1233 57 22 med-

284 1268 39 21 lem
337 1269 9 20 i
360 1268 124 22 länsutskott
498 1269 49 21 eller
562 1269 35 21 ock
611 1269 91 27 uppnätt
715 1268 65 22 sextio
790 1268 38 21 ärs

285 1302 59 21 ålder
359 1303 49 21 eller
422 1303 57 21 visar
494 1303 46 27 laga
555 1303 80 26 förfall.

318 1337 42 21 För
376 1337 65 27 öfrigt
455 1337 71 22 såsom
541 1338 6 21 i
563 1338 163 27 propositionen.

522 1405 16 28 $
552 1407 33 20 18.

318 1445 140 21 Oförändrad.

150 1484 44 21 Lag-
207 1484 28 16 och
248 1484 168 18 Ekonomiutskottets
427 1484 105 18 betänkande
544 1485 34 17 N:o
590 1485 16 16 2.
