1009 1739
210 163 28 20 20
518 163 35 22 N:o
571 163 35 22 31.

181 230 78 27 bringa
282 230 160 27 krigsmaktens
466 231 102 22 säkerhet
591 232 6 20 i
621 231 47 21 fara
692 231 53 21 eller
768 231 33 21 för
821 232 32 20 att
869 236 71 21 gagna

181 264 85 22 fienden
282 265 6 20 i
304 265 80 22 dennes
400 265 175 27 förehafvanden,
593 267 73 20 dömes
683 266 34 21 till
733 265 124 22 dödsstraff.

252 300 119 21 Enahanda
394 307 78 14 ansvar
494 301 70 20 skall
572 301 79 26 jemväl
674 301 110 26 tillämpas
808 300 12 21 å
843 299 95 22 fiendens

180 334 94 27 spioner.

528 363 10 28 $
555 365 34 19 57.

251 403 67 26 Hvar,
342 409 45 15 som
397 399 17 36 i
434 403 39 21 fält
488 403 24 21 af
526 404 101 21 klenmod
643 403 112 27 utsprider
770 403 69 27 rykte,
856 403 82 20 hvilket

179 436 42 21 kan
244 438 90 26 menligt
356 438 89 20 inverka
467 438 28 26 på
519 438 211 26 sinnesstämningen
746 437 39 21 hos
801 437 135 27 krigsfolket,

179 471 67 21 varde
269 472 64 20 dömd
357 472 33 21 till
414 472 175 26 förafskedande,
614 472 52 21 eller
685 472 97 26 fängelse
797 472 7 20 i
820 472 64 26 högst
900 478 36 14 sex

180 506 109 25 månader,
306 506 52 21 eller
375 507 172 27 ordningsstraff.

527 564 11 28 $
555 565 34 21 58.

250 604 55 26 Den,
322 610 45 15 som
383 605 6 20 i
406 605 122 26 drabbning
544 604 22 21 af
581 605 72 26 feghet
668 606 62 24 tager
750 604 33 21 till
800 604 80 27 flykten
896 605 40 20 och

178 638 71 21 tillika
266 639 48 20 med
330 639 38 20 ord
384 639 52 21 eller
452 639 76 21 tecken
545 639 94 21 förleder
655 645 70 15 annan
746 639 32 21 till
794 638 60 27 flykt,
870 639 65 21 varde

178 672 64 21 dömd
259 673 33 20 till
308 673 125 26 dödsstraff,
450 674 52 20 eller
519 674 90 20 tukthus
625 674 27 26 på
672 673 76 25 lifstid,
765 673 52 21 eller
832 672 48 22 från
896 674 39 20 och

178 708 48 20 med
242 714 38 14 sex
296 708 34 20 till
346 708 39 20 och
401 708 47 20 med
465 708 42 21 tolf
522 708 29 20 år.

526 766 11 26 8
554 767 33 19 59.

249 805 67 25 Hvar,
333 811 45 15 som
396 806 6 20 i
419 806 121 26 drabbning
557 806 52 20 eller
626 806 27 20 då
673 806 67 20 sådan
756 805 100 27 förestår,
876 806 58 24 eller,

178 841 40 19 när
240 839 38 21 det
300 840 68 26 gäller
391 842 32 18 att
439 840 91 27 angripa
546 841 52 20 eller
615 840 87 26 förfölja
720 840 90 25 fienden,
827 840 22 20 af
863 840 73 26 feghet

176 872 47 28 flyr,
240 874 83 21 lemnar
338 874 33 26 sig
387 874 54 21 efter
458 875 32 20 sin
507 878 72 23 trupp,
597 875 51 21 eller
664 875 28 26 på
703 876 66 19 annat
779 874 101 21 liknande
891 876 45 19 sätt

176 908 126 21 underlåter
318 908 94 27 fullgöra
427 909 55 21 hvad
499 910 35 20 vid
546 910 82 20 sådana
639 909 100 21 tillfällen
750 909 23 21 af
787 915 25 15 en
824 909 110 25 krigsman

176 942 86 21 fordras
278 943 49 25 kan,
344 943 85 20 straffes
445 944 49 20 med
510 944 91 20 tukthus
617 944 32 20 till
666 944 40 20 och
722 944 49 20 med
786 943 42 21 fem
843 943 30 26 år,
882 943 53 20 eller

176 977 96 26 fängelse
288 977 19 26 ej
324 977 68 21 under
409 984 37 14 sex
462 978 108 21 månader.

525 1035 11 27 8
552 1036 34 20 60.

249 1068 130 21 Underläter
402 1069 154 26 befälhafvare,
572 1070 36 20 vid
627 1068 203 22 sammanträffande
847 1069 48 20 med
910 1068 23 21 fi-

176 1103 82 26 endtlig
282 1105 65 24 trupp
371 1103 53 21 eller
448 1104 63 26 eljest
526 1104 7 20 i
549 1103 95 22 fiendens
661 1104 61 27 äsyn,
738 1105 33 19 att
786 1103 98 21 använda
900 1103 33 20 sin

174 1137 127 26 myndighet
323 1137 34 21 för
380 1139 33 19 att
436 1138 78 21 hindra
529 1139 99 26 rymning
643 1138 53 21 eller
712 1137 60 27 flykt,
788 1144 46 14 som
851 1137 13 21 å
879 1137 55 21 bane

175 1173 31 25 är,
230 1171 52 21 eller
306 1172 33 21 till
354 1171 81 28 lydnad
458 1173 77 26 bringa
559 1173 47 26 den,
630 1179 45 14 som
693 1174 77 25 vägrar
786 1173 33 20 att
834 1172 28 26 gå
877 1174 57 19 emot

174 1205 92 26 fienden,
291 1206 53 21 eller
367 1208 33 19 att
424 1207 88 26 vidtaga
535 1207 136 21 verksamma
694 1207 102 26 ätgärder
812 1208 58 19 emot
885 1207 47 25 den,

174 1245 46 15 som
236 1246 77 20 genom
330 1241 38 20 sitt
379 1240 136 22 förhällande
526 1241 161 21 åstadkommer
696 1241 106 26 oordning
813 1241 53 20 eller
874 1240 58 21 fruk-

174 1275 37 20 tan
227 1275 7 20 i
250 1277 103 24 truppen;
370 1275 71 24 varde,
458 1276 54 21 efter
528 1277 73 25 vigten
617 1276 22 20 af
654 1276 28 20 de
697 1275 85 27 följder,
798 1281 45 14 som
855 1275 78 20 under-

174 1308 123 21 lätenheten
314 1309 130 26 förorsakat,
462 1310 64 21 dömd
542 1311 34 20 till
592 1310 91 21 tukthus
699 1310 33 20 till
749 1309 40 21 och
800 1309 48 21 med
860 1309 72 26 sjuär,

174 1342 52 21 eller
242 1343 175 27 förafskedande,
434 1344 53 21 eller
502 1344 98 27 fängelse
616 1345 18 26 ej
651 1344 69 21 under
736 1350 38 15 sex
790 1343 109 21 mänader.

522 1401 11 26 8
550 1401 32 20 61.

245 1433 47 21 Har
307 1434 7 21 i
331 1435 55 20 strid
402 1437 59 18 emot
476 1434 84 21 fienden
576 1435 103 21 förlorats
698 1435 50 21 fana
764 1435 52 20 eller
832 1435 98 25 standar;

172 1467 72 27 varde,
262 1474 34 14 om
313 1469 183 26 truppafdelning,
513 1469 86 21 hvilken
616 1469 64 21 fanan
696 1469 54 21 eller
766 1469 111 21 standaret
888 1475 44 15 om-
