1009 1739
206 167 14 21 2
426 166 21 23 U.
463 168 20 21 B.
499 181 30 3 —
543 168 53 29 Prop.
612 167 33 23 N:o
660 167 33 22 29.

249 235 43 22 5:0.
322 235 164 29 Tillverkning
515 236 44 22 och
585 235 141 29 försäljning
749 235 26 22 af
794 236 146 22 tändstickor

179 271 61 20 samt
254 269 56 22 krut
325 269 43 22 och
384 270 72 21 andra
471 271 121 28 explosiva
607 271 56 20 eller
678 269 124 29 eldfarliga
816 274 93 24 ämnen;

248 303 42 22 6:0.
320 303 135 29 Värdshus-,
479 304 137 28 konditori-,
640 304 68 27 krog-
731 304 57 21 eller
810 311 77 15 annan
902 305 36 20 ut-

179 338 241 27 skänkningsrörelse;

248 372 43 21 7:o.
321 372 79 21 Bank-
415 372 57 21 eller
486 372 228 29 försäkringsbolag;

246 405 44 22 8:0.
320 406 186 28 Mäklareyrket;

178 439 98 22 hvarom
300 440 44 21 allt
368 440 73 22 redan
463 444 26 18 är
511 440 57 22 eller
589 440 124 22 framdeles
728 440 84 22 varder
826 439 112 22 särskildt

179 474 156 21 förordnadt.*

246 508 34 21 Pä
306 510 46 19 sätt
377 508 9 21 i
408 508 155 29 inledningen
578 508 38 22 till
635 508 47 22 den
696 508 87 28 nädiga
798 508 140 29 propositio-

178 549 47 14 nen
240 542 134 22 framhälles
389 542 127 22 förefinnas
531 550 96 14 numera
642 543 52 21 icke
709 544 73 27 några
796 542 142 28 omständig-

180 576 71 28 heter,
276 583 49 14 som
340 576 76 22 skulle
431 577 95 28 päkalla
541 584 29 14 en
586 576 100 22 särskild
701 576 237 29 undantagslagstift-

180 610 59 28 ning
255 610 36 21 för
306 610 79 28 frågor
400 618 38 14 om
453 611 147 28 anläggning
616 611 26 22 af
654 618 132 21 masugnar,
797 610 141 29 stängjerns-

181 644 99 28 hamrar,
304 645 108 21 valsverk
436 646 44 20 och
499 646 73 21 andra
588 646 82 28 dylika
685 646 159 27 inrättningar
858 644 79 22 äfven-

180 686 50 14 som
252 680 68 26 sågar
342 679 44 21 och
408 686 109 22 gvarnar.
546 680 73 21 Dessa
641 679 127 22 industrier
783 679 71 22 hafva
868 679 10 21 i
892 678 46 22 den

180 713 64 21 äldre
260 713 100 22 svenska
375 714 153 21 ekonomiska
543 714 183 28 lagstiftningen
740 714 92 28 utgjort
841 712 97 22 föremäl

179 747 37 21 för
238 747 125 29 vidlyftigt
381 748 215 28 reglementerande
612 748 49 22 dels
676 755 28 14 ur
718 747 220 28 beskattningssyn-

180 782 83 28 punkt,
286 782 50 21 dels
358 782 54 21 med
436 782 94 28 hänsyn
545 782 38 22 till
598 782 74 22 andra
686 782 190 28 näringsidkares
890 783 48 19 rätt

180 816 44 20 och
240 822 122 22 omsorgen
377 818 36 19 att
427 816 144 22 förekomma
586 816 137 28 skogsbrist,
740 816 49 21 dels
804 816 69 21 äfven
888 815 50 21 der-

179 850 49 21 före
254 852 36 18 att
314 850 115 28 styrelsen
453 850 139 29 uppfattade
618 850 40 22 det
680 851 76 21 säsom
775 850 37 21 sin
826 850 62 28 pligt
902 851 36 19 att

180 884 93 21 sträcka
295 884 37 21 sin
354 884 144 22 omvärdnad
514 892 38 14 om
566 884 142 29 näringarne
724 884 62 22 ända
800 884 88 21 derhän
904 885 35 20 att

179 918 95 22 utfärda
296 918 143 29 detaljerade
457 919 146 21 föreskrifter
618 918 122 28 angående
756 920 71 20 sättet
841 918 37 21 för
892 917 47 21 till-

179 952 153 28 verkningen,
355 953 194 21 beskaffenheten
572 953 27 21 af
618 953 46 21 den
679 952 109 29 produkt,
812 959 49 14 som
876 952 62 28 finge

179 986 53 22 från
246 986 82 21 landet
342 986 96 29 utföras,
458 989 61 19 samt
534 987 40 21 det
588 987 55 28 pris,
666 986 98 22 hvartill
778 993 73 15 varan
865 985 73 22 borde

180 1020 192 22 tillhandahållas
396 1021 46 21 den
464 1021 122 22 inhemska
606 1021 177 22 konsumenten.
812 1020 52 21 Allt
880 1020 59 21 efter

180 1063 50 14 som
245 1055 119 28 åsigterna
379 1055 9 22 i
403 1055 67 22 dessa
485 1055 126 22 afseenden
626 1055 74 22 under
715 1055 104 21 tidernas
834 1055 55 28 lopp
897 1061 42 14 un-

180 1089 94 28 dergätt
296 1089 144 29 förändring,
463 1090 71 22 hafva
556 1087 33 24 de
608 1089 174 22 inskränkande
797 1089 143 22 bestämnin-

180 1131 72 20 garne
275 1123 91 29 begynt
388 1124 90 21 kännas
500 1131 50 14 som
572 1123 145 22 besvärande
739 1123 64 22 band
824 1123 36 22 för
875 1123 65 22 såväl

179 1157 198 28 näringsidkaren
400 1165 49 14 som
472 1159 136 21 afnämaren
630 1160 62 19 samt
713 1157 122 22 efterhand
858 1156 82 23 blifvit

179 1187 138 38 afskaffade.
681 1185 8 7 N

251 1226 135 29 Kojserliga
400 1227 169 28 förordningen
584 1226 45 22 den
644 1227 14 20 9
674 1225 69 29 April
755 1225 54 22 1861
818 1225 120 29 upphäfde

180 1260 158 22 ätskillnaden
363 1261 87 21 mellan
475 1261 61 22 salu-
561 1261 43 21 och
623 1260 197 28 husbehofssägar
835 1261 60 20 samt
910 1259 29 22 de

179 1295 201 28 inskränkningar
394 1295 39 21 till
448 1295 48 21 viss
512 1295 180 28 skogstillgäng,
704 1294 48 21 viss
762 1293 178 28 tillverknings-

179 1329 37 21 tid
237 1337 30 13 m.
290 1337 30 14 m.
339 1329 29 28 d.,
392 1329 82 22 hvilka
489 1329 62 22 ifrån
566 1329 64 21 äldre
646 1328 200 29 skogsordningar
862 1327 8 22 i
886 1327 53 22 obe-

179 1363 91 28 tydligt
284 1363 136 22 modifierad
436 1363 60 22 form
511 1363 122 28 upptagits
648 1363 9 21 i
671 1363 16 21 8
701 1362 103 21 artikeln
818 1361 27 22 af
852 1361 88 22 förord-

179 1397 90 28 ningen
285 1405 37 14 om
337 1397 116 28 skogarne
469 1398 9 21 i
492 1397 110 28 Finland,
618 1396 83 29 gifven
717 1396 46 22 den
778 1396 14 21 9
804 1395 136 29 September

180 1431 64 22 1851.
267 1431 167 22 Afskaffandet
448 1431 28 22 af
481 1431 67 22 dessa
556 1431 200 28 inskränkningar
764 1430 176 29 möjliggjordes

180 1465 142 28 derigenom,
338 1467 36 19 att
390 1465 45 21 den
451 1465 73 21 sedan
538 1465 114 28 gammalt
667 1464 127 22 bestäende
805 1465 136 27 sägskatten

179 1500 57 21 eller
251 1500 150 27 ,sägräntan*
417 1500 131 28 upphäfdes
557 1501 60 19 samt
625 1499 8 21 i
642 1498 79 22 stället
729 1498 103 22 infördes
839 1506 29 14 en
877 1500 63 26 ,säg-
