1009 1739
290 149 24 19 U.
328 149 23 19 B.
364 159 21 3 —
398 148 62 25 Prop.
473 150 39 18 N:o
524 149 19 19 9.
754 149 22 17 27

53 207 91 22 sednare
159 207 27 26 på
201 207 25 21 de
242 207 45 21 skäl
302 207 38 21 och
355 207 6 20 i
378 207 36 21 det
429 206 61 27 syfte,
506 207 103 21 utskottet
623 207 36 21 vid
674 207 7 21 i
694 207 61 26 fråga
765 213 33 15 om

55 241 13 27 8
83 241 27 21 28
124 241 8 21 i
146 241 165 26 länstingslagen
326 240 122 21 framhällit.

122 275 32 21 På
167 275 67 26 grund
250 275 22 21 af
285 275 89 21 sålunda
388 275 92 21 slutförd
495 275 128 27 behandling
638 275 23 22 af
675 276 40 21 den
723 275 77 26 nådiga

54 309 157 27 propositionen
226 309 32 22 får
274 309 102 21 utskottet
392 309 108 21 vördsamt
514 309 89 22 föreslå:

291 345 29 19 att
343 343 79 21 landets
447 343 111 26 höglofliga
583 343 92 22 Ständer
696 343 46 21 ville
763 343 37 21 hos

257 377 60 21 Hans
332 377 118 27 Kejserliga
464 377 103 27 Majestät
581 377 91 27 anmäla,
688 377 34 22 det
736 377 63 22 Stän-

258 411 64 21 derna
336 411 42 21 icke
393 411 80 21 kunnat
485 411 112 27 godkänna
612 412 40 21 den
665 412 79 27 nädiga
750 418 50 20 pro-

254 446 117 26 positionen
393 445 137 27 oförändrad,
552 448 51 19 utan
618 446 36 26 för
667 446 34 21 sin
716 445 32 22 del
762 452 38 15 an-

258 480 51 27 tagit
322 480 92 27 följande
428 480 154 27 författningar
596 480 9 21 i
618 481 82 21 ämnet:

326 556 53 30 Lag
404 562 42 17 om
472 556 114 35 länsting
608 555 9 24 i
635 555 166 25 Storfursten-

259 596 84 23 dömet
360 595 115 25 Finland.

482 657 13 17 I
509 657 70 23 Kap.

412 691 93 21 Allmänna
520 691 117 28 stadganden.

504 748 50 28 $1

295 788 142 21 Oförändrad.

503 844 16 28 $
534 846 21 20 2

294 884 78 27 Hvarje
386 884 37 22 län
435 886 61 26 utgör
507 886 27 20 ett
544 884 198 28 länstingsomräde;
753 884 50 22 dock

260 919 46 26 kan,
326 920 32 26 pä
378 919 159 27 framställning
558 919 24 26 af
603 919 92 27 länsting
710 918 48 22 eller
772 918 32 22 till

262 953 55 21 länet
338 953 91 21 hörande
450 953 105 26 kommun,
577 953 104 27 Kejsaren
696 952 36 22 och
746 952 58 21 Stor-

262 987 80 26 fursten
356 987 102 26 förordna
474 994 33 14 om
522 987 67 21 länets
604 987 83 27 delning
701 987 9 20 i
724 987 34 21 två
774 986 29 21 el-

263 1021 30 21 ler
306 1021 52 27 flera
372 1021 210 27 länstingsområden.
608 1017 34 25 Är
656 1021 68 22 sådan
738 1021 66 26 fram-

262 1055 99 28 ställning
381 1056 63 27 gjord
466 1056 26 26 af
512 1055 102 27 kommun,
638 1055 54 22 skall
708 1054 96 22 vederbö-

262 1090 64 21 rande
347 1089 92 28 länsting
462 1089 78 22 lemnas
562 1089 83 27 tillfälle
663 1091 30 20 att
711 1089 95 26 deröfver

264 1124 78 27 afgifva
356 1124 102 27 yttrande.

476 1181 32 28 $$
523 1182 63 20 3—9.

298 1215 152 22 Oförändrade.

477 1279 28 17 II
520 1278 70 23 Kap.

364 1312 31 21 Om
410 1313 109 27 länstingets
534 1312 166 27 sammansättning.

504 1364 16 28 $
534 1365 34 20 10.

298 1403 191 28 Länsfullmäktige
510 1405 56 20 utses
585 1410 74 21 genom
679 1402 129 23 omedelbara

264 1438 32 21 val
312 1439 8 20 i
334 1438 87 27 enlighet
436 1438 48 21 med
498 1438 26 21 de
538 1437 35 27 för
586 1437 34 22 val
634 1437 32 22 till
675 1436 133 23 kommunala

129 1478 45 21 Lag-
186 1479 30 16 och
228 1478 166 17 Ekonomiutskottets
406 1478 104 16 betänkande
522 1478 34 16 N:o
569 1478 17 16 2.
