1009 1739
216 152 12 20 6
529 153 34 21 N:o
575 153 35 21 21.

257 220 74 27 Enligt
340 221 22 20 af
376 216 173 32 Öfverstyrelsen
570 221 33 21 för
619 221 153 21 skolväsendet
788 221 106 27 uppgjord
910 222 34 19 ut-

185 254 99 27 giftsstat
299 255 33 20 för
348 255 212 22 folkskoleväsendet
576 256 68 21 under
655 257 33 19 tre
700 255 34 21 års
746 255 101 27 perioden
860 256 84 20 1886—

188 289 60 27 1888,
266 289 32 21 till
315 290 40 20 den
372 289 33 22 del
422 291 70 20 denna
508 290 66 27 utgift
590 290 48 21 icke
653 292 25 19 är
694 289 98 22 bestämd
808 292 32 19 att
856 289 87 28 påföras

185 323 109 22 allmänna
309 324 142 26 statsfonden,
469 325 77 26 skulle,
563 326 51 19 enär
631 331 25 14 en
673 324 117 26 tillräcklig
807 330 83 15 summa
905 331 37 14 an-

186 360 53 19 setts
266 358 52 21 böra
341 365 122 15 reserveras
486 359 35 20 för
544 359 101 26 möjligen
663 357 106 27 behöfliga
785 359 94 20 tillskott
894 359 6 20 i
918 359 26 20 de

185 393 124 20 nuvarande
328 393 102 26 anslagen
446 393 34 21 för
495 393 116 21 städernas
622 393 132 27 folkskolor,
772 393 24 20 så
812 393 61 25 länge
889 392 54 21 folk-

186 427 165 21 skoleväsendet
374 427 113 21 derstädes
511 430 57 18 ännu
588 428 18 26 ej
624 427 48 21 nått
688 427 40 21 den
744 427 7 21 i
768 427 10 27 $
797 428 39 20 102
852 427 22 20 af
888 426 54 21 folk-

185 461 215 27 skoleförordningen
424 462 127 20 förutsedda
570 462 128 25 utveckling,
717 462 32 20 för
766 462 59 20 detta
845 460 98 22 ändamål

185 495 109 22 erfordras
318 497 63 24 5,000
404 497 73 20 marks
501 496 67 27 årligt
584 496 95 21 tillskott
696 496 58 20 såväl
770 496 34 21 för
819 496 50 20 åren
887 496 55 20 1884

185 530 39 21 och
242 531 54 21 1885
312 536 45 16 som
374 531 32 21 för
423 531 235 27 bevillningsperioden
677 531 147 20 1886—1888.
855 530 44 20 Och
916 530 28 20 då

185 564 37 22 det
245 565 56 21 intill
321 566 109 26 utgången
446 566 22 20 af
484 566 23 20 år
526 566 54 20 1883
597 565 108 27 beviljade
722 565 112 26 årsanslag
850 564 93 27 uppgick

186 599 32 21 till
244 600 90 26 146,800
357 600 67 26 mark,
448 600 24 21 sä
488 600 77 27 skulle,
581 600 48 20 med
646 599 161 21 inberäknande
822 599 22 21 af
859 599 36 21 det
909 598 35 22 för

184 634 27 20 de
234 634 36 21 tvä
292 634 149 21 förstnämnda
460 635 52 21 ären
528 634 143 26 erforderliga
687 634 82 26 tillägg,
786 634 66 26 sagda
869 633 73 21 ärsan-

185 668 47 27 slag
254 668 34 21 för
310 669 24 20 är
360 670 52 20 1885
429 671 79 24 utgöra
526 670 90 24 156,800
633 668 61 21 mark
712 670 54 18 samt
782 668 34 20 för
831 668 73 26 hvarje
921 667 23 21 af

185 703 26 21 de
227 702 94 27 följande
338 704 50 20 ären
404 704 69 20 under
489 704 93 20 nämnda
598 702 86 28 period:

324 739 53 20 1886
407 739 91 24 156,800
514 738 28 28 +
572 739 64 25 5,000
652 746 29 9 =
698 737 90 25 161,800

324 774 52 20 1887
407 774 92 24 156,800
515 772 27 27 +
560 773 76 25 10,000
652 781 29 9 =
699 772 89 24 166,800

323 808 54 20 1888
408 808 90 26 156,800
514 807 28 27 +
559 808 76 25 15,000
651 815 29 9 ==
698 806 90 24 171,800

698 847 91 25 500,400
811 841 15 36 —
842 846 98 25 500,400.

255 882 137 21 Beträtfande
404 882 156 26 folkskolorna
572 882 32 27 pä
620 881 75 21 landet
706 880 39 21 har
756 886 32 15 er-

184 916 125 21 farenheten
325 916 62 26 visat,
411 918 32 19 att
467 916 36 22 det
527 916 33 21 för
583 915 147 22 innevarande
753 915 35 21 be-

183 951 178 26 villningsperiod
377 952 123 20 beräknade
516 951 125 20 medeltalet
666 950 22 20 af
707 951 27 19 40
750 955 38 20 ny-

183 985 114 21 tillkomna
313 985 73 21 skolor
402 985 34 21 för
452 986 24 20 år
492 986 57 20 varit
565 985 33 21 för
614 985 70 26 ringa,
702 983 86 21 hvarför

182 1020 66 20 minst
271 1021 27 20 50
318 1026 41 21 nya
375 1021 75 26 anslag
467 1021 33 20 för
517 1021 53 24 året,
587 1020 33 20 till
637 1019 149 25 medelbelopp

183 1054 23 21 af
227 1055 42 20 500
293 1054 60 21 mark
376 1054 34 21 för
430 1055 81 26 hvarje,
528 1055 82 20 funnits
627 1054 55 21 böra
697 1055 90 24 antagas

182 1089 34 21 för
236 1089 51 20 åren
308 1089 54 20 1884
378 1089 38 21 och
435 1090 54 20 1885
507 1091 56 19 samt
578 1089 27 20 60
622 1087 114 22 enahanda
751 1093 37 14 an-

182 1124 47 25 slag
247 1123 34 21 för
297 1123 51 21 åren
366 1124 148 25 1886—1888,
530 1123 88 24 hvilket,
636 1122 28 21 då
680 1122 36 21 det
731 1121 57 21 intill

181 1158 109 27 utgången
309 1158 23 21 af
348 1159 53 20 1883
421 1159 106 26 beviljade
546 1157 193 26 anslagsbeloppet
754 1156 34 21 för

182 1192 64 21 dessa
261 1192 74 21 skolor
350 1195 107 24 upptages
474 1193 32 20 till
523 1193 92 25 327,800
631 1191 69 25 mark,
717 1191 70 20 skulle

179 1227 66 26 jemte
268 1227 193 26 tilläggsanslagen
484 1227 23 21 af
529 1227 78 25 25,000
628 1225 63 22 mark
710 1225 33 21 för
759 1225 30 25 år,

181 1263 78 24 utgöra
282 1261 36 21 vid
341 1261 109 27 utgången
473 1261 23 21 af
511 1261 23 21 år
552 1262 54 20 1885
623 1267 27 15 en
668 1266 83 15 summa
766 1259 23 20 af

180 1296 93 25 377,800
289 1295 61 22 mark
367 1297 56 20 samt
439 1296 34 21 för
489 1296 63 20 hvart
568 1295 39 21 och
623 1296 33 20 ett
672 1294 22 21 af
710 1294 61 21 åren:

300 1331 54 20 1886
382 1331 94 26 377,800
492 1330 27 27 --
535 1330 77 23 30,000
628 1339 28 9 =
695 1328 93 26 —407,800

300 1365 53 20 1887
382 1365 93 25 377,800
490 1363 29 29 +
535 1364 77 26 60,000
627 1372 30 9 =
695 1363 93 25 437,800

300 1399 54 20 1888
382 1399 93 26 377,800
492 1403 25 22 +
535 1399 77 25 90,000
629 1407 27 9 =
696 1397 92 25 467,800

680 1438 111 27 1,313,400
824 1437 118 26 1,313,400.

672 1478 120 26 Transport
824 1477 117 26 1,813,800.
