<?xml version="1.0" encoding="UTF-8"?>
<alto xmlns="http://www.loc.gov/standards/alto/ns-v3#" xmlns:xlink="http://www.w3.org/1999/xlink" xmlns:xsi="http://www.w3.org/2001/XMLSchema-instance" xsi:schemaLocation="http://www.loc.gov/standards/alto/ns-v3# http://www.loc.gov/alto/v3/alto-3-0.xsd">
	<Description>
		<MeasurementUnit>pixel</MeasurementUnit>
		<sourceImageInformation>
			<fileName>/tmp/tess_3a2wtj5__input.PNG</fileName>
		</sourceImageInformation>
		<OCRProcessing ID="OCR_0">
			<ocrProcessingStep>
				<processingSoftware>
					<softwareName>tesseract 5.3.4</softwareName>
				</processingSoftware>
			</ocrProcessingStep>
		</OCRProcessing>
	</Description>
	<Layout>
		<Page WIDTH="1009" HEIGHT="1739" PHYSICAL_IMG_NR="0" ID="page_0">
			<PrintSpace HPOS="0" VPOS="0" WIDTH="1009" HEIGHT="1739">
				<GraphicalElement ID="cblock_0" HPOS="0" VPOS="581" WIDTH="5" HEIGHT="417"></GraphicalElement >
				<ComposedBlock ID="cblock_1" HPOS="198" VPOS="152" WIDTH="392" HEIGHT="21">
					<TextBlock ID="block_0" HPOS="198" VPOS="152" WIDTH="392" HEIGHT="21">
						<TextLine ID="line_0" HPOS="198" VPOS="152" WIDTH="392" HEIGHT="21">
							<String ID="string_0" HPOS="198" VPOS="153" WIDTH="25" HEIGHT="20" WC="0.96" CONTENT="12"/><SP WIDTH="281" VPOS="153" HPOS="223"/>
							<String ID="string_1" HPOS="504" VPOS="152" WIDTH="34" HEIGHT="21" WC="0.94" CONTENT="N:o"/><SP WIDTH="17" VPOS="152" HPOS="538"/>
							<String ID="string_2" HPOS="555" VPOS="152" WIDTH="35" HEIGHT="21" WC="0.96" CONTENT="31."/>
						</TextLine>
					</TextBlock>
				</ComposedBlock>
				<ComposedBlock ID="cblock_2" HPOS="167" VPOS="220" WIDTH="764" HEIGHT="166">
					<TextBlock ID="block_1" HPOS="167" VPOS="220" WIDTH="764" HEIGHT="62">
						<TextLine ID="line_1" HPOS="239" VPOS="220" WIDTH="692" HEIGHT="27">
							<String ID="string_3" HPOS="239" VPOS="221" WIDTH="34" HEIGHT="20" WC="0.92" CONTENT="6:0"/><SP WIDTH="16" VPOS="221" HPOS="273"/>
							<String ID="string_4" HPOS="289" VPOS="220" WIDTH="23" HEIGHT="21" WC="0.96" CONTENT="af"/><SP WIDTH="21" VPOS="220" HPOS="312"/>
							<String ID="string_5" HPOS="333" VPOS="221" WIDTH="77" HEIGHT="26" WC="0.96" CONTENT="någon,"/><SP WIDTH="25" VPOS="221" HPOS="410"/>
							<String ID="string_6" HPOS="435" VPOS="227" WIDTH="46" HEIGHT="15" WC="0.96" CONTENT="som"/><SP WIDTH="22" VPOS="227" HPOS="481"/>
							<String ID="string_7" HPOS="503" VPOS="221" WIDTH="59" HEIGHT="21" WC="0.96" CONTENT="förut"/><SP WIDTH="23" VPOS="221" HPOS="562"/>
							<String ID="string_8" HPOS="585" VPOS="221" WIDTH="71" HEIGHT="21" WC="0.96" CONTENT="blifvit"/><SP WIDTH="22" VPOS="221" HPOS="656"/>
							<String ID="string_9" HPOS="678" VPOS="220" WIDTH="90" HEIGHT="22" WC="0.96" CONTENT="straffad"/><SP WIDTH="15" VPOS="220" HPOS="768"/>
							<String ID="string_10" HPOS="783" VPOS="220" WIDTH="35" HEIGHT="21" WC="0.96" CONTENT="för"/><SP WIDTH="15" VPOS="220" HPOS="818"/>
							<String ID="string_11" HPOS="833" VPOS="221" WIDTH="59" HEIGHT="21" WC="0.96" CONTENT="brott"/><SP WIDTH="16" VPOS="221" HPOS="892"/>
							<String ID="string_12" HPOS="908" VPOS="220" WIDTH="23" HEIGHT="21" WC="0.96" CONTENT="af"/>
						</TextLine>
						<TextLine ID="line_2" HPOS="167" VPOS="255" WIDTH="312" HEIGHT="27">
							<String ID="string_13" HPOS="167" VPOS="261" WIDTH="83" HEIGHT="15" WC="0.96" CONTENT="samma"/><SP WIDTH="16" VPOS="261" HPOS="250"/>
							<String ID="string_14" HPOS="266" VPOS="255" WIDTH="53" HEIGHT="21" WC="0.96" CONTENT="eller"/><SP WIDTH="16" VPOS="255" HPOS="319"/>
							<String ID="string_15" HPOS="335" VPOS="255" WIDTH="69" HEIGHT="26" WC="0.96" CONTENT="dylikt"/><SP WIDTH="16" VPOS="255" HPOS="404"/>
							<String ID="string_16" HPOS="420" VPOS="255" WIDTH="59" HEIGHT="27" WC="0.96" CONTENT="slag;"/>
						</TextLine>
					</TextBlock>
					<TextBlock ID="block_2" HPOS="167" VPOS="289" WIDTH="762" HEIGHT="97">
						<TextLine ID="line_3" HPOS="239" VPOS="289" WIDTH="690" HEIGHT="28">
							<String ID="string_17" HPOS="239" VPOS="295" WIDTH="51" HEIGHT="15" WC="0.96" CONTENT="vare"/><SP WIDTH="16" VPOS="295" HPOS="290"/>
							<String ID="string_18" HPOS="306" VPOS="289" WIDTH="68" HEIGHT="21" WC="0.96" CONTENT="sådan"/><SP WIDTH="16" VPOS="289" HPOS="374"/>
							<String ID="string_19" HPOS="390" VPOS="290" WIDTH="162" HEIGHT="27" WC="0.96" CONTENT="omständighet"/><SP WIDTH="15" VPOS="290" HPOS="552"/>
							<String ID="string_20" HPOS="567" VPOS="289" WIDTH="36" HEIGHT="21" WC="0.96" CONTENT="vid"/><SP WIDTH="12" VPOS="289" HPOS="603"/>
							<String ID="string_21" HPOS="615" VPOS="289" WIDTH="95" HEIGHT="22" WC="0.96" CONTENT="straffets"/><SP WIDTH="11" VPOS="289" HPOS="710"/>
							<String ID="string_22" HPOS="721" VPOS="289" WIDTH="165" HEIGHT="22" WC="0.93" CONTENT="bestämmande"/><SP WIDTH="8" VPOS="289" HPOS="886"/>
							<String ID="string_23" HPOS="894" VPOS="290" WIDTH="35" HEIGHT="20" WC="0.93" CONTENT="så-"/>
						</TextLine>
						<TextLine ID="line_4" HPOS="167" VPOS="323" WIDTH="761" HEIGHT="28">
							<String ID="string_24" HPOS="167" VPOS="329" WIDTH="46" HEIGHT="16" WC="0.96" CONTENT="som"/><SP WIDTH="15" VPOS="329" HPOS="213"/>
							<String ID="string_25" HPOS="228" VPOS="323" WIDTH="142" HEIGHT="22" WC="0.96" CONTENT="försvårande"/><SP WIDTH="17" VPOS="323" HPOS="370"/>
							<String ID="string_26" HPOS="387" VPOS="325" WIDTH="89" HEIGHT="26" WC="0.96" CONTENT="ansedd,"/><SP WIDTH="17" VPOS="325" HPOS="476"/>
							<String ID="string_27" HPOS="493" VPOS="324" WIDTH="92" HEIGHT="21" WC="0.96" CONTENT="såframt"/><SP WIDTH="15" VPOS="324" HPOS="585"/>
							<String ID="string_28" HPOS="600" VPOS="324" WIDTH="66" HEIGHT="26" WC="0.95" CONTENT="brott,"/><SP WIDTH="17" VPOS="324" HPOS="666"/>
							<String ID="string_29" HPOS="683" VPOS="330" WIDTH="45" HEIGHT="15" WC="0.96" CONTENT="som"/><SP WIDTH="16" VPOS="330" HPOS="728"/>
							<String ID="string_30" HPOS="744" VPOS="324" WIDTH="70" HEIGHT="20" WC="0.96" CONTENT="under"/><SP WIDTH="16" VPOS="324" HPOS="814"/>
							<String ID="string_31" HPOS="830" VPOS="323" WIDTH="42" HEIGHT="22" WC="0.92" CONTENT="slik"/><SP WIDTH="12" VPOS="323" HPOS="872"/>
							<String ID="string_32" HPOS="884" VPOS="330" WIDTH="44" HEIGHT="15" WC="0.92" CONTENT="om-"/>
						</TextLine>
						<TextLine ID="line_5" HPOS="168" VPOS="358" WIDTH="684" HEIGHT="28">
							<String ID="string_33" HPOS="168" VPOS="358" WIDTH="125" HEIGHT="27" WC="0.92" CONTENT="ständighet"/><SP WIDTH="16" VPOS="358" HPOS="293"/>
							<String ID="string_34" HPOS="309" VPOS="359" WIDTH="73" HEIGHT="26" WC="0.96" CONTENT="begås,"/><SP WIDTH="16" VPOS="359" HPOS="382"/>
							<String ID="string_35" HPOS="398" VPOS="359" WIDTH="18" HEIGHT="27" WC="0.96" CONTENT="ej"/><SP WIDTH="18" VPOS="359" HPOS="416"/>
							<String ID="string_36" HPOS="434" VPOS="361" WIDTH="24" HEIGHT="19" WC="0.96" CONTENT="är"/><SP WIDTH="16" VPOS="361" HPOS="458"/>
							<String ID="string_37" HPOS="474" VPOS="359" WIDTH="49" HEIGHT="21" WC="0.96" CONTENT="med"/><SP WIDTH="17" VPOS="359" HPOS="523"/>
							<String ID="string_38" HPOS="540" VPOS="359" WIDTH="106" HEIGHT="21" WC="0.96" CONTENT="särskildt"/><SP WIDTH="15" VPOS="359" HPOS="646"/>
							<String ID="string_39" HPOS="661" VPOS="365" WIDTH="81" HEIGHT="14" WC="0.93" CONTENT="ansvar"/><SP WIDTH="15" VPOS="365" HPOS="742"/>
							<String ID="string_40" HPOS="757" VPOS="358" WIDTH="95" HEIGHT="27" WC="0.90" CONTENT="belagdt."/>
						</TextLine>
					</TextBlock>
				</ComposedBlock>
				<ComposedBlock ID="cblock_3" HPOS="164" VPOS="432" WIDTH="764" HEIGHT="446">
					<TextBlock ID="block_3" HPOS="518" VPOS="432" WIDTH="61" HEIGHT="28">
						<TextLine ID="line_6" HPOS="518" VPOS="432" WIDTH="61" HEIGHT="28">
							<String ID="string_41" HPOS="518" VPOS="432" WIDTH="10" HEIGHT="28" WC="0.82" CONTENT="S"/><SP WIDTH="18" VPOS="432" HPOS="528"/>
							<String ID="string_42" HPOS="546" VPOS="433" WIDTH="33" HEIGHT="21" WC="0.95" CONTENT="32."/>
						</TextLine>
					</TextBlock>
					<TextBlock ID="block_4" HPOS="235" VPOS="472" WIDTH="692" HEIGHT="27">
						<TextLine ID="line_7" HPOS="235" VPOS="472" WIDTH="692" HEIGHT="27">
							<String ID="string_43" HPOS="235" VPOS="472" WIDTH="76" HEIGHT="21" WC="0.96" CONTENT="Såsom"/><SP WIDTH="9" VPOS="472" HPOS="311"/>
							<String ID="string_44" HPOS="320" VPOS="472" WIDTH="138" HEIGHT="27" WC="0.96" CONTENT="synnerligen"/><SP WIDTH="9" VPOS="472" HPOS="458"/>
							<String ID="string_45" HPOS="467" VPOS="472" WIDTH="143" HEIGHT="22" WC="0.96" CONTENT="försvårande"/><SP WIDTH="10" VPOS="472" HPOS="610"/>
							<String ID="string_46" HPOS="620" VPOS="472" WIDTH="162" HEIGHT="27" WC="0.96" CONTENT="omständighet"/><SP WIDTH="9" VPOS="472" HPOS="782"/>
							<String ID="string_47" HPOS="791" VPOS="472" WIDTH="56" HEIGHT="21" WC="0.96" CONTENT="skall"/><SP WIDTH="9" VPOS="472" HPOS="847"/>
							<String ID="string_48" HPOS="856" VPOS="478" WIDTH="71" HEIGHT="16" WC="0.96" CONTENT="anses:"/>
						</TextLine>
					</TextBlock>
					<TextBlock ID="block_5" HPOS="167" VPOS="506" WIDTH="761" HEIGHT="62">
						<TextLine ID="line_8" HPOS="240" VPOS="506" WIDTH="688" HEIGHT="29">
							<String ID="string_49" HPOS="240" VPOS="507" WIDTH="33" HEIGHT="20" WC="0.85" CONTENT="1:0"/><SP WIDTH="17" VPOS="507" HPOS="273"/>
							<String ID="string_50" HPOS="290" VPOS="507" WIDTH="28" HEIGHT="20" WC="0.96" CONTENT="då"/><SP WIDTH="15" VPOS="507" HPOS="318"/>
							<String ID="string_51" HPOS="333" VPOS="506" WIDTH="59" HEIGHT="22" WC="0.93" CONTENT="brott"/><SP WIDTH="14" VPOS="506" HPOS="392"/>
							<String ID="string_52" HPOS="406" VPOS="507" WIDTH="95" HEIGHT="21" WC="0.92" CONTENT="föröfvas"/><SP WIDTH="17" VPOS="507" HPOS="501"/>
							<String ID="string_53" HPOS="518" VPOS="507" WIDTH="22" HEIGHT="21" WC="0.93" CONTENT="af"/><SP WIDTH="11" VPOS="507" HPOS="540"/>
							<String ID="string_54" HPOS="551" VPOS="508" WIDTH="105" HEIGHT="27" WC="0.91" CONTENT="postkarl,"/><SP WIDTH="13" VPOS="508" HPOS="656"/>
							<String ID="string_55" HPOS="669" VPOS="507" WIDTH="135" HEIGHT="21" WC="0.93" CONTENT="militärvakt"/><SP WIDTH="11" VPOS="507" HPOS="804"/>
							<String ID="string_56" HPOS="815" VPOS="507" WIDTH="53" HEIGHT="21" WC="0.96" CONTENT="eller"/><SP WIDTH="12" VPOS="507" HPOS="868"/>
							<String ID="string_57" HPOS="880" VPOS="507" WIDTH="48" HEIGHT="27" WC="0.96" CONTENT="den,"/>
						</TextLine>
						<TextLine ID="line_9" HPOS="167" VPOS="540" WIDTH="351" HEIGHT="28">
							<String ID="string_58" HPOS="167" VPOS="546" WIDTH="45" HEIGHT="16" WC="0.96" CONTENT="som"/><SP WIDTH="16" VPOS="546" HPOS="212"/>
							<String ID="string_59" HPOS="228" VPOS="540" WIDTH="34" HEIGHT="21" WC="0.93" CONTENT="till"/><SP WIDTH="17" VPOS="540" HPOS="262"/>
							<String ID="string_60" HPOS="279" VPOS="541" WIDTH="79" HEIGHT="21" WC="0.92" CONTENT="utsedd"/><SP WIDTH="15" VPOS="541" HPOS="358"/>
							<String ID="string_61" HPOS="373" VPOS="542" WIDTH="77" HEIGHT="26" WC="0.92" CONTENT="konvoj"/><SP WIDTH="17" VPOS="542" HPOS="450"/>
							<String ID="string_62" HPOS="467" VPOS="542" WIDTH="51" HEIGHT="25" WC="0.96" CONTENT="hör;"/>
						</TextLine>
					</TextBlock>
					<TextBlock ID="block_6" HPOS="166" VPOS="576" WIDTH="762" HEIGHT="95">
						<TextLine ID="line_10" HPOS="239" VPOS="576" WIDTH="689" HEIGHT="27">
							<String ID="string_63" HPOS="239" VPOS="576" WIDTH="34" HEIGHT="20" WC="0.91" CONTENT="2:0"/><SP WIDTH="17" VPOS="576" HPOS="273"/>
							<String ID="string_64" HPOS="290" VPOS="576" WIDTH="27" HEIGHT="20" WC="0.93" CONTENT="dä"/><SP WIDTH="16" VPOS="576" HPOS="317"/>
							<String ID="string_65" HPOS="333" VPOS="576" WIDTH="70" HEIGHT="26" WC="0.96" CONTENT="någon"/><SP WIDTH="11" VPOS="576" HPOS="403"/>
							<String ID="string_66" HPOS="414" VPOS="576" WIDTH="137" HEIGHT="21" WC="0.93" CONTENT="missbrukar"/><SP WIDTH="9" VPOS="576" HPOS="551"/>
							<String ID="string_67" HPOS="560" VPOS="576" WIDTH="166" HEIGHT="27" WC="0.91" CONTENT="militärstyrka,"/><SP WIDTH="9" VPOS="576" HPOS="726"/>
							<String ID="string_68" HPOS="735" VPOS="576" WIDTH="130" HEIGHT="27" WC="0.92" CONTENT="krigsvapen"/><SP WIDTH="9" VPOS="576" HPOS="865"/>
							<String ID="string_69" HPOS="874" VPOS="576" WIDTH="54" HEIGHT="22" WC="0.96" CONTENT="eller"/>
						</TextLine>
						<TextLine ID="line_11" HPOS="168" VPOS="609" WIDTH="758" HEIGHT="28">
							<String ID="string_70" HPOS="168" VPOS="609" WIDTH="41" HEIGHT="21" WC="0.96" CONTENT="den"/><SP WIDTH="16" VPOS="609" HPOS="209"/>
							<String ID="string_71" HPOS="225" VPOS="610" WIDTH="61" HEIGHT="20" WC="0.96" CONTENT="makt"/><SP WIDTH="16" VPOS="610" HPOS="286"/>
							<String ID="string_72" HPOS="302" VPOS="610" WIDTH="39" HEIGHT="20" WC="0.93" CONTENT="och"/><SP WIDTH="16" VPOS="610" HPOS="341"/>
							<String ID="string_73" HPOS="357" VPOS="610" WIDTH="131" HEIGHT="27" WC="0.92" CONTENT="myndighet,"/><SP WIDTH="19" VPOS="610" HPOS="488"/>
							<String ID="string_74" HPOS="507" VPOS="617" WIDTH="45" HEIGHT="15" WC="0.96" CONTENT="som"/><SP WIDTH="16" VPOS="617" HPOS="552"/>
							<String ID="string_75" HPOS="568" VPOS="611" WIDTH="54" HEIGHT="21" WC="0.93" CONTENT="hans"/><SP WIDTH="17" VPOS="611" HPOS="622"/>
							<String ID="string_76" HPOS="639" VPOS="611" WIDTH="84" HEIGHT="21" WC="0.92" CONTENT="embete"/><SP WIDTH="16" VPOS="611" HPOS="723"/>
							<String ID="string_77" HPOS="739" VPOS="611" WIDTH="53" HEIGHT="21" WC="0.93" CONTENT="eller"/><SP WIDTH="15" VPOS="611" HPOS="792"/>
							<String ID="string_78" HPOS="807" VPOS="610" WIDTH="119" HEIGHT="27" WC="0.92" CONTENT="tjenstebe-"/>
						</TextLine>
						<TextLine ID="line_12" HPOS="166" VPOS="644" WIDTH="282" HEIGHT="27">
							<String ID="string_79" HPOS="166" VPOS="644" WIDTH="96" HEIGHT="26" WC="0.92" CONTENT="fattning"/><SP WIDTH="16" VPOS="644" HPOS="262"/>
							<String ID="string_80" HPOS="278" VPOS="644" WIDTH="96" HEIGHT="27" WC="0.91" CONTENT="ätföljer;"/><SP WIDTH="17" VPOS="644" HPOS="374"/>
							<String ID="string_81" HPOS="391" VPOS="648" WIDTH="57" HEIGHT="18" WC="0.96" CONTENT="samt"/>
						</TextLine>
					</TextBlock>
					<TextBlock ID="block_7" HPOS="164" VPOS="679" WIDTH="763" HEIGHT="131">
						<TextLine ID="line_13" HPOS="237" VPOS="679" WIDTH="689" HEIGHT="27">
							<String ID="string_82" HPOS="237" VPOS="679" WIDTH="35" HEIGHT="20" WC="0.91" CONTENT="3:0"/><SP WIDTH="16" VPOS="679" HPOS="272"/>
							<String ID="string_83" HPOS="288" VPOS="679" WIDTH="28" HEIGHT="21" WC="0.93" CONTENT="dä"/><SP WIDTH="15" VPOS="679" HPOS="316"/>
							<String ID="string_84" HPOS="331" VPOS="680" WIDTH="71" HEIGHT="26" WC="0.96" CONTENT="någon"/><SP WIDTH="17" VPOS="680" HPOS="402"/>
							<String ID="string_85" HPOS="419" VPOS="679" WIDTH="66" HEIGHT="27" WC="0.96" CONTENT="begår"/><SP WIDTH="15" VPOS="679" HPOS="485"/>
							<String ID="string_86" HPOS="500" VPOS="680" WIDTH="60" HEIGHT="21" WC="0.96" CONTENT="brott"/><SP WIDTH="16" VPOS="680" HPOS="560"/>
							<String ID="string_87" HPOS="576" VPOS="680" WIDTH="6" HEIGHT="20" WC="0.93" CONTENT="i"/><SP WIDTH="16" VPOS="680" HPOS="582"/>
							<String ID="string_88" HPOS="598" VPOS="680" WIDTH="98" HEIGHT="21" WC="0.96" CONTENT="fiendens"/><SP WIDTH="16" VPOS="680" HPOS="696"/>
							<String ID="string_89" HPOS="712" VPOS="679" WIDTH="78" HEIGHT="21" WC="0.96" CONTENT="närhet"/><SP WIDTH="9" VPOS="679" HPOS="790"/>
							<String ID="string_90" HPOS="799" VPOS="679" WIDTH="53" HEIGHT="21" WC="0.93" CONTENT="eller"/><SP WIDTH="12" VPOS="679" HPOS="852"/>
							<String ID="string_91" HPOS="864" VPOS="680" WIDTH="62" HEIGHT="26" WC="0.93" CONTENT="äsyn,"/>
						</TextLine>
						<TextLine ID="line_14" HPOS="166" VPOS="712" WIDTH="760" HEIGHT="29">
							<String ID="string_92" HPOS="166" VPOS="712" WIDTH="53" HEIGHT="22" WC="0.93" CONTENT="eller"/><SP WIDTH="16" VPOS="712" HPOS="219"/>
							<String ID="string_93" HPOS="235" VPOS="713" WIDTH="70" HEIGHT="21" WC="0.93" CONTENT="under"/><SP WIDTH="16" VPOS="713" HPOS="305"/>
							<String ID="string_94" HPOS="321" VPOS="713" WIDTH="82" HEIGHT="28" WC="0.93" CONTENT="sjönöd,"/><SP WIDTH="17" VPOS="713" HPOS="403"/>
							<String ID="string_95" HPOS="420" VPOS="714" WIDTH="54" HEIGHT="21" WC="0.96" CONTENT="eller"/><SP WIDTH="15" VPOS="714" HPOS="474"/>
							<String ID="string_96" HPOS="489" VPOS="714" WIDTH="58" HEIGHT="21" WC="0.93" CONTENT="inom"/><SP WIDTH="17" VPOS="714" HPOS="547"/>
							<String ID="string_97" HPOS="564" VPOS="715" WIDTH="98" HEIGHT="21" WC="0.92" CONTENT="omrädet"/><SP WIDTH="16" VPOS="715" HPOS="662"/>
							<String ID="string_98" HPOS="678" VPOS="714" WIDTH="33" HEIGHT="21" WC="0.93" CONTENT="för"/><SP WIDTH="8" VPOS="714" HPOS="711"/>
							<String ID="string_99" HPOS="719" VPOS="714" WIDTH="207" HEIGHT="27" WC="0.93" CONTENT="krigsoperationer,"/>
						</TextLine>
						<TextLine ID="line_15" HPOS="166" VPOS="747" WIDTH="761" HEIGHT="28">
							<String ID="string_100" HPOS="166" VPOS="747" WIDTH="54" HEIGHT="21" WC="0.96" CONTENT="eller"/><SP WIDTH="16" VPOS="747" HPOS="220"/>
							<String ID="string_101" HPOS="236" VPOS="747" WIDTH="40" HEIGHT="21" WC="0.92" CONTENT="der"/><SP WIDTH="16" VPOS="747" HPOS="276"/>
							<String ID="string_102" HPOS="292" VPOS="754" WIDTH="80" HEIGHT="20" WC="0.91" CONTENT="uppror"/><SP WIDTH="15" VPOS="754" HPOS="372"/>
							<String ID="string_103" HPOS="387" VPOS="754" WIDTH="51" HEIGHT="21" WC="0.91" CONTENT="eger"/><SP WIDTH="16" VPOS="754" HPOS="438"/>
							<String ID="string_104" HPOS="454" VPOS="755" WIDTH="47" HEIGHT="15" WC="0.96" CONTENT="rum"/><SP WIDTH="17" VPOS="755" HPOS="501"/>
							<String ID="string_105" HPOS="518" VPOS="748" WIDTH="53" HEIGHT="22" WC="0.91" CONTENT="eller"/><SP WIDTH="15" VPOS="748" HPOS="571"/>
							<String ID="string_106" HPOS="586" VPOS="749" WIDTH="69" HEIGHT="21" WC="0.96" CONTENT="under"/><SP WIDTH="10" VPOS="749" HPOS="655"/>
							<String ID="string_107" HPOS="665" VPOS="748" WIDTH="50" HEIGHT="27" WC="0.97" CONTENT="krig"/><SP WIDTH="11" VPOS="748" HPOS="715"/>
							<String ID="string_108" HPOS="726" VPOS="748" WIDTH="36" HEIGHT="21" WC="0.93" CONTENT="vid"/><SP WIDTH="9" VPOS="748" HPOS="762"/>
							<String ID="string_109" HPOS="771" VPOS="748" WIDTH="92" HEIGHT="26" WC="0.92" CONTENT="marsch,"/><SP WIDTH="10" VPOS="748" HPOS="863"/>
							<String ID="string_110" HPOS="873" VPOS="748" WIDTH="54" HEIGHT="22" WC="0.95" CONTENT="eller"/>
						</TextLine>
						<TextLine ID="line_16" HPOS="164" VPOS="781" WIDTH="481" HEIGHT="29">
							<String ID="string_111" HPOS="164" VPOS="782" WIDTH="71" HEIGHT="20" WC="0.93" CONTENT="under"/><SP WIDTH="15" VPOS="782" HPOS="235"/>
							<String ID="string_112" HPOS="250" VPOS="781" WIDTH="135" HEIGHT="27" WC="0.92" CONTENT="belägrings-"/><SP WIDTH="17" VPOS="781" HPOS="385"/>
							<String ID="string_113" HPOS="402" VPOS="782" WIDTH="53" HEIGHT="22" WC="0.93" CONTENT="eller"/><SP WIDTH="16" VPOS="782" HPOS="455"/>
							<String ID="string_114" HPOS="471" VPOS="783" WIDTH="174" HEIGHT="27" WC="0.72" CONTENT="krigstillständ;"/>
						</TextLine>
					</TextBlock>
					<TextBlock ID="block_8" HPOS="164" VPOS="816" WIDTH="760" HEIGHT="62">
						<TextLine ID="line_17" HPOS="238" VPOS="816" WIDTH="686" HEIGHT="28">
							<String ID="string_115" HPOS="238" VPOS="816" WIDTH="46" HEIGHT="27" WC="0.93" CONTENT="allt,"/><SP WIDTH="16" VPOS="816" HPOS="284"/>
							<String ID="string_116" HPOS="300" VPOS="816" WIDTH="90" HEIGHT="21" WC="0.96" CONTENT="såframt"/><SP WIDTH="16" VPOS="816" HPOS="390"/>
							<String ID="string_117" HPOS="406" VPOS="817" WIDTH="106" HEIGHT="21" WC="0.96" CONTENT="särskildt"/><SP WIDTH="16" VPOS="817" HPOS="512"/>
							<String ID="string_118" HPOS="528" VPOS="817" WIDTH="63" HEIGHT="21" WC="0.93" CONTENT="straff"/><SP WIDTH="13" VPOS="817" HPOS="591"/>
							<String ID="string_119" HPOS="604" VPOS="818" WIDTH="19" HEIGHT="26" WC="0.96" CONTENT="ej"/><SP WIDTH="17" VPOS="818" HPOS="623"/>
							<String ID="string_120" HPOS="640" VPOS="817" WIDTH="68" HEIGHT="21" WC="0.96" CONTENT="finnes"/><SP WIDTH="16" VPOS="817" HPOS="708"/>
							<String ID="string_121" HPOS="724" VPOS="818" WIDTH="70" HEIGHT="20" WC="0.96" CONTENT="utsatt"/><SP WIDTH="12" VPOS="818" HPOS="794"/>
							<String ID="string_122" HPOS="806" VPOS="817" WIDTH="48" HEIGHT="21" WC="0.93" CONTENT="med"/><SP WIDTH="17" VPOS="817" HPOS="854"/>
							<String ID="string_123" HPOS="871" VPOS="817" WIDTH="53" HEIGHT="21" WC="0.92" CONTENT="hän-"/>
						</TextLine>
						<TextLine ID="line_18" HPOS="164" VPOS="849" WIDTH="548" HEIGHT="29">
							<String ID="string_124" HPOS="164" VPOS="849" WIDTH="44" HEIGHT="27" WC="0.90" CONTENT="sigt"/><SP WIDTH="15" VPOS="849" HPOS="208"/>
							<String ID="string_125" HPOS="223" VPOS="850" WIDTH="35" HEIGHT="21" WC="0.96" CONTENT="till"/><SP WIDTH="16" VPOS="850" HPOS="258"/>
							<String ID="string_126" HPOS="274" VPOS="850" WIDTH="40" HEIGHT="21" WC="0.96" CONTENT="här"/><SP WIDTH="16" VPOS="850" HPOS="314"/>
							<String ID="string_127" HPOS="330" VPOS="850" WIDTH="62" HEIGHT="22" WC="0.95" CONTENT="ofvan"/><SP WIDTH="16" VPOS="850" HPOS="392"/>
							<String ID="string_128" HPOS="408" VPOS="852" WIDTH="94" HEIGHT="20" WC="0.96" CONTENT="nämnda"/><SP WIDTH="17" VPOS="852" HPOS="502"/>
							<String ID="string_129" HPOS="519" VPOS="852" WIDTH="193" HEIGHT="26" WC="0.95" CONTENT="omständigheter."/>
						</TextLine>
					</TextBlock>
				</ComposedBlock>
				<ComposedBlock ID="cblock_4" HPOS="160" VPOS="926" WIDTH="765" HEIGHT="306">
					<TextBlock ID="block_9" HPOS="515" VPOS="926" WIDTH="61" HEIGHT="27">
						<TextLine ID="line_19" HPOS="515" VPOS="926" WIDTH="61" HEIGHT="27">
							<String ID="string_130" HPOS="515" VPOS="926" WIDTH="11" HEIGHT="27" WC="0.92" CONTENT="$"/><SP WIDTH="17" VPOS="926" HPOS="526"/>
							<String ID="string_131" HPOS="543" VPOS="927" WIDTH="33" HEIGHT="20" WC="0.94" CONTENT="33."/>
						</TextLine>
					</TextBlock>
					<TextBlock ID="block_10" HPOS="162" VPOS="963" WIDTH="762" HEIGHT="98">
						<TextLine ID="line_20" HPOS="237" VPOS="963" WIDTH="687" HEIGHT="29">
							<String ID="string_132" HPOS="237" VPOS="963" WIDTH="42" HEIGHT="22" WC="0.96" CONTENT="Vid"/><SP WIDTH="16" VPOS="963" HPOS="279"/>
							<String ID="string_133" HPOS="295" VPOS="964" WIDTH="163" HEIGHT="22" WC="0.95" CONTENT="bestämmande"/><SP WIDTH="17" VPOS="964" HPOS="458"/>
							<String ID="string_134" HPOS="475" VPOS="965" WIDTH="23" HEIGHT="21" WC="0.95" CONTENT="af"/><SP WIDTH="14" VPOS="965" HPOS="498"/>
							<String ID="string_135" HPOS="512" VPOS="965" WIDTH="64" HEIGHT="21" WC="0.96" CONTENT="straff"/><SP WIDTH="13" VPOS="965" HPOS="576"/>
							<String ID="string_136" HPOS="589" VPOS="965" WIDTH="69" HEIGHT="27" WC="0.96" CONTENT="enligt"/><SP WIDTH="19" VPOS="965" HPOS="658"/>
							<String ID="string_137" HPOS="677" VPOS="965" WIDTH="80" HEIGHT="21" WC="0.95" CONTENT="allmän"/><SP WIDTH="16" VPOS="965" HPOS="757"/>
							<String ID="string_138" HPOS="773" VPOS="965" WIDTH="36" HEIGHT="26" WC="0.96" CONTENT="lag"/><SP WIDTH="15" VPOS="965" HPOS="809"/>
							<String ID="string_139" HPOS="824" VPOS="965" WIDTH="33" HEIGHT="21" WC="0.96" CONTENT="för"/><SP WIDTH="14" VPOS="965" HPOS="857"/>
							<String ID="string_140" HPOS="871" VPOS="965" WIDTH="53" HEIGHT="27" WC="0.96" CONTENT="dråp"/>
						</TextLine>
						<TextLine ID="line_21" HPOS="164" VPOS="997" WIDTH="760" HEIGHT="30">
							<String ID="string_141" HPOS="164" VPOS="997" WIDTH="54" HEIGHT="22" WC="0.96" CONTENT="eller"/><SP WIDTH="16" VPOS="997" HPOS="218"/>
							<String ID="string_142" HPOS="234" VPOS="1004" WIDTH="73" HEIGHT="15" WC="0.96" CONTENT="annan"/><SP WIDTH="16" VPOS="1004" HPOS="307"/>
							<String ID="string_143" HPOS="323" VPOS="999" WIDTH="133" HEIGHT="22" WC="0.91" CONTENT="misshandel"/><SP WIDTH="17" VPOS="999" HPOS="456"/>
							<String ID="string_144" HPOS="473" VPOS="1000" WIDTH="12" HEIGHT="21" WC="0.91" CONTENT="å"/><SP WIDTH="15" VPOS="1000" HPOS="485"/>
							<String ID="string_145" HPOS="500" VPOS="1006" WIDTH="86" HEIGHT="21" WC="0.93" CONTENT="person,"/><SP WIDTH="17" VPOS="1006" HPOS="586"/>
							<String ID="string_146" HPOS="603" VPOS="1000" WIDTH="104" HEIGHT="21" WC="0.91" CONTENT="hvarmed"/><SP WIDTH="15" VPOS="1000" HPOS="707"/>
							<String ID="string_147" HPOS="722" VPOS="999" WIDTH="82" HEIGHT="22" WC="0.93" CONTENT="militär"/><SP WIDTH="11" VPOS="999" HPOS="804"/>
							<String ID="string_148" HPOS="815" VPOS="999" WIDTH="109" HEIGHT="28" WC="0.92" CONTENT="beträdes,"/>
						</TextLine>
						<TextLine ID="line_22" HPOS="162" VPOS="1033" WIDTH="580" HEIGHT="28">
							<String ID="string_149" HPOS="162" VPOS="1038" WIDTH="52" HEIGHT="15" WC="0.96" CONTENT="vare"/><SP WIDTH="16" VPOS="1038" HPOS="214"/>
							<String ID="string_150" HPOS="230" VPOS="1033" WIDTH="73" HEIGHT="21" WC="0.96" CONTENT="såsom"/><SP WIDTH="16" VPOS="1033" HPOS="303"/>
							<String ID="string_151" HPOS="319" VPOS="1033" WIDTH="141" HEIGHT="22" WC="0.96" CONTENT="försvårande"/><SP WIDTH="17" VPOS="1033" HPOS="460"/>
							<String ID="string_152" HPOS="477" VPOS="1035" WIDTH="162" HEIGHT="26" WC="0.93" CONTENT="omständighet"/><SP WIDTH="15" VPOS="1035" HPOS="639"/>
							<String ID="string_153" HPOS="654" VPOS="1035" WIDTH="88" HEIGHT="20" WC="0.90" CONTENT="ansedt:"/>
						</TextLine>
					</TextBlock>
					<TextBlock ID="block_11" HPOS="164" VPOS="1068" WIDTH="761" HEIGHT="61">
						<TextLine ID="line_23" HPOS="238" VPOS="1068" WIDTH="687" HEIGHT="28">
							<String ID="string_154" HPOS="238" VPOS="1068" WIDTH="32" HEIGHT="20" WC="0.78" CONTENT="1:o"/><SP WIDTH="17" VPOS="1068" HPOS="270"/>
							<String ID="string_155" HPOS="287" VPOS="1073" WIDTH="34" HEIGHT="15" WC="0.96" CONTENT="om"/><SP WIDTH="23" VPOS="1073" HPOS="321"/>
							<String ID="string_156" HPOS="344" VPOS="1068" WIDTH="82" HEIGHT="21" WC="0.93" CONTENT="brottet"/><SP WIDTH="24" VPOS="1068" HPOS="426"/>
							<String ID="string_157" HPOS="450" VPOS="1069" WIDTH="104" HEIGHT="21" WC="0.91" CONTENT="föröfvats"/><SP WIDTH="17" VPOS="1069" HPOS="554"/>
							<String ID="string_158" HPOS="571" VPOS="1069" WIDTH="23" HEIGHT="21" WC="0.93" CONTENT="af"/><SP WIDTH="14" VPOS="1069" HPOS="594"/>
							<String ID="string_159" HPOS="608" VPOS="1069" WIDTH="140" HEIGHT="27" WC="0.92" CONTENT="ingvarterad"/><SP WIDTH="16" VPOS="1069" HPOS="748"/>
							<String ID="string_160" HPOS="764" VPOS="1068" WIDTH="161" HEIGHT="27" WC="0.92" CONTENT="militärperson"/>
						</TextLine>
						<TextLine ID="line_24" HPOS="164" VPOS="1101" WIDTH="624" HEIGHT="28">
							<String ID="string_161" HPOS="164" VPOS="1103" WIDTH="58" HEIGHT="19" WC="0.93" CONTENT="emot"/><SP WIDTH="15" VPOS="1103" HPOS="222"/>
							<String ID="string_162" HPOS="237" VPOS="1101" WIDTH="96" HEIGHT="22" WC="0.92" CONTENT="husvärd"/><SP WIDTH="16" VPOS="1101" HPOS="333"/>
							<String ID="string_163" HPOS="349" VPOS="1102" WIDTH="53" HEIGHT="21" WC="0.93" CONTENT="eller"/><SP WIDTH="16" VPOS="1102" HPOS="402"/>
							<String ID="string_164" HPOS="418" VPOS="1103" WIDTH="71" HEIGHT="26" WC="0.93" CONTENT="nägon"/><SP WIDTH="17" VPOS="1103" HPOS="489"/>
							<String ID="string_165" HPOS="506" VPOS="1103" WIDTH="24" HEIGHT="21" WC="0.96" CONTENT="af"/><SP WIDTH="13" VPOS="1103" HPOS="530"/>
							<String ID="string_166" HPOS="543" VPOS="1103" WIDTH="54" HEIGHT="21" WC="0.93" CONTENT="hans"/><SP WIDTH="16" VPOS="1103" HPOS="597"/>
							<String ID="string_167" HPOS="613" VPOS="1103" WIDTH="98" HEIGHT="25" WC="0.90" CONTENT="husfolk;"/><SP WIDTH="20" VPOS="1103" HPOS="711"/>
							<String ID="string_168" HPOS="731" VPOS="1105" WIDTH="57" HEIGHT="18" WC="0.96" CONTENT="samt"/>
						</TextLine>
					</TextBlock>
					<TextBlock ID="block_12" HPOS="160" VPOS="1135" WIDTH="764" HEIGHT="97">
						<TextLine ID="line_25" HPOS="234" VPOS="1135" WIDTH="690" HEIGHT="29">
							<String ID="string_169" HPOS="234" VPOS="1136" WIDTH="34" HEIGHT="20" WC="0.88" CONTENT="2:0"/><SP WIDTH="17" VPOS="1136" HPOS="268"/>
							<String ID="string_170" HPOS="285" VPOS="1141" WIDTH="34" HEIGHT="16" WC="0.95" CONTENT="om"/><SP WIDTH="15" VPOS="1141" HPOS="319"/>
							<String ID="string_171" HPOS="334" VPOS="1135" WIDTH="83" HEIGHT="22" WC="0.93" CONTENT="brottet"/><SP WIDTH="15" VPOS="1135" HPOS="417"/>
							<String ID="string_172" HPOS="432" VPOS="1137" WIDTH="68" HEIGHT="26" WC="0.92" CONTENT="begäs"/><SP WIDTH="17" VPOS="1137" HPOS="500"/>
							<String ID="string_173" HPOS="517" VPOS="1139" WIDTH="57" HEIGHT="19" WC="0.93" CONTENT="emot"/><SP WIDTH="16" VPOS="1139" HPOS="574"/>
							<String ID="string_174" HPOS="590" VPOS="1138" WIDTH="79" HEIGHT="26" WC="0.92" CONTENT="nägon,"/><SP WIDTH="11" VPOS="1138" HPOS="669"/>
							<String ID="string_175" HPOS="680" VPOS="1143" WIDTH="46" HEIGHT="15" WC="0.93" CONTENT="som"/><SP WIDTH="11" VPOS="1143" HPOS="726"/>
							<String ID="string_176" HPOS="737" VPOS="1137" WIDTH="72" HEIGHT="21" WC="0.92" CONTENT="blifvit"/><SP WIDTH="13" VPOS="1137" HPOS="809"/>
							<String ID="string_177" HPOS="822" VPOS="1137" WIDTH="24" HEIGHT="20" WC="0.93" CONTENT="af"/><SP WIDTH="8" VPOS="1137" HPOS="846"/>
							<String ID="string_178" HPOS="854" VPOS="1137" WIDTH="70" HEIGHT="26" WC="0.93" CONTENT="krigs-"/>
						</TextLine>
						<TextLine ID="line_26" HPOS="160" VPOS="1168" WIDTH="764" HEIGHT="30">
							<String ID="string_179" HPOS="160" VPOS="1168" WIDTH="59" HEIGHT="21" WC="0.92" CONTENT="befäl"/><SP WIDTH="23" VPOS="1168" HPOS="219"/>
							<String ID="string_180" HPOS="242" VPOS="1169" WIDTH="89" HEIGHT="22" WC="0.92" CONTENT="försedd"/><SP WIDTH="23" VPOS="1169" HPOS="331"/>
							<String ID="string_181" HPOS="354" VPOS="1171" WIDTH="49" HEIGHT="20" WC="0.93" CONTENT="med"/><SP WIDTH="23" VPOS="1171" HPOS="403"/>
							<String ID="string_182" HPOS="426" VPOS="1171" WIDTH="134" HEIGHT="27" WC="0.92" CONTENT="skyddsbref"/><SP WIDTH="20" VPOS="1171" HPOS="560"/>
							<String ID="string_183" HPOS="580" VPOS="1171" WIDTH="53" HEIGHT="21" WC="0.93" CONTENT="eller"/><SP WIDTH="17" VPOS="1171" HPOS="633"/>
							<String ID="string_184" HPOS="650" VPOS="1171" WIDTH="65" HEIGHT="27" WC="0.93" CONTENT="eljest"/><SP WIDTH="19" VPOS="1171" HPOS="715"/>
							<String ID="string_185" HPOS="734" VPOS="1173" WIDTH="25" HEIGHT="18" WC="0.93" CONTENT="är"/><SP WIDTH="15" VPOS="1173" HPOS="759"/>
							<String ID="string_186" HPOS="774" VPOS="1173" WIDTH="66" HEIGHT="24" WC="0.92" CONTENT="tagen"/><SP WIDTH="17" VPOS="1173" HPOS="840"/>
							<String ID="string_187" HPOS="857" VPOS="1171" WIDTH="67" HEIGHT="22" WC="0.96" CONTENT="under"/>
						</TextLine>
						<TextLine ID="line_27" HPOS="160" VPOS="1203" WIDTH="372" HEIGHT="29">
							<String ID="string_188" HPOS="160" VPOS="1203" WIDTH="165" HEIGHT="27" WC="0.92" CONTENT="krigsmaktens"/><SP WIDTH="17" VPOS="1203" HPOS="325"/>
							<String ID="string_189" HPOS="342" VPOS="1205" WIDTH="109" HEIGHT="21" WC="0.93" CONTENT="särskilda"/><SP WIDTH="15" VPOS="1205" HPOS="451"/>
							<String ID="string_190" HPOS="466" VPOS="1205" WIDTH="66" HEIGHT="27" WC="0.93" CONTENT="hägn."/>
						</TextLine>
					</TextBlock>
				</ComposedBlock>
				<ComposedBlock ID="cblock_5" HPOS="158" VPOS="1280" WIDTH="768" HEIGHT="198">
					<TextBlock ID="block_13" HPOS="515" VPOS="1280" WIDTH="61" HEIGHT="27">
						<TextLine ID="line_28" HPOS="515" VPOS="1280" WIDTH="61" HEIGHT="27">
							<String ID="string_191" HPOS="515" VPOS="1280" WIDTH="11" HEIGHT="27" WC="0.86" CONTENT="8"/><SP WIDTH="16" VPOS="1280" HPOS="526"/>
							<String ID="string_192" HPOS="542" VPOS="1281" WIDTH="34" HEIGHT="20" WC="0.86" CONTENT="34."/>
						</TextLine>
					</TextBlock>
					<TextBlock ID="block_14" HPOS="158" VPOS="1313" WIDTH="768" HEIGHT="165">
						<TextLine ID="line_29" HPOS="232" VPOS="1313" WIDTH="694" HEIGHT="33">
							<String ID="string_193" HPOS="232" VPOS="1313" WIDTH="32" HEIGHT="26" WC="0.95" CONTENT="Är"/><SP WIDTH="16" VPOS="1313" HPOS="264"/>
							<String ID="string_194" HPOS="280" VPOS="1317" WIDTH="33" HEIGHT="22" WC="0.93" CONTENT="till"/><SP WIDTH="16" VPOS="1317" HPOS="313"/>
							<String ID="string_195" HPOS="329" VPOS="1318" WIDTH="151" HEIGHT="27" WC="0.90" CONTENT="krigsmakten"/><SP WIDTH="15" VPOS="1318" HPOS="480"/>
							<String ID="string_196" HPOS="495" VPOS="1320" WIDTH="98" HEIGHT="21" WC="0.93" CONTENT="hörande"/><SP WIDTH="15" VPOS="1320" HPOS="593"/>
							<String ID="string_197" HPOS="608" VPOS="1326" WIDTH="80" HEIGHT="20" WC="0.93" CONTENT="person"/><SP WIDTH="16" VPOS="1326" HPOS="688"/>
							<String ID="string_198" HPOS="704" VPOS="1319" WIDTH="102" HEIGHT="22" WC="0.93" CONTENT="förfallen"/><SP WIDTH="11" VPOS="1319" HPOS="806"/>
							<String ID="string_199" HPOS="817" VPOS="1319" WIDTH="34" HEIGHT="21" WC="0.94" CONTENT="till"/><SP WIDTH="11" VPOS="1319" HPOS="851"/>
							<String ID="string_200" HPOS="862" VPOS="1319" WIDTH="64" HEIGHT="22" WC="0.87" CONTENT="straff"/>
						</TextLine>
						<TextLine ID="line_30" HPOS="160" VPOS="1351" WIDTH="765" HEIGHT="30">
							<String ID="string_201" HPOS="160" VPOS="1351" WIDTH="34" HEIGHT="21" WC="0.96" CONTENT="för"/><SP WIDTH="23" VPOS="1351" HPOS="194"/>
							<String ID="string_202" HPOS="217" VPOS="1351" WIDTH="60" HEIGHT="22" WC="0.96" CONTENT="brott"/><SP WIDTH="23" VPOS="1351" HPOS="277"/>
							<String ID="string_203" HPOS="300" VPOS="1354" WIDTH="58" HEIGHT="19" WC="0.93" CONTENT="emot"/><SP WIDTH="22" VPOS="1354" HPOS="358"/>
							<String ID="string_204" HPOS="380" VPOS="1353" WIDTH="138" HEIGHT="28" WC="0.93" CONTENT="tjenstepligt"/><SP WIDTH="23" VPOS="1353" HPOS="518"/>
							<String ID="string_205" HPOS="541" VPOS="1354" WIDTH="40" HEIGHT="21" WC="0.96" CONTENT="och"/><SP WIDTH="16" VPOS="1354" HPOS="581"/>
							<String ID="string_206" HPOS="597" VPOS="1354" WIDTH="40" HEIGHT="21" WC="0.96" CONTENT="har"/><SP WIDTH="15" VPOS="1354" HPOS="637"/>
							<String ID="string_207" HPOS="652" VPOS="1354" WIDTH="44" HEIGHT="21" WC="0.93" CONTENT="han"/><SP WIDTH="17" VPOS="1354" HPOS="696"/>
							<String ID="string_208" HPOS="713" VPOS="1354" WIDTH="48" HEIGHT="21" WC="0.92" CONTENT="icke"/><SP WIDTH="16" VPOS="1354" HPOS="761"/>
							<String ID="string_209" HPOS="777" VPOS="1354" WIDTH="60" HEIGHT="21" WC="0.96" CONTENT="öfver"/><SP WIDTH="16" VPOS="1354" HPOS="837"/>
							<String ID="string_210" HPOS="853" VPOS="1356" WIDTH="32" HEIGHT="19" WC="0.96" CONTENT="ett"/><SP WIDTH="15" VPOS="1356" HPOS="885"/>
							<String ID="string_211" HPOS="900" VPOS="1355" WIDTH="25" HEIGHT="20" WC="0.96" CONTENT="är"/>
						</TextLine>
						<TextLine ID="line_31" HPOS="158" VPOS="1385" WIDTH="766" HEIGHT="30">
							<String ID="string_212" HPOS="158" VPOS="1385" WIDTH="58" HEIGHT="22" WC="0.96" CONTENT="varit"/><SP WIDTH="16" VPOS="1385" HPOS="216"/>
							<String ID="string_213" HPOS="232" VPOS="1386" WIDTH="7" HEIGHT="21" WC="0.93" CONTENT="i"/><SP WIDTH="16" VPOS="1386" HPOS="239"/>
							<String ID="string_214" HPOS="255" VPOS="1386" WIDTH="69" HEIGHT="26" WC="0.91" CONTENT="tjenst"/><SP WIDTH="15" VPOS="1386" HPOS="324"/>
							<String ID="string_215" HPOS="339" VPOS="1387" WIDTH="94" HEIGHT="28" WC="0.92" CONTENT="anstäld,"/><SP WIDTH="17" VPOS="1387" HPOS="433"/>
							<String ID="string_216" HPOS="450" VPOS="1389" WIDTH="34" HEIGHT="20" WC="0.97" CONTENT="mä"/><SP WIDTH="16" VPOS="1389" HPOS="484"/>
							<String ID="string_217" HPOS="500" VPOS="1389" WIDTH="68" HEIGHT="26" WC="0.96" CONTENT="detta,"/><SP WIDTH="16" VPOS="1389" HPOS="568"/>
							<String ID="string_218" HPOS="584" VPOS="1389" WIDTH="36" HEIGHT="20" WC="0.93" CONTENT="vid"/><SP WIDTH="16" VPOS="1389" HPOS="620"/>
							<String ID="string_219" HPOS="636" VPOS="1388" WIDTH="96" HEIGHT="22" WC="0.91" CONTENT="straffets"/><SP WIDTH="12" VPOS="1388" HPOS="732"/>
							<String ID="string_220" HPOS="744" VPOS="1388" WIDTH="134" HEIGHT="27" WC="0.90" CONTENT="utsättande,"/><SP WIDTH="12" VPOS="1388" HPOS="878"/>
							<String ID="string_221" HPOS="890" VPOS="1389" WIDTH="34" HEIGHT="20" WC="0.90" CONTENT="sä-"/>
						</TextLine>
						<TextLine ID="line_32" HPOS="159" VPOS="1420" WIDTH="763" HEIGHT="30">
							<String ID="string_222" HPOS="159" VPOS="1425" WIDTH="47" HEIGHT="16" WC="0.93" CONTENT="som"/><SP WIDTH="24" VPOS="1425" HPOS="206"/>
							<String ID="string_223" HPOS="230" VPOS="1420" WIDTH="123" HEIGHT="22" WC="0.91" CONTENT="mildrande"/><SP WIDTH="24" VPOS="1420" HPOS="353"/>
							<String ID="string_224" HPOS="377" VPOS="1422" WIDTH="163" HEIGHT="27" WC="0.92" CONTENT="omständighet"/><SP WIDTH="15" VPOS="1422" HPOS="540"/>
							<String ID="string_225" HPOS="555" VPOS="1429" WIDTH="70" HEIGHT="21" WC="0.93" CONTENT="anses,"/><SP WIDTH="17" VPOS="1429" HPOS="625"/>
							<String ID="string_226" HPOS="642" VPOS="1423" WIDTH="74" HEIGHT="21" WC="0.93" CONTENT="derest"/><SP WIDTH="16" VPOS="1423" HPOS="716"/>
							<String ID="string_227" HPOS="732" VPOS="1423" WIDTH="43" HEIGHT="20" WC="0.93" CONTENT="han"/><SP WIDTH="16" VPOS="1423" HPOS="775"/>
							<String ID="string_228" HPOS="791" VPOS="1423" WIDTH="49" HEIGHT="21" WC="0.93" CONTENT="icke"/><SP WIDTH="15" VPOS="1423" HPOS="840"/>
							<String ID="string_229" HPOS="855" VPOS="1423" WIDTH="67" HEIGHT="20" WC="0.97" CONTENT="redan"/>
						</TextLine>
						<TextLine ID="line_33" HPOS="158" VPOS="1453" WIDTH="510" HEIGHT="25">
							<String ID="string_230" HPOS="158" VPOS="1453" WIDTH="61" HEIGHT="22" WC="0.93" CONTENT="förut"/><SP WIDTH="15" VPOS="1453" HPOS="219"/>
							<String ID="string_231" HPOS="234" VPOS="1455" WIDTH="125" HEIGHT="21" WC="0.84" CONTENT="bestraffats"/><SP WIDTH="16" VPOS="1455" HPOS="359"/>
							<String ID="string_232" HPOS="375" VPOS="1455" WIDTH="34" HEIGHT="22" WC="0.93" CONTENT="för"/><SP WIDTH="16" VPOS="1455" HPOS="409"/>
							<String ID="string_233" HPOS="425" VPOS="1457" WIDTH="115" HEIGHT="21" WC="0.95" CONTENT="enahanda"/><SP WIDTH="15" VPOS="1457" HPOS="540"/>
							<String ID="string_234" HPOS="555" VPOS="1457" WIDTH="113" HEIGHT="21" WC="0.96" CONTENT="förseelse."/>
						</TextLine>
					</TextBlock>
				</ComposedBlock>
			</PrintSpace>
		</Page>
	</Layout>
</alto>
