1009 1739
213 144 27 19 12
416 145 24 22 U.
457 145 24 22 B.
496 158 29 3 —
540 145 66 29 Prop.
621 146 38 22 N:o
675 145 35 22 23.

182 207 106 24 Finlands
302 209 143 29 Statskontor,
460 207 109 26 Finlands
581 211 64 22 Bank
660 211 49 22 med
719 211 161 28 underlydande
890 211 52 21 kon-

182 244 36 20 tor
232 243 40 22 och
287 246 121 27 agenturer,
425 245 279 28 Generaltulldirektionen,
720 240 174 33 Öfverstyrelsen
907 245 35 22 för

182 277 50 22 lots-
255 279 39 21 och
314 279 189 29 fyrinrättningen,
523 281 207 28 Industristyrelsen,
746 281 117 21 Allmänna
876 280 67 23 Revi-

182 312 138 30 sionsrätten,
342 314 118 23 Direktorn
480 315 34 22 för
532 315 70 22 finska
616 315 178 28 kadettkorpsen,
810 315 132 28 Generalgu-

182 349 117 20 vernörens
320 348 60 23 öfver
397 349 95 22 Finland
508 350 49 21 stab
572 349 35 22 för
621 350 71 21 finska
706 350 114 27 militären,
836 350 105 22 Föredra-

182 382 88 27 ganden
284 383 38 22 hos
336 383 186 30 Krigsministern,
537 385 261 27 Befälhafvarestyrelsen
813 386 56 21 samt
878 385 63 21 Kom-

183 416 140 23 mendörerne
342 418 52 22 eller
413 419 86 21 befälen
515 418 61 23 öfver
590 419 72 21 finska
677 421 124 26 trupperna,
816 419 126 27 Krigskom-

184 450 138 29 missariatet,
337 452 312 24 Alexanders-Universitetets
664 454 164 26 Konsistorium,
839 454 105 21 Rektors-

184 486 90 32 embete,
280 486 133 29 Fakulteter,
419 487 250 23 Examinationsutskott
677 488 40 22 och
723 488 220 27 Ekonomiedivision,

184 515 174 33 Öfverstyrelsen
382 522 34 22 för
437 523 159 27 skolväsendet,
616 523 160 27 Domkapitlen,
792 523 149 27 Arkeologiska

184 555 172 23 Kommissionen
378 558 37 20 och
438 557 189 28 Statsarkeologen,
651 552 174 33 Öfverstyrelsen
841 558 34 21 för
889 559 52 26 väg-

183 590 40 21 och
237 591 320 29 vattenkommunikationerna,
573 592 223 28 Jernvägsstyrelsen,
812 592 81 22 Chefen
907 591 35 23 för

182 624 202 30 Ingeniörkorpsen,
393 626 207 23 Generaldirektören
607 628 34 26 för
649 626 211 28 Statsjernvägarne,
866 621 75 28 Öfver-

183 660 107 26 styrelsen
308 660 36 22 för
357 661 170 28 landtmäteriet,
542 662 173 27 Forststyrelsen
730 663 56 20 samt
800 661 141 27 Inspektören

183 693 35 22 för
231 694 132 22 fiskerierna.

252 729 77 27 Fjerde
352 731 144 28 afdelningen:
520 731 201 27 Rädstufvurätter,
741 730 141 28 Magistrater
902 731 39 21 och

184 763 179 28 Ordningsrätter
384 767 56 19 samt
462 766 114 22 städernas
595 766 181 27 Drätselkamrar,
792 765 94 21 Härads-
901 766 40 21 och

183 797 224 30 Egodelningsrätter,
433 800 67 22 Polis-
526 800 38 22 och
586 800 202 27 Auktionskamrar,
810 800 131 21 Landtränt-

182 834 102 26 mästare,
299 833 194 29 Länebokhällare,
510 835 136 27 Styrelserna
660 834 37 22 för
708 835 58 27 sjuk-
777 834 38 22 och
825 834 114 29 kurhusen,

182 866 169 24 Direktionerna
363 868 35 22 för
407 869 70 22 straff-
487 870 39 21 och
537 870 218 27 arbetsfängelserna,
766 868 175 28 Kartasigillata-

182 901 108 28 kontoret,
314 902 145 29 Myntverket,
480 904 222 27 Revisionskontoret,
723 904 220 27 Justeringskommis-

182 936 80 27 sionen,
285 936 189 24 Föreständarene
492 938 36 21 för
546 938 278 28 länebyggnadskontoren,
839 938 101 27 Polytek-

182 969 63 24 niska
263 970 115 29 institutet,
394 972 168 23 Direktionerna
578 972 33 23 för
625 972 103 23 tekniska
743 972 54 22 real-
811 974 55 20 samt
881 972 61 23 navi-

182 1005 193 29 gationsskolorna,
400 1007 195 22 Rektorsembeten
623 1008 40 21 och
690 1007 188 28 Lärarekollegier
902 1007 39 22 vid

182 1039 246 23 elementarläroverken
448 1041 38 22 och
506 1041 106 27 skolorna,
634 1041 83 22 Chefen
734 1041 34 22 för
788 1041 72 22 Saima
874 1041 67 22 kanal

182 1073 40 22 och
242 1073 265 30 Distriktsingeniörerne,
530 1076 312 27 Länelandtmäterikontoren,
864 1076 78 22 Direk-

181 1110 87 20 törerne
290 1109 34 22 för
346 1111 84 20 statens
453 1111 137 22 landtbruks-
610 1111 40 22 och
666 1110 148 28 forstinstitut,
833 1111 109 22 Direktio-

181 1149 67 16 nerna
272 1143 35 22 för
334 1144 149 23 Riddarhuset
512 1146 39 21 och
578 1145 34 22 för
640 1145 147 28 Civilstatens,
812 1145 128 28 Militärens,

180 1176 156 24 Ecklesiastik-
351 1179 39 22 och
405 1179 163 22 Skolstaternas
582 1182 58 19 samt
654 1179 213 22 Folkskollärarenes
878 1180 63 21 enke-

181 1211 40 22 och
230 1212 151 28 pupillkassor,
392 1214 239 28 Magasinsförvaltare,
642 1214 237 27 Boställsinspektörer,
887 1214 55 21 Kro-

180 1245 113 29 nofogdar,
309 1247 201 29 Häradsskrifvare,
526 1249 130 22 Förvaltare
667 1248 25 22 af
699 1249 127 26 postkontor
836 1249 38 21 och
884 1251 57 24 post-

181 1281 154 28 expeditioner,
355 1282 231 28 Tulldistriktschefer,
602 1283 160 22 Tullkammare
777 1283 39 21 och
831 1283 111 27 Tullexpe-

181 1315 99 28 ditioner,
287 1316 78 22 Chefer
372 1316 35 23 för
414 1317 197 28 lotsfördelningar,
616 1318 158 21 Landtmätare
779 1317 39 22 och
822 1317 118 28 Justerare,

180 1329 218 53 Öfverforstmästare
419 1352 40 21 och
473 1352 165 27 Forstmästare,
654 1331 288 53 Bränvinsöfverkontrollö-

179 1390 36 16 rer
229 1386 59 20 samt
302 1385 43 22 alla
360 1386 70 21 andra
444 1387 69 21 under
528 1387 26 21 de
569 1387 69 27 högre
653 1386 167 28 afdelningarna
834 1386 48 22 icke
896 1388 45 19 sä1-

178 1418 70 22 skilät
270 1420 128 21 omnämnda
421 1421 143 27 embetsverk,
582 1421 154 28 myndigheter
750 1421 40 21 och
804 1421 136 28 tjenstemän,

179 1454 25 21 sä
219 1453 49 22 vidt
282 1453 101 23 befrielse
398 1454 51 22 frän
464 1455 126 28 skyldighet
604 1457 36 20 att
649 1456 90 21 kartera
749 1455 135 27 handlingar,
896 1461 44 15 som

248 1494 218 22 Bevillningsutskottets
479 1495 116 18 betänkande
607 1496 37 17 N:o
657 1496 15 16 4.
