1009 1739
376 158 34 21 N:o
430 158 30 21 31.
777 156 25 21 31

424 226 11 27 $
452 227 34 20 99.

150 261 65 28 Hvar,
232 267 45 15 som
293 263 57 19 emot
364 261 85 20 förman
466 261 52 21 eller
532 261 96 20 förmans
639 259 117 27 vederlike,
767 259 68 20 under

77 297 127 26 utöfningen
220 296 22 21 af
256 296 54 21 hans
326 295 197 28 tjensteåliggande
539 295 53 21 eller
608 295 7 20 i
631 293 117 27 anledning
764 293 22 21 af
797 293 38 20 nå-

78 338 42 21 gon
135 330 165 28 tjensteåtgärd,
312 330 138 26 uppsåtligen
461 329 95 22 föröfvar
566 329 50 21 våld
627 329 53 21 eller
692 334 70 15 annan
773 327 62 21 miss-

77 366 87 27 handel,
181 365 62 21 deraf
256 365 84 21 mindre
358 365 51 26 lyte,
425 365 112 26 kroppsfel
550 365 52 20 eller
614 364 99 27 sjukdom
724 365 27 18 än
762 363 7 20 i
780 362 55 21 före-

78 401 83 26 gående
184 400 12 27 $
215 401 63 25 säges
294 399 53 21 eller
362 399 87 26 ringare
466 399 53 20 eller
535 399 47 20 icke
599 399 71 25 någon
686 396 149 27 kroppsskada

78 434 55 27 följt,
150 434 52 21 eller
218 434 40 20 ock
274 433 6 21 i
296 434 80 25 uppsåt
391 435 32 19 att
440 433 68 21 skada
524 434 52 25 göra
592 432 54 21 eller
657 432 63 26 eljest
730 432 7 20 i
749 431 85 21 vredes-

79 470 49 20 mod
144 475 60 15 reser
219 468 57 21 hand
292 467 54 21 eller
360 474 80 20 vapen;
458 467 88 21 straffes

152 504 23 26 a)
194 502 8 21 i
220 502 97 27 fredstid,
338 502 49 20 med
407 502 89 20 tukthus
517 501 33 21 till
566 502 39 20 och
621 501 48 21 med
685 507 36 14 sex
738 501 30 26 år,
784 499 52 21 eller

80 537 173 27 förafskedande,
270 537 52 21 eller
338 536 107 27 fängelse;

152 572 22 26 b)
194 572 7 20 i
221 571 99 27 krigstid,
340 571 49 21 med
410 570 89 21 tukthus
517 570 47 21 från
580 570 40 21 och
636 570 48 21 med
700 571 33 19 tre
749 569 33 21 till
798 568 39 21 och

80 607 49 21 med
144 606 30 21 tio
191 607 33 25 år;
242 606 38 20 och

153 643 21 25 c)
190 648 34 14 om
239 640 82 22 brottet
337 640 59 21 skett
411 640 6 20 i
433 639 97 22 fiendens
547 640 84 27 närhet,
648 639 53 21 eller
717 639 68 21 under
796 638 41 26 sjö-

81 676 49 26 nöd,
153 676 49 20 med
225 675 89 21 tukthus
337 676 29 26 pä
388 674 77 28 lifstid,
489 674 53 22 eller
557 674 49 21 frän
622 674 39 21 och
679 674 47 21 med
742 674 46 20 ätta
804 672 33 22 till

83 711 39 21 och
138 710 49 21 med
202 710 42 20 tolf
258 710 30 20 är.

423 738 11 26 8
454 738 44 20 100.

154 779 91 21 Smädar
260 779 70 26 nägon
347 778 33 20 sin
396 778 85 20 förman
497 778 54 21 eller
566 778 96 20 förmans
679 776 115 27 vederlike,
812 776 26 20 dä

83 814 26 21 de
132 816 37 18 äro
192 814 7 20 i
223 813 98 27 utömning
337 813 23 21 af
374 812 203 27 tjensteäligeande,
594 812 53 21 eller
663 812 6 21 i
686 811 116 26 anledning
818 810 23 21 af

82 849 71 25 någon
176 848 168 26 tjensteätgärd;
364 847 84 21 straffes
465 847 49 21 med
529 847 90 21 tukthus
636 846 32 21 till
685 846 39 21 och
740 845 48 21 med
804 846 36 20 två

83 884 30 26 är,
138 882 52 22 eller
212 882 174 27 förafskedande,
410 882 53 20 eller
479 882 97 26 fängelse
592 881 33 21 till
642 881 39 21 och
697 880 49 21 med
762 881 30 20 ett
808 880 31 20 är.

424 945 12 26 $
455 946 45 19 101.

154 985 54 27 Den,
232 991 44 15 som
300 985 130 26 förolämpar
450 985 84 20 förman
550 985 53 20 eller
619 984 95 21 förmans
730 982 109 22 vederlike

83 1020 69 21 under
175 1019 99 27 utöfning
297 1019 23 21 af
340 1019 54 21 hans
411 1019 204 27 tjensteäliggande,
632 1019 53 20 eller
701 1018 6 21 i
724 1017 116 26 anledning

83 1054 23 21 af
119 1055 71 26 någon
206 1054 164 27 tjensteätgärd,
387 1053 85 22 straftes
484 1054 49 21 med
544 1053 174 27 förafskedande,
730 1052 52 21 eller
793 1051 46 22 fän-

83 1089 59 26 gelse
158 1089 34 20 till
208 1088 39 21 och
263 1089 48 20 med
327 1090 31 19 ett
374 1089 31 26 är,
422 1088 53 21 eller
492 1088 172 27 ordningsstraff.

423 1151 11 27 8
453 1152 47 20 102.

154 1191 102 21 Föröfvas
279 1191 133 21 misshandel
436 1191 54 21 eller
509 1191 160 26 ärekränkning
686 1192 57 19 emot
758 1189 84 21 förman

83 1226 53 21 eller
152 1226 94 21 förmans
262 1225 116 26 vederlike,
398 1226 28 20 dä
440 1225 45 21 han
501 1226 19 26 ej
538 1227 24 19 är
578 1225 6 22 i
600 1225 100 27 utöfning
716 1224 22 21 af
752 1224 89 27 tjenste-

83 1261 122 26 äliggande,
229 1261 38 20 och
291 1261 39 20 Har
354 1260 149 21 misshandeln
520 1260 52 21 eller
588 1259 190 26 ärekränkningen
793 1258 48 21 icke

82 1295 70 21 heller
174 1295 58 20 skett
254 1295 7 20 i
284 1295 118 26 anledning
422 1295 23 20 af
458 1296 73 26 nägon
546 1294 166 27 tjensteätgärd,
729 1293 55 21 skall
800 1293 41 20 den

82 1329 115 27 brottslige
214 1329 72 21 dömas
303 1329 55 21 efter
374 1329 80 21 allmän
470 1329 44 27 lag,
530 1335 48 15 men
594 1329 89 27 brottet,
698 1328 36 21 vid
746 1326 96 22 straffets

82 1364 171 27 bestämmande,
270 1370 63 15 anses
350 1370 52 15 vara
414 1364 71 21 under
496 1363 138 28 synnerligen
646 1362 140 23 försvårande
798 1368 44 15 om-

84 1398 125 27 ständighet
224 1398 113 27 begänget.

424 1427 12 27 $
454 1428 48 20 103.

156 1467 66 27 Hvar,
238 1473 45 15 som
300 1469 57 19 emot
372 1467 34 21 sin
421 1467 86 21 förman
522 1467 58 21 förer
594 1466 79 27 klagan
684 1465 93 21 rörande
788 1465 54 26 tjen-
