1009 1739
202 141 29 22 26
405 141 24 22 U.
444 142 23 22 B.
483 155 30 3 —
528 142 61 29 Prop.
604 142 37 23 N:o
660 141 32 23 18.

172 207 150 28 medborgare,
345 207 75 22 hvilka
440 208 34 22 för
495 209 137 22 närvarande
651 208 7 22 i
675 209 50 22 stöd
740 208 24 22 af
778 209 27 21 de
820 208 33 22 uti
868 214 57 21 resp.

173 243 74 22 städer
262 243 100 28 gällande
378 244 155 28 valordningar
548 250 41 22 ega
596 245 92 27 politisk
698 246 98 26 rösträtt,
804 244 49 22 från
861 244 65 22 fram-

171 279 47 21 tida
241 279 101 28 utöfning
361 279 25 22 af
409 281 41 20 den
474 287 85 15 samma
582 281 40 21 och
644 281 28 21 då
687 280 103 27 slutligen
806 280 121 27 utskottets

172 313 82 29 förslag
274 316 40 26 går
334 317 24 20 ut
378 317 29 26 på
426 317 34 20 att
481 316 35 21 till
538 316 85 21 förmån
644 316 34 22 för
696 317 33 20 ett
744 315 54 22 fåtal
813 316 113 27 förmögna

171 351 160 27 monopolisera
347 351 38 22 det
400 351 105 27 politiska
521 351 129 28 inflytandet
662 352 39 21 och
713 352 42 21 den
766 351 92 28 dyrbara
868 351 58 22 med-

169 386 123 27 borgerliga
312 388 73 20 rätten
400 389 34 20 att
448 387 114 22 verksamt
577 388 88 27 deltaga
681 387 6 22 i
704 387 159 22 omvårdnaden
890 393 35 15 om

174 422 127 21 samhällets
317 423 79 27 högsta
411 423 150 27 intressen,
544 418 13 37 —
578 423 60 21 finna
653 424 35 26 sig
708 423 152 21 underskrifne
874 423 54 21 nöd-

174 458 81 21 sakade
271 459 34 20 att
320 460 46 20 mot
384 458 121 22 utskottets
522 458 82 28 förslag
620 458 9 22 i
644 460 50 20 dess
714 458 136 28 väsendtliga
866 458 61 22 delar

170 493 88 27 inlägga
272 494 141 22 reservation.

244 530 76 22 Ehuru
338 530 22 22 vi
376 530 84 22 således
476 531 20 27 ej
513 531 75 21 kunna
603 531 93 22 omfatta
712 531 120 21 utskottets
843 530 82 28 förslag

169 565 7 21 i
198 565 64 22 ofvan
283 566 96 27 antydda
400 567 67 27 delar,
484 566 66 22 hafva
570 567 21 21 vi
612 567 68 22 likväl
696 568 73 20 ansett
784 573 43 21 oss,
842 566 82 22 beträf-

168 601 65 22 fande
249 602 123 22 ordnandet
388 602 23 22 af
426 603 41 21 den
485 602 105 28 politiska
606 602 135 22 rösträtten
732 597 11 37 i
753 603 108 26 städerna,
870 602 54 21 böra

169 638 88 21 ansluta
278 644 35 15 oss
334 638 35 21 till
390 638 37 22 det
446 638 24 22 af
484 639 110 21 utskottet
610 640 102 26 antagna,
728 645 29 15 nu
773 638 100 27 gällande
889 644 33 21 sy-

169 675 80 20 stemet
270 674 24 21 af
312 673 108 28 flerfaldig
440 674 54 22 eller
511 675 138 27 potentierad
665 676 93 20 rösträtt
773 675 29 26 på
817 674 69 27 grund
902 673 24 22 af

168 710 42 20 den
226 710 116 21 röstandes
357 710 24 21 af
394 710 133 22 kommunen
543 710 131 22 beskattade
690 710 103 22 inkomst.
821 710 43 21 Det
879 710 43 20 kan

168 745 34 21 väl
218 745 19 27 ej
254 746 75 26 nekas,
346 747 34 19 att
395 746 41 21 den
449 748 71 20 större
537 746 180 27 förmögenheten
733 746 7 21 i
756 746 40 21 och
812 746 32 21 för
860 745 34 27 sig
902 746 19 26 ej

167 782 65 26 utgör
255 787 27 15 en
305 781 80 27 borgen
407 782 33 21 för
456 782 67 27 högre
540 782 124 28 patriotism
681 782 54 21 eller
750 782 67 26 högre
832 781 91 27 politisk

169 816 69 28 insigt
253 817 40 21 och
309 819 34 19 att
358 818 32 20 ett
406 818 203 27 röstningssystem,
618 818 70 26 enligt
698 817 83 22 hvilket
792 817 65 21 bland
866 817 56 26 dem,

168 858 47 16 som
238 859 28 15 en
290 854 56 26 gång
369 853 89 21 erkänts
479 854 73 20 såsom
571 853 181 27 valberättigade,
769 859 27 15 en
810 852 112 28 väljandes

167 890 47 20 röst
234 888 44 21 kan
298 890 56 25 väga
369 889 158 27 mångdubbelt
542 895 46 15 mer
604 891 28 19 än
648 895 27 15 en
692 895 90 21 annans,
799 889 70 21 måste
884 894 38 15 en-

167 924 41 27 ligt
237 930 92 16 numera
360 924 6 21 i
388 925 41 21 den
460 925 136 21 civiliserade
620 924 89 22 verlden
734 924 100 28 gällande
856 926 65 19 stats-

165 959 102 27 rättsliga
282 959 102 28 begrepp,
400 960 118 21 betecknas
535 961 72 20 såsom
624 967 27 15 en
668 959 101 22 anomali.
802 959 118 22 Menäan-

166 995 39 21 dra
225 995 63 22 sidan
309 995 70 22 skulle
401 995 69 28 enligt
489 997 39 20 vår
549 996 66 21 tanke
631 995 126 22 införandet
772 995 24 22 af
810 995 36 21 det
862 994 60 22 öfver

165 1031 40 21 allt
220 1031 146 22 annorstädes
381 1033 95 26 antagna
492 1033 112 25 systemet,
621 1033 33 20 att
662 1037 27 16 en
700 1031 54 22 hvar
761 1030 160 27 valberättigad

165 1068 72 20 röstar
265 1067 57 21 blott
353 1067 49 21 med
428 1073 26 16 en
481 1069 54 25 röst,
562 1067 112 27 innebära,
690 1066 63 22 äfven
769 1067 69 21 under
853 1066 69 21 förut-

167 1102 99 27 sättning
292 1101 23 22 af
339 1104 35 19 att
398 1103 115 21 valcensus
535 1103 67 26 något
616 1103 84 26 höjdes,
717 1109 28 14 en
760 1101 127 27 förändring
902 1101 24 22 af

167 1138 42 21 den
225 1137 119 27 betydelse,
360 1139 33 20 att
408 1139 42 21 den
465 1145 85 14 samma
565 1139 19 26 ej
601 1145 30 14 nu
646 1138 40 21 bör
702 1137 164 28 ifrägakomma.
896 1137 27 21 Vi

164 1173 66 21 hafva
245 1173 86 22 derföre
347 1175 73 20 ansett
437 1180 36 15 oss
488 1174 55 21 böra
558 1173 110 22 bibehålla
683 1174 38 21 det
729 1173 73 28 gamla
810 1174 110 26 systemet,

164 1215 50 15 men
230 1209 52 21 sökt
302 1215 78 21 genom
396 1211 34 19 att
445 1210 103 21 nedsätta
564 1209 166 22 röstmaximum
747 1209 35 21 till
797 1209 31 21 tio
844 1208 76 27 bringa

163 1246 105 25 systemet
284 1245 7 20 i
307 1246 70 19 större
394 1245 190 27 samstämmighet
599 1245 50 21 med
665 1245 73 21 tidens
754 1244 114 27 oafvisliga
876 1244 44 21 for-

164 1279 95 28 dringar.
290 1280 51 21 Med
364 1279 103 23 afseende
486 1281 74 21 vidare
577 1281 52 21 derå
645 1282 34 20 att
694 1281 120 21 skattörets
830 1280 66 21 värde
913 1280 6 20 i

163 1315 45 22 viss
234 1317 50 20 mån
310 1317 65 26 utgör
390 1323 27 15 en
433 1317 139 26 gradmätare
588 1316 35 22 för
638 1317 28 21 de
682 1316 142 22 ekonomiska
839 1315 81 22 förhål-

162 1351 95 22 landena
272 1351 8 21 i
295 1351 163 22 vederbörande
474 1353 75 20 städer
565 1353 39 20 och
620 1353 44 20 kan
680 1358 65 15 anses
761 1351 59 28 gifva
835 1358 27 15 en
871 1351 47 22 icke

162 1386 62 27 ringa
244 1387 90 27 ledning
350 1387 34 22 för
398 1387 137 22 bedömande
551 1387 24 22 af
589 1388 37 21 det
642 1387 116 22 minimum
777 1387 24 22 af
815 1387 103 26 inkomst,

161 1427 47 16 som
232 1423 14 20 &
269 1423 161 21 vederbörande
455 1425 59 20 orter
537 1425 84 20 ansetts
641 1423 111 22 erfordras
768 1423 34 21 för
817 1429 27 15 en
860 1421 59 28 sjelf-

162 1458 88 26 ständig
271 1459 128 21 ekonomisk
420 1459 104 27 existens,
545 1459 65 21 hafva
626 1459 21 21 vi
664 1461 56 19 trott
736 1465 36 15 oss
787 1459 61 26 böra,
864 1458 6 21 i
888 1457 31 22 öf-

160 1494 204 22 verensstämmelse
380 1495 51 21 med
446 1495 57 21 hvad
520 1495 8 21 i
544 1495 41 21 den
601 1494 81 28 nådiga
690 1494 165 28 propositionen
863 1493 55 22 före-

234 1534 165 28 Lagutskottets
418 1535 135 23 betänkande
568 1535 42 22 N:o
626 1536 20 21 5.
