1009 1739
313 145 25 22 U:
353 145 24 22 B.
392 149 29 12 —
432 145 70 29 Präp.
517 145 39 22 N:o
569 143 34 24 27.
794 145 14 21 8

81 211 98 27 stadgan,
203 217 27 15 en
252 210 180 28 genomgripande
455 211 127 27 förändring
596 213 25 19 är
636 209 107 28 påkallad,
757 210 34 21 för
805 211 33 20 att

82 247 70 20 denna
165 245 59 22 skatt
235 245 36 21 må
278 245 7 21 i
292 245 148 27 verkligheten
445 245 69 22 blifva
522 245 56 22 hvad
586 245 48 22 dess
641 245 129 26 benämning
777 246 60 25 anty-

81 281 44 26 der,
149 279 73 22 derom
244 279 62 22 torde
329 279 157 28 öfvertygelsen
502 279 83 22 således
599 280 68 21 redan
682 279 76 22 hunnit
772 278 66 22 blifva

81 320 43 21 nog
138 314 86 22 allmän.
254 313 50 22 Men
320 320 27 15 en
362 313 67 22 sådan
444 313 134 28 förändring,
589 314 64 21 hvars
664 313 104 28 syftemål,
778 315 59 20 utom

82 355 26 15 en
122 349 114 21 rättvisare
251 348 122 27 fördelning
388 348 24 22 af
425 348 163 27 skattebördan,
604 355 51 15 vore
670 348 131 22 beredandet
815 347 24 22 af

82 389 26 15 en
129 383 147 26 väsendtligen
300 383 56 21 ökad
378 383 174 27 skatteinkomst,
574 383 40 22 har
636 383 113 22 Utskottet
767 383 71 21 ansett

82 417 46 22 icke
149 418 54 20 böra
224 417 98 27 vidtagas
336 417 36 21 vid
388 424 26 14 en
428 417 110 27 tidpunkt,
554 417 28 21 då
596 417 133 22 Statsverket
743 417 95 21 befinner

82 453 32 26 sig
129 452 7 21 i
151 452 37 21 det
210 458 122 21 gynsamma
357 451 98 22 tillstånd
478 454 35 20 att
527 452 139 28 möjligheten
681 452 24 21 af
718 458 26 15 en
758 452 79 21 skatte-

82 486 136 27 nedsättning
232 488 94 20 tvärtom
340 486 72 22 blifvit
428 488 44 20 satt
487 487 7 21 i
511 486 67 28 fråga.
608 486 114 22 Utskottet
736 486 40 22 har
790 486 47 21 der-

83 521 33 21 för
137 521 35 21 vid
194 521 41 21 den
258 521 136 27 preliminära
412 521 160 27 behandlingen
587 521 23 22 af
623 520 140 23 förevarande
777 520 61 28 fråga

83 557 59 20 enats
165 562 35 15 om
222 557 32 19 att
269 555 39 21 hos
324 555 120 22 Ständerna
459 556 110 27 tillstyrka
583 556 163 28 godkännande,
762 555 37 21 der
814 554 24 22 så

82 590 74 27 nödigt
178 590 81 26 funnes,
283 590 23 21 af
324 590 41 21 den
380 589 79 28 nådiga
474 591 174 27 propositionens
663 591 79 27 förslag
758 596 34 15 om
806 591 32 19 ett

83 625 71 21 enkelt
175 624 117 28 förnyande
315 624 23 22 af
355 631 29 15 nu
402 625 100 27 gällande
523 624 314 28 inkomst-bevillningsstadga,

82 665 76 21 genom
172 659 86 21 hvilken
272 659 77 27 åtgärd
364 659 136 22 Statsverket
516 660 83 22 komme
610 662 33 20 att
652 660 34 21 för
696 658 142 23 instundande

83 694 144 26 skatteperiod
249 694 143 21 tillförsäkras
415 696 31 19 ett
469 695 110 21 sannolikt
600 695 173 26 inkomstbelopp
785 689 30 36 af
830 694 7 20 i

82 728 99 22 medeltal
196 728 93 26 875,000
303 728 61 22 mark
379 728 34 21 för
428 728 54 22 året.

151 763 123 21 Sedermera
296 763 40 21 har
358 763 120 27 Utskottet,
494 764 8 20 i
519 764 115 27 anledning
656 764 24 21 af
701 770 25 15 en
748 757 90 33 tidigare

82 798 61 27 gjord
157 798 109 27 förfrågan
281 798 91 21 rörande
388 798 36 22 det
439 799 143 27 totalbelopp,
596 805 46 15 som
657 798 133 22 beräknades
804 798 34 21 för

83 833 65 27 sagda
170 833 73 27 period
264 832 92 22 behöfva
377 839 77 21 genom
477 833 144 27 bevillningar
640 834 137 27 hopbringas,
797 832 41 21 fått

84 868 106 26 emottaga
204 874 27 14 en
246 866 112 22 skrifvelse
373 867 23 21 af
410 868 41 20 den
466 868 15 21 4
497 868 145 21 innevarande
652 868 51 27 Maj,
715 867 45 21 deri
770 867 68 21 Stats-

83 897 104 39 utskottet
203 897 100 39 förmäler
318 902 32 26 sig
365 902 65 21 hafva
444 902 37 22 vid
496 903 152 27 uppgörandet
663 902 23 22 af
694 901 145 23 finansförsla-

83 938 35 26 get
136 936 70 21 funnit
224 942 26 15 en
266 936 116 27 bevillning
397 936 13 21 å
424 936 98 22 inkomst
536 937 47 21 icke
597 944 53 14 vara
665 936 126 26 erforderlig
805 935 34 21 för

83 971 135 22 bestridande
234 970 22 21 af
270 971 26 20 de
311 970 95 27 utgifter,
422 971 74 21 hvilka
513 971 68 22 under
596 971 144 22 instundande
749 970 90 26 budget-

84 1005 72 27 period
171 1005 115 21 beräknats
305 1005 86 25 förestå,
407 1011 49 16 men
471 1007 34 20 att
522 1006 162 21 Statsutskottet
700 1005 54 22 dock
769 1005 71 20 ansett

84 1046 26 15 en
125 1039 209 28 näringsbevillning,
360 1039 67 22 sådan
443 1040 126 22 densamma
583 1040 118 21 innehälles
716 1039 32 21 uti
762 1038 12 27 $
789 1038 13 21 6
817 1037 24 22 af

84 1075 97 26 gällande
203 1075 204 28 bevillningsstadga
428 1075 24 22 af
474 1076 43 21 den
540 1075 26 22 15
581 1075 90 21 Januari
687 1073 62 26 1883,
764 1072 75 22 fortfa-

84 1110 64 21 rande
168 1110 54 21 böra
243 1109 57 28 utgä,
321 1111 88 21 hvarför
424 1111 35 20 till
474 1109 240 27 Bevillningsutskottet
729 1107 110 22 öfverlem-

84 1145 64 21 nades
170 1146 32 20 att
218 1145 74 27 pröfva
308 1145 39 21 och
362 1145 39 22 hos
417 1145 123 22 Ständerna
555 1143 79 22 föreslä
649 1143 26 22 de
690 1145 98 19 närmare
803 1141 37 21 be-

84 1180 158 26 stämningarna
268 1180 33 21 för
324 1180 132 21 sistnämnda
479 1179 131 27 bevillnings
631 1177 125 28 utgörande.
786 1176 54 21 Der-

81 1213 66 27 jämte
170 1214 83 21 anhölls
268 1215 8 20 i
291 1215 126 21 skrifvelsen
440 1216 33 20 att
488 1213 240 27 Bevillningsutskottet
742 1211 58 25 ville,
816 1209 24 22 sä

83 1247 43 22 fort
147 1247 163 23 förhällandena
326 1249 77 22 sädant
417 1249 121 27 medgäfve,
555 1249 127 20 underrätta
698 1245 141 23 Statsutskot-

83 1283 31 21 tet
136 1288 34 16 om
186 1283 36 21 det
237 1283 78 28 belopp
330 1284 141 21 oftanämnda
486 1282 205 28 näringsbevillning
706 1281 68 20 under
789 1279 51 21 åren

85 1317 60 26 1886,
162 1317 54 22 1887
233 1319 39 20 och
289 1318 55 21 1888
360 1319 72 20 kunde
446 1318 111 21 beräknas
572 1317 106 27 inbringa.

151 1351 11 22 I
177 1352 140 21 betraktande
340 1353 102 21 särskildt
466 1353 24 20 af
505 1352 134 21 sistnämnda
653 1351 81 26 tillägg,
749 1348 91 22 innefat-

83 1388 34 19 tar
132 1386 35 21 det
182 1387 39 20 här
237 1387 63 21 ofvan
316 1387 91 22 anförda
421 1387 155 21 meddelandet
590 1385 90 22 sålunda
695 1385 47 21 icke
757 1385 32 20 ett
810 1383 30 21 di-

83 1420 48 21 rekt
153 1421 39 20 och
211 1421 117 27 afgörande
344 1427 48 16 svår
407 1421 28 27 på
450 1421 43 21 den
510 1421 66 27 fråga,
592 1427 46 15 som
652 1420 34 21 för
700 1418 140 26 Bevillnings-

83 1455 115 21 utskottets
220 1456 128 26 tillgörande
368 1457 7 20 i
394 1456 92 21 ärendet
510 1455 68 22 måste
598 1461 52 15 vara
672 1452 168 24 bestämmande.

150 1494 218 24 Bevillningsutskottets
382 1494 119 18 betänkande
515 1495 35 17 N:o
563 1496 17 16 5.
