1009 1739
272 153 80 23 Ständ.
369 154 35 23 Sv.
422 165 27 4 —
464 154 71 27 Prop.
551 154 42 22 N:o
608 154 34 21 25.
796 154 12 21 7

217 217 85 20 tillträde
318 218 30 19 till
363 218 41 19 alla
419 218 54 19 delar
489 219 26 22 af
528 218 88 24 bryggeri
630 218 34 19 och
680 217 65 20 dertill
753 217 85 21 hörande

216 251 79 24 lokaler,
311 252 57 23 skall,
386 252 25 19 då
425 252 38 20 han
478 252 68 19 dervid
562 252 45 19 eller
622 252 54 24 eljest
690 252 104 25 upptäcker
808 252 30 23 öf-

216 286 119 19 verträdelse
353 286 26 24 af
396 286 61 19 denna
476 285 128 26 förordnings
618 286 132 25 föreskrifter,
768 285 71 20 sådant

218 320 29 19 till
262 320 44 25 laga
321 320 42 19 åtal
378 321 78 19 anmäla
470 320 35 19 hos
520 320 144 20 vederbörande
672 320 59 24 fiskal
740 320 46 20 eller
795 319 43 20 kro-

218 354 122 25 nobetjening,
366 361 42 13 som
430 355 31 18 det
476 354 72 25 åligger
563 356 29 17 att
608 355 57 24 äfven
680 354 95 25 föröfrigt
788 354 51 20 vaka

217 389 55 23 öfver
294 389 150 24 förordningens
462 389 140 24 efterlefvande
617 389 33 19 och
666 389 116 24 förbrytelse
797 387 41 20 der-

218 425 48 17 emot
281 423 101 24 sjelfmant
397 423 55 19 åtala
467 425 51 17 samt
534 425 28 17 att
577 423 96 19 särskildt
687 423 55 22 tillse,
758 423 30 18 att
801 422 37 19 till-

219 458 89 24 verkning
322 458 40 19 icke
378 464 42 18 eger
436 464 43 13 rum
494 458 60 19 innan
568 458 108 19 kontrollör
688 456 149 24 tillförordnats,

217 492 47 18 eller
286 492 49 23 efter
358 492 31 19 det
411 498 30 13 om
459 492 97 19 rörelsens
570 491 126 25 upphörande
711 490 23 20 så
750 490 88 23 anmälts,

218 532 41 13 som
274 526 8 19 i
295 527 17 23 $
327 526 13 18 5
355 526 134 24 föreskrifves.

498 584 17 22 $
530 583 30 20 1.

276 612 144 28 Öfverträdelse
442 616 26 24 af
487 616 63 20 denna
569 616 127 25 förordnings
714 616 125 24 föreskrifter

218 650 83 24 straffas
323 651 43 19 med
387 651 53 19 böter
454 651 48 23 från
518 651 32 19 och
565 650 43 20 med
622 651 68 23 femtio
706 650 30 20 till
750 650 32 20 och
797 650 43 19 med

219 685 117 25 femhundra
351 685 61 19 mark.

498 743 18 23 $
530 742 32 18 14.

275 776 64 22 Hvar,
361 781 41 14 som
420 776 8 18 i
442 776 69 24 sviklig
526 776 66 24 afsigt,
610 777 29 18 att
654 776 108 24 derigenom
776 774 64 25 undgå

219 810 124 24 veskaltning,
360 810 124 24 öfverträder
499 810 153 24 föreskrifterna
669 810 8 19 i
686 810 64 19 denna
759 809 78 24 förord-

218 844 44 24 ning
285 844 46 19 eller
353 844 7 18 i
382 844 101 19 enahanda
503 844 62 24 afsigt
578 844 112 20 underlåter
705 845 29 18 att
748 843 90 25 fullgöra,

218 878 51 20 hvad
283 878 74 23 honom,
370 878 78 24 jemlikt
462 878 117 25 densamma,
597 878 72 25 äligger
681 878 45 20 eller
736 878 54 24 eljest
800 877 39 25 lag-

220 913 47 24 ligen
290 912 80 25 åläggas
392 912 44 24 kan,
458 912 40 20 böte
514 913 59 19 minst
588 912 32 20 två
634 913 73 24 gånger
722 912 32 20 det
767 911 73 20 undan-

219 946 82 20 snillade
316 946 152 25 skattebeloppet,
485 953 31 12 om
532 946 106 20 detsamma
647 947 39 19 kan
695 948 87 22 utrönas,
794 946 47 18 dock

219 981 18 23 ej
258 981 56 23 öfver
337 980 88 19 tvåtusen
446 980 64 23 mark,
530 987 42 13 men
587 980 8 19 i
610 986 64 14 annan
689 979 90 20 händelse
793 979 48 24 från

219 1015 33 19 och
273 1015 43 19 med
338 1015 170 23 etthundrafemtio
530 1014 57 19 mark
609 1014 30 20 till
661 1015 33 19 och
711 1013 43 20 med
769 1013 71 24 omför-

219 1049 65 19 mälda
299 1049 69 24 högsta
383 1049 78 24 belopp;
475 1049 72 18 ersätte
562 1049 33 18 ock
611 1049 75 19 kronan
700 1049 9 18 i
723 1049 19 23 ty
758 1047 39 24 fall
807 1047 35 19 den

220 1083 57 22 skatt,
293 1083 39 19 han
348 1083 83 20 sålunda
446 1083 42 18 sökt
503 1083 70 24 undgå.

497 1141 17 22 $
529 1140 32 19 15.

277 1174 47 19 Har
340 1173 109 20 tillverkare
463 1179 41 14 mer
520 1175 25 18 än
560 1179 22 14 en
596 1173 49 24 gång
661 1173 64 24 blifvit
734 1173 107 23 förvunnen

220 1213 30 14 om
274 1207 139 24 öfverträdelse
436 1207 25 24 af
480 1207 149 24 förordningens
650 1206 132 25 föreskrifter,
799 1212 42 18 eger

220 1241 102 20 Guvernör
338 1241 96 20 dessutom
445 1241 29 24 på
489 1241 37 20 den
541 1241 95 24 skyldiges
650 1240 103 20 bekostnad
764 1240 78 24 vidtaga

220 1275 40 20 alla
276 1275 22 20 de
314 1275 98 24 åtgärder,
428 1282 41 13 som
484 1276 35 23 för
534 1282 22 13 en
566 1275 50 20 ökad
625 1275 84 20 kontroll
718 1275 64 18 kunna
792 1280 50 13 vara

220 1310 26 23 af
258 1309 65 20 nöden.

498 1345 18 22 8
530 1344 30 19 16.

278 1378 66 23 Böter,
362 1384 41 13 som
419 1378 57 24 enligt
490 1377 63 20 denna
568 1377 114 24 förordning
698 1377 86 21 ädömas,
801 1375 40 24 för-

221 1411 53 19 delas
290 1412 63 23 jemnt
372 1412 80 19 emellan
467 1412 103 24 angifvare
585 1411 33 19 och
633 1411 97 24 åklagare,
747 1415 42 13 men
805 1409 36 19 till-

221 1445 50 24 falla
286 1445 92 25 äklagare
396 1445 84 24 odelade,
496 1452 32 13 om
543 1446 37 19 han
596 1451 65 14 ensam
676 1445 54 23 utför
744 1443 64 20 ätalet.
