1009 1739
398 163 34 22 N:o
448 164 36 21 31.
764 164 25 20 19

60 232 63 27 dring
146 232 7 21 i
170 232 63 21 deras
250 232 138 27 disposition;
405 232 93 27 straftes,
516 232 38 21 der
569 233 106 26 åtgärden
691 232 19 27 ej
726 232 56 21 varit
798 231 23 22 af

60 267 76 26 giltiga
160 266 47 21 skäl
230 267 108 27 påkallad,
354 267 50 21 med
426 267 175 25 förafskedande,
618 267 53 21 eller
686 267 97 26 fängelse
799 266 19 27 ej

60 301 68 21 under
144 302 47 20 åtta
206 301 110 21 månader.
346 301 100 26 Uppstod
468 301 63 22 deraf
551 301 121 27 synnerligt
686 301 81 26 menlig
782 301 36 26 på-

60 335 64 28 följd;
140 336 74 21 dömes
230 335 34 22 till
279 335 90 22 tukthus
386 336 33 21 till
436 336 40 21 och
492 336 49 21 med
556 335 42 22 tolf
613 337 30 19 år.

408 404 11 27 $
436 405 34 20 53.

133 444 67 27 Hvar,
224 450 45 15 som
292 444 7 21 i
323 443 96 22 fiendens
444 445 53 25 åsyn
514 444 53 21 eller
582 444 84 26 närhet,
683 444 52 21 eller
750 444 69 21 under

60 479 77 27 sjönöd
160 478 150 27 egenmäktigt
332 480 62 25 tager
417 478 59 21 befäl
499 478 60 22 öfver
574 480 72 25 någon
662 478 35 22 del
712 478 23 22 af
748 478 70 27 krigs-

60 514 97 26 makten,
174 513 53 21 eller
242 513 99 21 behåller
356 513 64 27 befäl,
440 519 46 15 som
505 513 51 28 han,
572 513 69 27 enligt
656 513 71 27 gifven
742 513 76 21 befall-

60 548 59 27 ning,
135 548 50 21 bort
200 549 23 19 åt
238 554 71 14 annan
325 548 97 27 aflemna,
440 548 62 27 skall,
520 548 38 21 der
574 548 18 27 ej
609 548 57 21 visas
682 548 44 21 kan
742 549 32 19 att
787 548 32 20 åt-

61 582 81 27 gärden
159 582 56 21 varit
230 582 124 26 nödvändig
369 582 33 21 till
414 582 127 27 afvärjande
553 582 23 21 af
588 582 168 26 utomordentlig
765 582 54 26 fara,

62 617 85 21 straffas
163 617 49 21 med
228 616 174 26 förafskedande,
419 616 53 22 eller
488 617 98 27 fängelse
602 617 18 27 ej
638 617 68 21 under
717 616 47 27 fyra
774 617 45 20 må-

60 652 74 20 nader.
165 651 143 21 Förekomma
323 651 139 27 synnerligen
474 651 141 21 försvårande
626 651 192 26 omständigheter;

62 686 74 21 dömes
151 686 35 20 till
200 686 91 20 tukthus
307 685 34 21 till
357 686 39 21 och
412 686 50 20 med
479 692 38 15 sex
532 687 31 20 år.

408 760 12 27 $
436 761 34 20 54.

133 800 55 27 Den,
212 806 45 15 som
281 800 69 21 under
372 802 76 24 trupps
464 800 84 21 rörelse
563 802 45 19 mot
622 800 86 21 fienden
724 799 52 21 eller
792 799 28 21 då

61 837 65 24 trupp
141 835 110 26 förlägges
267 834 34 21 till
316 836 67 25 något
398 835 64 21 ställe
474 834 7 22 i
492 835 105 21 närheten
608 834 24 22 af
640 834 92 28 fienden,
740 834 78 21 under-

61 870 57 20 låter
140 872 33 18 att
195 869 88 26 vidtaga
305 869 79 27 nödiga
408 869 39 21 och
468 869 6 21 i
490 869 96 21 militära
601 870 71 26 regler
688 868 132 22 föreskrifna

61 904 214 26 försigtighetsmått;
292 904 73 21 dömes
381 904 34 21 till
431 904 98 26 fängelse
545 904 33 21 till
594 904 40 21 och
649 904 49 21 med
714 904 46 20 åtta
774 904 45 20 må-

61 939 75 26 nader,
159 939 53 20 eller
236 938 172 27 ordningsstraff.
439 939 100 26 Uppstod
555 939 63 20 deraf
632 938 80 27 menlig
727 938 91 26 påföljd;

61 973 85 21 straffes
169 973 49 21 med
240 973 173 26 förafskedande,
430 973 54 20 eller
506 973 98 26 fängelse
620 973 19 26 ej
654 973 70 20 under
740 973 32 20 ett
787 973 31 19 år.

407 1042 11 27 $
434 1042 35 21 55.

133 1082 65 27 Hvar,
215 1088 46 15 som
278 1082 6 21 i
301 1082 46 27 fält,
362 1083 53 20 utan
426 1082 118 27 nödtvång,
556 1084 105 25 spränger
671 1082 8 21 i
687 1081 70 22 luften
766 1080 53 21 eller

61 1117 29 26 på
112 1120 67 18 annat
202 1118 44 20 sätt
268 1116 81 21 förstör
364 1116 163 27 fästningsverk
543 1117 53 21 eller
612 1116 78 27 fartyg,
708 1115 111 26 förnaglar

62 1151 96 22 kanoner
174 1151 54 21 eller
244 1151 62 27 eljest
322 1153 38 25 gör
376 1151 48 21 dem
441 1151 106 28 onyttiga,
558 1151 54 22 eller
622 1151 82 21 förstör
714 1150 53 21 eller
775 1149 43 22 för-

61 1186 86 21 derfvar
169 1186 170 27 vattenledning,
363 1185 146 28 fördämning,
532 1185 99 28 telegraf,
651 1186 99 27 jernväg,
772 1184 46 25 bro,

60 1220 56 27 färja
139 1220 53 21 eller
207 1222 67 19 annat
288 1220 278 27 kommunikationsmedel,
582 1219 152 28 vapenförråd,
749 1218 71 27 krigs-

60 1255 94 26 redskap
178 1255 52 20 eller
254 1255 68 21 andra
343 1255 237 27 krigsförnödenheter,
596 1255 56 21 skall
667 1253 87 22 straffas
770 1253 50 21 med

60 1289 168 21 förafskedande
252 1289 52 22 eller
327 1289 98 28 fängelse
448 1290 20 27 ej
492 1290 69 25 under
580 1296 38 15 sex
633 1289 111 21 månader.
774 1287 46 21 Har

60 1323 119 28 gerningen
195 1323 59 22 skett
268 1324 7 21 i
291 1324 109 27 brottslig,
417 1325 70 20 ehuru
502 1325 20 26 ej
538 1324 109 21 förrädisk
657 1323 76 27 afsigt;
745 1322 75 21 dömes

60 1358 34 21 till
118 1357 120 25 dödsstrafi,
262 1359 54 21 eller
334 1359 92 20 tukthus
442 1359 29 26 pä
486 1358 77 27 lifstid,
582 1358 54 22 eller
650 1358 49 21 från
715 1357 40 21 och
770 1356 50 21 med

60 1399 38 14 sex
114 1393 33 20 till
163 1393 40 20 och
218 1393 49 21 med
282 1393 42 21 tolf
339 1394 30 20 är.

408 1433 11 28 S
436 1434 34 20 56.

133 1473 138 27 Krigsfänge,
296 1478 45 16 som
364 1473 68 27 begår
455 1473 72 26 någon
550 1472 104 27 handling
676 1472 8 20 i
706 1471 66 26 afsigt
788 1471 33 20 att
