1009 1739
401 157 35 20 N:o
457 156 35 21 21.
786 155 12 20 5

69 229 62 18 terna
146 226 34 21 för
196 225 218 25 folkskoleväsendet,
431 231 46 14 som
493 224 48 21 från
558 224 38 21 och
615 225 47 20 med
680 224 23 21 är
721 225 53 20 1883
797 223 30 22 öf-

69 261 93 20 verförts
187 260 28 27 pä
231 260 106 20 allmänna
354 259 142 25 statsfonden,
515 261 23 18 är
557 259 4 20 i
580 259 162 26 statsförslaget
757 258 33 21 för
806 258 23 21 är

71 295 55 21 1884
141 294 109 21 beräknad
267 294 31 21 till
316 294 91 25 387,130
423 293 68 26 mark,
509 293 94 21 förutom
615 293 121 21 kostnaden
747 293 33 20 för
792 288 36 26 Öf-

70 329 142 27 verstyrelsen
229 329 33 20 för
278 328 157 21 skolväsendet.

142 363 47 27 Nya
213 363 75 26 bidrag
311 362 33 21 för
367 362 121 21 folkskolor
504 362 7 21 i
528 362 102 21 städerna
654 362 39 21 och
714 362 27 27 pä
756 361 74 22 landet

70 398 64 21 hafva
149 398 100 26 beviljats
266 397 31 20 till
314 397 94 26 följande
424 397 88 26 belopp,
529 397 116 26 nemligen:

70 432 33 22 för
119 433 23 20 är
160 433 52 20 1881
246 448 3 4 .
352 447 112 5 e
534 447 40 5 «os
606 448 4 4 +
642 448 4 4 +
678 432 77 25 25,600
771 431 60 21 mark

81 484 11 11 >
124 484 12 9 »
161 467 53 20 188
246 447 399 39 LL.
676 466 77 25 26500

81 518 11 10 »
124 518 10 9 »
160 488 64 44 18885
253 488 101 44 0.0.0.
532 516 112 5 0.
676 501 78 25 32,500

794 517 11 9 »

144 536 74 20 Säsom
235 536 86 20 resekos
318 516 194 45 stiadsersattning
528 535 34 21 för
578 534 151 28 inspektionen
741 534 23 21 af
777 534 53 22 folk-

75 571 101 21 skolorna
192 570 28 26 på
236 570 71 20 landet
323 569 63 21 hafva
402 570 117 20 utbetalts:

76 605 66 21 under
160 605 23 20 är
201 605 67 20 1881.
299 621 3 3 .
335 620 4 4 so
370 620 4 4 so
514 620 74 4 L
620 604 48 27 Fang
701 604 81 26 15,921:
800 604 25 20 28

104 656 12 10 »
162 656 11 10 »
197 640 67 20 1882.
296 655 3 3 .
331 655 4 4 x
367 654 4 4 +.
640 656 11 8 »
698 639 84 25 24,752:
801 639 24 20 12

76 674 118 26 hvarjemte
216 674 119 20 kostnaden
352 673 32 21 för
402 654 4 4 «
402 680 23 14 en
438 654 40 40 del
494 655 24 39 år
538 655 53 39 1882

145 708 112 26 företagna
268 708 196 26 inspektionsresor
474 708 72 20 blifvit
555 714 37 14 un-

145 743 37 21 der
199 743 73 26 loppet
288 742 22 21 af
319 742 23 21 år
357 743 51 20 1883
418 742 114 21 utbetalda
540 742 48 21 med
604 738 16 35 —
642 759 11 9 ,,
714 743 69 25 7,636:
801 742 33 20 25.

148 777 207 27 Löneförhöjningar
371 777 63 20 hafva
450 777 85 26 tillagts
552 777 166 21 folkskollärare
730 776 38 21 och
779 776 55 21 lära-

76 812 74 21 rinnor
166 812 28 26 på
210 812 72 20 landet
298 812 31 20 till
346 811 94 55 vian
457 812 91 54 ks

78 846 23 21 år
119 847 69 20 1881.
220 862 3 4 +
255 862 3 4 6
290 862 4 4 k
326 863 3 3 a
542 863 112 4 2.
686 847 47 27 ng
766 846 60 25 1,520

86 898 10 8 »
117 881 69 21 1882.
254 896 74 4 0.0.
579 896 140 10 5
764 880 64 25 2,400

86 932 11 9 »
117 916 61 24 1888,
195 915 67 26 enligt
277 896 134 45 tillgängliga
428 891 118 55 appgifter,
710 932 12 8 »
768 914 62 25 3,120

151 951 55 19 samt
222 950 22 19 åt
261 950 196 25 lärarepersonalen
474 950 37 19 vid
528 950 165 20 seminarierna:

78 984 25 21 år
120 985 75 20 1881.
438 1000 223 5 LR
692 984 48 27 FC
772 983 59 24 1,560

86 1035 12 10 45;
120 1019 74 20 18820
226 1035 4 4 0
262 1034 4 5 mo
296 1035 4 4 a
332 1035 4 4 a
657 1035 4 5 a
792 1019 47 20 320.

713 1035 11 10 ”

151 1053 42 21 För
210 1053 74 26 anslag
300 1053 32 21 till
350 1035 188 44 folkskolemöten;
549 1035 140 40 hetäekunde
706 1053 22 21 af
743 1052 95 21 bristeri

80 1088 164 21 seminariernas
268 1088 74 25 anslag
358 1088 33 21 för
407 1089 58 20 vissa
481 1088 109 23 ändamål,
610 1088 142 27 hyresmedel,
770 1093 25 15 m.
812 1093 26 14 m.

79 1122 64 21 hafva
159 1122 113 21 utbetalts:

80 1157 24 20 år
123 1157 50 20 1881
196 1173 5 4 0
235 1152 17 37 so
268 1157 566 28 LL
631 1152 53 37 Fil
705 1152 87 37 22,958:
806 1152 32 37 23

88 1207 12 9 »
120 1192 53 20 1882
198 1207 1 5 .
266 1207 38 5 0.0.
592 1207 4 5 <
649 1208 12 10 5
708 1191 82 28 14,680:
808 1191 26 20 24

156 1225 62 21 deraf
232 1226 32 20 till
282 1208 64 44 hyror
361 1208 34 39 för
408 1208 116 39 särskilda
537 1209 83 38 lokaler
637 1226 34 21 vid
688 1225 155 22 seminarierna

80 1261 77 25 25,853
174 1263 68 18 mark.

152 1288 146 33 Årsanslagen
326 1295 32 20 till
383 1295 254 27 slöjdundervisningens
660 1295 7 20 i
691 1294 152 22 folkskolorna

81 1329 153 27 befrämjande,
251 1331 62 24 6,000
330 1330 66 25 mark,
413 1330 32 21 till
462 1330 129 21 utbildande
608 1330 22 21 af
645 1330 70 21 lärare
732 1329 38 21 och
787 1329 55 20 lära-

81 1364 74 20 rinnor
182 1363 33 21 för
244 1364 216 21 småbarnsskolorna
484 1365 66 25 2,000
574 1365 59 20 mark
658 1366 57 19 samt
738 1363 106 26 bidraget,

83 1399 75 26 10,000
182 1399 68 25 mark,
272 1399 32 20 till
329 1399 185 26 pensionskassan
532 1399 33 21 för
581 1399 179 21 folkskollärares
778 1397 66 21 enkor

82 1433 38 21 och
136 1433 54 20 barn
206 1433 65 21 hafva
287 1433 105 21 användts
408 1433 28 27 på
452 1435 45 19 sätt
514 1434 163 26 propositionen
694 1433 33 21 till
741 1432 55 21 1882
808 1431 34 21 års

81 1467 104 27 landtdag
200 1469 99 19 närmare
315 1467 125 21 innehåller.
