1009 1739
270 145 80 23 Ständ.
365 145 37 23 Sv.
421 155 23 4 —
461 145 71 28 Prop.
550 145 40 22 N:o
605 145 33 21 21.

354 444 140 22 Finlandns
514 443 124 23 Ständers
654 443 179 27 underdåniga

284 490 56 16 svar
356 484 4 21 i
377 484 109 26 anledning
503 484 21 21 af
540 484 54 21 Hans
605 483 113 27 Kejserliga
729 483 105 27 Majestäts

285 524 73 27 nådiga
381 524 126 27 proposition
526 523 108 28 angående
649 524 72 27 anslag
737 524 20 21 af
774 524 60 21 bevil-

286 564 119 27 lingsmedel
436 564 32 22 för
498 564 151 22 folkskolornas
678 564 5 21 i
708 564 68 22 landet
799 570 35 15 un-

284 604 84 22 derhåll.

134 667 246 27 Stormägtigste,
398 667 235 27 Allernädigste
649 667 125 27 Kejsare

333 702 51 20 och
402 700 179 22 Storfurste!

148 758 94 22 Eders
265 758 181 26 Kejserliga
469 757 142 27 Majestät
634 758 38 20 har
688 758 72 21 täckts
776 758 56 21 före-

80 794 66 26 lägga
168 798 28 15 nu
218 791 134 22 församlade
372 791 93 21 Ständer
480 791 69 27 nädig
565 792 136 26 proposition
718 791 115 27 angäende

80 826 78 27 anslag
181 826 23 20 af
226 825 205 27 bevillningsmedel
452 825 32 21 för
501 825 165 21 folkskolornas
683 826 7 20 i
705 826 75 20 landet
796 832 38 14 un-

80 860 92 26 derhäll,
191 860 7 20 i
214 859 90 21 hvilken
321 859 135 27 proposition
470 859 84 27 jemväl
570 860 64 26 ingår
650 860 84 26 förslag
750 860 31 20 till
798 860 36 20 be-

79 894 139 21 stämmelser
241 893 115 27 angäende
379 893 159 28 pensionering
554 893 23 21 af
591 894 42 20 den
650 894 36 20 vid
702 894 65 21 dessa
783 894 50 20 sko-

80 928 32 20 lor
129 927 101 21 anstälda
246 927 183 27 lärarepersonal.

148 961 76 26 Enligt
246 961 42 21 den
310 960 81 27 nådiga
407 961 165 27 propositionen
591 961 38 20 har
646 961 36 22 det
696 961 34 21 för
744 961 89 26 folksko-

82 996 72 20 Tornas
176 995 9 20 i
207 995 102 21 städerna
323 995 113 21 underhåll
451 995 24 21 är
493 996 54 19 1883
564 995 32 21 till
613 995 221 22 stadskommunerna

80 1029 94 21 faktiskt
188 1029 111 27 beviljade
310 1029 78 26 anslag
400 1029 82 27 utgjort
495 1030 91 24 146,800
596 1029 63 21 mark
670 1029 40 21 och
723 1029 28 21 dä
762 1029 72 21 denna

80 1069 85 15 summa
180 1065 85 18 ansetts
282 1063 52 20 böra
350 1063 85 26 årligen
452 1063 56 20 ökas
525 1062 50 21 med
591 1065 63 24 5,000
669 1063 62 21 mark
746 1063 34 20 för
792 1063 43 21 till-

80 1096 139 27 godoseende
242 1095 24 22 af
285 1096 103 27 möjligen
405 1096 109 27 behöfliga
530 1097 95 21 tillskott
640 1097 7 21 i
664 1097 26 21 de
706 1097 127 21 nuvarande

80 1130 170 27 statsbidragen,
274 1130 39 21 har
336 1130 36 21 det
395 1130 33 21 för
452 1131 24 20 är
499 1131 57 22 1886
579 1131 83 28 nödiga
684 1131 103 27 anslaget
802 1131 32 22 till

78 1164 155 21 folkskolorna
248 1164 7 21 i
272 1164 110 27 städerna,
398 1165 49 20 med
463 1165 147 28 iakttagande
626 1165 24 21 af
664 1165 26 21 de
702 1165 69 22 under
782 1165 52 21 ären

80 1199 56 20 1884
151 1198 38 21 och
208 1198 55 21 1885
279 1198 145 28 erforderliga
440 1199 87 27 tillägg,
542 1199 142 27 uppskattats
701 1199 32 22 till
746 1199 90 25 161,800

80 1231 70 25 mark,
172 1231 33 21 för
228 1232 24 21 är
274 1233 52 20 1887
351 1232 32 21 till
400 1233 92 26 166,800
508 1233 62 21 mark
587 1233 39 21 och
644 1233 31 21 för
692 1233 24 21 är
734 1233 52 21 1888
804 1233 32 21 till

79 1266 91 25 171,800
193 1265 70 26 mark,
286 1266 52 21 eller
362 1266 32 21 för
417 1266 50 21 hela
490 1267 186 27 budgetperioden
695 1267 32 22 till
744 1267 92 26 500,400

79 1299 69 20 mark.
179 1299 40 20 Vid
236 1299 166 28 granskningen
420 1300 22 21 af
457 1300 67 21 dessa
541 1301 148 27 beräkningar
705 1301 40 21 och
761 1301 39 21 vid
811 1307 25 14 en

78 1333 128 26 jemförelse
229 1333 23 21 af
266 1333 27 22 de
312 1333 84 28 bidrag,
414 1334 76 21 hvilka
507 1335 70 26 enligt
592 1341 26 15 en
636 1336 12 20 &
663 1335 172 27 öfverstyrelsen

78 1367 33 20 för
134 1366 158 23 skolväsendet
314 1367 109 28 uppgjord
446 1368 111 22 statistisk
582 1369 140 27 redogörelse
739 1369 33 20 för
788 1369 46 21 lan-

80 1400 48 21 dets
150 1400 124 21 folkskolor
297 1401 68 21 under
389 1401 97 22 läseäret
513 1403 139 20 1883—1884
670 1403 72 26 utgått
758 1403 32 21 till
807 1402 27 22 de

76 1433 113 22 särskilda
206 1434 60 21 stads
283 1434 164 27 kommunerna,
463 1435 66 22 hafva
544 1436 124 22 Ständerna
684 1437 50 21 icke
750 1436 85 22 kunnat
