1009 1739
205 157 27 20 38

360 155 78 23 Ständ.
456 156 36 23 Sv.
507 169 29 4 —
551 157 69 27 Prop.
637 156 39 22 N:o
691 156 32 22 23.

313 222 77 19 räntor
408 221 36 20 till
456 221 92 27 publika
559 221 83 26 fonder
651 221 67 28 jemte
733 221 124 25 reversaler,
876 221 52 27 qvit-

313 256 73 20 tanser
401 254 37 21 och
453 255 56 21 bevis
525 255 61 26 öfver
601 255 32 21 dit
644 255 80 27 gjorda
742 255 178 28 inbetalningar
912 250 13 37 ;

381 289 34 24 5:0
438 289 142 21 Debetsedlar
603 290 13 20 å
638 289 85 26 krono-,
738 290 79 26 stads-,
832 290 96 21 kommu-

314 323 61 20 nala-
398 323 37 21 och
457 324 73 20 andra
546 324 112 21 allmänna
674 323 117 28 utskylder,
807 323 123 28 räkningar

314 357 13 20 å
351 357 109 21 tullmedel
482 357 39 21 och
536 357 165 28 auktionsinrop
718 365 26 14 m.
760 365 26 14 m.
802 360 56 18 samt
875 359 54 26 qvit-

314 393 75 18 tanser
411 391 38 21 och
465 391 55 21 bevis
536 391 60 28 öfver
610 391 162 28 inbetalningar
788 393 8 19 i
811 392 118 27 anledning

313 425 77 27 deraf;

380 462 40 19 6:0.
450 460 213 28 Läneobligationer,
687 460 187 28 depositionsbevis
891 460 37 21 och

311 494 217 27 skuldförbindelser,
544 495 120 27 utfärdade
684 495 30 27 af
721 495 77 27 finska
813 497 65 19 stats-
890 495 38 21 och

312 528 154 21 militieverken
492 532 57 18 samt
571 529 110 21 Finlands
706 529 142 26 Statskontor,
871 529 53 21 Fin-

313 562 63 20 lands
392 562 64 21 Bank
472 562 38 22 och
525 562 227 28 Hypoteksförening;

380 598 40 19 7:0.
452 596 145 28 Förteckning
619 598 13 19 &
654 596 88 28 husfolk
763 597 36 21 vid
820 598 107 20 mantals-

311 630 119 28 skrifning,
452 631 91 27 uppgift
566 631 13 20 ä
602 631 90 21 resande
717 632 7 19 i
740 631 50 21 stad
806 631 47 27 med
868 638 59 14 mera

310 665 76 27 dylikt,
402 666 110 27 äfvensom
528 666 142 27 orlofssedlar
681 666 41 28 för
738 666 106 21 enskildes
858 667 64 27 tjens-

312 699 72 27 tehjon
389 706 9 20 ;

379 734 40 20 8:0.
451 734 63 20 Bevis
540 734 60 26 öfver
625 734 109 21 verkstäld
756 736 110 26 stämning
889 734 38 22 och

311 766 183 22 kommunikation
511 768 8 20 i
534 768 46 20 alla
595 767 115 21 kriminela
726 768 37 20 och
778 768 64 21 civila
858 770 64 19 rätte-

310 802 78 27 gängs-
402 805 57 18 samt
474 802 174 28 utsökningsmä!
658 803 68 26 jemte
742 802 55 20 bevis
812 802 59 26 öfver
882 803 45 21 kal-

312 838 49 20 lelse
373 838 35 20 till
424 838 191 27 syneförrättning
630 844 26 14 m.
673 845 35 18 m.;

380 873 39 20 9:0.
451 872 47 21 Mål
521 872 93 20 rörande
634 872 56 20 brott
706 874 63 18 emott
785 872 83 20 allmän
884 872 42 28 lag,

312 908 54 18 emot
389 906 113 26 ekonomi-,
522 906 76 28 politi-
622 906 37 21 och
678 906 249 28 militärförfattningar

310 942 57 18 samt
377 940 119 27 fiskaliska
513 940 105 26 aktioner,
635 940 123 21 hvarunder
774 940 66 21 likväl
851 940 21 27 ej
878 940 48 27 för-

311 973 45 20 stäs
372 973 44 20 mål
432 980 33 14 om
480 973 153 28 öfverklagade
649 973 142 28 olagligheter
806 974 36 21 vid
853 977 73 24 prest-

310 1007 36 20 val
367 1007 48 21 med
436 1007 56 26 flera
516 1007 76 27 dylika
614 1007 112 28 tillfällen,
752 1008 28 21 dä
796 1008 70 20 målen
882 1008 44 21 icke

310 1041 59 26 angä
384 1041 94 28 egentlig
493 1041 134 27 förbrytelse,
644 1043 54 19 utan
713 1042 116 26 rätteligen
844 1043 39 18 äro
894 1043 32 19 att

310 1081 63 14 anses
388 1075 71 21 såsom
475 1075 77 26 civila;

378 1111 56 19 10:0.
464 1109 48 21 Mål
526 1109 95 21 rörande
637 1109 74 20 besvär
721 1109 61 26 öfver
792 1109 134 26 tillämpnin-

309 1149 40 21 gen
364 1143 31 27 af
404 1143 170 26 föreskrifterna
590 1143 111 28 angående
716 1143 129 26 bevillning;

379 1178 55 20 11:o.
466 1177 46 21 Mål
527 1177 94 21 rörande
636 1176 174 27 anmärkningar
825 1177 35 20 vid
870 1183 56 20 upp-

312 1211 128 21 bördsmans
456 1211 38 21 och
510 1218 74 14 annan
600 1211 140 27 redogörares
755 1210 155 27 räkenskaper.

380 1247 56 19 12:o.
466 1245 48 22 Mål
529 1245 93 21 rörande
632 1245 124 26 värnepligt
766 1245 38 20 och
815 1245 111 28 värfning;

380 1281 54 20 13:o.
465 1279 86 28 Frågor
573 1279 94 21 rörande
692 1279 122 26 ersättning
824 1278 41 27 för
874 1279 51 25 för-

308 1313 79 21 komna
410 1314 54 20 eller
485 1313 97 21 skadade
603 1316 60 24 post-
683 1313 36 21 och
731 1313 192 28 jernvägsförsän-

309 1347 79 22 delser.

377 1385 56 19 14:0.
464 1383 53 21 Alla
540 1383 136 28 handlingar
692 1383 94 20 rörande
796 1382 129 26 försäkrin-

308 1423 42 20 gar
373 1417 53 20 eller
450 1417 123 27 ersättning
595 1417 75 26 derför
688 1417 8 20 i
711 1416 102 26 ärenden,
828 1422 46 14 som
889 1416 36 20 vid

308 1450 164 21 direktionerna
482 1451 43 26 för
541 1451 84 21 landets
640 1451 115 20 allmänna
770 1450 153 22 branstodsbo-
