1009 1739
408 160 35 21 N:o
459 159 35 22 21.
774 158 23 21 11

74 231 34 21 för
130 230 154 27 pensionernas
304 229 114 27 utgående,
433 229 78 21 medan
528 229 113 20 städernas
657 229 123 27 uppoffring
795 229 34 20 för

68 265 124 21 ändamålet
207 264 70 21 blefve
294 264 32 20 till
342 264 55 21 visst
412 263 66 27 årligt
494 263 78 27 bidrag
589 263 127 26 begränsad.
744 262 82 21 Genom

69 299 134 22 omedelbart
226 298 138 27 upptagande
386 298 28 27 pä
438 300 44 19 stat
502 297 23 22 af
540 304 25 15 en
582 297 134 27 utgiftspost,
734 299 92 19 motsva-

69 334 67 21 rande
152 333 101 27 beloppet
269 332 22 21 af
306 333 36 20 det
356 332 84 25 bidrag,
458 338 45 14 som
520 332 85 21 komme
621 334 33 19 att
667 332 47 21 frän
726 332 102 21 städerna

70 368 58 27 utgä,
145 368 70 21 skulle
230 368 7 20 i
253 367 75 26 början
344 368 71 19 större
431 367 63 20 delen
510 367 22 20 af
547 367 61 20 detta
619 367 161 26 sammanlagda
791 367 35 20 be-

70 403 50 26 lopp
137 403 72 20 kunna
225 402 32 20 till
274 401 140 21 förräntande
430 400 92 21 afsättas
539 401 39 21 och
590 401 105 21 sålunda
682 396 10 37 i
706 401 121 26 framtiden,

72 437 27 21 då
121 436 93 26 utgiften
230 436 34 20 för
279 435 143 27 pensionerna
439 436 68 26 stigit,
524 436 69 20 medel
609 434 69 22 finnas
694 435 34 21 för
744 435 84 21 handen

71 473 33 19 att
126 470 97 22 bestrida
239 470 69 21 denna
323 470 67 26 utgift
405 472 51 18 utan
472 470 154 21 motsvarande
642 470 97 26 stegring
754 470 23 20 af
792 476 37 15 an-

72 506 70 25 slaget
157 505 47 21 frän
220 505 107 20 allmänna
343 504 77 21 medel.

144 540 59 20 Hans
227 539 122 27 Kejserliga
372 539 104 27 Majestät
499 540 39 20 har
556 539 73 21 derför
645 540 57 20 velat
717 539 33 21 till
768 539 61 21 Stän-

71 574 67 21 derna
154 574 133 20 öfverlemna
303 575 31 19 ett
344 573 28 27 pä
381 573 156 21 ofvanstäende
552 574 95 26 grunder
658 574 118 26 uppgjordt
787 573 43 21 för-

72 608 47 27 slag
135 609 32 20 till
184 608 134 26 stadganden
333 608 6 20 i
356 608 60 20 detta
432 610 74 18 ämne:

145 642 75 21 Staten
244 642 153 27 tillförsäkrar
418 642 74 21 lärare
507 642 39 21 och
562 643 117 20 lärarinna
694 642 37 21 vid
745 642 85 21 städer-

72 684 40 14 nas
130 677 125 27 folkskolor
271 677 91 27 pension
378 677 57 27 efter
451 677 116 21 enahanda
583 677 164 27 ärsberäkning,
764 684 44 14 som
823 677 9 20 i

72 712 15 28 $
109 712 44 21 135
175 712 31 27 af
216 711 271 28 folkskoleförordningen
503 712 41 20 den
560 713 28 19 11
604 712 49 27 Maj
669 712 65 25 1866,
750 712 81 20 sådant

72 747 58 20 detta
146 746 86 28 lagrum
244 746 60 28 lyder
320 746 66 28 enligt
402 746 82 28 nädiga
496 746 164 28 förordningen
676 747 40 20 den
731 748 31 20 28
776 746 56 21 Juni

74 782 64 24 1883,
155 783 27 18 är
197 781 100 27 stadgad.

143 816 53 20 Full
208 816 91 26 pension
315 817 63 26 utgör
394 816 44 20 800
453 816 65 20 mark
524 816 42 27 för
581 816 74 20 lärare
665 816 39 21 och
715 817 43 20 600
769 815 63 21 mark

68 850 42 27 för
126 850 123 21 lärarinna.

145 884 85 27 Hvarje
245 884 50 21 stad
310 886 26 19 är
351 884 87 28 skyldig
454 886 33 19 att
504 885 35 20 till
555 885 70 20 denna
637 885 155 27 pensionering
800 884 33 20 bi-

74 919 71 27 draga
167 926 74 20 genom
264 921 32 19 att
319 919 85 27 årligen
420 919 34 20 till
470 919 170 21 landtränteriet
656 920 117 20 inleverera
784 918 49 28 fem

69 955 91 25 procent
182 953 30 26 af
232 954 69 27 sagda
320 953 178 27 pensionsbelopp
519 954 43 27 för
584 954 80 20 enhvar
680 954 8 20 i
704 954 47 20 dess
768 954 65 26 tjenst

74 987 88 21 anstäld
185 988 74 20 lärare
274 987 38 21 och
328 988 123 25 lärarinna,
467 995 47 13 som
529 989 68 26 enligt
612 989 8 19 i
636 988 80 21 sådant
731 987 102 28 afseende

68 1021 112 28 faststäld
200 1021 132 28 bestämning
348 1024 27 19 är
391 1023 34 20 till
437 1023 93 26 pension
547 1022 133 28 berättigad;
704 1022 38 21 och
758 1021 76 22 tillhör

73 1056 35 21 det
124 1055 218 28 Skolöfverstyrelsen
357 1059 33 18 att
405 1057 106 26 häröfver
526 1057 70 27 hafva
610 1057 102 21 kontroll.

146 1090 65 21 Hvad
226 1091 86 27 utöfver
327 1091 62 21 dessa
406 1091 78 28 bidrag
500 1091 118 27 erfordras
634 1091 34 21 till
675 1091 158 28 pensionernas

74 1124 137 22 bestridande
227 1126 65 27 utgår
308 1125 29 27 af
349 1126 25 20 de
390 1126 114 20 allmänna
521 1126 73 25 medel,
610 1133 44 14 som
670 1128 39 18 äro
722 1125 42 28 för
770 1125 64 28 folk-

74 1159 160 21 skoleväsendet
248 1160 9 20 i
272 1160 74 21 landet
360 1160 116 27 anslagna.

146 1193 38 21 Ett
207 1194 45 21 lika
275 1197 54 18 stort
352 1194 80 28 belopp,
449 1201 45 14 som
510 1195 31 26 af
553 1195 104 21 städerna
672 1194 67 28 enligt
755 1194 79 27 ofvan-

74 1228 106 27 stadgade
194 1229 97 26 grunder
307 1229 84 27 årligen
407 1229 113 25 levereras,
536 1232 106 25 upptages
653 1229 8 20 i
666 1228 168 28 folkskolebud-

73 1265 61 24 geten
157 1262 38 21 och
214 1263 144 26 öfverlemnas
368 1264 68 27 jemte
451 1264 117 21 städernas
585 1263 78 28 bidrag
690 1263 35 21 till
735 1263 100 27 förvalt-

74 1297 53 27 ning
143 1297 37 20 och
199 1297 151 26 förräntande
364 1298 9 20 i
388 1298 110 21 Finlands
518 1298 143 25 Statskontor,
677 1299 25 20 så
718 1298 64 27 länge
797 1297 38 21 och

76 1331 34 20 till
132 1331 42 20 den
193 1331 34 20 del
242 1331 63 22 dessa
322 1332 77 27 bidrag
415 1332 21 27 ej
452 1335 65 25 tagas
532 1333 9 20 i
556 1332 98 27 anspräk
665 1332 43 27 för
720 1332 115 27 pensione-

74 1371 83 22 ringen.

146 1399 132 28 Berättigad
302 1401 34 20 till
347 1401 92 26 pension
454 1402 28 19 är
498 1401 42 20 den
556 1401 80 25 lärare,
652 1407 45 14 som
713 1400 42 21 har
770 1400 66 21 minst

76 1435 66 24 1,200
160 1434 63 21 mark
238 1435 38 20 och
292 1435 40 20 den
348 1435 124 25 lärarinna,
489 1442 47 14 som
552 1435 41 21 har
608 1435 66 21 minst
689 1436 45 20 900
749 1434 63 21 mark
827 1435 9 20 i
