1009 1739
199 148 13 17 4
423 146 23 19 U.
458 147 23 18 B.
493 157 23 3 —
528 146 61 24 Prop.
602 146 36 19 N:o
650 146 31 19 19.

177 210 26 17 en
216 206 69 20 tunna
300 204 58 22 färsk
373 205 123 26 strömming
512 204 33 22 för
560 205 72 27 hvarje
643 204 73 27 notlag
727 204 53 22 eller
793 209 26 17 en
833 203 92 28 fjerding

172 239 76 21 saltad
264 239 123 27 strömming
402 239 33 22 för
448 239 75 27 hvarje
538 239 33 21 till
585 239 64 22 fisket
658 238 115 28 begagnad
786 238 39 22 båt
839 240 55 20 samt
904 238 23 22 af

175 273 182 27 vinternotfångst
374 273 39 22 och
431 273 7 21 i
456 273 117 22 allmänhet
590 273 24 22 af
630 275 64 20 annat
712 275 27 19 än
758 279 28 15 nu
804 273 122 21 omnämnät

174 307 58 22 fiske
244 307 137 22 tiondedelen
396 307 23 22 af
432 307 104 27 fångsten,
549 307 66 28 jemte
630 308 38 21 det
674 307 36 22 till
723 307 161 27 ifrågavarande
895 307 31 22 af-

174 341 68 28 gifter
258 341 63 22 äfven
337 341 41 22 kan
393 342 77 21 räknas
484 342 74 21 tionde
569 342 23 21 af
600 341 109 28 sälskytte,
720 341 39 22 der
768 341 76 22 sådant
858 341 68 22 idkas.

246 382 24 26 6)
286 380 180 29 Päskpenningar,
477 388 46 15 som
534 382 51 27 utgå
592 382 24 21 af
622 382 55 26 dem,
689 387 45 16 som
744 381 98 22 hemman
852 381 74 27 bruka,

177 416 35 21 för
226 416 42 21 alle
284 416 32 21 till
332 416 61 22 deras
408 417 84 21 hushäll
507 416 95 22 hörande
617 416 194 26 nattvardsgängne
824 421 103 22 personer

178 450 48 21 med
248 456 38 15 sex
303 451 69 26 penni,
390 450 24 22 af
430 451 149 27 gerningsmän
598 451 38 21 och
656 450 43 22 alle
718 450 66 22 andre
802 450 28 27 pä
847 450 79 25 landet,

177 490 47 16 som
240 484 47 22 icke
300 484 65 22 hafva
377 485 104 27 jordbruk
496 485 53 21 eller
564 491 54 21 egen
629 484 87 28 boskap,
726 490 49 16 men
789 484 64 22 likväl
863 483 64 22 hafva

178 519 33 21 sin
226 518 98 22 enskilda
338 519 80 27 näring,
434 520 48 21 med
496 520 102 20 nittiosex
608 520 71 26 penni,
689 518 108 22 äfvensom
808 518 24 22 af
840 520 86 26 ryttare,

177 553 96 21 soldater
288 553 39 21 och
341 553 96 22 bätsmän
452 554 48 21 med
520 553 124 27 fyratioätta
662 553 69 27 penni.
761 553 11 21 I
790 548 138 26 Österbotten

178 586 144 22 förekommer
343 588 125 21 härutinnan
487 594 26 16 en
536 588 65 21 sädan
625 588 87 26 olikhet,
735 589 32 20 att
787 587 141 28 päskpennin-

178 627 66 21 garne
259 621 34 21 för
308 622 68 22 bonde
392 622 38 22 och
444 622 53 22 hans
514 622 75 22 hustru
608 622 140 21 tillsammans
767 623 76 50 utgöra
857 622 71 26 tjugu-

176 655 49 28 fyra
239 656 70 27 penni.

248 696 23 27 T)
291 695 86 28 Likstol,
393 703 45 15 som
459 698 87 26 utgöres
562 696 54 22 efter
635 696 81 22 afliden
735 696 122 22 bondevärd
876 696 52 22 eller

178 730 105 21 värdinna
298 730 66 28 enligt
378 731 78 21 sådane
472 731 99 27 grunder,
588 732 32 20 att
634 730 24 22 af
672 731 54 26 dem,
746 736 44 16 som
811 736 39 21 ega
865 730 64 22 minst

177 770 39 16 sex
234 764 46 27 kor,
300 765 32 21 till
351 765 132 27 kyrkoherde
502 765 68 27 gifves
589 772 25 14 en
634 765 34 26 ko,
688 764 23 22 af
728 765 54 26 dem,
802 770 44 16 som
866 764 62 22 hafva

177 798 59 22 färre
251 800 27 20 än
297 805 37 15 sex
352 806 47 15 men
418 799 46 27 fyra
483 799 45 26 kor,
548 801 32 19 tre
600 800 60 20 mark
679 798 122 28 åttatiofyra
819 798 69 28 penni,
907 798 23 22 af

178 833 57 26 dem,
251 839 45 15 som
311 833 63 22 hafva
389 834 81 21 mindre
481 836 28 19 än
524 833 46 28 fyra
581 834 46 26 kor,
642 840 26 15 en
682 833 60 22 mark
753 833 97 21 nittiotvä
859 833 69 27 penni,

178 866 111 22 äfvensom
304 867 54 22 efter
373 868 52 21 barn
441 868 39 22 och
495 868 99 26 legohjon
610 868 124 27 fyratioåtta
749 867 63 28 penni
830 869 55 20 samt
900 866 30 22 ef-

178 902 36 20 ter
228 901 60 26 barn,
308 908 44 15 som
371 902 53 28 tagit
443 902 39 26 arf,
502 902 99 22 nittiosex
620 902 71 28 penni.
720 902 12 21 I
750 898 136 26 Österbotten
905 903 25 19 är

178 935 70 21 denne
264 936 71 27 afgäld
350 936 44 21 lika
409 943 45 14 som
469 937 6 20 i
492 936 68 27 öfrige
576 937 60 20 delar
652 936 23 21 af
688 936 78 26 landet,
779 938 59 19 utom
853 938 31 19 att
899 936 31 21 ef-

177 970 36 20 ter
227 969 186 28 hemmansegares
428 970 78 22 aflidna
522 971 58 26 barn,
596 977 45 14 som
657 970 74 27 begått
745 970 133 26 nattvarden,
892 970 37 21 be-

178 1003 57 22 talas
251 1010 27 15 en
296 1004 60 21 mark
374 1005 99 21 nittiotvä
490 1005 64 27 penni
573 1005 39 21 och
630 1005 35 21 för
683 1005 129 27 tjenstehjon
829 1004 100 22 nittiosex

178 1038 64 27 penni
260 1038 53 21 eller
328 1039 81 21 mindre
424 1039 55 22 efter
494 1039 50 22 dess
560 1039 170 28 gvarlätenskap.

248 1078 22 25 8)
290 1077 96 28 Afgifter
402 1079 35 26 för
452 1079 108 27 lysningar
574 1079 32 21 till
621 1078 121 27 äktenskap,
758 1079 123 27 uppgående
896 1079 33 22 till

177 1112 111 27 tjugufyra
306 1113 70 26 penni,
391 1113 35 26 för
440 1113 62 27 vigsel
518 1113 32 22 till
566 1113 123 28 fyratioätta
703 1113 70 27 penni,
788 1112 34 24 för
836 1112 93 27 barndop

178 1146 34 21 till
227 1145 109 28 tjugufyra
350 1147 70 27 penni,
435 1147 34 22 för
483 1147 120 28 kyrkogäng
617 1148 35 21 till
661 1147 124 28 fyratioätta
794 1147 70 27 penni,
875 1149 55 27 samt

178 1179 35 22 för
233 1179 117 23 socknebud
367 1181 63 27 högst
448 1181 46 28 fyra
512 1182 81 27 kappar
611 1182 39 27 råg
669 1182 52 21 eller
739 1181 60 22 korn.
828 1181 11 22 I
857 1177 73 31 Öster-

177 1213 75 22 botten
275 1217 37 19 äro
334 1215 161 22 förhällandena
513 1216 62 21 äfven
594 1215 132 22 beträffande
744 1215 65 28 nägre
826 1215 24 22 af
867 1216 62 21 desse

178 1248 88 27 afgifter
284 1249 63 26 olika,
365 1250 7 20 i
391 1249 36 22 det
445 1252 32 19 att
496 1250 38 21 der
552 1250 83 21 betalas
654 1249 34 22 för
706 1250 83 27 lysning
808 1249 39 22 och
862 1250 68 27 vigsel

178 1282 91 28 tillhopa
288 1289 26 16 en
332 1283 60 22 mark
410 1284 99 21 nittiotvä
527 1285 62 26 penni
609 1285 40 20 och
670 1286 30 19 ett
714 1291 40 20 par
768 1286 113 25 strumpor,
896 1284 34 24 för

178 1316 97 27 barndop
298 1317 39 22 och
358 1317 124 28 kyrkogäng
504 1319 142 21 tillsammans
665 1318 110 27 sjuttiotvä
793 1319 69 26 penni,
882 1325 47 16 men

176 1350 36 22 för
227 1351 121 22 socknebud
364 1352 59 22 intet.

246 1391 24 26 9)
291 1390 141 29 Dagsverken,
454 1398 46 16 som
519 1393 7 20 i
545 1393 26 21 de
589 1392 62 23 fleste
669 1395 59 20 orter
745 1393 34 21 till
797 1393 133 27 kyrkoherde

175 1426 98 26 utgöras.

247 1471 46 21 Lag-
306 1472 29 16 och
348 1471 169 18 Ekonomiutskottets
528 1472 103 17 betänkande
643 1472 35 18 N:o
691 1473 17 16 5.
