1009 1739
430 141 38 24 N:o
484 141 30 23 17.

368 356 74 23 Hans
463 355 166 30 Kejserliga
646 355 150 30 Majestäts
814 353 37 23 nå-

302 390 50 29 diga
368 390 139 29 proposition
518 390 33 23 till
563 390 103 23 Finlands
676 389 104 28 Ständer,
792 389 59 22 inne-

301 424 103 23 fattande
420 424 90 28 förslag
526 425 32 22 till
575 425 35 27 lag
626 430 34 16 om
677 424 103 28 länsting.

164 488 60 22 Efter
247 488 37 22 det
306 488 123 22 Ständerna
451 488 36 22 vid
507 488 133 27 landtdagen
659 488 24 21 år
702 489 62 25 1882,
780 487 73 21 såsom

96 529 50 15 svar
163 523 29 27 på
207 522 77 27 nådiga
298 523 162 27 propositionen
477 529 35 15 om
527 522 111 22 införande
655 522 23 22 af
691 522 161 26 länsrepresen-

96 558 76 26 tation,
184 558 3 21 i
196 557 170 27 underdånighet
374 557 81 21 anmält
464 559 33 20 att
506 557 128 26 Ständerna,
644 556 72 22 hvilka
721 556 79 28 jemväl
808 555 46 21 haft

97 594 33 20 att
145 592 120 27 handlägga
280 598 26 16 en
322 592 78 27 mängd
414 592 68 22 andra
496 592 192 27 maktpåliggande
704 592 94 21 ärenden
814 590 41 22 och

97 626 56 28 förty
168 626 48 22 icke
231 627 82 21 kunnat
328 633 55 21 egna
398 627 93 21 nämnda
507 626 118 27 lagförslag
641 627 42 21 den
696 626 38 27 tid,
746 632 47 16 som
804 625 50 21 dess

98 661 149 27 omsorgsfulla
255 661 98 27 pröfning
362 660 112 28 erfordrat,
481 662 94 26 nödgats
584 661 45 21 låta
637 661 74 27 frågan
717 660 32 22 för
756 660 40 22 den
803 660 52 26 gän-

98 702 41 20 gen
148 695 88 27 förfalla,
246 696 39 21 har
293 696 59 21 Hans
361 696 122 26 Kejserliga
494 696 105 27 Majestät
611 696 49 20 låtit
668 696 101 21 nedsätta
782 700 27 16 en
817 694 39 21 ko-

99 729 59 27 mitö,
172 730 85 22 hvilken
266 730 55 26 egde
330 732 50 25 taga
389 730 68 22 under
466 730 158 27 öfvervägande
632 730 46 21 dels
687 730 26 22 de
724 729 22 22 af
756 729 101 21 Ständer-

98 770 39 16 nas
148 764 45 28 lag-
201 764 40 22 och
253 764 183 22 ekonomiutskott
444 764 7 22 i
460 765 69 21 saken
537 764 127 22 framstälda
672 764 80 27 äsigter
762 764 42 22 och
813 763 44 21 för-

100 798 54 27 slag,
178 799 45 21 dels
247 799 25 21 de
295 799 117 26 meningar,
436 805 47 15 som
506 800 8 20 i
534 805 26 15 en
582 799 34 21 del
637 799 64 21 ständ
716 798 91 22 uttalats
822 797 36 28 vid

100 833 102 21 ärendets
217 834 75 20 remiss
308 834 31 20 till
354 834 116 26 utskottet,
482 835 63 25 samt,
558 833 55 22 efter
624 833 134 28 sjelfständig
769 832 89 28 gransk-

101 867 51 27 ning
166 866 23 22 af
202 866 73 28 frägan
290 868 7 21 i
312 868 49 22 hela
377 868 49 22 dess
441 868 58 27 vidd,
516 868 79 27 afgifva
610 868 81 28 förslag
705 868 7 21 i
728 869 79 20 ämnet.

170 902 75 21 Denna
260 902 79 22 komité
355 902 39 22 har
410 902 102 22 aflemnat
527 902 83 28 förslag
625 903 33 21 till
672 902 36 28 lag
719 908 33 16 om
763 901 96 27 länsting

102 935 110 22 äfvensom
227 936 32 21 till
276 937 114 26 ändringar
404 938 8 20 i
426 937 69 26 nägra
510 936 158 27 författningar,
684 937 73 21 hvilka
773 935 86 22 ändrin-

102 971 38 20 dar
155 969 70 22 blefve
241 969 22 22 af
276 970 101 23 behofvet
392 971 123 27 påkallade,
531 971 7 21 i
553 971 105 22 händelse
672 971 108 22 komitens
795 969 65 22 först-

102 1005 93 21 nämnda
213 1004 80 28 förslag
312 1005 84 22 komme
416 1007 33 20 att
470 1008 99 25 antagas.
600 1006 44 21 Det
659 1006 22 21 af
694 1005 96 22 komiten
806 1011 54 20 upp-

103 1039 75 27 gjorda
200 1038 79 28 förslag
298 1039 32 21 till
345 1040 35 27 lag
396 1046 33 15 om
445 1040 98 27 länsting
556 1040 120 22 innehåller
691 1039 107 22 särskilda
813 1038 48 22 från

104 1073 40 22 den
160 1073 78 27 nädiga
252 1074 160 27 propositionen
428 1075 33 20 till
478 1075 123 22 Ständerna
616 1075 34 21 vid
667 1075 113 22 sisthällna
790 1073 71 22 landt-

104 1107 42 27 dag
165 1107 149 28 väsendtligen
330 1108 113 22 afvikande
459 1109 143 27 stadganden,
618 1109 66 22 bland
698 1109 74 22 hvilka
787 1108 74 22 säsom

104 1143 27 21 de
146 1141 200 29 hufvudsakligaste
360 1143 144 22 förekomma:
522 1145 33 20 att
570 1144 67 27 länet,
653 1150 46 16 som
710 1144 68 26 enligt
788 1142 74 27 regeln

104 1177 70 21 skulle
199 1179 77 25 utgöra
298 1177 214 28 länstingsomrädet,
535 1172 66 28 likväl
624 1179 69 21 under
715 1179 59 21 vissa
792 1177 71 22 vilkor

104 1211 72 22 kunde
191 1211 59 22 delas
269 1212 7 21 i
295 1212 35 21 tvä
350 1213 52 21 eller
416 1212 52 23 flere
484 1213 221 27 länstingsomräden;
728 1214 33 20 att
776 1211 86 22 landets

104 1246 70 21 större
197 1246 74 22 städer
292 1247 48 22 icke
360 1247 142 27 ovilkorligen
523 1247 93 22 behöfde
636 1248 86 27 deltaga
736 1248 8 21 i
759 1247 103 26 länsting,

104 1281 52 20 utan
178 1280 73 23 kunde
270 1281 54 22 efter
343 1282 99 21 anmälan
458 1282 40 21 hos
516 1282 140 22 Guvernören
671 1282 79 22 afhälla
766 1282 34 27 sig
815 1281 48 21 frän

105 1313 134 28 delaktighet
253 1315 7 22 i
274 1315 264 28 länstingsinrättningen;
554 1319 33 19 att
596 1317 184 26 länsfullmäktige
791 1315 71 22 skulle

104 1350 62 20 utses
186 1354 77 21 genom
283 1350 138 23 omedelbara
440 1351 58 22 vali
515 1351 96 27 enlighet
626 1352 49 22 med
690 1352 27 21 de
732 1351 33 21 för
781 1351 35 21 val
831 1350 33 21 till

104 1383 138 22 kommunala
256 1384 146 28 befattningar
416 1385 102 28 gällande
533 1385 134 24 föreskrifter
678 1387 39 22 och
729 1385 55 22 efter
795 1385 69 22 sädan

104 1417 206 29 beräkningsgrund,
329 1420 33 21 att
379 1421 80 27 jemväl
481 1421 104 22 städerna
599 1421 70 22 blefve
684 1419 180 29 representerade

104 1452 50 22 med
174 1453 98 27 lämpligt
292 1454 58 21 antal
369 1455 195 27 länsfullmäktige;
588 1457 33 20 att
640 1456 7 21 i
663 1455 73 22 stället
750 1454 34 22 för
800 1455 42 20 den
857 1453 7 21 i
