1009 1739
200 152 14 21 6
402 153 62 24 U.
451 141 17 49 R
483 168 18 4 —
524 156 66 29 Prop.
606 141 44 49 N:o:
658 141 34 49 22;

238 219 43 21 4:0.
311 219 42 22 För
374 220 66 29 högre
459 222 96 22 inkomst
569 225 27 19 än
611 223 95 22 tiotusen
720 223 68 27 mark,
804 229 26 16 en
845 223 39 22 och
899 229 26 16 en

170 251 111 24 femtedels
296 256 96 25 procent.

523 315 12 27 8
550 316 21 21 2.

238 352 125 28 Utländing,
386 360 45 16 som
454 361 26 15 en
502 355 34 22 tid
550 355 24 22 af
588 357 31 20 ett
634 355 24 22 år
674 356 53 21 eller
742 355 122 22 derutöfver
879 358 24 19 är
917 356 7 21 i

168 386 74 22 landet
264 387 78 28 bosatt,
365 389 96 27 erlägger
481 389 35 22 för
531 391 41 21 den
587 391 101 26 inkomst,
705 390 43 21 han
762 390 40 21 här
815 390 68 21 under
898 390 26 21 ti-

169 420 42 22 den
232 421 43 21 kan
298 421 113 28 förvärfva,
426 424 212 28 inkomstbevillning
653 425 68 27 enligt
736 425 110 21 enahanda
861 431 63 20 grun-

169 454 45 27 der,
230 461 46 16 som
291 456 33 21 för
337 456 83 22 landets
435 464 55 22 egna
506 458 104 29 invånare
623 461 39 19 äro
676 458 106 28 gällande.

520 527 49 27 83.

236 564 74 23 Aktie-
326 566 39 21 och
380 566 127 29 bankbolag,
524 568 83 22 hvilkas
622 568 89 26 stadgar
722 567 70 23 blifvit
802 568 120 23 öfverhetli-

166 604 42 21 gen
229 599 139 28 stadfästade,
391 601 53 21 böra
467 603 79 27 utgöra
568 602 169 28 ofvanstadgade
760 602 115 28 bevillning
889 602 33 22 för

166 632 58 22 årets
246 640 51 16 rena
319 635 63 27 vinst,
405 635 45 22 deri
472 636 134 23 inberäknad
628 636 42 22 den
686 636 41 28 del,
744 643 45 15 som
804 637 71 27 lägges
890 636 32 24 till

166 666 98 28 bolagets
279 669 123 22 reservfond
413 670 52 22 eller
480 677 78 15 annars
573 671 78 22 blifver
663 671 8 22 i
682 671 87 27 bolaget
778 670 142 23 innestäende.

166 700 122 24 Utländska
310 703 197 30 försäkringsbolag
522 707 78 26 utgöra
615 712 83 16 samma
712 705 117 28 bevillning
843 706 34 21 för
890 706 31 21 in-

165 735 99 23 kemsten
274 737 24 21 af
306 738 62 22 deras
378 740 79 21 rörelse
468 740 59 22 inom
537 740 99 28 Finland,
647 740 68 28 enligt
722 742 101 26 agentens
831 740 89 28 uppgift.

520 803 47 27 84

232 840 48 22 Ren
300 841 94 22 inkomst
417 845 24 19 är
456 844 42 20 den
514 843 128 28 behällning,
658 850 47 15 som
719 843 89 28 uppstär
823 843 27 22 dä
864 843 55 22 ifrän

163 874 43 22 den
226 875 34 24 til
282 876 118 28 penningar
421 878 145 27 uppskattade
587 878 152 27 afkastnimgen
754 878 23 22 af
791 884 27 17 em
832 884 86 22 persons

162 908 58 22 fasta
242 910 52 21 eller
315 911 79 27 rörliga
416 912 89 28 kapital,
528 912 71 28 tjemst,
622 913 82 22 rörelse
720 913 51 21 eller
786 913 133 21 arbetsverk-

162 944 90 27 samhet,
268 947 56 19 samt
338 945 56 21 ifrån
408 946 54 22 hans
478 947 160 27 förmögenhets
653 947 115 27 tillökning
782 947 8 21 i
805 947 65 27 öfrigt
883 954 35 20 ge-

162 983 50 16 nom
227 977 39 28 arf,
283 980 133 27 testamente,
432 980 160 28 fideikommiss,
608 981 59 28 fynd,
684 981 94 27 pension,
794 981 67 21 nädär
870 981 49 22 med

162 1018 59 15 mera
236 1013 100 27 afdragas
351 1014 18 27 ej
384 1015 83 22 mindre
483 1016 27 21 de
526 1015 68 28 ärliga
607 1015 135 22 underhälls-
758 1016 40 21 och
808 1016 110 21 driftkost-

160 1047 104 27 naderna,
286 1048 139 28 arbetslöner,
448 1052 72 20 ränta.
531 1050 29 27 pä
578 1051 94 26 skulder,
691 1051 85 26 sytning
790 1051 48 20 med
853 1057 64 20 mera,

161 1082 29 19 än
211 1081 63 22 äfven
296 1083 44 21 alla
359 1083 33 21 till
411 1086 77 25 staten,
504 1085 83 27 kyrkan
602 1085 53 21 eller
670 1085 128 21 kommunen
813 1085 105 27 utgäende

160 1115 112 27 utskylder
287 1116 24 22 af
323 1117 56 22 hvad
394 1124 64 16 namn
474 1119 40 21 och
529 1119 149 22 beskaffenhet
693 1119 27 22 de
735 1125 52 16 vara
801 1119 41 21 mä.
864 1119 54 22 Der-

159 1151 59 20 emot
240 1149 34 22 fär
292 1151 66 27 nägot
372 1151 76 29 afdrag
462 1153 48 22 icke
524 1153 38 22 ske
577 1153 34 22 för
626 1154 42 21 den
684 1153 233 28 bevillningsskyldiges

160 1183 41 22 och
222 1184 54 22 hans
291 1185 79 28 familjs
387 1187 207 28 lefnadskostnader,
610 1189 7 20 i
632 1187 75 22 hvilka
722 1188 83 27 bostad,
820 1194 53 21 egen
888 1187 29 22 el-

159 1218 33 21 ler
206 1219 61 27 hyrd,
286 1222 56 19 samt
360 1220 94 28 aflöning
469 1222 40 21 och
523 1222 113 21 underhäll
650 1222 24 21 af
687 1222 109 27 personlig
810 1222 108 27 betjening

160 1253 41 20 och
216 1253 57 22 hvad
288 1254 86 22 dermed
386 1255 119 28 jemförligt
520 1259 31 24 är,
568 1257 53 20 böra
635 1256 138 21 inberäknas.
803 1256 51 21 Icke
872 1257 44 21 hel-

158 1287 32 21 ler
212 1287 34 22 fär
265 1287 67 28 nägot
346 1289 75 28 afdrag
435 1292 65 25 göras
516 1291 33 21 för
564 1291 56 21 hvad
635 1291 43 21 den
694 1290 222 27 beviliningsskyldige

158 1321 8 21 i
182 1321 40 21 och
236 1322 34 22 för
285 1323 32 21 sin
332 1324 91 21 rörelses
438 1325 127 27 utvidgning
579 1326 89 27 nedlagt
678 1325 7 21 i
696 1325 114 26 maskiner,
823 1325 93 27 nybygg-

157 1356 73 27 nader,
246 1357 126 28 nyodlingar
386 1359 50 21 med
450 1365 61 16 mera
521 1359 83 22 sådant.
629 1359 63 22 Dock
702 1359 36 22 mä
748 1359 168 22 dividendutdel-

156 1390 77 27 ningar
255 1391 48 22 från
324 1392 70 27 bolag,
412 1393 74 23 hvilka
497 1394 85 27 jemlikt
596 1394 12 27 $
623 1395 14 21 3
653 1396 39 19 äro
707 1394 209 27 inkomstbevillning

157 1425 165 28 underkastade,
338 1429 36 18 vid
390 1428 144 27 beräkningen
549 1429 24 21 af
587 1429 180 26 bolagsmännens
779 1428 95 21 enskilda
884 1428 31 21 in-

155 1458 73 22 komst
241 1460 142 27 undantagas.

224 1499 216 23 Bevillningsutskottets
453 1502 117 18 betänkande
582 1503 36 17 N:o
630 1504 18 16 5.
