1009 1739
197 137 25 21 10
504 137 40 23 N:o
560 137 29 22 17.

516 204 13 26 8
547 205 32 20 14.

233 243 83 22 Besvär
330 243 60 22 öfver
402 244 148 27 försiggänget
565 244 34 21 val
615 243 23 22 af
651 243 181 28 länsfullmäktige
847 243 21 23 fä
883 244 40 21 hos

166 277 139 22 Guvernören
326 279 85 22 anföras
434 279 8 22 i
465 279 41 22 den
530 279 97 26 ordning,
652 285 47 15 som
718 278 34 22 för
771 279 78 22 besvär
864 279 60 22 öfver

165 311 137 23 kommunala
324 313 34 21 val
381 315 24 20 är
423 313 105 27 stadgad;
549 314 84 26 egande
653 313 146 26 Guvernören,
815 313 45 22 ifall
875 313 49 22 skäl

166 346 69 22 dertill
258 347 149 27 förekommer,
431 348 96 22 infordra
549 349 175 21 vederbörandes
746 347 122 28 förklaring,
891 350 33 20 att

165 381 57 22 inom
244 382 44 21 viss
308 382 50 21 kort
376 383 31 21 tid
428 383 98 27 afgifvas,
543 383 40 22 och
599 383 124 22 sedermera
738 382 99 22 meddela
852 383 72 28 utslag

165 416 7 20 i
188 416 66 21 mälet
269 418 75 20 senast
359 417 46 21 ätta
420 418 67 26 dagar
503 417 55 22 efter
574 418 42 21 den
632 418 49 26 dag,
698 417 13 21 &
726 417 84 21 hvilken
822 417 58 21 tiden
890 417 34 21 för

164 450 128 28 förklarings
311 450 120 28 afgifvande
450 452 147 26 tilländagätt.
629 447 66 26 Öfver
714 451 122 22 Guvernörs
851 451 73 27 utslag

164 484 8 21 i
187 487 22 25 ty
224 485 42 21 mäl
282 486 35 21 mä
331 486 79 22 besvär
424 487 48 21 icke
486 486 93 22 anföras.

514 545 64 25 8415.

233 583 86 27 Derest,
342 584 7 22 i
370 584 54 28 följd
442 585 23 21 af
482 584 90 22 anförda
591 585 83 26 besvär,
691 584 170 27 länsfullmäktig
875 583 48 23 frän

165 617 38 21 sitt
217 618 99 28 uppdrag
332 619 73 27 skiljes
422 620 40 21 och
478 626 71 15 annan
564 626 79 20 person
659 619 49 22 icke
723 619 69 21 tillika
806 619 116 22 förklarats

164 652 49 21 vald
236 653 32 21 till
288 653 176 28 länsfullmäktig,
484 654 113 22 förordnar
613 654 140 22 Guvernören
769 654 33 21 till
817 653 104 28 ofördröj-

164 686 40 27 ligt
220 688 134 22 anställande
370 688 22 22 af
406 690 48 26 nytt
468 689 41 21 val.
541 689 75 27 Styrkt
632 688 85 22 afskrift
727 688 23 22 af
758 688 71 27 utslag
840 688 8 22 i
859 688 64 22 dessa

164 720 42 22 mål
229 722 39 21 bör
290 728 78 21 genom
390 723 153 22 Guvernörens
566 723 85 27 försorg
674 724 158 21 länsutskottet
846 725 77 25 genast

164 756 118 22 meddelas.

513 787 11 26 8
543 788 32 20 16.

232 825 192 29 Länsfullmäktige
440 827 40 22 och
496 827 142 27 suppleanter
653 826 67 28 väljas
736 826 33 22 för
778 828 33 20 tre
822 827 34 26 är;
868 826 55 22 dock

164 860 88 21 utträda
268 860 73 28 hvarje
356 862 24 21 är
395 861 136 28 fullmäktige
547 861 40 22 och
603 862 140 27 suppleanter
758 861 33 22 för
806 868 26 15 en
843 861 79 27 tredje-

164 893 34 22 del
221 894 23 21 af
264 894 212 29 länstingsomrädet,
495 896 7 21 i
520 896 82 22 hvilket
623 896 102 22 afseende
744 896 37 21 det
796 895 55 22 först
865 902 55 15 sam-

164 929 156 22 manträdande
343 930 119 27 länstinget
483 930 61 22 delar
563 930 217 27 länstingsomrädets
796 930 126 21 kommuner

163 962 7 21 i
186 963 33 21 tre
234 964 49 21 med
299 963 82 28 hänsyn
397 965 33 21 till
445 964 147 27 fullmäktiges
608 965 58 21 antal
682 965 26 21 sä
722 964 45 22 vidt
782 964 82 27 möjligt
879 964 44 21 lika

164 1002 100 22 grupper,
281 998 107 22 hvarefter
404 1005 76 21 genom
496 999 93 27 lottning
604 999 131 22 bestämmes
751 999 7 21 i
774 999 84 21 hvilken
875 999 48 21 ord-

163 1031 51 27 ning
229 1032 27 21 de
272 1033 32 21 till
319 1033 73 28 hvarje
408 1040 69 21 grupp
493 1034 97 21 hörande
605 1033 135 27 fullmäktige
756 1033 41 22 och
808 1033 114 28 supplean-

163 1066 34 21 ter
212 1065 64 23 skola
290 1068 94 21 utträda.
415 1068 33 22 De
463 1069 133 25 kommuner,
613 1069 72 21 hvilka
701 1068 31 21 till
747 1067 52 28 följd
810 1067 63 22 häraf
882 1074 40 21 ega

164 1101 33 20 att
220 1103 50 20 utse
293 1108 41 21 nya
355 1102 135 28 fullmäktige
513 1103 40 22 och
577 1103 141 27 suppleanter
737 1103 7 21 i
764 1103 26 21 de
806 1102 116 27 afgängnes

163 1134 70 28 ställe,
250 1135 62 22 skola
327 1136 23 22 af
363 1137 159 22 länsutskottet
537 1138 103 21 anmodas
656 1139 34 20 att
704 1143 42 22 nya
760 1137 34 22 val
808 1136 34 23 för
856 1137 65 21 ända-

162 1169 66 22 mälet
244 1170 152 28 ofördröjligen
412 1172 99 21 anställa.

513 1235 11 27 &
541 1237 32 19 17.

232 1273 24 28 Ej
274 1274 36 21 mä
325 1275 47 26 den,
389 1281 47 16 som
451 1275 33 22 till
498 1275 172 26 länsfullimäktig
686 1274 69 22 blifvit
769 1275 55 26 vald,
839 1275 82 22 undan-

162 1307 68 27 draga
250 1308 34 27 sig
302 1309 60 22 detta
383 1310 131 26 förtroende,
532 1310 74 21 sävida
622 1310 41 21 den
680 1309 62 22 valde
758 1310 18 27 ej
794 1310 26 21 de
836 1312 86 20 senaste

162 1343 34 20 tre
219 1342 52 22 åren
295 1343 125 28 tjenstgjort
441 1345 73 21 såsom
532 1345 122 26 fullmäktig
673 1344 54 22 eller
742 1345 95 27 uppnått
852 1345 68 21 sextio

162 1376 35 22 års
213 1377 61 22 ålder
289 1378 53 21 eller
357 1379 58 21 visar
430 1379 50 27 laga
494 1379 77 22 förfall.

231 1411 57 22 Sker
303 1412 108 28 afsägelse
426 1413 24 22 af
463 1413 225 28 länsfullmäktigskap
703 1413 36 22 vid
754 1412 130 23 valtillfället
893 1413 29 28 på

163 1446 69 26 grund
256 1446 23 22 af
299 1447 102 28 fullgjord
424 1449 144 26 tjenstgöring
585 1447 69 22 under
675 1448 28 22 de
718 1449 88 20 senaste
822 1449 32 20 tre
870 1447 51 22 åren
