1009 1739
322 159 22 20 U.
357 159 23 20 B.
393 169 22 4 —
426 159 61 24 Prop.
500 159 38 20 N:o
550 160 28 18 17.
783 160 21 17 13

83 224 49 21 nyss
154 218 98 27 antydda,
274 217 113 28 lämpligen
409 217 70 22 kunde
500 217 141 22 öfverlemnas
664 217 22 22 åt
708 217 118 28 länstinget,

83 252 85 21 säkrast
182 252 33 21 får
229 252 32 21 sin
276 252 88 27 lösning,
380 252 66 21 sedan
462 252 68 21 denna
544 252 120 21 institution
680 252 82 27 engång
768 251 59 22 kom-

84 286 39 21 mit
140 287 7 20 i
165 285 139 22 verksamhet.
334 285 33 22 Då
385 286 69 21 denna
472 286 136 21 verksamhet
626 286 67 27 enligt
711 286 115 21 utskottets

83 320 71 27 tanke,
170 320 130 27 småningom
314 319 70 22 blefve
399 326 45 15 mer
460 320 38 21 och
514 326 45 16 mer
571 320 182 27 fruktbringande,
762 320 66 21 borde

86 354 40 22 den
140 354 140 27 förhoppning
295 360 51 15 vara
360 354 126 27 berättigad,
501 355 33 20 att
548 354 104 27 styrelsen
671 355 4 20 i
690 360 80 16 samma
779 354 48 21 mån

85 388 62 22 äfven
162 389 49 21 ville
225 388 49 27 ingå
288 388 27 27 på
329 388 190 27 lagförändringar,
535 388 137 27 hvarigenom
684 388 62 23 fältet
757 389 31 21 för
797 388 31 21 in-

84 423 134 21 stitutionens
233 421 105 28 uppgifter
353 422 39 21 allt
407 428 58 16 mera
479 422 109 27 vidgades.
611 422 57 21 Utan
682 422 73 22 tvifvel
770 423 59 21 kom-

86 463 40 19 me,
147 457 67 21 under
232 462 80 15 samma
329 456 157 27 förutsättning,
502 456 80 27 jemväl
605 456 114 22 ständerna
741 458 37 24 att,
794 456 35 22 vid

86 490 110 22 stiftandet
218 490 22 21 af
260 496 40 22 nya
322 490 65 27 lagar,
406 490 23 22 åt
444 490 243 28 länsrepresentationen
702 491 72 21 anvisa
789 490 39 22 allt

85 524 53 22 flera
152 524 156 28 befogenheter.

153 559 69 21 Jemte
240 559 35 21 det
294 558 104 22 utskottet
414 559 91 21 sålunda
523 561 70 19 ansett
610 558 76 28 frågan
701 565 33 15 om
749 559 80 21 länsre-

87 593 153 27 presentations
255 593 182 27 åvägabringande
452 593 7 21 i
474 593 72 22 landet
560 593 94 21 hvarken
670 593 58 26 böra,
744 599 34 15 om
790 592 40 22 ock

87 627 54 21 blott
158 627 33 21 för
210 628 68 20 denna
296 627 61 27 gång,
372 627 86 21 förfalla
473 627 54 22 eller
540 628 82 20 lemnas
637 628 105 21 beroende
757 627 27 27 på
798 627 32 21 in-

87 661 75 22 fående
178 661 22 21 af
213 662 71 20 vidare
299 662 112 26 utredning
422 667 75 21 genom
508 668 27 14 en
546 661 33 21 för
590 662 121 21 ändamålet
718 662 54 27 ånyo
780 661 50 21 ned-

88 697 44 20 satt
149 695 84 27 komité,
251 696 39 20 har
308 695 103 22 utskottet
430 696 125 26 emellertid,
574 696 130 21 beträffande
718 696 57 21 tiden
791 695 39 21 och

88 731 64 21 sättet
170 730 33 21 för
221 730 67 21 denna
305 730 130 21 institutions
453 730 110 20 införande
582 730 91 21 medelst
691 730 40 22 den
746 730 35 26 lag
796 735 34 16 om

88 764 98 26 länsting,
202 770 43 15 som
260 764 103 21 utskottet
378 770 28 14 nu
420 764 96 21 kommer
525 765 31 20 att
570 764 79 21 föreslå
660 764 33 21 till
705 763 125 28 antagande,

87 798 69 21 funnit
171 798 32 26 sig
217 798 52 21 böra
283 797 56 22 fästa
354 798 44 26 vigt
412 797 35 22 vid
457 798 67 26 några
536 798 52 21 härå
599 798 129 22 inverkande
739 799 92 20 omstän-

88 832 103 26 digheter.
203 844 27 3 —
242 831 113 22 Ofvanföre
373 832 39 20 har
427 832 34 20 väl
476 832 105 21 utskottet
596 832 68 21 såsom
681 832 33 21 sin
728 832 56 27 åsigt
798 833 33 20 ut-

88 866 60 26 talat,
164 868 31 19 att
209 866 72 22 landet
291 866 57 21 hade
360 866 65 21 behof
435 866 23 21 af
468 866 162 27 ifrågavarande
641 866 125 22 institution.
782 866 50 21 Men

89 900 13 22 å
116 901 67 21 andra
198 901 58 21 sidan
272 900 38 22 bar
324 900 104 22 utskottet
444 900 79 27 jemväl
538 900 123 27 framhållit,
677 902 31 20 att
723 901 59 21 detta
796 900 36 22 be-

90 934 38 22 hof
144 935 18 26 ej
183 941 49 15 vore
250 935 55 20 inom
324 934 42 21 alla
384 934 186 22 samhällsklasser
588 935 66 20 kändt
668 935 53 21 eller
736 934 96 22 erkändt.

90 968 134 22 Sistnämnda
242 968 155 27 omständighet
415 968 42 21 kan
472 969 42 25 väl,
530 969 66 26 enligt
611 969 115 21 utskottets
740 968 70 27 tanke,
825 968 8 21 i

90 1003 53 21 intet
160 1003 37 20 fall
216 1005 74 24 utgöra
308 1003 64 26 något
390 1003 120 26 principielt
528 1002 75 22 hinder
617 1002 33 21 för
665 1009 27 15 en
706 1003 46 26 lags
766 1002 67 21 utfär-

90 1037 68 21 dande
170 1037 7 20 i
192 1038 70 20 ämnet
276 1037 37 21 och
329 1037 46 21 icke
390 1037 74 26 heller,
480 1038 83 20 ensamt
577 1037 33 21 för
626 1037 38 27 sig,
680 1037 65 26 något
759 1037 75 21 hinder

90 1070 34 21 för
138 1071 68 20 denna
220 1071 46 26 lags
282 1071 133 21 omedelbara
429 1071 105 21 trädande
545 1071 6 20 i
563 1071 141 21 verksamhet.
725 1071 49 21 Men
786 1071 48 21 här-

90 1105 33 21 till
142 1105 84 21 komma
244 1107 55 19 ännu
317 1105 65 21 andra
397 1105 187 26 omständigheter.
613 1105 53 21 Vårt
681 1105 45 22 folk
740 1105 94 21 befinner

92 1139 32 26 sig
138 1139 7 20 i
161 1139 27 21 de
202 1139 69 21 skilda
286 1139 84 21 delarne
386 1139 23 21 af
422 1139 74 21 landet
510 1139 28 27 på
552 1145 26 15 en
594 1139 83 28 mycket
692 1139 56 22 olika
763 1139 71 21 stånd-

91 1173 66 27 punkt
171 1173 23 21 af
207 1173 129 27 utveckling;
352 1173 38 21 och
406 1173 103 21 särskildt
524 1173 44 22 står
584 1173 36 22 det
630 1173 134 22 kommunala
775 1172 61 22 lifvet

90 1209 57 19 ännu
166 1207 160 27 mångenstädes
344 1207 13 22 å
371 1207 132 28 lansbygden
519 1207 83 28 mycket
616 1207 55 22 efter
686 1209 54 20 samt
754 1206 82 22 tarfvar

91 1247 58 16 mera
167 1242 75 27 stadga
260 1242 38 21 och
317 1242 78 27 styrka,
410 1242 64 21 innan
489 1241 13 22 å
517 1242 69 21 denna
600 1242 68 26 grund
683 1242 41 21 kan
739 1241 48 21 med
802 1243 33 19 sä-

92 1275 75 22 kerhet
185 1275 39 22 och
239 1276 109 27 framgång
362 1276 72 21 vidare
450 1275 87 28 byggas.
559 1275 53 22 Lika
627 1276 84 27 obilligt
724 1275 39 22 och
778 1281 58 15 omo-

91 1309 97 26 tiveradt,
204 1315 44 16 som
264 1311 36 20 det
314 1316 50 15 vore
379 1316 34 15 om
428 1310 73 21 landet
516 1310 6 21 i
538 1310 32 21 sin
585 1309 72 22 helhet
672 1309 68 22 skulle
755 1309 81 27 nödgas

92 1343 99 22 förblifva
208 1344 7 21 i
234 1344 79 21 saknad
332 1343 22 22 af
371 1343 138 22 oftanämnda
523 1344 65 27 högre
603 1344 136 21 kommunala
752 1343 84 22 institu-

92 1377 50 27 tion,
165 1377 44 22 lika
231 1376 118 23 förhastadt
370 1384 51 15 vore
440 1378 42 26 det,
502 1378 67 27 enligt
587 1378 115 21 utskottets
716 1377 70 26 tanke,
802 1383 34 16 om

92 1412 122 21 densamma
228 1413 75 26 skulle,
313 1414 51 19 utan
375 1412 81 27 hänsyn
467 1412 34 21 till
509 1413 143 26 nyssberörda
659 1412 113 26 ätskilnad,
781 1417 56 16 ome-

93 1446 82 21 delbart
190 1446 52 22 eller
256 1447 56 21 inom
327 1447 49 20 kort
390 1447 49 21 med
454 1446 65 27 tvång
533 1447 81 21 införas
629 1446 99 22 öfverallt
739 1446 7 21 i
757 1445 79 26 landet,

161 1486 44 21 Lag-
218 1487 29 15 och
258 1486 167 17 Ekonomiutskottets
436 1486 104 17 betänkande
552 1486 35 17 N:o
600 1486 16 17 2.
