1009 1739
209 166 27 20 34
516 165 34 22 N:o
567 165 34 22 31.

181 234 101 27 olofligen
297 234 81 21 lemnat
394 235 41 20 den
452 236 22 19 åt
490 241 79 20 annan,
586 235 54 20 eller
655 235 57 20 visat
727 234 50 27 grof
791 235 149 20 försummelse

180 269 50 21 med
252 269 88 26 hänsigt
363 269 33 21 till
415 269 56 21 hvad
486 270 80 20 honom
583 269 73 27 ålegat
672 269 74 21 dervid
763 269 107 27 iakttaga;
888 269 53 21 eller

180 303 40 21 har
235 303 148 22 befälhafvare
399 304 33 21 för
447 304 85 26 förpost
548 304 52 21 eller
611 304 34 21 till
656 310 71 15 annan
740 304 113 21 enahanda
864 305 76 26 tjenst-

180 338 78 27 göring
281 338 107 21 beordrad
410 338 178 27 truppafdelning
607 339 82 20 lemnat
708 338 34 21 sin
758 340 48 25 post
823 338 65 21 innan
904 339 36 20 det

180 373 78 20 honom
283 372 59 27 gifna
365 373 121 26 uppdraget
510 373 116 27 fullgjorts,
650 373 54 21 eller
727 373 76 20 dervid
824 373 116 26 ådagalagt

181 407 49 27 grof
251 407 158 27 försummelse,
432 414 51 15 vare
508 408 84 21 straffet
615 408 91 21 tukthus
730 407 6 21 i
759 408 65 26 högst
847 408 41 21 fem
905 409 34 23 år;

180 441 82 21 skedde
286 442 82 20 brottet
391 442 5 20 i
419 442 98 21 fiendens
540 442 84 27 närhet,
646 442 74 20 dömes
735 442 34 20 till
785 442 90 21 tukthus
891 442 49 21 från

180 476 40 20 och
236 476 49 20 med
300 476 42 21 fem
359 476 33 21 till
408 476 39 21 och
463 476 49 21 med
528 476 30 21 tio
575 477 30 24 år,
622 482 48 15 men
682 482 34 15 om
727 476 135 26 betydligare
872 476 68 21 skada

182 510 62 21 deraf
266 512 105 26 uppstått,
391 511 34 21 till
444 511 119 20 dödsstratf
577 511 53 21 eller
646 510 90 22 tukthus
752 512 28 25 på
795 510 75 26 lifstid,
888 511 52 21 eller

181 544 49 22 från
246 545 40 21 och
302 545 48 21 med
366 545 30 21 tio
412 545 34 21 till
462 546 39 20 och
519 546 48 20 med
583 545 41 21 tolf
639 546 31 20 år.

253 580 93 21 Lemnar
361 580 148 21 befälhafvare
525 580 33 21 för
575 580 55 24 vakt,
646 580 53 21 eller
717 580 99 26 postkarl
827 580 53 21 eller
891 580 48 27 den,

182 620 44 15 som
251 614 32 21 till
304 614 77 27 konvoj
398 614 45 27 hör,
460 615 35 20 vid
512 617 66 18 annat
594 614 86 22 tillfälle
696 616 27 19 än
740 614 64 21 ofvan
820 616 69 25 säges,
906 615 33 20 sin

181 651 49 24 post
253 648 66 22 innan
343 649 106 27 aflösning
469 650 68 24 skett;
555 650 73 20 dömes
644 649 34 21 till
695 649 175 27 förafskedande,
887 649 53 21 eller

181 683 97 27 fängelse
295 684 19 26 ej
330 684 69 20 under
414 684 48 26 fyra
478 684 111 20 månader.

254 718 77 20 Annan
355 724 78 20 person
457 718 22 21 af
501 718 86 27 vakten,
612 724 44 15 som
675 718 46 20 före
737 718 133 26 aflösningen
887 720 52 18 utan

180 752 101 21 tillstånd
304 752 33 27 sig
360 752 115 28 aflägsnar,
494 753 81 25 dömes,
592 753 55 21 efter
663 759 45 15 som
724 752 62 21 faran
802 752 39 21 och
858 753 82 20 skadan

180 793 45 21 var,
248 787 35 21 till
306 787 90 21 tukthus
420 787 6 21 i
449 787 65 27 högst
530 787 47 27 fyra
593 788 31 26 år,
640 787 54 21 eller
709 787 98 26 fängelse
823 787 52 21 eller
892 787 48 21 ord-

180 821 133 27 ningsstraff.

524 851 10 26 S
555 852 44 19 111.

253 890 172 27 Vakthafvande,
449 897 45 15 som
519 890 138 27 uppsåtligen
677 890 123 26 lössläpper
815 890 124 26 krigsfånge

181 924 53 21 eller
249 924 83 21 häktad
348 931 84 20 person,
450 925 86 21 straffes
552 925 50 20 med
617 924 90 21 tukthus
724 924 34 21 till
774 924 39 21 och
829 924 49 21 med
894 926 46 19 åtta

180 959 30 20 år.
242 958 55 21 Sker
319 959 83 21 brottet
424 959 7 20 i
450 959 94 26 krigstid
559 959 69 21 under
644 959 139 26 synnerligen
799 958 140 21 försvårande

164 999 2 2 *
180 993 196 26 omständigheter;
394 994 73 21 dömes
483 994 34 21 till
536 993 123 28 dödsstraff,
676 993 53 22 eller
745 993 90 21 tukthus
851 995 27 24 på
895 993 45 21 lifs-

180 1027 32 21 tid
228 1027 54 22 eller
298 1028 33 21 till
348 1028 38 21 och
403 1029 48 20 med
470 1029 42 20 tolf
526 1029 30 20 år.

524 1091 11 27 $
554 1092 45 20 112.

252 1131 46 21 Har
320 1131 71 27 någon
415 1131 143 27 annorlunda,
581 1133 27 19 än
632 1131 7 20 i
657 1131 25 27 88
701 1132 40 20 110
757 1131 40 21 och
814 1132 38 19 111
870 1133 70 26 säges,

180 1165 69 21 under
272 1165 130 27 vaktgöring
424 1165 82 22 brustit
529 1166 7 21 i
559 1165 137 27 fullgörande
712 1165 24 21 af
750 1165 26 21 de
792 1165 86 27 pligter,
894 1171 46 15 som

179 1199 105 21 särskildt
300 1200 75 21 dervid
390 1200 78 21 honom
484 1200 80 27 ålegat,
580 1200 53 21 eller
649 1200 24 21 af
687 1200 26 21 de
729 1199 33 21 för
778 1199 42 21 slik
836 1200 104 27 tjenstgö-

178 1234 50 27 ring
244 1234 101 27 gällande
361 1235 148 25 föreskrifter;
526 1235 92 26 straffes,
636 1235 38 20 der
690 1235 42 20 han
749 1235 19 26 ej
785 1235 57 26 gjort
854 1234 33 27 sig
897 1235 42 20 för-

178 1269 67 21 fallen
261 1269 34 21 till
312 1275 78 15 ansvar
406 1269 69 27 enligt
490 1269 11 28 $
520 1271 46 26 121,
582 1269 49 22 med
642 1269 176 27 förafskedande,
830 1269 52 21 eller
893 1269 45 21 fän-

179 1303 59 27 gelse
254 1303 35 21 till
305 1304 39 21 och
360 1304 49 21 med
425 1311 38 14 sex
478 1305 105 20 månader
599 1304 53 21 eller
668 1303 174 27 ordningsstraff.

524 1368 11 26 $
553 1368 47 20 113.

251 1406 65 27 Hvar,
333 1413 46 15 som
395 1407 49 21 från
460 1407 139 27 dejourering
611 1407 53 21 eller
675 1413 73 14 annan
758 1406 95 21 likartad
864 1406 76 26 tjenst-

178 1440 78 27 göring
279 1441 100 27 olofligen
403 1441 91 27 afviker,
518 1442 66 21 varde
607 1442 63 20 dömd
691 1441 33 21 till
740 1440 98 27 fängelse
854 1440 6 20 i
876 1440 63 27 högst

177 1475 48 27 fyra
241 1476 104 20 månader
361 1476 54 21 eller
430 1476 34 21 till
480 1476 173 26 ordningsstrafi.
