1009 1739
209 157 25 20 12
420 156 23 23 U.
458 156 25 23 B.
499 167 30 6 —
546 156 60 27 Prop.
624 155 36 24 N:o
676 155 30 24 21.

249 212 47 21 Den
307 212 75 27 nådige
397 209 161 31 propositionen
573 213 91 22 föreslår
679 214 33 20 att
727 213 67 21 under
809 213 129 21 kommande

180 246 156 27 budgetperiod
349 246 67 21 måtte
434 247 32 21 till
482 243 181 30 Öfverstyrelsens
680 247 34 21 för
729 246 150 22 skolväsendet
895 247 43 21 för-

180 279 92 27 fogande
288 280 74 21 ställas
377 287 26 14 en
419 287 82 15 summa
517 281 23 21 af
553 281 56 22 5000
624 281 61 21 mark
700 280 82 27 årligen
796 281 53 21 eller
864 281 76 21 inalles

182 315 77 25 15,000
274 314 66 26 mark,
357 315 32 20 för
404 316 33 19 att
452 315 55 21 efter
522 315 99 27 pröfning
636 314 84 22 utdelas
735 315 33 20 till
783 315 117 20 understöd
916 315 22 20 åt

180 348 171 26 folkskollärare,
376 355 44 14 som
437 355 76 20 genom
529 349 75 21 iråkad
620 349 98 27 sjukdom
734 349 70 20 blifvit
819 349 33 20 för
865 355 25 14 en
906 349 31 20 tid

180 382 146 22 urståndsatte
342 384 32 19 att
389 383 63 21 sköta
475 383 32 21 sin
529 383 66 26 tjenst
618 383 40 21 och
682 383 68 21 måste
765 383 69 21 aflöna
849 383 88 21 vikarie.

180 416 113 22 Utskottet
307 417 42 20 kan
365 417 75 21 endast
455 417 99 21 förorda:

388 487 32 18 att
440 484 126 22 Ständerna
581 485 50 21 ville
648 486 6 20 i
670 484 72 21 denna
758 485 34 20 del
809 484 79 28 bifalla
904 484 34 20 till

320 518 40 21 den
377 518 82 28 nådiga
471 520 173 26 propositionen.

250 724 137 21 Beträffande
392 724 75 27 frågan
473 731 34 15 om
512 725 149 26 pensionering
666 724 23 21 af
696 725 69 21 lärare
774 724 39 22 och
821 724 119 22 lärarinnor

182 756 36 21 vid
234 758 111 21 städernas
360 758 124 26 folkskolor,
505 758 118 21 innehåller
638 758 161 27 propositionen
814 760 30 19 ett
860 758 80 27 förslag

182 790 33 21 till
231 792 134 26 stadganden
385 792 6 20 i
407 794 79 25 ämnet,
510 793 137 26 hvarigenom
671 793 6 20 i
700 793 61 20 detta
782 792 100 21 afseende
898 794 42 19 stä-

183 824 78 22 dernas
276 825 264 28 folkskollärarepersonal
556 827 84 21 komme
656 828 32 19 att
703 826 6 21 i
723 826 120 21 hufvudsak
858 826 82 22 likstäl-

182 858 32 21 las
229 859 49 21 med
294 860 40 20 den
350 860 27 26 på
392 860 80 22 landet.
502 861 48 21 Den
564 860 96 22 enskilde
671 860 84 21 läraren
765 860 40 21 och
818 860 122 22 lärarinnan

182 892 69 22 skulle
276 894 34 20 vid
333 894 191 27 afskedstagandet
546 894 83 22 erhålla
644 900 81 15 samma
741 894 176 27 pensionsbelopp
933 894 7 21 i

182 927 77 21 staden
276 934 44 14 som
335 928 27 26 på
378 928 74 22 landet
467 929 40 21 och
523 929 26 21 de
565 928 171 27 skiljaktigheter
758 928 48 21 från
824 928 68 27 öfriga
907 928 34 21 för

182 961 74 20 landet
272 961 98 26 gällande
385 963 267 26 pensionsbestämningar,
674 968 44 15 som
735 962 26 21 de
776 968 29 15 nu
820 961 122 28 föreslagna

183 995 149 26 stadgandena
349 995 114 28 innehålla,
487 997 52 20 bero
562 997 33 20 till
618 998 80 19 största
720 996 62 21 delen
804 996 27 27 på
854 997 40 20 den
910 996 31 21 af-

182 1028 94 21 vikande
299 1029 100 28 ställning
423 1031 101 20 städerna
546 1031 72 26 intaga
640 1030 164 21 vidkommande
825 1031 45 20 sina
884 1030 56 21 folk-

182 1062 73 21 skolor
271 1063 39 21 och
326 1063 62 22 deras
403 1064 119 21 underhåll.
546 1064 33 21 Då
594 1065 100 20 städerna
709 1071 41 20 ega
764 1071 26 14 en
800 1064 81 27 ganska
896 1066 45 19 stor

182 1096 65 21 frihet
263 1099 32 19 att
311 1097 67 21 ordna
393 1097 209 22 folkskoleväsendet
617 1099 31 20 uti
671 1098 133 26 kommunen,
829 1105 61 20 synes
904 1099 38 20 det

182 1130 63 21 äfven
261 1131 70 27 billigt
353 1133 32 20 att
408 1132 27 21 de
450 1133 7 20 i
472 1132 70 27 någon
557 1133 48 20 mån
621 1132 115 21 medverka
752 1132 32 21 till
800 1133 141 26 lärareperso-

182 1165 75 20 nalens
273 1165 155 28 pensionering,
452 1166 68 21 ehuru
540 1166 12 21 å
568 1167 68 20 andra
651 1167 62 20 sidan
729 1168 70 19 staten
814 1167 45 25 bör,
882 1167 7 20 i
904 1173 37 14 en-

182 1199 68 26 lighet
273 1199 48 21 med
344 1200 55 21 hvad
423 1201 42 20 den
487 1200 79 27 nådiga
587 1201 160 26 propositionen
766 1200 62 21 äfven
843 1200 97 27 föreslår,

181 1233 48 20 icke
251 1233 91 22 allenast
364 1233 91 28 bidraga
470 1235 48 20 med
533 1234 65 27 något
612 1235 110 20 bestämdt
742 1234 123 27 understöd,
888 1237 53 18 utan

181 1269 51 24 taga
256 1267 50 21 hela
328 1268 246 27 pensionsinrättningen
594 1269 68 20 under
677 1269 38 21 sitt
730 1269 56 26 hägn
802 1269 39 21 och
858 1269 31 20 sin
904 1275 37 20 ga-

181 1301 64 20 ranti.
276 1301 42 21 Det
340 1301 68 28 årliga
429 1302 77 27 bidrag
521 1303 33 20 till
576 1303 183 26 pensioneringen,
779 1309 45 14 som
840 1303 100 21 städerna

181 1335 87 21 komme
296 1337 32 19 att
352 1336 76 26 lemna,
455 1336 70 21 blefve
550 1337 109 21 dessutom
683 1337 67 26 enligt
774 1337 166 26 propositionen,

182 1368 24 21 så
228 1369 68 27 ringa,
320 1371 32 20 att
372 1370 119 21 detsamma
513 1370 28 27 på
562 1371 55 20 intet
639 1371 32 20 vis
694 1371 68 20 skulle
784 1370 73 22 kunna
879 1377 62 14 anses

181 1402 97 27 betunga
293 1403 26 21 de
334 1404 123 26 respektiva
472 1405 112 20 städernas
599 1405 111 26 budgeter.

251 1437 31 20 Af
289 1437 162 27 propositionen
466 1437 94 28 framgår
575 1438 46 21 icke
637 1438 131 27 fullkomligt
777 1439 84 26 tydligt,
877 1439 65 20 huru-

181 1471 50 20 vida
247 1471 43 20 den
305 1471 31 21 uti
354 1471 12 27 $
384 1471 39 21 135
447 1472 6 20 i
469 1471 265 28 folkskoleförordningen,
757 1472 66 21 sådan
846 1473 69 20 denna
930 1472 11 27 8

251 1510 151 18 Statsutskottets
414 1510 120 18 betänkande
546 1513 37 15 N:o
596 1512 30 16 10.
