1009 1739
430 153 34 22 N:o
480 154 32 21 31.
796 154 26 20 69

108 284 105 34 Förslag
231 283 42 27 till
293 284 217 34 Ordningsstadga
528 284 38 26 för
585 284 95 27 Finska
698 284 135 27 Militären.

416 347 14 22 1
448 347 82 28 Kap.

344 405 103 22 Allmänna
462 405 136 27 stadganden.

447 462 11 27 $
477 463 17 20 1.

162 502 195 27 Krigsdisciplinen
374 502 74 22 består
464 503 30 20 uti
507 504 123 25 noggrannt
641 503 140 26 iakttagande
792 503 23 20 af
824 503 26 21 de

91 537 143 26 föreskrifter,
251 543 45 15 som
313 537 110 21 meddelas
439 537 6 21 i
462 537 157 27 krigslagarne.
651 537 46 21 Den
715 537 134 27 upprätthål-

92 572 32 20 les
148 572 38 20 och
210 571 112 21 befordras
346 578 76 20 genom
446 573 76 24 sträng
540 572 172 25 subordination,
730 573 120 25 noggraunt

92 606 139 26 uppfyllande
248 605 22 21 af
284 606 94 20 förmans
396 606 149 26 befallningar,
556 606 112 26 punktligt
679 606 139 26 iakttagande
830 605 22 21 af

93 640 99 26 ordning,
208 642 174 24 samvetsgrannt
393 640 136 26 fullgörande
541 640 21 20 af
573 640 209 27 tjensteåligganden
794 642 56 18 samt

92 675 77 21 rättvis
186 674 83 22 beifran
285 675 22 20 af
322 675 177 21 underordnades
518 674 26 22 fel
562 675 40 21 och
618 674 122 22 förseelser.

448 738 11 26 $
476 738 19 20 2.

162 777 168 21 Subordination
342 778 115 26 förpligtar
469 778 161 26 militärperson
642 779 32 19 att
686 778 46 20 visa
742 778 47 20 icke
800 778 50 20 alle-

92 814 50 19 nast
158 812 32 21 sin
206 812 90 26 förman,
313 814 52 18 utan
382 813 62 20 äfven
461 818 77 20 annan,
555 818 45 14 som
617 814 24 18 är
657 812 67 26 högre
740 812 5 20 i
759 818 52 20 rang
822 812 28 20 el-

92 846 32 22 ler
140 847 60 20 äldre
216 847 6 20 i
239 846 53 27 grad
308 848 26 19 än
351 847 41 20 han
409 846 55 27 sjelf,
481 846 106 26 tillbörlig
604 846 89 27 aktning
710 846 59 21 såväl
786 846 6 20 i
804 852 45 15 som

92 883 60 19 utom
168 881 100 27 tjensten.

448 910 12 26 $
476 910 19 20 3.

161 950 34 20 Då
218 950 151 20 underordnad
388 952 52 18 utan
461 950 132 25 invändning
609 950 80 26 fullgör
706 950 94 20 förmans
817 950 33 19 be-

92 983 97 27 fallning,
213 986 24 18 är
260 984 41 21 den
324 984 134 21 sistnämnde
482 990 74 15 ensam
579 984 101 26 ansvarig
697 983 32 21 för
745 983 106 26 följderna

93 1018 66 25 deraf,
176 1021 59 18 utom
251 1019 6 20 i
274 1019 26 20 de
316 1019 44 25 fall,
377 1019 92 20 rörande
486 1019 74 20 hvilka
575 1019 5 20 i
598 1018 11 27 &
626 1019 26 20 35
664 1018 24 21 af
698 1018 151 21 militärstraff-

93 1053 62 26 lagen
172 1053 134 20 annorlunda
322 1053 95 26 stadgas.

448 1110 11 27 $
476 1111 19 19 4.

162 1151 42 20 Det
228 1150 82 27 åligger
334 1150 148 21 befälhafvare
505 1152 33 19 att
560 1150 150 27 upprätthålla
736 1150 115 21 militärisk

94 1185 92 26 ordning
208 1185 39 20 och
267 1185 100 26 disciplin
383 1185 57 20 inom
458 1185 32 20 sin
508 1187 72 25 trupp,
597 1185 74 20 utöfva
687 1184 92 21 rättvisa
796 1185 56 20 emot

94 1219 47 20 sina
161 1219 171 25 underordnade,
350 1219 120 26 faderligen
487 1219 67 20 vårda
571 1219 32 26 sig
620 1225 33 14 om
670 1219 64 20 deras
751 1218 100 21 välbefin-

93 1253 76 26 nande,
186 1255 50 24 taga
251 1253 121 21 kännedom
389 1259 34 14 om
440 1253 64 21 deras
516 1253 65 20 behof
591 1255 56 19 samt
658 1253 5 20 i
676 1253 175 20 förekommande

93 1287 38 20 fall
154 1293 51 15 vara
228 1287 62 21 deras
310 1287 124 26 rådgifvare
451 1287 39 21 och
507 1287 138 26 handledare,
662 1287 96 21 undvika
774 1287 78 20 obehö-

93 1321 34 26 rig
150 1321 112 27 stränghet
285 1321 52 21 eller
360 1321 98 26 hårdhet,
484 1327 46 15 som
549 1321 47 21 icke
616 1321 41 21 kan
674 1321 141 26 rättfärdigas
832 1321 22 21 af

93 1355 106 27 tjenstens
222 1355 130 27 fordringar,
377 1355 111 21 äfvensom
512 1357 33 19 att
563 1356 39 20 hos
619 1355 56 22 befäl
692 1355 40 21 och
748 1355 103 26 manskap

92 1390 104 26 inskärpa
212 1390 39 21 och
267 1390 129 21 underhålla
412 1390 143 21 medvetande
571 1396 33 15 om
617 1396 25 15 en
654 1390 32 20 till
699 1390 103 20 thronens
814 1389 39 21 och

92 1423 186 22 fäderneslandets
302 1424 85 21 försvar
410 1426 58 19 emot
490 1425 58 26 yttre
565 1424 39 21 och
620 1425 46 20 inre
684 1423 82 22 fiender
782 1423 72 21 kallad

92 1457 98 27 krigares
205 1458 56 26 höga
277 1458 159 21 bestämmelse.
