1009 1739
413 153 38 24 N:o
466 153 39 23 23.
797 156 13 19 5

80 219 223 28 Egodelningsrätter,
326 219 70 22 Polis-
420 219 40 22 och
483 219 201 27 Auktionskamrar,
709 219 131 22 Landtränt-

80 255 101 26 mästare,
196 253 193 27 Länebokhållare,
406 254 138 27 Styrelserna
558 254 34 22 för
607 254 59 27 sjuk-
678 254 40 21 och
728 255 110 21 kurhusen

81 287 111 23 äfvensom
207 288 34 22 för
256 288 139 27 spinnhusen,
406 288 165 22 Direktionerne
581 289 34 21 för
626 288 70 23 straff-
707 289 41 22 och
758 289 83 21 arbets-

80 322 144 27 fängelserna,
240 323 272 26 Kartasigillatakontoret,
523 323 111 22 Kontroll-
645 324 41 21 och
696 323 142 28 Myntverket,

80 357 222 26 Revisionskontoret,
318 357 188 22 Föreståndarene
520 357 34 22 för
563 357 276 28 länebyggnadskontoren,

80 391 155 28 Polytekniska
249 391 116 27 institutet,
381 391 168 22 Direktionerna
563 391 34 22 för
607 392 101 22 tekniska
718 392 55 23 real-
784 393 56 20 samt

80 426 244 27 navigationsskolorna,
341 426 197 22 Rektorsembeten
554 426 40 22 och
610 426 184 27 Lärarekollegier
803 425 37 22 vid

82 460 243 22 elementarläroverken
349 460 41 22 och
413 460 108 27 skolorna,
542 460 82 22 Chefen
639 460 33 22 för
688 461 72 21 Saima
774 460 64 21 kanal

81 495 40 22 och
141 495 263 27 Distriktsingeniörerne,
428 495 313 26 Länelandtmäterikontoren,
762 495 76 21 Direk-

80 530 87 21 törerne
189 528 33 23 för
244 530 84 20 statens
347 529 140 22 landtbruks-
507 530 41 21 och
567 529 148 27 forstinstitut,
731 529 109 22 Direktio-

80 570 67 15 nerne
171 563 33 22 för
229 563 147 22 Riddarhuset
400 564 41 21 och
465 564 34 21 för
524 564 155 26 Civilstatens-,
703 564 136 25 Militärens-,

80 598 155 22 Ecklesiastik-
244 598 41 21 och
301 598 173 22 Skolstaternas-
482 601 58 19 samt
550 598 212 22 Folkskollärarenes
774 598 65 21 enke-

82 632 40 22 och
132 632 152 27 pupillkassor,
294 632 234 27 Magasinsförvaltare,
539 632 239 28 Boställsinspektörer,
786 632 54 21 Kro-

81 666 110 27 nofogdar,
207 666 197 28 Häradsskrifvare,
420 667 127 22 Förvaltare
558 667 22 21 af
588 667 130 27 postkontor
728 666 40 22 och
778 668 61 26 post-

82 701 153 27 expeditioner,
251 701 230 26 Tulldistriktschefer,
498 702 160 21 Tullkammare
673 701 40 22 och
724 701 112 27 Tullexpe-

82 735 98 26 ditioner,
187 735 77 21 Chefer
269 726 233 41 förlotsfördelningar,
512 736 155 22 Landtmätare
676 736 34 22 och
720 736 120 25 Justerare,

82 765 214 27 Öfverforstmästare
318 770 41 22 och
374 770 166 27 Forstmästare,
556 769 284 23 Bränvinsöfverkontrollö-

80 810 36 16 rer
131 806 56 20 samt
202 804 42 22 alla
259 804 67 22 andra
341 804 69 22 under
428 804 26 22 de
470 805 68 27 högre
553 805 162 27 afdelningarna
729 804 49 22 icke
793 806 45 19 sär-

81 838 67 22 skildt
170 838 129 22 omnämnda
320 839 142 27 embetsverk,
481 839 151 27 myndigheter
646 839 40 22 och
702 839 137 27 tjenstemän,

82 873 25 21 sä
120 872 46 22 vidt
181 872 101 22 befrielse
298 872 47 22 frän
361 873 125 27 skyldighet
500 876 34 19 att
548 874 88 22 kartera
648 874 134 26 handlingar,
793 878 46 16 som

81 907 33 21 till
129 907 65 22 dessa
208 907 91 27 ingifvas
317 908 52 21 eller
384 908 23 21 af
421 908 49 22 dem
486 908 104 28 utfärdas,
606 909 48 21 icke
669 908 68 22 finnes
752 908 8 21 i
771 908 69 22 denna

80 941 125 27 förordning
220 942 146 27 uttryckligen
382 942 130 27 medgifven.

150 975 41 22 Vid
210 975 43 22 alla
269 975 157 23 ofvannämnda
442 977 53 22 verk
512 977 40 22 och
568 977 149 28 myndigheter
732 977 109 26 begagnas

80 1009 118 28 stämpladt
220 1016 83 21 papper
326 1011 52 22 eller
397 1011 196 28 kartabeläggning
616 1011 22 22 af
658 1011 183 27 nedanupptagna

80 1044 73 27 värde,
175 1044 121 22 beräknadt
317 1045 33 22 för
372 1045 64 22 hvart
456 1046 45 26 ark,
524 1046 76 22 hvaraf
618 1047 74 27 hvarje
707 1045 57 22 skild
778 1044 64 23 skrift

82 1078 52 22 eller
149 1078 107 27 handling
271 1081 96 26 utgöres,
384 1080 102 22 sälunda:

636 1166 144 22 Afdelningar.

99 1188 41 20 1:0.
170 1187 92 22 Skrifter
284 1188 40 22 och
343 1188 133 27 handlingar,
500 1195 48 15 som
679 1172 71 21 N

126 1220 24 22 af
170 1221 96 22 sökande
282 1222 53 22 eller
350 1223 104 22 svarande
472 1223 76 21 inlem-
572 1209 49 53 1:sta.
632 1213 3 45 |
647 1209 57 53 2:dra.|
713 1224 46 23 3:djo
771 1212 3 45 |
789 1223 39 18 ae

126 1261 40 16 nas
188 1255 54 22 eller
264 1258 86 26 upptes,
367 1257 62 21 skola
444 1257 104 26 antingen
569 1251 13 37 |
566 1259 271 20 7717777171
769 1251 26 37 I.
801 1251 18 37 i

126 1289 92 23 skrifvas
233 1290 30 27 pä
278 1291 118 26 stämpladt
403 1296 83 22 papper
494 1291 55 22 eller
572 1283 49 26 ||*
632 1267 27 57 E
677 1287 15 16 *
702 1265 60 58 la]
773 1265 27 56 ja
822 1283 14 16 L

126 1331 51 15 vara
194 1325 50 22 med
266 1325 62 22 karta
351 1325 92 28 belagde
458 1325 34 22 till
507 1325 41 22 föl-
563 1318 272 148 TTI]

635 1479 2 10 i
773 1351 5 136 |
810 1463 4 23 I

122 1359 67 27 jande
204 1359 90 28 belopp:

80 1397 2 8 |
125 1395 23 23 a)
159 1393 131 27 Deduktion,
319 1394 126 27 ansökning,
469 1394 80 22 besvär

156 1427 40 22 och
208 1427 67 28 libell,
284 1428 203 27 kontradeduktion,
505 1428 43 22 för-

152 1461 92 27 klaring,
276 1463 118 27 exception,
418 1462 131 22 bemötande
