1009 1739
202 160 28 21 34
410 159 25 22 U.
450 159 24 23 B.
490 173 28 2 —
533 160 66 28 Prop.
613 159 40 23 N:o
670 158 35 23 23.

246 267 60 20 teras
327 266 46 22 lika
394 271 44 16 som
461 265 125 29 gäfvobref;
609 271 49 16 men
680 267 26 20 är
720 265 20 28 ej

245 301 45 22 viss
304 307 82 15 summa
400 301 53 22 eller
466 301 56 22 visst
535 301 68 22 värde
617 301 77 26 utsatt,
705 300 36 22 be-

246 337 100 20 stämmes
368 335 196 28 stämpelpapprets
582 335 86 27 belopp,
684 334 58 23 efter

246 369 58 22 hvad
314 369 107 28 domaren,
432 370 48 22 med
491 369 103 22 afseende
602 371 13 20 ä
624 369 42 22 den
674 371 67 20 testa-

245 404 124 23 menterade
392 405 142 27 egendomens
556 405 74 26 värde,
652 403 90 28 pröfvar

244 438 89 28 skäligt,
348 438 58 22 ifrän
422 441 12 19 5
449 438 34 22 till
498 439 40 21 och
552 438 49 22 med
616 440 42 20 500
669 440 71 26 mark;
756 442 1 4 |

216 472 22 26 0)
253 473 15 21 &
282 473 104 27 egendom
400 473 69 22 under
483 473 78 22 endast
570 473 124 27 nyttjorätt,
705 473 37 22 be-
756 494 1 4 |

244 506 77 28 lägges
335 507 105 23 likaledes
450 508 57 22 efter
516 508 112 21 domarens
638 507 104 28 pröfning
755 507 2 28 |

244 541 50 22 med
308 542 173 28 stämpelpapper
490 542 51 22 frän
550 545 14 19 2
574 543 35 21 till
620 543 42 21 100
672 542 68 32 mark,
864 550 2 8 i

245 579 54 20 utan
321 577 102 23 afseende
446 578 58 27 derä,
528 584 33 16 om
580 578 56 22 visst
650 577 90 23 värde
726 573 13 37 i
769 588 2 2 |:

244 612 122 28 penningar
388 615 25 19 är
434 614 70 20 utsatt
523 612 53 22 eller
594 612 55 22 icke.
679 612 62 21 Dock

245 648 100 21 karteras
369 646 202 23 fideikommissbref
592 647 70 27 enligt
682 648 59 20 näst-

245 682 132 28 föregående
392 682 70 28 punkt
476 690 18 14 a.

188 716 128 28 Transport-
332 717 52 22 eller
398 716 195 22 öfverlåtelsebref:

217 749 33 24 1:0
266 752 14 21 å
294 751 167 27 kronorusthåll,
477 752 46 21 lika
536 752 49 21 med
601 750 114 28 köpebref;

217 788 33 19 2:0
266 786 14 21 å
294 786 166 22 kronohemman
471 786 39 22 och
520 786 68 22 andra
599 785 141 27 kronolägen-

245 820 63 22 heter
322 820 25 22 af
359 821 59 22 hvad
432 827 64 15 namn
512 821 26 21 de
553 827 54 16 vara
621 821 37 21 må
699 836 4 5 =.
734 836 5 4 .
833 823 13 19 2|
887 833 23 3 —

192 854 67 27 Vexel,
275 854 46 22 lika
336 855 48 22 med
399 855 148 27 förskrifning.

187 885 215 32 Äktenskapsförord,
426 890 28 21 dä
473 890 44 22 viss
532 896 82 15 summa
628 889 8 21 i
651 889 89 27 pennin-

216 930 42 22 gar
272 926 25 20 är
311 924 104 28 bestämd,
430 924 100 22 karteras
545 924 46 22 lika
605 924 50 22 med
662 923 78 57 ij

216 958 54 27 bref,
285 964 49 15 men
348 958 8 22 i
371 960 68 20 annat
454 958 38 22 fall
521 975 2 4 .
554 974 4 5 .
590 974 4 5 .
626 974 4 5 .
734 974 4 5 8
832 960 13 19 51!
883 969 29 4 —

239 1027 156 28 Anmärkning.
415 1027 182 28 Förskrifningar,
613 1027 255 26 kassakreditivkontrakt,
884 1033 47 15 vex-

170 1061 38 27 lar,
225 1061 193 27 depositionsbevis,
435 1062 141 27 obligationer,
594 1061 71 26 aktier,
681 1061 185 27 försäkringsbref,
879 1061 51 21 kon-

169 1097 123 25 nässement
313 1097 49 20 med
381 1096 53 27 flera
456 1097 132 26 handlingar,
611 1095 70 22 hvilka
702 1096 10 20 i
733 1095 97 27 afseende
850 1096 14 20 å
881 1095 49 21 läns

169 1130 123 22 erhållande
307 1130 32 22 till
352 1130 106 22 Finlands
473 1131 65 21 Bank
552 1131 110 26 inlemnas,
678 1132 38 19 äro
730 1130 35 27 för
774 1129 80 22 sådant
864 1129 67 22 ända-

156 1164 59 22 "mål
228 1165 44 21 icke
287 1165 155 22 underkastade
456 1165 113 27 kartering.

463 1268 56 21 111
535 1267 102 28 Kap.

321 1329 121 29 Angående
458 1329 83 23 bruket
555 1329 26 23 af
594 1329 187 29 stämpelpapper.

526 1393 13 28 8
555 1395 19 19 7.

236 1431 101 23 Skrifvas
352 1433 15 21 &
382 1439 82 16 samma
479 1433 40 22 ark
533 1433 54 22 flera
601 1432 91 23 skrifter
707 1432 53 22 eller
774 1431 157 28 afhandlingar

166 1466 26 22 af
204 1466 71 22 sädan
289 1466 157 28 beskaffenhet,
461 1469 35 19 att
511 1467 27 21 de
552 1467 56 22 hvar
620 1466 38 22 för
672 1466 41 28 sig,
729 1466 57 22 efter
800 1466 72 22 denna
886 1465 42 22 för-

236 1502 217 37 Bevillningsutskottets
465 1506 117 18 betänkande
594 1506 38 18 N:o
644 1506 18 18 4.
