1009 1739
191 157 27 32 48
423 162 23 19 U.
460 162 23 19 B.
496 172 23 3 —
531 162 64 23 Prop,
607 161 38 20 N:o
657 162 23 19 17

174 219 100 21 derifrån.
305 219 31 28 Ty
350 219 34 21 för
396 221 69 20 staten
482 219 54 22 eller
552 220 58 20 länet
625 219 69 27 ligger
704 219 37 21 det
753 219 63 27 ingen
826 219 46 26 vigt
882 219 47 21 der-

173 252 34 27 på,
222 253 56 21 huru
293 253 131 22 omfattande
447 259 26 15 en
496 253 66 21 sådan
582 253 58 21 krets
662 255 31 24 är,
710 253 53 22 eller
781 253 73 21 hvilka
870 253 60 21 delar

173 286 23 21 af
210 287 58 21 länet
281 293 45 15 som
342 287 56 21 sluta
413 287 33 26 sig
460 287 149 21 tillsammans.
639 287 62 21 Huru
724 288 55 20 stort
798 288 132 25 gemensamt

174 320 134 21 ekonomiskt
323 321 90 21 intresse
428 321 75 25 finnes,
512 321 74 21 derom
598 321 70 21 förmå
678 321 27 21 de
714 321 70 21 skilda
795 320 135 22 kommuner-

173 361 27 14 na
216 354 76 27 sjelfva
304 355 48 20 bäst
362 355 80 26 afgöra.
465 355 11 21 I
491 355 74 26 hvarje
580 355 38 21 fall
628 355 70 21 blefve
709 354 116 21 utskottets
835 360 28 15 nu
874 354 56 21 före-

174 388 74 27 slagna
263 388 186 21 kretskommuner
471 389 55 21 blott
550 389 38 21 och
604 389 49 20 bart
676 388 120 27 sällskaper
810 387 34 22 för
859 387 70 22 befor-

174 422 80 20 drande
277 421 23 21 af
320 422 111 26 jordbruk,
447 423 75 26 näring
539 429 28 14 m.
582 429 35 19 m.,
636 423 22 20 åt
676 422 73 21 hvilka
764 423 70 19 staten
850 421 80 21 lemnat

173 456 103 26 rättighet
298 458 32 19 att
348 456 92 27 pålägga
455 456 88 22 skatter.
574 456 71 21 Annat
659 462 51 15 vore
729 455 150 26 förhållandet,
895 461 34 15 om

174 495 26 15 en
216 490 34 20 del
266 489 24 21 af
304 490 40 21 den
360 490 108 21 allmänna
483 490 158 27 förvaltningen
652 489 134 22 öfverfördes
796 489 47 21 från
854 495 75 21 guver-

174 524 163 21 nörsembetena
352 524 32 21 till
400 524 26 21 de
442 530 40 21 nya
498 524 56 21 läns-
566 524 54 22 eller
635 523 245 27 kretsförsamlingarna.
896 523 34 21 Då

173 557 69 21 måste
258 558 26 20 de
299 558 69 20 bildas
383 558 7 20 i
406 558 73 27 hvarje
494 558 42 26 län,
552 558 24 21 så
592 560 31 19 att
642 558 26 21 de
688 558 137 26 fullständigt
840 557 89 21 omfatta

173 591 49 21 hela
245 592 68 20 länets
329 591 93 21 område.
452 592 65 20 Först
535 594 39 18 när
593 592 75 20 sådant
687 591 63 27 skett,
771 591 70 21 skulle
859 591 70 27 någon

173 625 68 26 utsigt
255 625 46 21 visa
316 626 32 26 sig
363 627 33 19 att
410 625 117 21 förminska
551 627 81 20 statens
651 625 90 27 utgifter
759 625 34 21 för
808 625 40 21 den
864 630 65 16 nuva-

173 659 93 21 varande
282 659 204 27 länsförvaltningen
503 660 38 20 och
558 660 97 20 använda
671 665 26 15 en
712 659 34 21 del
756 658 62 22 deraf
829 658 33 22 för
872 658 57 21 läns-

174 693 53 21 eller
249 693 132 27 kretstingen
405 694 47 20 med
474 694 63 21 deras
560 694 134 26 tjenstemän.
725 693 49 21 Men
794 694 65 20 sättet
874 692 54 21 huru

174 726 59 22 detta
248 726 55 22 skall
326 727 67 21 blifva
417 728 89 26 möjligt,
523 730 24 18 är
562 728 28 26 på
604 728 60 26 långt
686 728 39 20 när
748 728 56 20 ännu
818 726 47 22 icke
880 728 48 19 när-

174 766 58 16 mare
248 761 118 21 undersökt
382 761 52 21 eller
450 762 127 26 klargjordt.

182 806 9 4 -
242 794 32 22 På
288 795 68 26 grund
372 795 23 21 af
408 796 56 20 hvad
479 796 62 20 ofvan
559 796 75 20 endast
649 795 160 27 antydningsvis
828 794 102 22 framhäl=

173 828 43 26 lits,
225 835 51 15 anse
292 829 20 21 vi
327 829 37 21 det
378 829 148 27 föreliggande
538 830 103 26 förslaget
653 830 32 20 till
703 829 224 26 länsrepresentation,

174 862 102 21 ehuruväl
293 863 48 21 med
356 863 28 21 all
401 869 85 21 omsorg
502 864 39 20 och
558 863 172 21 erkännansvärd
751 862 128 27 skicklighet
893 864 35 19 ut-

172 896 106 26 arbetadt,
294 896 66 21 sakna
377 897 39 21 den
433 897 58 21 såväl
502 897 134 27 principiella
651 903 45 15 som
713 897 60 21 reala
791 896 75 27 grund,
882 902 45 15 som

173 930 63 25 utgör
252 930 37 21 det
304 932 56 19 rätta
383 931 92 21 vilkoret
496 930 35 22 för
546 933 32 19 att
596 931 40 21 den
653 930 87 22 dermed
756 930 96 27 åsyftade
868 930 60 21 insti-

172 963 96 21 tutionen
291 963 55 22 skall
368 963 73 22 kunna
456 964 90 21 rotfästa
566 964 33 27 sig
614 965 7 20 i
636 964 52 21 våra
704 963 169 22 administrativa
888 963 39 22 och

172 997 138 22 kommunala
324 998 156 21 förhållanden.

239 1031 114 28 Principen
368 1032 24 21 af
404 1032 123 21 kommunal
542 1032 137 27 sjelfstyrelse
694 1037 51 16 anse
760 1032 56 21 dock
830 1032 61 21 äfven
907 1033 20 20 vi

171 1064 53 21 böra
239 1065 27 26 på
281 1065 39 21 allt
335 1067 43 19 sätt
393 1065 89 22 bevaras
498 1066 40 21 och
551 1067 78 26 jemväl
642 1067 24 26 ju
681 1066 45 21 förr
740 1066 48 21 dess
803 1066 66 21 hellre
884 1066 43 21 för-

170 1098 106 27 verkligas
292 1099 7 20 i
313 1099 156 22 vidsträcktare
488 1100 91 27 omfång,
596 1102 26 19 än
637 1100 149 27 hvadBnådiga
807 1100 120 21 förordnin-

169 1138 41 20 gen
233 1132 23 21 af
276 1132 41 21 den
336 1133 14 21 6
368 1133 64 22 Febr.
453 1134 55 21 1865
524 1134 107 27 angående
646 1133 281 27 kommunalförvaltningen

169 1166 28 26 på
212 1167 74 20 landet
300 1167 82 21 lemnar
396 1169 104 26 utrymme
516 1168 39 21 för.
585 1169 49 20 Men
650 1168 21 21 vi
686 1169 36 20 äro
738 1167 136 27 öfvertygade
885 1174 41 19 om,

169 1200 32 21 att
216 1200 70 21 denna
302 1201 80 26 vigtiga
401 1201 40 21 och
456 1201 45 22 helt
516 1201 72 22 säkert
603 1201 127 26 lifskraftiga
745 1201 35 21 idé
794 1201 69 21 skulle
878 1203 48 20 väc-

168 1233 39 21 kas
222 1234 34 20 till
270 1234 35 21 lifs
320 1234 40 21 och
375 1235 88 21 tillväxa
477 1235 59 26 långt
551 1235 122 27 kraftigare,
690 1241 34 15 om
739 1241 49 15 man
798 1235 33 21 till
841 1241 27 15 en
878 1235 48 22 bör-

165 1267 39 26 jan
223 1267 87 28 åtnöjde
328 1268 32 26 sig
379 1269 48 21 med
443 1269 86 21 enklare
544 1269 78 21 former
636 1269 34 21 för
686 1269 47 21 dess
748 1269 177 27 förverkligande,

168 1301 52 21 eller
234 1301 50 21 med
302 1302 67 21 andra
388 1303 46 25 ord,
450 1309 34 15 om
499 1303 71 21 denna
584 1303 34 21 idé
634 1303 69 21 skulle
718 1303 101 21 försättas
834 1303 7 21 i
856 1303 70 22 direkt

167 1335 154 27 sammanhang
336 1336 48 21 med
392 1337 27 20 de
429 1336 129 28 förefintliga
568 1337 136 22 kommunala
714 1337 162 22 förhållandena
886 1338 40 21 och

166 1368 47 21 från
228 1369 71 21 denna
317 1369 55 22 'fasta
391 1371 69 26 grund
475 1371 55 26 finge
546 1371 112 21 efterhand
672 1371 100 21 utveckla
788 1371 40 21 och
842 1371 84 22 utbilda

166 1402 33 27 sig
221 1403 33 20 till
276 1409 27 15 en
322 1403 123 28 inrättning,
464 1411 46 15 som
529 1405 71 21 kunde
616 1405 97 27 uppbära
728 1405 40 22 och
783 1405 81 28 ingjuta
878 1407 48 25 nytt

167 1437 25 20 lif
208 1437 3 20 i
227 1437 63 22 dessa
302 1443 82 16 samma
398 1438 148 22 förhålländen
561 1439 40 21 och
616 1439 7 21 i
638 1439 39 22 allt
691 1439 73 22 vidare
778 1439 91 22 kretsar.
898 1439 27 22 Vi

235 1476 46 22 Lag-
294 1477 30 16 och
336 1477 171 18 Ekonomiutskottets
518 1478 104 17 betänkande
634 1478 36 16 N:o
682 1478 17 16 2.
