1009 1739
301 141 79 23 Ständ.
398 142 36 22 Sv.
450 153 28 4 —
493 141 71 28 Prop.
580 141 42 22 N:o
636 141 36 22 30.

340 419 121 21 Finlands
479 419 122 22 Ständers
618 420 175 27 underdåniga
808 425 61 17 svar

317 459 5 20 i
338 458 109 28 anledning
466 459 21 21 af
506 459 54 22 Hans
580 460 113 27 Kejserliga
711 460 105 27 Majestäts
832 460 34 22 nå-

317 498 47 27 diga
387 499 127 27 proposition
535 499 107 27 angående
660 500 110 27 ändringar
790 500 22 22 af
826 500 38 22 och

315 539 71 27 tillägg
401 539 31 21 till
448 539 104 22 särskilda
566 540 128 26 stadganden
710 540 5 21 i
731 540 133 28 värnepligts-

320 580 66 26 lagen.

126 654 270 29 Stormäktigste,
420 654 264 28 Allernådigste
707 654 141 30 Kejsare

350 688 58 22 och
428 688 203 23 Storfurste!

181 752 42 22 Uti
245 750 90 29 nådiga
356 752 145 28 proposition
519 752 44 22 har
584 751 90 23 Eders
696 752 173 30 Kejserliga

112 786 136 30 Majestät
262 786 32 28 på
309 786 97 28 angifna
420 786 61 30 skäl,
496 786 40 22 till
546 785 144 23 Ständernas
701 786 111 28 pröfning
823 786 45 22 och

114 820 134 28 antagande
265 819 155 23 öfverlemnat
436 820 89 28 förslag
541 820 39 22 till
594 820 138 28 förordning
746 819 126 29 angående

112 854 102 28 ändring
230 854 24 23 af
262 856 20 28 7,
293 855 34 29 36,
337 855 28 21 42
376 854 43 22 och
430 855 29 21 44
469 857 25 23 $$
504 855 9 21 i
523 854 114 28 gällande
647 854 188 29 värnepligtslag
846 854 25 22 af

113 888 45 22 den
173 890 27 21 27
216 888 129 23 December
361 890 54 20 1878
430 889 9 21 i
455 888 39 23 det
510 888 60 29 syfte
586 890 34 21 att
630 889 143 22 invänarene
783 889 9 21 i
802 888 67 22 Kuo-

111 922 86 30 lajärvi
212 923 115 23 kommun
344 922 24 23 af
380 923 72 22 Kemi
467 923 76 22 härad
553 923 79 23 blefve
642 922 120 29 delaktige
773 923 25 22 af
806 930 62 15 sam-

112 963 40 16 ma
169 957 107 23 befrielse
295 957 52 22 från
364 957 180 28 värnepligtens
563 957 137 30 utgörande,
716 964 50 15 som
781 963 87 22 genom

112 991 218 30 värnepligtslagen
350 993 24 20 är
394 991 164 28 inbyggarene
574 992 8 21 i
597 991 179 29 Lappmarkens
792 990 76 23 härad

111 1025 141 31 tillerkänd;
272 1028 34 20 att
324 1026 14 22 å
357 1025 141 23 lotsverkets
518 1026 80 29 fartyg
612 1027 8 21 i
634 1026 110 29 ärstjenst
758 1025 112 22 anstälda

111 1067 110 22 personer
235 1060 85 30 blefve,
335 1060 31 29 pä
376 1061 46 21 sätt
433 1067 38 16 om
482 1060 72 23 lotsar
565 1061 44 22 och
619 1060 162 28 lotslärlingar
790 1059 78 23 finnes

112 1094 117 31 stadgadt,
248 1094 75 23 under
342 1094 98 23 fredstid
458 1094 128 23 frikallade
604 1095 52 23 frän
674 1095 66 22 aktiv
754 1095 114 29 tjenstgö-

112 1130 55 27 ring
183 1129 43 23 och
242 1129 52 22 frän
309 1129 170 28 skyldigheten
496 1131 34 20 att
545 1129 93 22 infinna
650 1130 36 27 sig
697 1128 41 23 vid
748 1135 120 16 reservens

112 1163 186 30 öfningsmöten;
316 1166 62 20 samt
398 1165 33 20 att
446 1163 215 29 uppbädsnämden
676 1163 81 22 skulle
771 1165 96 26 utgöras

112 1197 84 23 endast
218 1198 25 22 af
260 1205 29 15 en
308 1197 240 31 krigskommissarie,
568 1198 78 22 säsom
664 1196 144 31 ordförande,
824 1197 44 22 och

112 1239 30 15 en
154 1231 115 30 juridiskt
283 1231 84 24 bildad
382 1232 150 29 sekreterare,
547 1239 51 15 som
612 1231 81 23 tillika
707 1239 55 15 vore
772 1230 96 28 ständig

111 1265 104 24 ledamot
234 1267 8 22 i
257 1266 125 23 förstärkta
397 1266 222 30 uppbädsnämden,
634 1266 38 22 till
687 1266 72 22 hvars
775 1265 94 23 förstär-

110 1299 80 24 kande
208 1308 28 15 en
252 1300 193 23 militärledamot
460 1300 81 23 skulle
556 1299 219 24 tillkommenderas
786 1299 84 23 endast

110 1335 36 22 för
164 1334 46 23 den
224 1334 42 31 tid,
282 1334 30 23 dä
327 1334 123 29 uppbädet
464 1335 148 30 verkställes,
628 1335 130 31 hvarjemte
773 1333 38 23 till
828 1334 42 21 113

112 1371 12 23 $
146 1370 9 21 i
174 1369 219 29 värnepligtslagen
413 1369 133 28 föreslagits
567 1371 32 20 ett
614 1369 86 30 tillägg
716 1369 24 23 af
753 1368 116 29 innehåll,

113 1405 34 20 att
168 1403 47 22 ätal
235 1405 49 20 mot
299 1403 167 30 värnepligtig,
482 1411 51 15 som
548 1406 58 20 utan
621 1404 55 28 laga
691 1403 77 24 förfall
783 1402 86 23 under-

113 1437 53 23 låtit
182 1440 33 20 att
230 1438 93 22 infinna
337 1439 37 26 sig
390 1438 14 22 &
419 1437 183 30 uppbädsställe
617 1438 57 23 eller
684 1441 40 27 att,
735 1437 40 23 der
785 1436 86 24 sådant
