1009 1739
206 156 26 20 36
508 153 39 24 N:o
562 153 38 23 23.

246 219 63 28 Intyg
324 219 7 22 i
346 219 137 23 omförmäldt
498 220 104 22 afseende
616 220 41 21 bör
672 219 60 22 helst
746 219 110 23 meddelas
870 219 8 22 i
888 218 49 23 stad

179 254 23 22 af
216 254 142 23 ordföranden
373 255 7 21 i
395 255 143 27 Magistraten
552 255 54 21 eller
621 254 75 23 dervid
712 254 86 22 anstäld
808 254 130 27 tjensteman

179 289 40 22 och
241 290 29 27 på
292 289 74 22 landet
388 289 23 22 af
432 290 94 26 domare,
548 290 142 27 presterskap
707 289 53 22 eller
775 284 161 32 kronobetjent;

176 324 107 21 'skolande
305 324 68 21 andra
395 324 55 27 gode
473 326 57 23 män,
550 330 46 15 som
616 323 193 28 sannfärdigheten
828 323 108 28 bestyrka,

176 359 68 27 jemte
254 360 88 21 namnet
351 360 84 21 utsätta
445 359 34 21 sin
488 358 121 28 befattning
617 359 54 21 eller
679 358 40 22 sitt
726 359 52 27 yrke
789 358 40 22 och
838 357 98 23 hemvist.

525 423 13 25 $
556 424 32 19 19.

247 462 93 22 Domare
360 462 40 22 och
416 468 70 16 annan
501 462 140 28 tjensteman,
658 468 47 16 som
720 462 69 21 under
804 460 98 28 utöfning
916 461 24 22 af

178 496 34 22 sin
234 496 121 28 befattning
376 499 120 25 emottager
518 496 108 22 enskildes
644 496 88 22 skrifter
748 496 40 22 och
804 496 132 27 handlingar,

179 537 90 15 ansvare
284 531 34 22 för
333 531 63 22 deras
412 532 118 26 kartering,
547 532 38 21 der
600 531 76 25 sådan,
694 531 68 27 enligt
771 537 29 15 nu
811 530 126 22 meddelade

179 565 127 27 förskrifter,
322 566 50 22 bort
387 572 41 21 ega
443 573 53 15 rum.
520 566 34 22 Då
570 566 55 22 slika
636 566 88 22 skrifter
734 566 111 26 inlemnas,
857 565 81 27 åligger

180 600 38 22 det
236 600 85 22 derföre
340 601 41 21 den
396 601 154 27 emottagande
566 601 174 27 tjenstemannen
755 602 33 19 att
804 602 76 24 genast
895 600 42 21 till-

178 635 129 27 kännagifva
328 635 106 22 huruvida
455 636 72 26 någon
549 636 56 21 brist
627 636 8 20 i
654 635 140 27 karteringen
816 634 120 26 förefinnes,

179 670 83 21 hvilket
284 670 131 21 inlemnaren
438 670 56 22 skall
518 670 65 22 ställa
606 670 33 27 sig
660 670 34 21 till
714 669 150 26 efterrättelse,
881 668 56 22 dock

179 704 49 22 med
244 704 79 22 honom
338 704 86 22 lemnad
440 707 44 19 rätt
499 707 39 25 att,
554 705 7 21 i
576 705 37 21 fall
629 705 45 21 han
685 710 64 16 anser
760 704 41 22 den
810 703 128 22 föreskrifna

179 739 139 27 karteringen
333 746 51 14 vara
400 740 85 26 oriktig,
502 739 99 22 deröfver
616 740 66 26 klaga
698 739 39 22 hos
754 740 41 20 den
807 738 130 28 myndighet,

179 773 69 22 under
267 773 87 22 hvilken
370 774 172 27 tjenstemannen
557 774 67 28 lyder.
654 774 135 26 Ansökning,
806 780 45 15 som
866 773 7 21 i
888 773 50 21 stöd

180 808 23 21 af
223 808 57 22 hvad
298 808 178 28 författningarne
491 809 7 21 i
514 809 58 21 vissa
587 808 38 22 fall
640 808 72 22 tillåta
728 808 68 22 under
811 808 81 26 omslag
907 808 31 21 in-

180 843 86 26 sändes,
290 843 39 21 bör
348 843 6 21 i
370 844 72 26 vanlig
457 844 91 26 ordning
563 844 124 26 föreläggas
703 843 161 22 vederbörande
880 848 58 22 myn-

181 877 81 27 dighet,
278 884 52 20 som,
346 878 7 20 i
368 878 104 22 händelse
488 878 66 27 något
569 878 7 21 i
592 878 168 27 handlingarnes
776 877 109 26 kartering
900 877 38 21 be-

179 911 69 22 finnes
272 912 113 26 åsidosatt,
409 912 86 27 pröfvar
511 912 57 22 hvad
584 912 103 22 afseende
703 912 13 22 å
731 912 145 26 ansökningen
892 910 46 22 haf-

179 952 38 15 vas
232 946 43 21 må.

248 980 63 21 Hvad
326 980 91 22 sålunda
432 987 35 16 om
482 981 143 27 tjenstemäns
641 980 141 27 ansvarighet
796 982 23 19 är
830 979 108 27 stadgadt,

178 1014 36 21 må
238 1015 56 21 dock
313 1015 18 27 ej
348 1015 108 28 tillämpas
473 1016 13 21 å
500 1018 68 25 prest,
585 1015 28 22 då
628 1015 210 28 äktenskapsförord
853 1014 33 22 för
900 1015 38 21 ho-

180 1054 49 16 nom
245 1051 86 25 upptes.

525 1114 13 25 8
556 1115 33 20 20.

248 1151 41 22 Om
312 1153 116 27 stämpling
451 1153 23 22 af
492 1153 83 22 sådana
594 1155 73 26 öppna
682 1152 48 22 bref
745 1152 13 21 å
773 1152 105 26 embeten,
894 1153 45 20 vär-

179 1185 101 28 digheter
295 1186 40 22 och
350 1186 83 27 afsked,
450 1193 46 16 som
512 1187 23 22 af
549 1188 60 21 Hans
626 1187 123 28 Kejserliga
764 1187 102 27 Majestät
876 1192 64 21 egen-

179 1220 93 27 händigt
286 1221 168 28 undertecknas,
469 1223 99 26 besörjer
583 1223 41 21 den
641 1222 141 25 embetsman,
794 1227 46 16 som
850 1221 90 22 ärendet

179 1255 8 21 i
203 1254 95 23 Senaten
313 1255 125 28 föredragit.
468 1257 51 22 Men
534 1257 33 22 för
582 1257 112 26 kartering
710 1256 22 21 af
746 1256 26 21 de
788 1255 152 27 expeditioner,

179 1295 51 16 som.
250 1290 103 27 antingen
373 1291 24 21 af
414 1291 96 22 Senaten
530 1292 53 21 eller
602 1292 69 21 andra
685 1290 137 23 embetsverk
836 1289 103 27 utfärdas,

179 1329 64 16 svare
259 1324 41 21 den
316 1325 139 27 tjensteman,
471 1332 47 15 som
532 1326 152 27 expeditionen
696 1325 175 26 kontrasignerat
881 1324 57 26 eller,

179 1358 39 22 der
232 1358 189 28 kontragsination
438 1361 18 27 ej
474 1363 38 24 egt
526 1367 54 21 rum,
597 1361 127 22 densamma
738 1359 102 22 utfärdat.

248 1393 44 22 För
314 1393 65 28 öfrigt
398 1395 36 22 må
448 1395 19 27 ej
483 1396 73 27 någon
571 1396 6 21 i
593 1396 69 27 tjenst
676 1395 93 21 insättas
784 1394 53 21 eller
852 1393 88 22 dermed

178 1427 106 28 förenade
306 1428 159 23 löneförmåner
486 1430 40 21 och
549 1430 131 27 rättigheter
702 1428 158 28 tillgodonjuta,
875 1428 65 21 innan

179 1461 43 22 han
237 1461 101 23 fullmakt
352 1463 53 22 eller
420 1463 145 23 förordnande
581 1464 13 22 å
609 1463 103 27 behörigt
727 1463 118 27 stämpladt
859 1469 81 21 papper
