1009 1739
260 143 129 23 Ständ.:Sv.
406 157 26 3 —
450 144 80 27 Props.
546 144 40 21 N:o
601 144 32 21 23.

349 446 127 22 Finlands
499 446 126 22 Ständers
648 446 180 27 underdäniga

279 487 71 21 svari
368 486 108 28 anledning
494 487 21 21 af
532 487 54 21 Hans
602 487 112 27 Kejserliga
723 487 104 27 Majestäts

282 527 72 27 nådiga
372 527 126 27 proposition
509 528 106 26 angående
624 528 44 21 stäm
681 527 147 27 pelbevilining.

144 584 237 28 Stormäktigste,
397 584 227 29 Allernädigste
640 584 124 29 Kejsare

329 619 50 21 och
394 618 175 23 Storfurste!

146 660 50 21 Med
219 659 97 22 afseende
332 658 63 28 derpä
410 661 30 19 att
455 658 77 29 nädiga
547 659 148 28 förordningen
711 658 23 22 af
746 659 40 21 den
803 658 26 21 15

78 694 116 21 December
212 694 60 25 1882,
288 694 7 20 i
311 694 93 27 enlighet
418 694 103 21 hvarmed
536 694 40 21 den
592 694 23 21 af
628 694 118 21 Ständerna
754 693 36 22 vid
798 700 30 14 se-

78 730 58 20 naste
159 728 99 28 landtdag
279 728 104 28 beviljade
405 728 268 28 stämpelpappersafgiften
688 728 68 21 under
770 727 59 21 inne-

77 762 91 22 varande
190 762 141 28 skatteperiod
354 762 94 28 utgjorts,
472 762 49 21 med
537 762 56 22 detta
608 762 32 22 ärs
656 762 78 28 utgäng
748 762 82 28 upphör

76 799 31 20 att
122 798 60 27 gälla,
200 797 38 21 har
253 797 84 21 Eders
352 796 155 28 Kejserliga
523 796 124 29 Majestät
662 797 33 21 till
705 805 29 13 nu
744 796 85 21 försam-

75 832 48 21 lade
146 831 91 22 Ständer
260 831 70 21 aflätit
345 831 63 28 nädig
423 831 129 28 proposition
568 839 34 13 om
617 831 97 28 förnyadt
730 830 100 28 ätagande

76 866 23 21 af
120 866 110 21 enahanda
246 865 114 29 bevillning
376 865 65 28 enligt
456 866 7 20 i
479 866 120 22 hufvudsak
615 865 137 22 oförändrade
767 872 62 20 grun-

78 900 37 22 der
130 900 32 22 för
178 900 25 22 de
219 902 31 20 tre
266 898 138 29 nästföljande
420 900 56 21 åren.

147 936 73 20 Jemte
244 935 34 21 det
302 934 117 22 Ständerna
442 935 106 27 samtyckt
570 937 31 19 att
616 934 126 21 fortfarande
758 935 73 26 utgöra

78 969 208 28 stämpelbevillning
301 969 66 21 under
382 969 143 21 instundande
540 969 139 21 finansderiod
696 968 66 28 enligt
776 967 5 22 i
794 967 37 22 allt

78 1003 126 28 väsendtligt
226 1003 136 22 oförändrade
384 1003 98 28 grunder,
507 1003 107 22 äfvensom
628 1003 93 28 godkänt
736 1001 96 29 samtliga

77 1038 8 21 i
100 1037 76 29 nädiga
198 1037 156 28 propositionen
370 1037 117 28 föreslagna
503 1038 114 21 afvikelser
632 1037 45 22 frän
693 1045 28 13 nu
736 1036 95 29 gällande

77 1072 122 28 förordning
221 1072 8 21 i
252 1073 56 21 detta
330 1076 68 22 ämne,
414 1072 63 21 hafva
493 1072 119 22 Ständerna
627 1072 35 22 vid
678 1071 118 22 revisionen
811 1070 23 21 af

78 1114 80 15 samma
172 1106 122 29 förordning
309 1107 71 21 funnit
395 1109 116 26 yttermera
522 1107 62 28 nägra
595 1106 111 28 ändringar
716 1105 116 29 päkallade,

76 1141 26 21 de
118 1141 36 21 der
170 1141 66 21 likväl
251 1141 46 21 icke
313 1145 34 17 äro
364 1141 23 21 af
400 1141 67 28 någon
484 1149 58 14 mera
553 1141 123 28 ingripande
694 1143 68 22 natur,
774 1139 58 21 hvar-

76 1175 32 22 för
131 1176 127 27 antagandet
280 1175 23 22 af
324 1175 106 22 desamma
450 1175 47 22 icke
522 1176 87 21 innebär
630 1175 68 28 någon
716 1173 116 22 nämnvärd

76 1209 88 28 höjning
188 1210 51 21 eller
261 1210 121 28 minskning
402 1210 23 21 af
438 1210 174 21 skatteintraden.
642 1209 78 22 Denna
734 1209 39 20 har
788 1208 45 21 der-

77 1243 31 22 för
124 1243 22 22 af
160 1243 119 22 Ständerna
294 1246 78 20 ansetts
388 1245 78 26 kunna,
483 1244 117 21 oberoende
611 1243 23 22 af
642 1244 62 28 sagda
715 1243 118 27 ändringar,

76 1278 33 21 för
124 1280 59 20 nästa
198 1278 138 29 treårsperiod
352 1279 102 21 beräknas
470 1279 33 21 till
520 1279 35 21 det
569 1279 7 20 i
592 1278 74 28 nådiga
678 1277 154 30 propositionen

78 1315 91 26 antagna
184 1313 103 28 beloppet,
304 1314 92 25 730,000
411 1313 60 21 mark
487 1313 33 21 för
536 1313 50 22 året.

146 1347 34 21 Af
194 1347 25 21 de
235 1347 119 28 ändringar,
370 1348 33 21 till
418 1348 80 25 hvilka,
517 1347 67 22 såsom
600 1355 50 20 nyss
665 1347 91 28 antydts,
773 1346 60 21 Stän-

78 1381 64 22 derna
158 1381 32 21 för
206 1381 33 21 sin
256 1382 33 21 del
304 1382 93 26 beslutit,
412 1382 68 21 finnas
496 1381 27 22 de
539 1389 57 14 mera
610 1381 130 28 väsendtliga
755 1381 38 20 här
801 1387 33 14 ne-

78 1415 41 22 dan
136 1416 134 25 omnämnda,
286 1416 6 21 i
309 1416 39 21 den
365 1415 159 29 ordningsföljd,
541 1416 60 22 kvari
609 1416 25 21 de
645 1415 30 22 uti
686 1415 148 27 förordningen

77 1449 136 23 förekomma.
