1009 1739
200 149 13 20 8
402 149 24 22 U.
441 149 24 23 B.
480 162 30 3 —
524 150 66 28 Prop.
606 150 38 23 N:o
659 149 35 23 23.

171 213 56 22 hade
243 214 85 23 således
344 214 33 23 för
391 215 33 22 sin
440 216 105 22 tillkomst
560 218 34 20 att
609 217 65 22 tacka
688 215 102 23 Finlands
806 216 73 22 Banks
890 221 38 16 na-

171 249 37 20 tur
222 250 34 20 att
270 255 51 16 vara
336 250 186 23 statsinstitution.
552 251 47 22 Den
614 258 38 15 var
667 250 71 23 derför
748 251 48 22 icke
807 250 68 23 heller
885 250 43 27 hög

171 282 40 22 och
226 283 72 22 kunde
314 284 64 22 blifva
392 285 139 28 betungande
546 285 79 22 endast
640 286 28 21 då
683 286 37 21 det
736 285 64 28 gälde
818 286 109 27 hypotise-

170 317 48 27 ring
241 317 23 22 af
279 318 69 23 aktier
364 319 40 22 och
420 320 148 27 diskontering
583 320 23 22 af
618 320 74 22 vexlar
706 320 49 22 med
770 321 50 21 kort
835 320 92 22 återstå-

170 351 55 22 ende
247 352 79 28 löptid;
350 360 48 15 men
421 355 41 21 den
485 361 38 16 var
546 355 80 27 obillig,
648 355 41 22 den
706 355 124 22 afskräckte
844 355 85 22 kunder

171 385 40 22 och
232 386 133 24 förskaffade
380 389 90 22 sålunda
485 389 103 22 Finlands
604 390 62 21 Bank
682 396 27 16 en
724 389 128 28 oförmonlig
866 390 60 21 ställ-

170 421 51 27 ning
236 421 7 21 i
258 422 162 23 konkurrensen
443 424 51 22 med
516 425 190 27 privatbankerna.
736 425 44 21 Det
798 424 76 22 funnes
891 424 36 21 två

170 457 45 19 sätt
239 458 33 19 att
294 457 93 28 afhjelpa
410 458 70 22 denna
502 459 125 27 olägenhet:
650 459 38 21 det
711 465 41 16 ena
775 460 33 20 att
827 460 100 26 borttaga

170 490 242 29 stämpelskyldigheten
427 494 7 20 i
450 494 102 21 Finlands
574 494 69 26 Bank,
667 494 38 22 det
720 494 67 21 andra
802 496 33 19 att
850 493 76 22 dekre-

169 526 47 20 tera
238 525 42 22 den
303 526 67 22 också
392 526 33 23 för
448 528 26 22 de
490 528 99 22 enskilda
603 528 116 22 bankerna.
750 528 8 21 I
776 534 76 16 senare
867 528 60 22 fallet

168 559 73 23 kunde
256 560 126 23 densamma
396 562 56 22 dock
467 563 42 21 lätt
524 563 108 27 kringgås.
663 563 138 27 Naturligare
816 569 51 15 vore
879 563 47 21 der-

169 594 33 22 för
227 595 41 22 den
290 595 58 23 förra
370 596 119 28 lösningen,
514 604 46 16 som
580 598 63 22 äfven
658 598 36 21 vid
710 600 88 20 senaste
812 597 114 27 Landtdag

168 630 67 21 redan
258 632 78 26 antogs
358 631 24 22 af
394 632 192 27 Borgareståndet,
602 633 69 21 ehuru
686 632 72 22 tidens
773 632 111 28 knapphet
899 632 28 22 då

168 664 49 22 icke
232 665 88 27 medgaf
332 668 32 20 att
379 666 54 22 söka
447 667 34 22 för
496 667 67 22 saken
580 667 63 21 vinna
657 669 32 19 ett
700 663 158 31 samstämmigt
868 669 58 19 stän-

169 698 117 28 derbeslut,
311 700 40 22 och
374 700 138 28 hvarigenom
537 702 322 27 stämpelbevillningsintraden
878 702 48 21 lede

168 739 27 16 en
211 733 55 28 årlig
288 734 120 28 minskning
423 736 23 21 af
460 736 98 28 omkring
574 736 64 27 8,000
653 736 67 27 mark,
737 736 120 22 beräknadt
872 736 56 22 efter

167 767 146 23 förhållandet
327 769 68 23 under
410 772 87 20 senaste
514 771 38 21 tid.

236 803 31 21 På
282 804 27 22 de
325 804 23 22 af
360 805 159 22 motionärerne
536 805 89 22 anförda
641 805 48 21 skäl
707 805 40 22 har
762 805 112 22 Utskottet
888 805 38 22 be-

168 837 61 22 slutit
249 838 81 22 föreslå
352 838 101 28 fogandet
473 840 23 21 af
510 846 26 16 en
552 840 141 27 anmärkning
709 840 35 21 vid
760 840 67 21 slutet
842 839 23 22 af
878 840 11 28 $
906 842 18 24 6,

168 871 138 28 hvarigenom
321 873 124 23 bestämdes
463 876 32 20 att
510 874 133 28 handlingar,
660 874 24 22 af
697 874 55 22 hvad
770 874 48 27 slag
832 874 27 22 de
874 881 52 15 vara

167 906 41 27 må,
224 913 47 15 som
286 907 34 22 för
334 908 46 22 låns
396 908 125 22 erhållande
536 908 90 28 ingifvas
642 908 33 22 till
690 908 102 22 Finlands
807 909 67 27 Bank,
892 908 34 23 för

167 941 79 22 sådant
260 942 99 21 ändamål
375 942 47 22 icke
438 945 37 20 äro
491 944 161 21 underkastade
668 944 120 26 kartering;
805 944 40 21 och
855 943 71 22 blefve

166 976 7 21 i
188 975 54 28 följd
265 976 63 22 bäraf
349 977 115 28 ändringar
486 977 141 28 erforderliga
648 978 81 27 jämväl
744 978 6 21 i
767 977 27 22 de
812 977 37 22 två
871 978 55 21 sista

166 1013 124 20 momenten
305 1011 69 22 under
388 1012 102 22 rubriken
506 1013 146 27 förskrifning.

234 1045 16 28 $
264 1047 34 20 10.
328 1046 84 27 Nädiga
434 1047 161 28 propositionen
618 1049 70 20 rättar
712 1049 32 20 ett
758 1047 7 21 i
780 1053 29 15 nu
824 1047 102 27 gällande

165 1079 126 28 förordning
313 1080 176 24 förekommande
512 1081 98 28 tryckfel,
634 1082 119 21 bestående
776 1082 46 21 deri
844 1084 33 19 att
896 1081 30 31 på

166 1113 54 22 sista
242 1115 68 21 raden
324 1115 56 22 talas
397 1122 34 15 om
447 1118 96 20 närmast
558 1133 12 10 ,,
572 1117 82 26 högre"
670 1116 7 21 i
693 1116 74 21 stället
781 1115 33 22 för
829 1118 97 19 närmast

165 1148 57 27 lägre
237 1149 178 28 stämpelbelopp.

233 1184 15 25 $
262 1185 32 20 14.
309 1185 43 21 2:o.
382 1185 46 21 Här
448 1185 40 22 har
502 1185 24 22 af
539 1186 109 21 utskottet
663 1184 77 23 införts
757 1186 32 21 ett
804 1184 120 28 stadgande

164 1219 34 20 att
211 1217 101 29 fullmagt
326 1218 34 23 för
375 1220 79 21 ombud
469 1220 36 21 vid
520 1220 128 28 kyrkomöte
664 1222 30 24 är,
711 1220 7 21 i
733 1219 69 22 likhet
816 1219 50 22 med
876 1219 50 22 full-

164 1254 59 25 magt
237 1252 34 22 för
285 1253 172 28 landtdagsman,
473 1254 46 22 från
535 1254 209 28 stämpelbevillning
759 1253 98 27 fritagen.

232 1289 56 20 15:o.
319 1288 115 23 Utskottet
453 1289 45 27 har,
516 1289 31 22 till
562 1288 163 29 förebyggande
741 1288 23 22 af
777 1288 71 28 yppad
864 1288 60 21 tvek-

164 1321 86 22 samhet
266 1322 40 22 och
322 1322 57 23 olika
394 1323 130 28 tolkningar,
545 1323 114 28 föreslagit
674 1325 34 20 att
722 1322 202 23 kommunalnämnd

163 1357 41 21 och
219 1356 218 23 folkskoledirektion
451 1358 35 21 må
501 1358 76 27 läggas
593 1358 33 21 till
643 1358 27 21 de
686 1357 155 28 myndigheter,
852 1357 73 21 hvilka

164 1397 41 22 ega
219 1393 99 26 mottaga
332 1391 40 22 och
388 1392 87 22 utfärda
490 1393 135 27 ostämplade
636 1392 134 27 handlingar,
782 1391 49 22 med
842 1391 82 22 undan-

163 1428 38 25 tag
216 1426 79 21 endast
310 1425 24 22 af
346 1427 209 27 tjenstefullmagter.

232 1461 56 21 18:o.
318 1460 70 22 Bland
408 1461 97 22 befriade
520 1461 144 27 inrättningar
680 1461 39 21 har
734 1461 79 27 nådiga
826 1460 98 27 proposi-

232 1499 220 23 Bevillningsutskottets
464 1500 116 18 betänkande
592 1501 38 17 N:o
643 1501 16 17 4.
