1009 1739
280 148 81 22 Ständ.
377 149 35 22 Sv.
429 161 27 3 —
473 149 69 28 Prop.
559 150 38 22 N:o
612 150 33 23 23.
784 150 27 21 51

501 213 16 26 $
532 213 34 20 33.

290 250 85 27 Hvarje
396 250 232 29 försäljningskontor,
651 252 26 20 sä
700 252 8 19 i
731 250 50 21 stad
795 255 45 15 som

218 283 32 27 pä
274 285 79 25 landet,
377 285 59 20 skall
451 286 47 19 alla
514 285 148 28 söcknedagar
672 285 60 26 frän
748 283 92 22 klockan

222 318 35 20 nio
268 318 53 26 före
335 319 117 27 middagen
470 319 35 20 till
520 320 34 26 sju
570 319 55 26 efter
640 319 116 26 middagen
768 317 72 21 hällas

222 353 69 26 öppet.
321 352 107 21 Beträdes
450 353 204 28 försäljningsman
677 353 48 21 med
743 352 98 27 försum-

222 386 62 20 melse
300 386 52 20 eller
368 387 60 20 visar
443 386 44 21 han
502 387 90 27 ogenhet
608 387 51 21 eller
670 387 58 20 beter
738 385 34 28 sig
784 385 58 20 otill-

222 419 98 26 ständigt
336 421 54 18 emot
405 419 152 26 allmänheten,
574 420 66 20 varde
654 421 76 25 genast
740 419 58 26 frän
810 417 32 20 be-

218 452 130 27 fattningen
372 452 58 21 skild
452 453 39 20 och
514 460 75 14 annan
607 453 203 27 försäljningsman
832 451 9 19 i

222 486 55 20 hans
292 487 64 20 ställe
373 487 167 27 tillförordnad.

500 545 15 27 $
530 546 36 20 34.

290 583 31 27 Ej
343 584 35 20 må
395 583 204 29 försäljningsman
622 586 26 25 af
669 584 81 27 köpare
760 582 83 28 fordra

222 624 66 20 mera,
304 620 28 18 än
348 618 41 20 den
404 625 91 19 summa,
512 618 69 21 hvarå
592 619 106 27 stämpeln
710 618 74 27 lyder
776 612 10 38 ;
794 616 48 21 sker

223 652 80 20 sådant
329 652 73 26 likväl,
429 659 93 13 ansvare
544 652 45 21 han
612 652 75 24 derför
710 653 72 19 såsom
800 650 42 27 för

224 686 64 26 olaga
303 686 99 26 uppbörd
418 686 38 20 och
474 693 50 13 vare
540 686 62 28 äfven
618 688 9 18 i
642 687 58 20 detta
712 686 43 27 fall
766 686 77 26 genast

221 719 57 26 från
296 719 148 27 befattningen
460 720 66 21 skild.

498 783 17 27 $
532 784 34 20 35.

296 821 41 21 Vid
352 822 111 27 utgången
479 822 31 27 af
521 822 75 28 hvarje
612 823 59 27 halft
686 823 27 19 år
729 821 59 21 skall
803 820 41 20 allt

224 855 72 21 osåldt
320 854 145 27 kartaförråd
480 855 40 21 hos
536 856 25 20 de
576 858 95 24 antagne
682 854 162 28 försäljnings-

224 890 92 18 männen
339 889 129 25 inventeras,
491 889 55 27 efter
564 889 148 27 förteckning,
736 894 45 15 som
797 888 47 20 dem

224 922 84 27 åligger
319 922 66 27 förut
402 923 23 19 in
441 924 67 26 duplo
525 926 111 24 upprätta,
652 926 55 18 samt
723 922 58 21 hvad
796 921 48 20 der-

224 956 29 27 af
271 957 37 20 hos
328 957 46 20 dem
398 959 27 18 är
440 957 8 20 i
463 957 72 20 behåll
551 958 35 19 till
602 959 62 19 nästa
680 956 89 27 halfårs
784 955 60 20 redo-

224 991 86 26 visning
326 991 159 20 utbalanseras.

292 1025 66 26 Efter
374 1025 104 21 anmälan
497 1025 30 27 af
539 1025 241 28 försäljningsmannen
792 1022 53 27 för-

224 1061 70 18 rättas
317 1059 97 20 nämnda
436 1060 138 26 inventering
597 1060 13 19 å
634 1060 103 26 tjenstens
760 1059 85 25 vägnar

223 1092 134 28 afgiftsfritt
372 1093 30 26 af
414 1093 36 20 två
467 1095 231 26 magistratspersoner
712 1093 8 20 i
728 1092 51 21 stad
786 1093 58 19 samt

224 1127 29 26 af
264 1126 134 28 kronofogde
414 1128 52 20 eller
482 1127 56 21 hans
554 1127 171 27 tillförordnade
737 1125 77 22 ombud
830 1125 14 19 å

226 1161 79 26 landet,
321 1161 79 26 hvilka,
417 1161 29 20 då
462 1162 25 20 de
503 1162 42 20 allt
560 1161 78 27 riktigt
648 1161 88 27 funnit,
749 1160 33 27 på
792 1159 52 25 för-

226 1194 124 28 teckningen
372 1196 52 20 eller
448 1196 301 27 inventeringsinstrumentet
764 1193 82 21 sådant

226 1228 104 28 bestyrka.
364 1229 42 21 Och
430 1229 56 22 skall
510 1229 92 21 berörda
620 1230 138 23 instrument,
774 1227 72 21 såsom

225 1262 138 27 verifikation
380 1263 42 26 för
444 1263 159 28 behållningen,
613 1264 66 26 jemte
696 1263 120 27 gvittanser
831 1260 14 19 å

224 1297 146 21 inlevererade
392 1298 67 20 medel
482 1297 88 28 bifogas
588 1297 257 27 försäljningsmannens

225 1331 145 28 redovisning,
394 1332 70 25 deraf
476 1334 77 18 tvenne
568 1331 115 27 exemplar,
700 1331 36 20 det
751 1336 41 14 ena
803 1328 43 27 för

224 1367 32 18 att
281 1366 8 19 i
312 1365 164 21 landskontoret
494 1365 110 26 förvaras
620 1364 38 21 och
673 1364 35 21 det
723 1363 74 21 andra
812 1364 34 19 att

224 1399 84 28 bifogas
325 1399 174 21 landskontorets
516 1399 96 27 räkning
627 1399 59 27 öfver
696 1397 150 27 kartasigilla-

225 1434 113 26 tamedlen,
362 1434 69 20 innan
454 1433 42 21 den
512 1434 29 20 15
553 1433 129 28 påföljande
698 1432 50 21 Juli
764 1430 38 21 och
818 1430 29 20 15
