1009 1739
309 149 27 24 U.
350 151 24 22 B.
390 162 28 4 —
432 151 66 28 Prop.
515 150 38 23 N:o
568 149 36 23 23.
771 150 27 20 41

68 216 131 27 bevakning,
215 216 100 22 karteras
330 215 46 22 lika
390 222 44 15 som
450 215 76 28 bilaga
540 215 9 22 i
564 215 124 27 allmänhet,
700 215 73 21 derest
782 214 51 27 den,

68 250 35 22 för
124 251 88 22 hvilken
231 250 152 27 bevakningen
402 250 58 29 sker,
480 250 19 27 ej
517 251 25 20 är
557 249 50 22 från
622 249 56 22 bruk
692 248 26 23 af
730 249 105 27 stämpel-

72 291 84 21 papper
170 285 96 27 befriad;

139 326 54 20 24:0.
216 325 50 21 Alla
281 297 243 59 arfskiftesinstrument
534 324 40 22 och
584 323 105 23 likaledes
700 323 131 28 bouppteck-

70 359 200 27 ningsinstrument,
295 359 28 21 då
345 359 61 22 boets
428 358 104 22 behållna
553 365 82 15 summa
654 358 20 27 ej
693 359 86 27 uppgår
797 357 35 22 till

71 393 129 22 femhundra
214 393 72 27 mark;

140 435 55 20 25:0.
218 432 115 28 Donation,
353 439 45 15 som
417 432 7 22 i
438 432 124 28 penningar
576 432 52 22 eller
643 432 67 22 värde
726 432 19 28 ej
762 431 69 22 öfver-

71 467 69 28 stiger
154 467 125 23 tvåhundra
293 467 71 27 mark;

141 509 54 21 26:0,
218 507 107 27 Resepass
346 506 34 22 för
402 506 70 22 finska
490 506 144 28 medborgare
652 506 34 22 till
701 507 58 21 orter
774 505 60 22 inom

74 541 104 27 Finland;

142 582 54 21 27:0.
219 580 159 28 Läkarebevis;

143 616 54 21 28:0.
220 615 236 28 Förtullningsinlagor
468 615 68 28 jemte
552 614 73 23 dertill
639 614 95 22 hörande
750 614 85 28 bilagor

74 650 34 22 till
129 650 155 22 tullkamrarne
306 650 40 21 och
364 650 220 26 tullexpeditionerna
602 649 9 22 i
629 649 100 27 Finland,
745 648 90 22 skrifter

75 684 39 22 och
135 684 137 28 handlingar,
295 690 45 16 som
362 684 34 21 till
416 684 194 27 tullexpeditionen
628 684 8 21 i
656 684 32 22 S:t
702 683 135 27 Petersburg

74 718 96 28 ingifvas
193 718 52 22 eller
265 718 97 22 derifrän
380 718 110 27 utfärdas;
510 718 111 22 äfvensom
641 718 146 27 ansökningar
802 723 35 15 om

75 753 125 22 erhållande
216 753 24 21 af
252 752 88 22 frisedel
354 752 34 22 till
403 752 97 28 lossning
516 752 52 22 eller
583 752 106 28 lastning;

144 795 54 20 29:0.
221 793 65 22 Bevis
302 792 61 23 öfver
378 793 149 22 hinderlöshet
542 793 34 21 till
591 793 131 27 äktenskap;

145 835 55 20 30:0.
222 833 112 22 Fullmakt
355 833 35 22 till
404 836 57 24 post-
476 834 41 21 och
530 832 260 29 jernvägsförsändelsers
804 832 33 20 ut-

77 868 96 27 tagande
188 869 56 21 samt
259 870 34 19 att
308 868 13 21 &
336 868 145 22 landtränteri
496 868 54 22 eller
562 868 50 21 från
622 874 72 15 annan
704 867 66 21 kassa
781 865 57 28 lyfta

79 903 37 21 lön
130 905 56 19 samt
201 902 58 22 låne-
275 902 52 22 eller
342 902 68 22 andra
425 902 80 27 medel;

148 944 53 19 31:0.
225 942 179 22 Poliskammares
419 942 187 28 tillständsbiljett
619 942 35 21 för
668 942 57 21 finsk
743 940 98 22 medbor-

80 983 54 21 gare
148 978 35 20 att
197 977 69 22 vistas
280 976 8 22 i
302 977 86 26 staden;

148 1013 54 19 32:0.
226 1011 224 27 Embetsskrifvelser;

147 1047 62 20 33:02
225 1045 148 28 Tjenstemans
389 1045 123 28 ansökning
528 1051 33 16 om
571 1043 165 28 handräckning
746 1044 34 21 att
789 1041 49 23 utfä

78 1080 76 21 honom
170 1079 25 22 af
207 1080 110 27 menighet
331 1079 161 22 tillkommande
509 1079 105 28 aflöning;

148 1115 54 20 34:0.
226 1113 70 22 Skrift
310 1115 39 21 och
364 1114 79 27 bilaga,
460 1120 45 15 som
521 1114 105 21 inlemnas
641 1113 25 22 af
678 1118 84 23 person,
772 1111 68 22 hvars

79 1148 117 28 fattigdom
212 1144 26 26 är
250 1149 104 27 antingen
369 1149 90 21 allmänt
473 1149 61 21 känd
548 1149 52 21 eller
609 1147 165 27 vederbörligen
783 1146 57 26 inty-

80 1183 50 28 gad,
150 1183 24 21 sä
195 1183 40 22 ock
254 1183 129 27 expedition,
398 1189 46 15 som
459 1183 34 21 till
510 1183 69 22 sädan
594 1189 76 21 person
685 1181 99 22 utfärdas
799 1180 41 21 och

79 1217 35 22 för
128 1217 90 22 hvilken
233 1217 19 28 ej
268 1217 68 22 heller
350 1217 60 22 lösen
425 1223 52 22 eger
492 1223 54 21 rum,
562 1217 88 22 hvarom
664 1216 73 28 tydlig
752 1214 89 22 anteck-

80 1251 54 28 ning
148 1252 15 21 å
178 1251 151 28 expeditionen
343 1252 39 21 bör
397 1252 48 27 ske;

150 1287 54 20 35:0.
224 1286 86 27 Utslag,
325 1286 123 27 resolution,
465 1286 76 22 ordres
556 1287 56 21 samt
626 1283 215 26 löftesförbindelser,

80 1320 204 28 vederhäftighets-,
304 1320 147 28 intecknings-
470 1321 41 21 och
527 1322 68 20 annat
608 1320 67 27 bevis,
691 1325 45 16 som
752 1319 13 21 å
780 1317 62 22 förut

80 1355 119 27 behörigen
214 1355 104 22 karterad
332 1355 75 28 inlaga
422 1355 52 22 eller
489 1355 107 28 handling
611 1355 100 26 tecknas;

151 1391 55 20 36:0.
228 1389 51 22 Alla
301 1389 181 28 undersöknings-
505 1390 41 21 och
568 1387 273 29 besigtningsinstrument,

81 1423 195 28 kostnadsförslag,
292 1423 152 28 beräkningar,
460 1424 78 21 kartor
553 1424 39 21 och
607 1423 75 27 planer
696 1421 94 23 rörande
799 1420 45 28 sjö-

82 1457 98 28 fällning,
199 1458 215 27 vattenuttappning,
434 1457 75 28 odling
525 1457 25 22 af
562 1458 52 21 kärr
628 1457 39 21 och
682 1461 88 21 mossar,
786 1455 60 21 samt

150 1497 216 23 Bevillningsutskottets
380 1497 117 18 betänkande
510 1498 37 17 N:o
559 1498 17 18 4.
