1009 1739
418 139 34 22 N:o
468 140 34 21 31.
784 139 27 20 25

156 208 122 26 Krigsman,
303 214 45 15 som
372 208 23 21 af
416 209 60 25 taget
491 207 113 28 krigsbyte
623 207 102 27 tillegnar
742 207 32 27 sig
790 207 54 21 eller

84 243 144 20 undanhåller
250 242 82 21 troféer
348 242 53 21 eller
418 244 73 25 annat,
509 248 52 20 som,
578 242 110 27 likmätigt
703 241 92 22 befälets
813 241 31 21 fö-

85 277 95 25 reskrift,
197 277 49 20 bort
262 277 6 20 i
285 277 122 26 tjensteväg
422 276 110 26 aflemnas,
550 276 84 21 straffes
646 276 49 21 med
708 276 89 21 tukthus
809 275 33 21 till

85 311 39 21 och
140 311 49 21 med
205 312 36 19 två
257 311 24 20 år
297 311 53 21 eller
366 311 105 26 fängelse.

432 368 12 27 8
461 369 33 20 77.

157 408 53 26 Den,
235 414 45 15 som
303 408 7 21 i
333 408 40 21 fält
396 409 62 25 tager
474 408 49 21 frän
543 409 77 25 nägon,
637 408 96 21 hörande
748 407 34 22 till
799 407 41 21 den

85 442 112 27 fiendtliga
212 442 156 27 krigsmakten,
384 442 57 21 hvad
452 442 33 21 till
496 442 112 27 krigsbyte
618 442 18 27 ej
646 444 64 25 göras
722 442 39 27 fär,
774 441 64 21 straf-

85 477 33 21 fes
134 478 70 20 såsom
221 476 6 21 i
244 476 24 28 $$
286 478 25 20 72
328 476 39 21 och
384 477 26 20 75
427 483 34 14 om
477 476 117 27 plundring
610 478 70 24 säges.

159 511 101 21 Föröfvas
277 511 125 27 tillgreppet
418 511 48 21 från
482 512 72 23 sårad,
572 512 47 26 sjuk
638 511 54 21 eller
707 511 135 27 krigsfånge;

85 546 65 20 varde
167 546 63 20 dömd
246 545 34 21 till
296 546 89 20 tukthus
401 546 49 20 från
466 546 40 20 och
522 546 49 20 med
587 546 35 20 två
638 546 34 20 till
691 546 38 20 och
745 546 49 20 med
810 545 34 26 sju

87 581 31 26 år,
135 580 53 21 eller
204 580 125 27 afsättning,
346 580 54 21 eller
411 580 98 27 fängelse
520 581 18 26 ej
551 580 69 21 under
631 582 31 19 ett
673 581 31 20 år.
728 580 114 20 Användes

87 615 74 21 dervid
177 615 61 25 våld;
255 614 86 22 straffes
358 615 49 21 med
423 615 91 21 tukthus
531 615 48 21 från
596 615 38 21 och
651 615 48 21 med
710 614 42 21 fem
761 614 33 21 till
804 614 39 20 och

86 650 48 20 med
158 650 29 20 tio
204 650 30 20 år.
266 650 74 26 Följde
360 649 23 21 af
397 648 79 22 sådant
491 650 50 20 våld
558 650 50 20 svår
624 649 150 27 kroppsskada
790 648 53 22 eller

86 684 40 26 ljöt
142 684 40 21 den
198 684 161 21 misshandlade
376 684 62 21 deraf
453 684 80 25 döden;
551 684 73 21 dömes
640 684 6 20 i
662 684 59 21 förra
736 684 62 20 fallet
809 683 34 21 till

86 719 90 20 tukthus
192 718 48 21 från
256 719 38 21 och
312 719 48 21 med
376 725 38 15 sex
429 719 34 20 till
480 719 40 21 och
536 719 48 20 med
600 718 42 21 tolf
656 719 31 26 är,
699 718 39 21 och
750 718 6 21 i
765 724 77 15 senare

86 752 120 22 händelsen
222 752 33 21 till
272 752 122 27 dödsstraff,
411 752 53 22 eller
480 753 91 21 tukthus
587 754 28 25 pä
630 752 76 24 lifstid.

432 811 12 26 8
464 812 32 20 78.

158 851 68 26 Tages
247 850 55 21 hvad
323 851 18 26 ej
358 850 33 22 till
407 851 114 27 krigsbyte
537 852 64 26 göras
617 851 33 21 fär
668 851 49 21 frän
734 851 47 25 den,
798 856 46 15 som

86 885 7 21 i
110 885 119 27 drabbning
246 885 69 21 dödad
332 887 30 25 är,
379 886 87 20 straffes
483 886 42 20 den
541 885 114 27 brottslige
671 886 49 20 med
736 884 108 22 förafske-

86 920 70 21 dande
172 920 53 21 eller
240 920 97 26 fängelse
353 920 53 20 eller
423 919 175 27 ordningsstrafi.

435 977 11 26 8
464 977 34 21 79.

158 1017 53 21 Den,
235 1023 45 15 som
290 1013 15 34 i
326 1017 40 21 fält
381 1017 97 26 illvilligt
497 1017 81 21 förstör
594 1017 54 22 eller
664 1018 80 20 skadar
760 1023 83 15 annans

88 1052 110 27 egendom,
223 1051 65 21 varde
305 1052 64 20 dömd
388 1051 34 22 till
438 1051 106 28 fängelse,
561 1052 53 21 eller
630 1052 6 21 i
652 1053 88 20 svårare
756 1051 38 21 fall
809 1051 34 21 till

87 1087 37 20 det
148 1093 83 20 ansvar,
256 1092 45 15 som
324 1086 64 21 ofvan
405 1086 6 21 i
428 1086 10 27 8
459 1087 27 20 72
502 1086 34 21 för
551 1086 117 27 plundring
683 1086 68 21 finnes
767 1087 76 19 utsatt.

88 1120 53 21 Sker
164 1121 78 20 sådant
258 1127 75 20 genom
350 1120 215 27 brandanläggning;
582 1121 73 21 dömes
670 1121 34 21 till
721 1120 122 27 dödsstraff,

86 1155 54 22 eller
155 1155 89 21 tukthus
260 1156 28 25 på
304 1155 69 21 lifstid
389 1155 53 21 eller
458 1155 49 21 från
524 1155 39 22 och
578 1156 49 21 med
643 1155 42 22 fem
700 1155 32 21 till
744 1155 40 21 och
795 1155 49 20 med

86 1190 41 21 tolf
142 1191 30 20 år.

404 1246 23 23 9
442 1246 86 29 Kap.

87 1298 34 22 Om
137 1298 80 27 svikligt
234 1299 118 21 förfarande
373 1299 55 20 samt
448 1304 33 15 om
498 1298 129 27 lemlästning
642 1299 38 20 och
697 1303 66 16 annan
780 1297 64 22 skada

101 1332 13 22 å
130 1333 69 26 kropp,
215 1333 5 20 i
236 1333 63 26 afsigt
314 1333 31 21 att
362 1333 66 21 befria
443 1333 32 26 sig
492 1332 45 22 från
554 1333 129 26 krigstjenst;
700 1332 25 21 så
741 1332 37 21 ock
794 1337 32 16 om

153 1367 88 28 rymning
258 1367 54 22 samt
328 1367 77 27 olofligt
421 1367 137 22 uteblifvande
573 1366 46 22 från
635 1367 143 27 tjenstgöring.

432 1413 12 26 8
460 1413 36 21 80.

157 1447 75 21 Förfar
255 1447 111 26 krigsman
390 1447 90 26 svikligt
503 1447 7 21 i
526 1447 66 27 afsigt
607 1448 33 21 att
659 1447 45 22 helt
720 1446 40 23 och
776 1446 68 22 hållet
