1009 1739
403 160 39 24 N:o
460 161 32 23 18.
785 161 12 20 5

67 237 49 14 men
132 231 82 26 uppgår
234 229 154 28 folkmängden
402 229 55 22 efter
472 230 190 27 mantalslängden
678 229 33 22 till
727 230 101 21 sextusen

67 262 108 29 personer,
199 264 69 27 väljas
291 265 36 20 två
350 264 40 21 och
405 264 131 26 derutöfver,
552 271 27 14 en
594 264 33 21 för
642 264 76 27 hvarje
733 263 48 22 fullt
796 263 32 21 tal

70 299 23 20 af
106 300 102 20 sextusen
223 305 114 20 personer;
353 298 56 21 dock
424 299 36 20 må
476 299 50 21 stad
542 298 48 21 med
605 299 84 20 mindre
705 300 27 19 än
743 299 85 20 ettusen

66 333 128 22 femhundra
216 332 102 22 invånare
342 332 103 27 antingen
468 333 32 21 för
524 333 32 26 sig
580 333 66 20 ställa
669 332 93 22 särskild
778 331 48 22 full-

67 367 82 27 mäktig
172 367 50 22 eller
246 367 40 21 ock
308 366 75 21 förena
406 367 32 26 sig
462 373 34 15 om
520 373 124 21 gemensam
660 367 167 26 landtdagsman

66 402 49 21 med
130 408 71 15 annan
218 401 56 25 stad,
290 401 92 26 hvilken,
399 401 67 27 enligt
481 401 58 22 hvad
554 401 40 21 här
610 403 24 19 är
650 401 70 27 sagdt,
737 401 44 21 kan
791 400 35 21 till

67 436 131 26 landtdagen
214 435 70 21 sända
299 435 79 21 endast
393 441 26 15 en
436 435 127 27 deputerad.

136 469 140 27 Berättigade
300 470 32 20 att
352 469 7 21 i
378 469 58 21 valet
452 469 88 27 deltaga
556 471 38 19 äro
610 469 26 21 de
652 469 139 21 medlemmar
806 468 24 22 af

67 504 169 25 stadskommun,
260 503 72 21 hvilka
355 505 37 19 äro
415 504 8 20 i
446 504 77 21 staden
541 503 179 22 mantalsskrifne
736 502 39 22 och
790 502 37 22 vid

67 538 179 27 nästföregående
269 537 109 21 allmänna
401 538 99 27 taxering
524 538 6 21 i
551 538 100 21 afseende
668 539 12 20 å
696 537 131 27 erläggande

70 572 24 22 af
115 572 58 22 skatt
196 572 32 21 till
247 572 141 21 kommunens
404 578 160 20 gemensamma
579 572 67 22 behof
659 572 84 27 påförts
759 571 69 21 skatt-

68 608 58 25 ören,
150 606 151 22 motsvarande
324 612 27 15 en
372 606 96 22 inkomst
488 606 24 22 af
529 606 65 22 minst
610 606 134 22 åttahundra
758 605 70 21 mark.

139 641 86 21 Valrätt
241 641 131 21 tillkommer
388 641 30 27 ej:

138 675 85 27 qvinna,
239 674 39 28 gift
294 675 52 21 eller
361 674 63 27 ogift;

138 710 48 25 den,
203 715 45 15 som
264 711 25 19 är
304 709 116 21 frälseman
436 709 52 21 eller
503 709 65 21 hörer
583 709 33 21 till
632 708 169 28 presteståndet;

136 743 159 27 gemenskapen
311 743 36 21 vid
366 744 25 20 de
408 743 75 21 aktiva
498 745 128 25 trupperna;

136 778 97 26 lagstadt
248 778 136 26 tjenstehjon,
401 784 47 14 som
464 780 25 18 är
504 778 8 20 i
528 778 138 21 husbondens
681 777 59 25 kost;

138 812 46 26 den,
211 818 47 15 som
283 812 72 20 häftar
380 811 34 21 för
438 812 51 21 flere
516 814 26 19 än
566 811 180 27 nästföregäende
768 811 58 21 ärets

71 846 94 27 oguldna
180 846 178 26 stadsutskylder.

138 880 63 21 Valet
222 880 104 21 förrättas
344 880 56 21 inför
419 880 145 27 Magistraten
582 881 29 26 pä
626 880 73 21 dertill
714 880 68 26 utlyst
797 878 33 22 tid

70 914 49 22 med
135 914 71 22 sedlar
221 915 28 26 pä
265 916 43 19 sätt
324 914 40 21 och
379 914 7 20 i
402 914 41 22 den
460 915 98 27 ordning,
574 914 89 22 hvarom
679 914 26 21 de
720 914 106 21 valberät-

71 948 72 27 tigade
158 948 50 21 med
223 948 141 27 iakttagande
380 948 22 21 af
416 948 164 21 föreskrifterna
594 949 7 20 i
613 949 71 20 denna
695 948 134 25 Landtdags-

69 983 92 26 ordning
176 983 32 26 sig
223 983 90 25 förenat,
329 983 53 20 eller
398 982 12 21 å
426 984 94 20 stämma
536 982 55 22 inför
606 983 144 26 Magistraten
764 981 66 22 fram-

70 1017 58 21 deles
144 1017 192 21 öfverenskomma.
534 1017 3 2 :

138 1051 98 21 Rösträtt
262 1051 131 21 tillkommer
421 1051 27 21 de
471 1051 173 27 valberättigade
670 1051 68 26 enligt
762 1050 68 21 sädan

70 1085 76 27 grund,
170 1087 33 19 att
226 1091 26 15 en
270 1085 60 26 hvar,
348 1091 46 15 som
410 1085 67 27 enligt
493 1086 41 21 den
550 1085 138 22 kommunala
704 1085 127 26 taxeringen

70 1121 25 19 är
118 1119 132 28 uppskattad
272 1119 34 21 till
329 1121 31 20 ett
378 1119 132 22 skattöretal
525 1120 153 21 motsvarande
694 1119 66 21 minst
775 1119 55 20 ätta-

70 1153 84 22 hundra
170 1154 73 21 marks
258 1154 95 21 inkomst
368 1153 7 22 i
391 1154 57 21 valet
464 1154 98 27 deltager
576 1154 34 21 för
620 1154 96 21 nämnda
726 1153 104 21 inkomst-

71 1188 77 27 belopp
172 1188 48 21 med
243 1195 26 14 en
288 1190 53 24 röst,
361 1190 56 19 samt
437 1190 32 19 att
485 1189 124 21 derutöfver
624 1188 33 21 för
672 1188 74 27 hvarje
762 1187 68 21 öfver-

71 1222 114 27 skjutande
200 1223 98 20 skattöre
314 1223 108 21 beräknas
438 1229 26 15 en
480 1225 46 19 röst
536 1223 58 21 ända
605 1223 32 21 till
649 1223 40 21 och
700 1221 49 22 med
760 1221 70 28 tjugu-

71 1256 42 21 fem
135 1258 76 24 röster,
230 1257 82 21 hvilket
332 1259 24 19 är
372 1257 36 21 det
424 1257 78 27 högsta
518 1257 91 22 röstetal
624 1258 72 26 någon
712 1257 44 20 kan
771 1255 60 22 inne-

70 1291 73 21 hafva.
163 1291 25 27 Ej
205 1291 35 21 mä
256 1291 55 22 dock
326 1291 72 27 nägon
413 1292 36 21 vid
464 1292 58 21 valet
532 1292 74 21 utöfva
616 1293 90 20 rösträtt
717 1291 33 21 för
761 1292 69 19 större

71 1325 60 21 antal
146 1327 76 24 röster,
239 1327 28 20 än
282 1332 47 15 som
345 1332 77 15 svarar
438 1327 58 20 emot
512 1332 25 15 en
554 1325 151 22 femtiondedel
718 1324 22 22 af
749 1325 26 21 de
785 1324 45 21 val-

70 1359 148 27 berättigades
234 1360 163 27 sammanlagda
415 1361 126 27 röstbelopp
558 1360 54 21 efter
628 1359 145 27 röstlängden.

139 1394 147 27 Röstlängden
308 1394 55 21 skall
385 1395 66 21 minst
474 1396 48 20 ätta
545 1395 68 26 dagar
628 1394 46 21 före
688 1394 58 21 valet
761 1393 71 21 hällas

72 1428 13 20 &
108 1428 117 27 kungjordt
248 1429 62 21 ställe
333 1428 108 27 framlagd
463 1429 34 21 till
520 1429 80 21 allmän
618 1428 140 27 granskning.
788 1427 44 21 An-

70 1461 116 27 märkning
208 1464 58 20 emot
289 1463 125 21 densamma
432 1463 40 21 bör
487 1463 41 21 hos
543 1463 143 26 Magistraten
701 1461 131 22 framställas
