1009 1739
186 167 12 20 6
492 167 36 21 N:o
544 166 37 22 25.

158 235 120 27 behörigen
301 235 161 26 genomdragna
481 235 40 21 och
537 235 138 27 paginerade,
692 234 24 21 af
729 234 139 27 länestyrelse
883 239 35 15 ve-

160 269 135 22 derbörande
312 269 183 22 tillhandahållas.

512 333 11 27 8
543 334 18 19 9.

226 371 114 22 Guvernör
362 373 131 21 tillkommer
513 375 38 24 att,
568 373 34 21 för
618 373 114 26 uppsigten
748 372 59 21 öfver
822 371 96 22 tillverk-

156 407 79 26 ningen
251 406 23 21 af
287 407 151 27 maltdrycker,
455 407 59 21 inom
531 407 59 22 länet
605 407 93 21 tillsätta
709 407 75 26 nödigt
795 406 59 21 anta]
865 406 53 21 kon-

155 441 101 21 trollörer
272 443 56 19 samt
344 442 32 20 att
391 441 121 21 kontrollör
528 441 48 21 från
592 442 48 20 dess
657 440 120 27 befattning
793 440 70 28 skilja.

226 476 129 20 Kontrollör
378 476 43 20 kan
444 476 116 21 förordnas
584 478 32 19 att
638 477 28 25 pä
682 482 26 15 en
724 476 55 26 gäng
795 474 122 22 handhafva

157 510 123 21 kontrollen
302 510 35 21 vid
360 510 51 21 flere
435 510 135 27 närbelägna
593 510 126 27 bryggerier
742 510 39 21 och
801 510 116 26 ätnjuter
906 506 15 36 i

158 544 79 22 arvode
261 544 48 27 fyra
329 545 63 26 penni
408 544 33 22 för
456 545 76 27 hvarje
548 545 86 27 lispund
650 544 60 26 malt,
727 550 45 15 som
788 544 106 21 användts
910 544 7 20 i

157 579 26 21 de
206 580 70 20 under
294 579 54 21 hans
364 580 85 26 uppsigt
464 580 97 21 varande
577 579 132 27 bryggerier,
726 579 56 21 intill
799 579 48 21 dess
863 585 54 15 sam-

158 614 116 26 manlagda
290 614 100 26 beloppet
405 614 68 22 under
488 616 32 20 ett
536 614 24 21 är
571 615 85 27 uppgär
666 614 34 21 till
710 614 105 20 femtusen
826 613 90 26 lispund,

157 650 57 19 samt
229 650 37 19 tvä
282 649 65 26 penni
362 648 33 21 för
410 649 75 27 hvarje
501 650 88 26 lispund
606 648 130 22 derutöfver.

225 683 51 21 Kan
299 683 87 27 lämplig
408 683 121 21 kontrollör
550 685 58 19 emot
623 682 136 22 förestäende
776 682 78 21 arvode
870 681 46 21 icke

156 717 100 26 erhållas,
273 717 114 21 ankomme
404 717 12 21 å
432 717 104 22 Senatens
552 717 268 27 Ekonomiedepartement
836 718 37 24 att,
889 717 27 25 pä

156 752 162 21 vederbörande
345 751 122 22 Guvernörs
492 752 166 26 framställning,
685 752 89 26 tillägga
799 751 119 21 kontrollör

157 786 93 21 särskild
266 786 126 27 ersättning.

510 833 12 25 $
540 834 32 20 10.

224 872 128 21 Kontrollör
368 872 80 26 äligger
464 874 38 24 att,
520 873 79 21 medan
614 872 139 27 tillverkning
767 872 74 27 pägär,
853 872 65 20 minst

156 908 78 20 tvenne
258 906 80 27 gänger
361 907 6 20 i
390 907 107 21 mänaden
516 907 82 21 besöka
614 907 106 27 bryggeri,
737 906 113 21 hvaröfver
866 912 52 20 upp-

157 940 70 27 sigten
250 941 70 20 blifvit
343 941 79 20 honom
446 941 136 26 anförtrodd,
606 943 31 19 att
658 941 74 20 dervid
749 941 67 20 afläsa
832 940 40 21 och
885 941 34 26 ju-

156 977 61 19 stera
239 975 153 21 maltmätaren
408 977 58 24 eller,
482 977 6 20 i
506 976 36 21 det
557 976 32 21 uti
611 976 5 27 $
639 976 5 20 7
661 981 64 15 mom.
741 976 13 19 3
770 974 88 27 angifna
873 974 45 26 fall,

157 1009 54 22 efter
234 1016 72 14 annan
329 1009 142 23 föreskrifven
494 1010 70 27 grund
587 1012 80 19 utröna
683 1009 40 21 den
740 1009 104 26 gvantitet
860 1009 58 25 malt,

159 1050 46 15 som
222 1044 67 21 sedan
305 1046 49 19 näst
369 1045 131 27 föregäende
518 1045 67 20 besök
600 1045 104 24 skrotats,
722 1045 32 19 att
770 1043 106 21 anteckna
886 1049 33 15 re-

157 1079 90 20 sultatet
263 1079 111 21 äfvensom
389 1079 60 22 tiden
464 1079 33 21 för
518 1079 90 21 besöket
624 1079 7 20 i
648 1079 41 20 den
702 1078 84 27 jemlikt
802 1078 11 27 $
829 1078 12 21 8
857 1077 63 21 förda

155 1113 95 26 journal,
268 1114 32 19 att
315 1113 49 21 föra
379 1115 31 19 ett
425 1113 51 22 kort
492 1113 114 27 protokoll,
623 1112 153 22 innehällande
792 1111 128 27 anteckning

158 1147 74 21 derom
256 1147 110 21 äfvensom
389 1148 93 21 rörande
506 1148 27 21 de
556 1147 102 28 ätgärder
682 1147 40 21 och
746 1146 173 27 anmärkningar,

157 1181 89 21 hvartill
269 1181 120 21 kontrollör
411 1182 102 27 möjligen
536 1181 71 22 funnit
623 1181 33 27 sig
672 1181 129 26 föranläten,
818 1182 54 19 samt
888 1181 33 20 att

157 1215 35 21 för
208 1215 67 27 öfrigt
294 1215 62 26 tillse,
376 1217 33 20 att
424 1215 168 22 föreskrifterna
606 1216 7 21 i
630 1216 71 21 denna
716 1215 126 26 förordning
857 1215 64 21 efter-

159 1249 75 22 lefvas.

505 1296 12 27 8
535 1297 33 20 11.

227 1335 44 22 För
294 1336 74 27 hvarje
392 1336 87 27 gvartal
502 1336 56 21 skall
581 1335 122 22 kontrollör
718 1335 57 21 inom
791 1334 37 22 tvä
844 1335 78 21 veckor

158 1369 54 22 efter
228 1370 49 21 dess
292 1370 82 27 utgäng
389 1371 34 20 till
440 1370 141 22 Guvernören
596 1371 7 20 i
618 1371 60 20 länet
694 1369 90 22 insända
801 1368 85 22 afskrift
900 1368 24 21 af

159 1404 41 21 den
217 1404 34 21 vid
268 1405 123 26 bryggeriet
407 1405 63 21 förda
482 1405 90 27 journal
587 1406 57 20 samt
660 1403 72 22 tillika
745 1403 102 28 uppgifva
856 1403 66 21 huru-

157 1438 52 21 vida
230 1439 116 26 journalen
372 1439 202 22 öfverensstämmer
598 1439 50 22 med
672 1438 36 21 det
731 1437 24 22 af
775 1437 148 22 kontrollören

156 1473 64 21 förda
236 1473 117 26 protokoll,
373 1473 111 22 äfvensom
500 1473 34 21 för
550 1473 64 27 öfrigt
630 1473 60 21 fästa
705 1471 217 28 uppmärksamheten
