1009 1739
200 182 26 32 50
425 189 22 18 U.
460 189 22 18 B.
497 199 21 3 --
530 188 63 23 Prop.
606 188 38 18 N:o
655 187 29 19 17.

470 381 177 25 Reservation.

247 448 37 22 Uti
302 448 38 22 sitt
358 448 79 27 förslag
456 449 33 21 till
507 450 35 24 lag
558 454 34 16 om
607 448 93 26 länsting
716 448 38 21 har
768 448 106 21 utskottet
888 448 47 22 från

177 483 14 20 2
206 482 12 27 8
233 482 7 20 i
255 482 41 21 den
312 482 77 27 nådiga
404 482 160 27 propositionen
580 482 98 22 uteslutit
693 482 67 21 andra
775 482 119 26 meningen,
912 482 24 21 sä

178 516 100 26 lydande:
299 515 43 27 ,,Ej
358 516 36 20 må
409 514 69 28 likväl,
494 516 93 26 såframt
601 516 44 21 icke
659 515 107 22 särskilda
781 516 153 26 omständighe-

178 551 30 19 ter
226 549 111 26 föranleda
356 550 113 26 undantag,
488 552 45 25 nytt
549 550 192 27 länstingsområde
756 549 74 27 bildas,
846 550 37 20 der
898 556 36 15 an-

178 583 48 21 talet
248 583 185 27 länsfullmäktige,
456 584 49 21 med
522 583 132 27 iakttagande
676 583 26 26 af
717 583 104 26 nedanför
836 584 99 26 stadgade

176 618 95 25 grunder
286 617 35 25 för
336 618 62 20 deras
412 617 39 26 val,
467 617 80 21 komme
562 619 30 19 att
606 618 122 26 understiga
743 617 79 27 tjugu."'

246 652 66 20 Emot
332 652 60 21 detta
409 652 117 21 utskottets
544 652 70 21 beslut
633 652 67 21 måste
716 652 38 26 jag
768 652 85 26 inlägga
868 657 66 15 reser-

177 685 79 27 vation,
280 687 51 19 enär
354 686 36 20 det
407 686 109 21 uteslutna
531 686 127 26 stadgandet
673 685 117 21 innehåller
806 691 26 15 en
846 685 87 21 alldeles

177 719 121 26 nödvändig
319 718 154 28 inskränkning
495 720 6 20 i
521 719 129 27 rättigheten
670 721 32 19 att
722 719 48 21 dela
784 720 62 20 länen
862 720 7 20 i
883 719 51 21 flere

177 753 213 26 länstingsområden.
420 754 32 20 En
468 754 154 26 representativ
637 754 129 26 församling,
782 759 46 15 som
843 759 49 20 eger
902 755 32 19 att

177 786 122 28 öfverlägga
314 787 39 21 och
369 787 83 21 besluta
468 794 34 14 om
518 787 50 21 flere
584 788 142 25 kommuners,
743 787 133 26 naturligtvis
886 787 47 21 icke

176 820 61 22 alltid
260 820 188 22 sammanfallande
471 822 111 25 intressen,
603 822 65 20 borde
687 821 111 26 rimligtvis
814 820 46 22 icke
873 821 61 21 bestå

177 854 23 22 af
220 857 32 19 ett
273 854 73 22 alltför
367 855 48 21 litet
432 856 59 20 antal
510 855 143 26 medlemmar,
670 855 89 21 emedan
774 854 76 22 sådant
865 854 68 22 skulle

177 888 139 27 omöjliggöra
330 895 27 15 en
372 889 156 27 mångsidigare
543 889 99 27 pröfning
657 889 23 21 af
688 888 174 23 förekommande
872 890 61 20 ären-

177 922 47 21 den.
254 922 78 22 Likaså
346 929 51 15 vore
412 923 36 21 det
463 923 18 27 ej
497 923 89 27 möjligt,
602 925 32 19 att
648 923 22 21 åt
686 928 26 15 en
727 923 41 21 slik
777 922 73 26 fåtalig
860 928 72 21 repre-

176 956 107 21 sentation
298 956 96 21 anförtro
408 956 27 21 de
447 956 157 27 befogenheter,
617 963 45 14 som
674 956 106 24 utskottet
790 956 7 21 i
807 956 68 21 likhet
884 956 49 27 med

175 986 161 31 propositionen
358 991 56 20 velat
436 991 28 27 på
486 990 118 27 länstingen
624 991 111 25 öfverföra,
754 991 40 20 och
809 991 27 20 än
851 990 82 21 mindre

175 1023 72 21 kunde
270 1024 36 21 det
324 1024 6 21 i
346 1024 42 27 hög
403 1025 53 26 grad
472 1024 119 21 önskvärda
607 1024 139 27 utvidgandet
761 1024 23 21 af
797 1024 62 21 dessa
874 1024 58 21 befo-

174 1057 103 26 genheter
298 1058 7 21 i
327 1058 114 21 framtiden
464 1058 86 21 komma
570 1059 7 20 i
597 1058 65 27 fråga.
697 1057 39 22 Om
754 1057 84 22 derföre
853 1058 79 21 sådana

175 1091 45 21 små
242 1092 212 26 länstingsområden,
478 1098 46 15 som
542 1092 105 21 utskottet
666 1097 62 21 synes
746 1091 50 27 vilja
814 1091 117 26 framkalla,

174 1125 70 21 blefve
258 1124 92 27 bildade,
367 1131 50 16 vore
433 1126 88 21 dermed
536 1125 48 22 hela
599 1125 266 27 länstingsinstitutionens
880 1131 52 21 upp-

174 1159 40 26 gift
229 1159 89 22 förfelad
334 1160 40 20 och
390 1160 41 21 den
446 1160 49 21 med
511 1160 47 21 dess
574 1160 112 21 införande
701 1159 96 27 åsyftade
808 1159 124 26 fortgående

174 1193 151 27 utvidgningen
341 1193 23 21 af
378 1193 40 21 den
436 1194 170 26 medborgerliga
616 1193 151 28 sjelfstyrelsen
778 1193 153 27 omöjliggjord.

174 1227 47 20 Den
244 1226 63 22 ofvan
330 1227 96 26 anförda,
446 1227 24 22 af
486 1227 106 22 utskottet
611 1223 109 26 uteslutna
738 1227 112 26 meningen
866 1228 66 21 borde

172 1260 132 22 fördenskull
326 1261 124 26 bibehållas,
474 1262 24 20 så
520 1261 84 27 mycket
626 1267 60 15 mera
704 1267 45 15 som
768 1261 26 20 de
814 1261 46 21 deri
878 1262 54 20 före-

172 1294 128 21 kommande
323 1295 76 21 orden:
423 1295 37 26 ,sä
482 1295 65 22 framt
565 1295 47 22 icke
630 1295 106 21 särskilda
752 1295 180 26 omständigheter

172 1328 110 22 föranleda
304 1329 124 26 undantag"
451 1331 56 19 samt
530 1329 36 21 det
584 1329 23 22 af
620 1329 106 21 utskottet
744 1329 28 26 pä
790 1331 66 19 annat
870 1329 61 21 ställe

172 1362 84 21 införda
274 1363 97 26 tillägget
389 1369 34 15 om
439 1363 99 21 eventuel
553 1363 89 26 ändring
658 1363 24 20 af
695 1363 187 21 bestämmelserna
897 1363 6 20 i
919 1362 12 27 $

173 1397 27 20 10
214 1399 53 24 göra
282 1397 37 20 det
333 1397 83 26 möjligt
431 1399 33 19 att
478 1399 51 24 taga
544 1397 65 26 nödig
627 1397 82 26 hänsyn
723 1397 33 20 till
766 1396 165 27 undantagsfall.

240 1425 137 27 Beträffande
398 1437 26 15 en
448 1431 34 21 del
500 1431 68 21 andra
583 1431 227 26 detaljbestämmelser
825 1431 6 20 i
846 1430 84 26 förelig-

171 1465 70 25 gande
263 1464 115 26 lagförslag
399 1465 39 20 har
459 1465 37 26 jag
518 1465 62 20 äfven
599 1465 55 20 varit
674 1464 23 21 af
710 1464 58 21 olika
782 1464 85 26 mening
882 1465 48 20 med

243 1504 43 20 Lag-
299 1505 30 15 och
341 1504 170 18 Ekonomiutskottets
522 1504 104 17 betänkande
638 1504 36 16 N:o
686 1505 18 15 2.
