1009 1739
192 151 12 20 6
406 148 25 22 U.
446 149 24 22 B.
485 161 29 4 —
529 148 66 29 Prop.
610 148 38 23 N:o
664 147 35 23 25.

163 216 58 20 emot
236 220 64 16 mom.
317 216 12 20 2
345 215 7 21 i
368 221 82 15 samma
465 215 20 26 8,
501 215 73 21 såsom
590 221 89 15 numera
689 214 48 22 icke
749 214 129 27 tillämpligt,
886 219 37 16 an-

163 251 55 20 setts
234 249 54 21 böra
303 249 126 22 utelemnas.
454 249 100 22 Nämnda
569 249 77 27 tillägg
661 251 24 19 är
700 249 7 20 i
723 245 147 32 efterföljande
880 247 43 22 för-

164 283 184 28 ordningsförslag
363 284 97 21 utmärkt
476 284 50 21 med
542 283 74 22 kursiv
631 283 44 22 stil.

233 317 32 22 På
282 317 112 22 enabanda
409 319 45 20 sätt
470 318 28 21 ha
512 318 128 22 betecknats
651 317 68 28 några
729 318 83 22 mindre
823 319 100 21 väsendt-

162 352 44 27 liga
223 351 23 22 af
264 352 114 21 Utskottet
396 351 124 28 föreslagna
539 352 121 27 ändringar,
677 358 46 15 som
739 353 77 20 endast
831 352 45 22 afse
892 355 32 20 ett

163 387 155 26 korrigerande
334 387 52 21 eller
400 386 151 22 förbättrande
566 387 24 21 af
602 387 176 27 uttryckssättet.

232 421 51 21 Med
305 421 110 26 undantag
435 421 23 21 af
476 421 67 21 redan
564 421 86 27 angifna
665 421 150 27 förändringar
830 421 38 21 har
884 422 39 21 Ut-

163 456 83 22 skottet
262 457 72 20 ansett
349 456 33 27 sig
396 456 54 22 böra
466 456 109 28 tillstyrka
586 456 156 26 godkännande
753 455 23 22 af
784 456 79 26 nådiga
872 462 50 21 pro-

162 490 123 28 positionen
303 490 7 21 i
326 490 61 22 detta
402 492 69 25 ämne,
487 490 87 22 hvilken
591 490 68 27 äfven,
676 490 25 22 så
716 493 39 19 när
767 496 48 16 som
831 491 28 27 på
874 491 26 21 de
916 491 6 21 i

163 526 37 21 det
215 525 131 26 föregående
362 525 94 27 antydda
471 524 149 26 afvikelserna,
637 526 25 20 är
672 525 48 21 med
732 531 28 15 nu
771 525 98 27 gällande
880 525 42 22 för-

162 560 91 26 ordning
269 559 228 22 öfverenstämmande.
518 560 46 21 Och
579 560 39 21 har
633 559 114 22 Utskottet
758 562 72 19 ansett
840 560 81 22 inkom-

163 597 48 19 sten
231 594 23 22 af
272 594 161 27 ifrågavarande
452 594 118 28 bevillning
585 594 70 22 under
670 594 157 22 tillstundande
842 594 79 22 finans-

162 629 76 27 period
253 629 73 21 kunna
342 629 128 27 uppskattas
486 629 33 21 till
531 629 112 22 enahanda
653 629 79 27 belopp
744 635 46 15 som
801 630 68 21 under
880 630 40 21 den

161 664 131 26 nuvarande,
309 664 52 21 eller
376 665 92 25 400,000
484 664 60 21 mark
560 663 33 22 för
609 664 52 21 året.

230 808 31 22 På
276 809 68 26 grund
360 808 22 22 af
396 809 37 22 det
448 809 91 22 anförda
554 809 32 21 får
601 809 241 27 Bevillningsutskottet
857 808 63 22 alltså

161 843 111 21 vördsamt
286 843 79 21 föreslå

300 919 32 19 att
347 917 84 22 landets
445 917 116 29 höglofliga
576 917 96 22 Ständer
686 917 53 27 ville,
754 917 6 21 i
769 916 151 28 hufvudsaklig

265 951 215 28 öfverensstämmelse
495 952 48 21 med
557 952 84 27 nådiga
648 952 164 26 propositionen
822 951 9 21 i
841 953 78 24 ämnet,

264 985 36 28 för
313 986 36 22 sin
365 986 33 21 del
413 989 83 26 antaga
512 993 27 15 en
553 987 25 20 så
594 985 94 28 lydande

368 1055 149 44 Förordning
536 1073 38 20 om
592 1065 141 34 bevillning
750 1065 37 27 för
806 1065 112 27 tillverk-

299 1106 61 33 ning
378 1106 27 27 af
421 1107 170 34 maltdrycker.

516 1178 48 25 81.

230 1222 131 22 Tillverkare
382 1222 23 22 af
422 1223 27 26 öl,
465 1224 75 26 porter
555 1223 53 21 eller
623 1228 71 15 annan
709 1221 119 27 maltdryck
844 1220 54 22 skall
913 1221 7 20 i

160 1256 118 27 bevillning
293 1257 88 27 erlägga
397 1257 78 22 ättatio
490 1257 65 27 penni
570 1257 33 22 för
617 1256 75 27 hvarje
708 1255 86 28 lispund
805 1255 57 26 malt,
874 1261 46 15 som

160 1291 32 20 till
208 1291 124 22 beredande
348 1291 22 22 af
384 1291 67 22 sädan
469 1292 66 27 dryck
550 1291 118 22 användes.

517 1373 13 25 8
546 1373 20 20 2.

228 1417 47 22 Har
294 1418 7 21 i
316 1418 106 27 bryggeri,
440 1418 39 22 der
493 1417 123 28 maltdryck
632 1416 119 25 tillverkas,
766 1415 70 22 under
850 1415 33 20 ett
898 1414 24 21 är

160 1452 47 21 icke
223 1451 124 22 förbrukats
363 1452 25 21 sä
404 1454 46 19 stor
466 1452 108 27 gvantitet
589 1451 60 26 malt,
661 1452 33 20 att
704 1448 216 28 bevillningsafgiften

228 1491 218 23 Bevillningsutskottets
458 1490 118 19 betänkande
589 1491 36 17 N:o
638 1491 17 17 1.
