1009 1739
394 149 54 23 N:o
465 149 51 23 78.

354 430 67 21 Hans
441 430 147 28 Kejserliga
612 431 136 27 Majestäts
764 430 73 27 nådiga

286 470 126 28 proposition
439 470 29 21 till
496 471 94 21 Finlands
614 470 95 28 Ständer,
732 470 105 28 angående

286 510 96 28 samtliga
401 510 31 22 vid
450 510 122 28 landtdagen
596 510 24 22 år
638 511 55 22 1885
710 511 77 22 äskade
801 516 36 16 an-

285 551 45 27 slag
346 551 38 21 och
400 550 113 28 utvägarne
528 551 29 21 till
574 551 61 21 deras
652 551 138 22 bestridande.

150 626 37 22 Uti
206 626 26 21 de
250 625 22 21 af
285 626 61 20 Hans
362 625 124 27 Kejserliga
501 626 104 26 Majestät
619 626 35 20 till
670 626 122 21 Ständerna
808 625 30 22 af-

80 662 62 20 lätna
156 660 80 27 nädiga
251 660 162 27 propositioner
429 661 113 26 angäende
558 660 163 27 anslagsfrägor
737 662 45 25 äro,
796 660 43 21 för-

81 697 59 19 utom
164 695 168 26 anvisningarna
355 696 28 25 pä
406 694 193 22 bränvinsskatten
623 695 40 21 och
683 695 104 27 anslagen
806 694 34 22 för

79 729 238 28 jernvägsbyggnader,
332 728 97 28 följande
445 729 91 27 utgifter
551 730 39 20 och
601 730 66 21 behof
676 729 33 22 för
720 730 52 21 ären
785 730 54 20 1886

82 765 84 21 —1888
181 764 126 21 beräknade
323 763 40 21 och
378 765 121 25 upptagna:

83 816 21 27 1)
120 816 34 20 för
168 815 132 27 landtdagen
316 816 24 20 är
358 815 62 27 1888,
436 814 7 21 i
460 816 32 20 ett
508 815 34 21 för
558 815 39 21 allt
633 832 5 4 .
690 816 98 26 240,000:
806 826 27 4 —

83 850 23 27 2)
122 850 33 21 för
177 849 148 21 folkskolorna
348 849 8 20 i
372 849 70 21 stads-
458 849 41 21 och
515 850 124 20 landskom-

121 891 75 15 muner
224 886 57 19 samt
305 884 193 21 folkskolelärares
525 884 113 27 pensione-

121 919 48 27 ring
180 925 27 15 m.
216 925 34 21 m.,
263 918 160 27 sammanlagdt
434 918 33 21 för
477 918 52 22 hela
537 919 103 26 perioden
670 919 120 27 2,516,800:
807 930 27 4 —

83 954 23 27 3)
121 954 94 20 tillskott
233 953 33 20 till
282 953 172 21 militiefondens
470 954 111 21 ordinarie
596 954 44 20 till-

122 989 88 25 gångar,
226 987 33 22 för
274 987 50 22 hela
339 987 118 27 perioden.
489 1004 4 4 .
526 1003 4 5 .
562 1004 4 5 .
598 1003 4 5 .
634 988 155 26 .10,363,394:
806 987 34 21 25.

553 1027 87 22 Summa
657 1029 133 26 13,120,194:
807 1028 34 21 25.

152 1079 74 27 Enligt
248 1080 28 20 82
295 1079 12 27 &
323 1079 7 21 i
345 1079 251 28 Landtdagsordningen
612 1080 61 21 skola
689 1080 27 21 de
732 1079 110 22 allmänna

84 1114 147 21 kostnaderna
254 1114 7 21 i
284 1114 39 21 och
346 1114 34 21 för
402 1114 108 27 landtdag
532 1115 108 21 bestridas
660 1114 23 21 af
696 1114 71 21 medel
783 1113 59 22 öfver

84 1148 74 21 hvilka
181 1148 121 21 Ständerna
324 1148 95 27 förfoga;
436 1148 40 21 och
491 1149 8 20 i
517 1150 40 20 122
573 1149 11 27 &
600 1149 24 21 af
637 1148 205 27 Värnepligtslagen

85 1185 25 18 är
126 1183 108 27 stadgadt,
247 1184 33 20 att
294 1183 63 27 hvad,
373 1183 85 21 utöfver
474 1183 170 22 militiefondens
661 1183 123 27 disponibla
799 1182 44 23 till-

84 1217 84 26 gängar
189 1217 34 21 till
246 1219 129 25 truppernas
398 1217 118 22 underhäll
534 1218 116 27 erfordras,
666 1217 57 22 skall
738 1217 104 22 betäckas

85 1251 49 21 med
157 1251 26 21 de
198 1251 77 28 medel,
291 1258 45 15 som
352 1251 34 22 för
402 1252 126 22 ändamälet
543 1252 71 21 blifvit
630 1252 24 21 af
667 1252 123 22 Ständerna
806 1257 37 15 an-

84 1285 81 22 visade.

154 1319 62 22 Hvad
241 1320 119 27 utgifterna
384 1320 34 21 för
443 1321 151 21 folkskolorna
618 1322 75 27 angär,
718 1320 65 22 hafva
808 1320 36 22 de-

86 1361 82 15 samma
182 1355 79 26 jemväl
277 1355 71 21 blifvit
362 1355 114 21 bestridda
492 1355 51 22 med
557 1355 73 22 dertill
640 1355 24 22 af
673 1355 124 22 Ständerna
807 1361 37 15 an-

85 1389 75 21 visade
182 1389 77 28 medel,
282 1389 86 22 hvadan
390 1389 211 28 folkskoleanslaget
622 1390 113 27 upptagits
757 1390 29 26 pä
808 1389 37 22 be-

86 1423 222 28 villningsbudgeten;
332 1424 40 21 och
395 1424 41 21 bör
452 1425 37 21 det
504 1425 67 21 lända
586 1425 34 20 till
635 1425 91 21 fromma
742 1424 34 21 för
791 1423 55 22 folk-

89 1458 83 26 skolan,
188 1465 34 15 om
238 1459 19 27 ej
273 1459 83 21 mindre
372 1459 78 21 måttet
467 1459 24 21 af
505 1459 135 26 statsbidrag
654 1459 34 21 till
704 1459 61 21 detta
780 1457 66 22 ända-
