1009 1739
190 143 27 20 28
498 144 36 21 N:o
550 144 34 21 31.

161 211 33 21 sin
218 211 84 27 bostad,
326 211 52 22 eller
400 212 36 21 det
451 213 72 26 ställe,
540 213 38 20 der
593 213 78 20 honom
688 212 69 27 ålagts
774 214 32 19 att
822 213 98 20 arresten

160 245 108 27 undergå;
292 246 85 21 straffes
396 247 49 20 med
464 247 99 27 fängelse
584 247 34 21 till
638 247 39 21 och
693 246 49 21 med
758 252 36 15 sex
810 246 109 21 månader.

510 310 11 27 8
538 311 33 20 90.

218 349 44 21 Der
278 349 117 28 krigsman,
416 350 54 21 efter
486 351 38 20 det
539 351 42 20 han
598 351 27 26 på
641 350 121 27 ansökning
778 350 7 21 i
801 350 66 26 tjenst
882 356 38 14 an-

162 383 74 27 tagits,
253 383 53 22 eller
321 386 172 25 transporterats
510 385 34 20 till
559 391 72 14 annan
647 384 129 27 befattning,
788 384 53 21 eller
851 384 68 21 under

161 417 94 27 beviljad
278 418 164 26 tjenstledighet
464 419 34 20 till
516 419 144 27 tjenstgöring
676 419 109 27 inkallats,
802 419 53 20 eller
870 418 48 21 från

161 452 90 27 sjukhus
268 453 71 21 såsom
355 452 54 22 frisk
424 453 130 28 utskrifvits,
572 454 47 20 icke
635 454 99 20 inställer
750 453 33 27 sig
798 453 6 21 i
816 453 101 27 tjensten,

160 486 8 21 i
183 486 94 22 fredstid
292 487 66 21 innan
374 489 110 25 utgången
500 488 24 21 af
538 494 26 15 en
581 488 86 26 månad,
683 488 39 21 och
739 488 6 20 i
756 488 93 26 krigstid
861 488 57 20 inom

160 521 82 21 femton
265 522 73 26 dagar,
362 522 135 22 oberäknadt
520 524 154 26 resedagarna,
698 523 58 27 eller,
778 523 66 21 sedan
860 522 59 22 tiden

160 556 33 21 för
216 556 94 28 beviljad
333 558 164 26 tjenstledighet
521 559 47 25 gått
591 558 34 21 till
641 553 63 32 ända,
721 558 18 26 ej
756 557 92 21 infinner
864 557 32 27 sig
912 556 7 21 i

159 591 151 27 tjenstgöring,
331 592 7 20 i
357 592 92 21 fredstid
469 593 66 21 innan
554 593 108 27 förloppet
678 592 22 21 af
714 599 26 14 en
755 592 86 26 månad,
857 592 39 20 och
912 591 7 21 i

159 625 94 27 krigstid
276 626 57 20 inom
356 626 81 22 femton
456 627 78 27 dagar;
555 628 73 26 varde,
644 634 34 14 om
694 627 43 20 han
753 626 19 27 ej
789 626 65 27 gitter
869 626 50 26 laga

159 659 72 21 förfall
248 660 52 27 visa,
317 660 63 21 dömd
396 661 33 21 till
446 662 37 20 det
499 661 7 21 i
522 662 12 26 $
548 662 27 20 82
586 661 33 22 för
630 661 100 27 rymning
739 662 83 20 utsatta
834 666 83 15 ansvar.

232 694 85 21 Uteblir
332 695 43 21 han
390 695 89 22 kortare
495 696 33 20 tid
544 698 27 19 än
591 696 63 21 ofvan
670 696 64 26 sagdt
750 697 34 23 är;
801 695 73 21 dömes
884 694 34 22 till

160 728 173 27 ordningsstrafi.

510 759 11 27 8
538 760 33 20 91.

231 798 119 26 Angäende
367 799 153 27 värnepligtig,
537 806 52 20 som,
606 800 27 20 dä
648 800 44 20 han
708 799 48 21 bort
767 799 63 20 träda
841 798 6 21 i
859 798 59 21 aktiv

157 832 73 27 tjenst,
255 834 52 20 utan
330 833 49 27 laga
402 834 72 20 förfall
498 834 96 20 derifrän
614 834 86 26 uteblir,
716 833 88 27 stadgas
821 833 6 21 i
843 835 74 19 värne-

157 866 138 28 pligtslagen.

507 897 12 27 8
536 898 33 20 92.

230 936 131 21 Underläter
372 936 33 21 till
417 943 102 15 reserven
531 937 53 21 eller
594 937 139 20 landtvärnet
743 936 95 21 hörande
847 936 70 26 krigs-

157 975 50 15 man
224 971 38 26 att,
280 971 27 25 pä
322 970 91 21 kallelse
430 971 53 21 eller
498 971 94 27 uppbåd,
609 971 33 21 till
659 971 145 26 öfningsmöte
815 970 53 21 eller
880 970 36 21 ak-

156 1003 32 21 tiv
211 1004 145 27 tjenstgöring
380 1006 13 19 å
414 1007 71 19 utsatt
508 1006 32 21 tid
557 1005 33 27 sig
606 1005 99 26 inställa;
722 1005 66 20 varde
804 1005 63 20 dömd
883 1004 33 21 till

158 1038 98 27 fängelse
271 1039 34 20 till
321 1039 40 21 och
376 1040 49 21 med
442 1046 38 15 sex
495 1041 111 26 månader,
624 1040 53 21 eller
693 1039 172 27 ordningsstrafi.

462 1130 43 23 10
525 1131 87 27 Kap.

157 1180 34 22 Om
208 1181 54 21 brott
278 1181 54 22 emot
348 1181 155 28 krigslydnaden
520 1182 55 21 samt
590 1182 72 27 oriktig
680 1181 96 27 rapport;
792 1181 25 22 så
832 1181 38 22 ock
884 1187 32 15 om

192 1215 132 27 misshandel,
340 1215 155 28 ärekränkning,
512 1216 104 27 ogrundad
632 1216 74 27 klagan
722 1216 38 21 och
776 1215 107 28 oskickligt

216 1250 124 27 uppförande
357 1251 54 21 emot
426 1251 88 26 förman,
530 1251 104 22 äfvensom
650 1251 58 26 envig
725 1251 5 20 i
746 1250 57 22 vissa
818 1250 42 21 fall.

505 1308 12 27 8
534 1309 34 20 93.

227 1347 66 28 Hvar,
317 1354 46 15 som
386 1350 80 25 vägrar
488 1350 34 19 att
540 1348 73 21 utföra
628 1348 58 21 hvad
701 1348 78 21 honom
795 1347 23 21 af
832 1347 84 21 förman

153 1380 137 23 beträffande
305 1382 96 27 tjensten
417 1383 79 20 varder
512 1383 119 27 anbefaldt,
647 1382 57 21 skall
720 1382 75 21 dömas

226 1417 24 26 a)
266 1415 7 22 i
289 1415 98 26 fredstid,
403 1417 34 21 till
454 1417 174 26 förafskedande,
647 1417 54 21 eller
717 1416 97 27 fängelse
830 1416 6 21 i
852 1416 64 27 högst

154 1451 32 20 ett
202 1450 32 26 är,
251 1450 54 21 eller
320 1451 180 26 ordningsstraff;
