1009 1739
196 154 27 21 60
501 154 35 21 N:o
552 154 36 21 31.

236 223 118 26 Angående
370 223 118 26 styrkande
505 223 24 21 af
538 223 128 21 löftesmäns
674 223 181 27 vederhäftighet,
872 223 54 21 eller

164 257 162 21 besvärandens
342 257 122 27 fattigdom,
480 257 144 28 nedsättning
640 258 24 21 af
672 257 63 22 böter
746 257 40 22 och
796 258 83 21 häktad
890 258 35 21 be-

164 292 119 21 svärandes
307 294 50 23 rätt,
375 298 49 15 vare
441 292 36 21 vid
493 292 137 27 fullföljande
647 293 23 20 af
683 293 77 20 besvär
776 292 60 21 öfver
852 288 73 26 Öfver-

164 327 194 26 krigsdomstolens
374 327 72 26 utslag
462 327 36 26 lag
516 333 44 15 som
578 327 6 20 i
601 327 11 27 &
631 328 39 20 184
687 329 70 25 säges.

505 415 12 25 8
540 415 46 19 193.

237 465 43 21 Vill
296 465 48 27 den,
361 472 45 14 som
424 471 77 21 genom
518 461 263 31 Öfverkrigsdomstolens
792 466 73 26 utslag
875 465 48 22 blif-

165 500 30 20 vit
211 500 34 20 till
262 500 70 20 döden
348 500 71 26 dömd,
436 500 40 20 hos
492 500 107 26 Kejsaren
616 500 39 21 och
667 500 133 21 Storfursten
812 500 42 21 nåd
866 500 58 26 söka,

165 540 51 21 eger
239 534 43 21 han
306 540 33 15 om
360 534 85 22 biträde
462 534 34 22 till
513 534 161 22 böneskriftens
690 534 132 22 författande
839 535 33 26 sig
888 541 36 15 an-

164 569 58 21 mäla
238 569 39 21 hos
294 568 139 22 Guvernören
450 569 60 27 eller,
527 570 38 20 der
580 570 43 20 han
639 570 5 20 i
661 569 147 21 militärhäkte
820 569 104 27 förvaras,

165 604 40 20 hos
221 604 41 20 den
280 604 152 27 befälhafvare,
449 610 45 15 som
507 604 98 20 deröfver
616 604 102 21 inseende
729 604 81 26 hafver,
822 604 39 20 och
870 604 56 21 skall

165 638 92 21 skriften
274 638 58 21 inom
349 638 41 21 den
407 638 6 21 i
429 639 11 27 $
459 640 39 19 192
516 638 33 21 för
564 638 90 22 besvärs
666 638 117 21 anförande
794 638 130 21 föreskrifna

163 672 33 22 tid
213 673 93 26 ingifvas
322 673 33 21 till
372 672 142 22 Guvernören
531 673 53 21 eller
595 673 99 21 bemälde
705 672 155 28 befälhafvare,
870 673 54 21 hvil-

164 708 43 20 ken
231 708 67 20 sedan
321 707 39 21 bör
384 714 82 14 samma
481 708 65 20 skrift
560 708 66 26 jemte
640 708 60 20 bevis
716 713 34 15 om
766 707 66 27 tiden,
849 708 27 20 då
891 709 33 19 ut-

164 742 72 26 slaget
250 742 72 20 blifvit
338 742 41 20 den
394 742 103 21 lifdömde
514 742 109 27 tillstäldt,
640 742 153 26 ofördröjligen
809 742 33 20 till
859 742 65 20 Sena-

163 778 49 19 tens
234 776 242 27 Justitiedepartement
490 777 100 21 insända.
622 776 132 22 Underlåter
769 776 42 21 han
828 778 32 19 att
876 776 47 21 med

164 811 70 21 sådan
258 811 64 20 skrift
345 811 57 21 inom
418 811 145 21 föreskrifven
580 812 32 20 tid
628 811 116 27 inkomma,
760 811 53 21 eller
829 811 36 20 vill
881 811 42 20 han

164 846 19 26 ej
200 845 154 27 tillgodonjuta
370 845 112 21 förmånen
498 848 33 18 att
546 846 22 20 få
584 846 44 20 nåd
644 846 60 24 söka,
721 852 50 14 vare
783 845 141 21 Guvernören

164 880 54 20 eller
240 880 163 21 befälhafvaren
426 880 87 27 skyldig
536 882 34 19 att
594 880 80 27 derom,
698 881 24 19 så
738 882 61 18 snart
814 880 60 20 tiden
890 880 34 20 till

164 914 162 27 ansökningens
341 914 124 26 ingifvande
488 914 99 28 förflutit,
602 915 40 21 hos
661 914 263 26 Justitiedepartementet

164 949 93 20 anmäla.

236 983 81 21 Likaså
333 983 56 20 skall
405 983 82 21 häktad
502 989 91 20 persons
610 983 155 21 besvärsskrift
780 983 59 20 öfver
850 978 74 25 Öfver-

164 1017 168 27 krigsdomstols
349 1017 72 27 utslag
436 1017 35 21 till
487 1017 106 22 Senatens
610 1017 240 27 Justitiedepartement
869 1017 56 20 oför-

164 1052 106 27 dröjligen
287 1052 111 27 insändas,
414 1052 39 21 och
470 1059 33 14 om
515 1052 150 21 besvärstiden
676 1052 136 27 försummas,
824 1051 101 22 anmälan

164 1087 75 20 derom
256 1088 71 25 göras,
343 1087 28 26 på
387 1088 44 19 sätt
446 1093 34 14 om
495 1087 164 21 uraktlåtenhet
670 1088 33 19 att
714 1086 80 27 ingifva
804 1086 122 21 böneskrift

164 1121 62 21 ofvan
244 1123 70 24 säges.

238 1155 10 21 I
263 1155 95 27 krigstid
374 1161 50 15 vare
441 1151 251 32 Öfverkrigsdomstolen
709 1155 18 27 ej
739 1155 93 21 förment
843 1156 33 19 att
886 1155 39 21 hos

163 1189 109 28 Kejsaren
291 1190 40 21 och
348 1189 134 22 Storfursten
498 1190 116 21 hemställa
631 1197 34 14 om
681 1189 96 27 lindring
792 1189 53 21 eller
861 1189 65 21 efter-

164 1224 40 26 gift
220 1224 24 21 af
258 1224 89 21 ådömdt
362 1224 68 21 straff.
461 1224 40 21 Om
518 1225 67 20 sådan
602 1224 130 21 hemställan
748 1223 57 28 gälle
820 1223 56 21 hvad
892 1223 33 22 för

163 1258 130 21 hemställan
309 1259 7 20 i
332 1259 68 20 andra
416 1259 38 20 fall
471 1261 24 18 är
511 1259 7 20 i
536 1260 40 20 192
592 1259 12 27 &
620 1259 110 26 stadgadt.
