1009 1739
203 163 27 21 10

368 163 78 22 Ständ.
463 163 37 25 Sv.
519 175 23 3 —
560 163 69 27 Prop.
646 163 40 21 N:o
702 162 33 21 19.

311 225 59 27 tjena
393 225 54 27 flera
469 225 163 28 församlingar,
652 225 37 22 bör
704 225 42 22 den
761 225 103 28 aflöning,
880 233 47 14 som

311 259 46 22 han
372 259 63 28 ifrån
449 260 61 21 dessa
525 260 157 28 församlingar
690 260 68 27 enligt
766 260 34 27 lag
808 260 50 21 eller
865 267 60 21 gam-

312 293 43 22 mal
376 293 88 28 plägsed
486 294 104 27 åtnjuter,
607 293 53 28 från
675 294 35 21 det
725 294 33 21 till
768 294 160 27 presterskapet

311 328 8 21 i
334 328 59 21 dessa
409 327 157 29 församlingar
581 329 105 27 utgående
702 328 140 27 lönebeloppet
849 329 75 27 afräk-

314 369 46 19 nas,
377 362 79 27 förrän
470 363 153 27 nyssnämnda
638 363 124 28 fördelning
777 363 126 21 verkställes.

382 397 121 27 Afvikelser
518 397 54 28 från
587 397 24 21 de
626 398 8 21 i
649 397 75 22 denna
738 398 16 27 $
768 397 100 28 stadgade
882 397 45 27 för-

318 431 196 28 delmingsgrunder
535 431 79 22 kunna
634 434 70 26 göras,
727 432 50 27 ifall
799 431 128 28 församling

314 465 36 21 och
369 465 136 27 presterskap
529 466 71 20 derom
622 465 182 28 öfverenskomma
819 466 49 20 eller
884 472 42 14 om-

314 500 176 28 ständigheterna
505 500 36 21 det
551 500 97 27 päkalla.

596 566 16 23 $
627 565 18 19 3.

382 602 171 28 Presterskapets
580 603 99 27 aflöning
704 602 105 22 beräknas
834 602 92 28 hufvud-

313 636 96 28 sakligen
426 637 7 21 i
448 638 100 26 spanmäl
564 638 37 21 och
608 637 129 28 penningar
746 639 61 24 samt,
818 637 38 21 der
865 637 62 27 förut

312 671 23 21 sä
352 672 59 27 öfligt
424 672 65 26 varit,
506 672 66 27 äfven
589 672 7 21 i
610 672 70 27 hafre,
696 674 56 19 smör
767 672 37 20 och
818 671 45 27 fisk.

381 700 31 27 Åt
426 706 24 21 de
469 708 8 20 i
492 707 15 27 $
522 707 28 20 15
565 706 131 22 omnämnda
712 706 216 28 regleringskomiteer

313 740 145 28 6fverlemnas
480 742 33 20 att
534 741 79 27 föreslå
635 741 125 27 fördelning
778 741 31 27 pä
830 741 24 21 de
870 740 55 22 beta-

314 775 63 21 lande
399 775 27 27 af
446 776 24 20 de
492 776 95 27 afgifter,
608 783 44 14 som
667 775 53 27 från
741 775 186 28 församlingarna

314 810 50 27 utgå
387 810 32 20 till
437 810 163 27 presterskapet,
624 810 110 27 äfvensom
756 810 48 21 hela
819 810 108 28 afgiftsbe-

314 844 78 26 loppets
406 844 126 28 fördelning
548 845 90 21 emellan
654 844 139 28 löntagarene
807 844 67 28 enligt
882 845 15 26 $
906 844 20 21 2.

313 878 47 21 Der
374 878 106 22 mantalet
494 878 77 28 blifver
584 879 102 28 grunden
701 878 35 28 för
751 878 131 28 afgifternas
892 880 34 20 ut-

310 913 96 27 görande
426 913 53 27 från
491 913 214 28 jordlägenheterna,
722 912 36 22 bör
772 912 35 28 för
822 913 104 28 lägenhet,

312 954 44 13 som
372 947 34 21 till
421 947 86 21 mantal
522 948 118 27 undergätt
654 947 132 28 förändring
799 954 74 21 genom
882 947 44 28 för-

314 981 92 28 medling
422 981 51 22 eller
488 981 164 28 uppskattning,
668 981 35 22 det
712 988 46 20 nya
768 981 105 22 mantalet
883 981 44 28 läg-

310 1022 39 20 gas
364 1015 33 22 till
410 1016 79 27 grund.

381 1049 17 22 I
419 1050 119 21 enahanda
562 1050 138 27 förhållande
725 1051 88 26 utgöras
836 1050 90 27 afgifter

312 1084 63 27 ifrån
390 1085 138 26 nyhemman,
545 1085 67 21 sedan
626 1085 25 20 de
667 1084 60 21 trädt
740 1084 9 21 i
763 1084 44 27 full
820 1085 62 20 skatt.

595 1148 15 27 $
625 1147 22 21 4.

381 1186 16 21 I
406 1187 169 27 presterskapets
590 1187 118 27 aflönande
722 1187 84 28 deltaga
821 1186 103 28 bergverk,

312 1221 54 21 bruk
390 1221 36 21 och
442 1221 72 22 andra
530 1221 131 22 industriela
676 1221 154 28 inrättningar
844 1221 59 21 såväl
918 1221 8 21 i

310 1255 48 21 stad
374 1262 42 14 som
428 1256 32 26 pä
476 1255 78 22 landet.

384 1289 39 21 Vid
439 1289 169 22 bestämmandet
622 1289 28 28 af
662 1289 25 22 de
702 1289 94 28 afgifter,
808 1289 72 21 hvilka
890 1289 36 27 för

311 1323 61 22 dessa
394 1324 157 28 inrättningar
573 1324 111 27 äfvensom
699 1324 28 27 af
739 1323 187 22 landthandlande

310 1358 38 21 och
368 1365 104 20 personer
494 1360 58 19 utan
574 1358 46 27 fast
641 1359 100 27 egendom
756 1358 50 21 böra
821 1358 103 27 erläggas,

310 1392 61 26 skall,
394 1393 38 20 der
455 1393 107 21 bestämda
577 1393 137 27 föreskrifter
728 1393 8 20 i
751 1393 73 20 ämnet
838 1392 86 25 saknas,

310 1425 100 28 afseende
424 1427 71 27 fästas
510 1427 14 21 &
538 1427 85 21 sädana
638 1427 155 28 inrättningar
808 1427 37 21 och
852 1433 72 20 perso-

309 1467 41 14 ner
364 1461 93 27 päförda
472 1461 139 21 kommunala
627 1461 117 27 utskylder.
