<?xml version="1.0" encoding="UTF-8"?>
<alto xmlns="http://www.loc.gov/standards/alto/ns-v3#" xmlns:xlink="http://www.w3.org/1999/xlink" xmlns:xsi="http://www.w3.org/2001/XMLSchema-instance" xsi:schemaLocation="http://www.loc.gov/standards/alto/ns-v3# http://www.loc.gov/alto/v3/alto-3-0.xsd">
	<Description>
		<MeasurementUnit>pixel</MeasurementUnit>
		<sourceImageInformation>
			<fileName>/tmp/tess_c_65h5w8_input.PNG</fileName>
		</sourceImageInformation>
		<OCRProcessing ID="OCR_0">
			<ocrProcessingStep>
				<processingSoftware>
					<softwareName>tesseract 5.3.4</softwareName>
				</processingSoftware>
			</ocrProcessingStep>
		</OCRProcessing>
	</Description>
	<Layout>
		<Page WIDTH="1009" HEIGHT="1739" PHYSICAL_IMG_NR="0" ID="page_0">
			<PrintSpace HPOS="0" VPOS="0" WIDTH="1009" HEIGHT="1739">
				<ComposedBlock ID="cblock_0" HPOS="325" VPOS="173" WIDTH="488" HEIGHT="25">
					<TextBlock ID="block_0" HPOS="325" VPOS="173" WIDTH="488" HEIGHT="25">
						<TextLine ID="line_0" HPOS="325" VPOS="173" WIDTH="488" HEIGHT="25">
							<String ID="string_0" HPOS="325" VPOS="174" WIDTH="23" HEIGHT="19" WC="0.93" CONTENT="U."/><SP WIDTH="14" VPOS="174" HPOS="348"/>
							<String ID="string_1" HPOS="362" VPOS="174" WIDTH="24" HEIGHT="19" WC="0.92" CONTENT="B."/><SP WIDTH="12" VPOS="174" HPOS="386"/>
							<String ID="string_2" HPOS="398" VPOS="185" WIDTH="22" HEIGHT="3" WC="0.93" CONTENT="—"/><SP WIDTH="12" VPOS="185" HPOS="420"/>
							<String ID="string_3" HPOS="432" VPOS="173" WIDTH="64" HEIGHT="25" WC="0.96" CONTENT="Prop."/><SP WIDTH="12" VPOS="173" HPOS="496"/>
							<String ID="string_4" HPOS="508" VPOS="175" WIDTH="39" HEIGHT="18" WC="0.96" CONTENT="N:o"/><SP WIDTH="12" VPOS="175" HPOS="547"/>
							<String ID="string_5" HPOS="559" VPOS="174" WIDTH="29" HEIGHT="19" WC="0.96" CONTENT="17."/><SP WIDTH="213" VPOS="174" HPOS="588"/>
							<String ID="string_6" HPOS="801" VPOS="174" WIDTH="12" HEIGHT="18" WC="0.96" CONTENT="3"/>
						</TextLine>
					</TextBlock>
				</ComposedBlock>
				<ComposedBlock ID="cblock_1" HPOS="74" VPOS="231" WIDTH="762" HEIGHT="419">
					<TextBlock ID="block_1" HPOS="74" VPOS="231" WIDTH="762" HEIGHT="419">
						<TextLine ID="line_1" HPOS="76" VPOS="231" WIDTH="760" HEIGHT="28">
							<String ID="string_7" HPOS="76" VPOS="232" WIDTH="86" HEIGHT="22" WC="0.94" CONTENT="skaffas."/><SP WIDTH="34" VPOS="232" HPOS="162"/>
							<String ID="string_8" HPOS="196" VPOS="231" WIDTH="58" HEIGHT="22" WC="0.96" CONTENT="Utan"/><SP WIDTH="23" VPOS="231" HPOS="254"/>
							<String ID="string_9" HPOS="277" VPOS="231" WIDTH="39" HEIGHT="22" WC="0.93" CONTENT="har"/><SP WIDTH="21" VPOS="231" HPOS="316"/>
							<String ID="string_10" HPOS="337" VPOS="231" WIDTH="112" HEIGHT="22" WC="0.96" CONTENT="Utskottet"/><SP WIDTH="21" VPOS="231" HPOS="449"/>
							<String ID="string_11" HPOS="470" VPOS="232" WIDTH="34" HEIGHT="21" WC="0.96" CONTENT="till"/><SP WIDTH="20" VPOS="232" HPOS="504"/>
							<String ID="string_12" HPOS="524" VPOS="231" WIDTH="53" HEIGHT="28" WC="0.96" CONTENT="följd"/><SP WIDTH="15" VPOS="231" HPOS="577"/>
							<String ID="string_13" HPOS="592" VPOS="231" WIDTH="64" HEIGHT="22" WC="0.96" CONTENT="häraf"/><SP WIDTH="14" VPOS="231" HPOS="656"/>
							<String ID="string_14" HPOS="670" VPOS="232" WIDTH="40" HEIGHT="21" WC="0.96" CONTENT="och"/><SP WIDTH="15" VPOS="232" HPOS="710"/>
							<String ID="string_15" HPOS="725" VPOS="232" WIDTH="7" HEIGHT="21" WC="0.93" CONTENT="i"/><SP WIDTH="15" VPOS="232" HPOS="732"/>
							<String ID="string_16" HPOS="747" VPOS="231" WIDTH="89" HEIGHT="22" WC="0.92" CONTENT="betrak-"/>
						</TextLine>
						<TextLine ID="line_2" HPOS="74" VPOS="266" WIDTH="762" HEIGHT="27">
							<String ID="string_17" HPOS="74" VPOS="267" WIDTH="65" HEIGHT="21" WC="0.92" CONTENT="tande"/><SP WIDTH="19" VPOS="267" HPOS="139"/>
							<String ID="string_18" HPOS="158" VPOS="266" WIDTH="23" HEIGHT="22" WC="0.96" CONTENT="af"/><SP WIDTH="17" VPOS="266" HPOS="181"/>
							<String ID="string_19" HPOS="198" VPOS="268" WIDTH="32" HEIGHT="20" WC="0.95" CONTENT="att"/><SP WIDTH="14" VPOS="268" HPOS="230"/>
							<String ID="string_20" HPOS="244" VPOS="266" WIDTH="41" HEIGHT="21" WC="0.92" CONTENT="den"/><SP WIDTH="15" VPOS="266" HPOS="285"/>
							<String ID="string_21" HPOS="300" VPOS="266" WIDTH="80" HEIGHT="27" WC="0.92" CONTENT="nädiga"/><SP WIDTH="14" VPOS="266" HPOS="380"/>
							<String ID="string_22" HPOS="394" VPOS="267" WIDTH="162" HEIGHT="26" WC="0.96" CONTENT="propositionen"/><SP WIDTH="15" VPOS="267" HPOS="556"/>
							<String ID="string_23" HPOS="571" VPOS="267" WIDTH="7" HEIGHT="20" WC="0.96" CONTENT="i"/><SP WIDTH="16" VPOS="267" HPOS="578"/>
							<String ID="string_24" HPOS="594" VPOS="267" WIDTH="42" HEIGHT="20" WC="0.96" CONTENT="den"/><SP WIDTH="15" VPOS="267" HPOS="636"/>
							<String ID="string_25" HPOS="651" VPOS="266" WIDTH="42" HEIGHT="27" WC="0.93" CONTENT="del,"/><SP WIDTH="16" VPOS="266" HPOS="693"/>
							<String ID="string_26" HPOS="709" VPOS="266" WIDTH="87" HEIGHT="21" WC="0.92" CONTENT="hvarom"/><SP WIDTH="16" VPOS="266" HPOS="796"/>
							<String ID="string_27" HPOS="812" VPOS="267" WIDTH="24" HEIGHT="20" WC="0.96" CONTENT="är"/>
						</TextLine>
						<TextLine ID="line_3" HPOS="75" VPOS="300" WIDTH="761" HEIGHT="28">
							<String ID="string_28" HPOS="75" VPOS="300" WIDTH="68" HEIGHT="28" WC="0.90" CONTENT="fräga,"/><SP WIDTH="19" VPOS="300" HPOS="143"/>
							<String ID="string_29" HPOS="162" VPOS="301" WIDTH="101" HEIGHT="27" WC="0.92" CONTENT="erbjuder"/><SP WIDTH="19" VPOS="301" HPOS="263"/>
							<String ID="string_30" HPOS="282" VPOS="307" WIDTH="26" HEIGHT="15" WC="0.93" CONTENT="en"/><SP WIDTH="18" VPOS="307" HPOS="308"/>
							<String ID="string_31" HPOS="326" VPOS="302" WIDTH="66" HEIGHT="25" WC="0.92" CONTENT="utväg"/><SP WIDTH="15" VPOS="302" HPOS="392"/>
							<String ID="string_32" HPOS="407" VPOS="302" WIDTH="32" HEIGHT="20" WC="0.93" CONTENT="att"/><SP WIDTH="14" VPOS="302" HPOS="439"/>
							<String ID="string_33" HPOS="453" VPOS="300" WIDTH="97" HEIGHT="28" WC="0.92" CONTENT="aflägsna"/><SP WIDTH="15" VPOS="300" HPOS="550"/>
							<String ID="string_34" HPOS="565" VPOS="301" WIDTH="37" HEIGHT="21" WC="0.93" CONTENT="det"/><SP WIDTH="14" VPOS="301" HPOS="602"/>
							<String ID="string_35" HPOS="616" VPOS="300" WIDTH="77" HEIGHT="22" WC="0.92" CONTENT="hinder"/><SP WIDTH="15" VPOS="300" HPOS="693"/>
							<String ID="string_36" HPOS="708" VPOS="300" WIDTH="34" HEIGHT="21" WC="0.93" CONTENT="för"/><SP WIDTH="14" VPOS="300" HPOS="742"/>
							<String ID="string_37" HPOS="756" VPOS="300" WIDTH="80" HEIGHT="21" WC="0.93" CONTENT="anstäl-"/>
						</TextLine>
						<TextLine ID="line_4" HPOS="75" VPOS="335" WIDTH="761" HEIGHT="27">
							<String ID="string_38" HPOS="75" VPOS="335" WIDTH="74" HEIGHT="22" WC="0.94" CONTENT="landet"/><SP WIDTH="21" VPOS="335" HPOS="149"/>
							<String ID="string_39" HPOS="170" VPOS="335" WIDTH="24" HEIGHT="22" WC="0.92" CONTENT="af"/><SP WIDTH="21" VPOS="335" HPOS="194"/>
							<String ID="string_40" HPOS="215" VPOS="341" WIDTH="158" HEIGHT="21" WC="0.92" CONTENT="gemensamma"/><SP WIDTH="18" VPOS="341" HPOS="373"/>
							<String ID="string_41" HPOS="391" VPOS="335" WIDTH="235" HEIGHT="27" WC="0.90" CONTENT="kommunalstämmor,"/><SP WIDTH="20" VPOS="335" HPOS="626"/>
							<String ID="string_42" HPOS="646" VPOS="341" WIDTH="46" HEIGHT="15" WC="0.96" CONTENT="som"/><SP WIDTH="16" VPOS="341" HPOS="692"/>
							<String ID="string_43" HPOS="708" VPOS="335" WIDTH="45" HEIGHT="21" WC="0.93" CONTENT="ofta"/><SP WIDTH="14" VPOS="335" HPOS="753"/>
							<String ID="string_44" HPOS="767" VPOS="335" WIDTH="69" HEIGHT="21" WC="0.93" CONTENT="vällas"/>
						</TextLine>
						<TextLine ID="line_5" HPOS="75" VPOS="369" WIDTH="761" HEIGHT="26">
							<String ID="string_45" HPOS="75" VPOS="369" WIDTH="24" HEIGHT="22" WC="0.93" CONTENT="af"/><SP WIDTH="17" VPOS="369" HPOS="99"/>
							<String ID="string_46" HPOS="116" VPOS="369" WIDTH="108" HEIGHT="22" WC="0.96" CONTENT="olikheten"/><SP WIDTH="16" VPOS="369" HPOS="224"/>
							<String ID="string_47" HPOS="240" VPOS="370" WIDTH="8" HEIGHT="21" WC="0.93" CONTENT="i"/><SP WIDTH="15" VPOS="370" HPOS="248"/>
							<String ID="string_48" HPOS="263" VPOS="369" WIDTH="101" HEIGHT="22" WC="0.93" CONTENT="afseende"/><SP WIDTH="16" VPOS="369" HPOS="364"/>
							<String ID="string_49" HPOS="380" VPOS="369" WIDTH="13" HEIGHT="22" WC="0.93" CONTENT="&amp;"/><SP WIDTH="15" VPOS="369" HPOS="393"/>
							<String ID="string_50" HPOS="408" VPOS="370" WIDTH="26" HEIGHT="21" WC="0.96" CONTENT="de"/><SP WIDTH="15" VPOS="370" HPOS="434"/>
							<String ID="string_51" HPOS="449" VPOS="370" WIDTH="7" HEIGHT="21" WC="0.96" CONTENT="i"/><SP WIDTH="16" VPOS="370" HPOS="456"/>
							<String ID="string_52" HPOS="472" VPOS="370" WIDTH="27" HEIGHT="21" WC="0.93" CONTENT="de"/><SP WIDTH="16" VPOS="370" HPOS="499"/>
							<String ID="string_53" HPOS="515" VPOS="369" WIDTH="70" HEIGHT="22" WC="0.96" CONTENT="skilda"/><SP WIDTH="15" VPOS="369" HPOS="585"/>
							<String ID="string_54" HPOS="600" VPOS="369" WIDTH="154" HEIGHT="22" WC="0.93" CONTENT="kommunerna"/><SP WIDTH="14" VPOS="369" HPOS="754"/>
							<String ID="string_55" HPOS="768" VPOS="369" WIDTH="68" HEIGHT="26" WC="0.96" CONTENT="följda"/>
						</TextLine>
						<TextLine ID="line_6" HPOS="76" VPOS="403" WIDTH="728" HEIGHT="28">
							<String ID="string_56" HPOS="76" VPOS="404" WIDTH="305" HEIGHT="27" WC="0.91" CONTENT="röstberäkningsgrunderna,"/><SP WIDTH="15" VPOS="404" HPOS="381"/>
							<String ID="string_57" HPOS="396" VPOS="405" WIDTH="72" HEIGHT="20" WC="0.92" CONTENT="ansett"/><SP WIDTH="14" VPOS="405" HPOS="468"/>
							<String ID="string_58" HPOS="482" VPOS="405" WIDTH="34" HEIGHT="26" WC="0.93" CONTENT="sig"/><SP WIDTH="16" VPOS="405" HPOS="516"/>
							<String ID="string_59" HPOS="532" VPOS="404" WIDTH="52" HEIGHT="21" WC="0.93" CONTENT="böra"/><SP WIDTH="15" VPOS="404" HPOS="584"/>
							<String ID="string_60" HPOS="599" VPOS="404" WIDTH="111" HEIGHT="21" WC="0.93" CONTENT="vördsamt"/><SP WIDTH="14" VPOS="404" HPOS="710"/>
							<String ID="string_61" HPOS="724" VPOS="403" WIDTH="80" HEIGHT="22" WC="0.93" CONTENT="föreslä"/>
						</TextLine>
						<TextLine ID="line_7" HPOS="316" VPOS="449" WIDTH="520" HEIGHT="29">
							<String ID="string_62" HPOS="316" VPOS="451" WIDTH="30" HEIGHT="19" WC="0.96" CONTENT="att"/><SP WIDTH="13" VPOS="451" HPOS="346"/>
							<String ID="string_63" HPOS="359" VPOS="449" WIDTH="100" HEIGHT="27" WC="0.93" CONTENT="samtliga"/><SP WIDTH="16" VPOS="449" HPOS="459"/>
							<String ID="string_64" HPOS="475" VPOS="449" WIDTH="97" HEIGHT="23" WC="0.91" CONTENT="Ständen"/><SP WIDTH="14" VPOS="449" HPOS="572"/>
							<String ID="string_65" HPOS="586" VPOS="450" WIDTH="64" HEIGHT="21" WC="0.92" CONTENT="mätte"/><SP WIDTH="16" VPOS="450" HPOS="650"/>
							<String ID="string_66" HPOS="666" VPOS="450" WIDTH="75" HEIGHT="26" WC="0.93" CONTENT="förena"/><SP WIDTH="14" VPOS="450" HPOS="741"/>
							<String ID="string_67" HPOS="755" VPOS="450" WIDTH="33" HEIGHT="28" WC="0.96" CONTENT="sig"/><SP WIDTH="15" VPOS="450" HPOS="788"/>
							<String ID="string_68" HPOS="803" VPOS="456" WIDTH="33" HEIGHT="15" WC="0.96" CONTENT="om"/>
						</TextLine>
						<TextLine ID="line_8" HPOS="281" VPOS="484" WIDTH="555" HEIGHT="28">
							<String ID="string_69" HPOS="281" VPOS="485" WIDTH="30" HEIGHT="20" WC="0.92" CONTENT="att"/><SP WIDTH="14" VPOS="485" HPOS="311"/>
							<String ID="string_70" HPOS="325" VPOS="484" WIDTH="143" HEIGHT="26" WC="0.90" CONTENT="oförändradt"/><SP WIDTH="14" VPOS="484" HPOS="468"/>
							<String ID="string_71" HPOS="482" VPOS="486" WIDTH="77" HEIGHT="25" WC="0.91" CONTENT="antaga"/><SP WIDTH="16" VPOS="486" HPOS="559"/>
							<String ID="string_72" HPOS="575" VPOS="484" WIDTH="34" HEIGHT="22" WC="0.96" CONTENT="det"/><SP WIDTH="14" VPOS="484" HPOS="609"/>
							<String ID="string_73" HPOS="623" VPOS="484" WIDTH="9" HEIGHT="21" WC="0.96" CONTENT="i"/><SP WIDTH="14" VPOS="484" HPOS="632"/>
							<String ID="string_74" HPOS="646" VPOS="484" WIDTH="41" HEIGHT="22" WC="0.93" CONTENT="den"/><SP WIDTH="9" VPOS="484" HPOS="687"/>
							<String ID="string_75" HPOS="696" VPOS="484" WIDTH="80" HEIGHT="28" WC="0.92" CONTENT="nädiga"/><SP WIDTH="8" VPOS="484" HPOS="776"/>
							<String ID="string_76" HPOS="784" VPOS="490" WIDTH="52" HEIGHT="21" WC="0.90" CONTENT="pro-"/>
						</TextLine>
						<TextLine ID="line_9" HPOS="278" VPOS="518" WIDTH="558" HEIGHT="28">
							<String ID="string_77" HPOS="278" VPOS="518" WIDTH="121" HEIGHT="27" WC="0.91" CONTENT="positionen"/><SP WIDTH="22" VPOS="518" HPOS="399"/>
							<String ID="string_78" HPOS="421" VPOS="518" WIDTH="44" HEIGHT="22" WC="0.96" CONTENT="N:o"/><SP WIDTH="19" VPOS="518" HPOS="465"/>
							<String ID="string_79" HPOS="484" VPOS="520" WIDTH="32" HEIGHT="20" WC="0.93" CONTENT="17"/><SP WIDTH="14" VPOS="520" HPOS="516"/>
							<String ID="string_80" HPOS="530" VPOS="518" WIDTH="104" HEIGHT="28" WC="0.92" CONTENT="ingäende"/><SP WIDTH="14" VPOS="518" HPOS="634"/>
							<String ID="string_81" HPOS="648" VPOS="518" WIDTH="82" HEIGHT="28" WC="0.96" CONTENT="förslag"/><SP WIDTH="14" VPOS="518" HPOS="730"/>
							<String ID="string_82" HPOS="744" VPOS="518" WIDTH="33" HEIGHT="22" WC="0.93" CONTENT="till"/><SP WIDTH="14" VPOS="518" HPOS="777"/>
							<String ID="string_83" HPOS="791" VPOS="518" WIDTH="45" HEIGHT="27" WC="0.92" CONTENT="för-"/>
						</TextLine>
						<TextLine ID="line_10" HPOS="281" VPOS="553" WIDTH="554" HEIGHT="29">
							<String ID="string_84" HPOS="281" VPOS="553" WIDTH="97" HEIGHT="27" WC="0.93" CONTENT="ordning,"/><SP WIDTH="16" VPOS="553" HPOS="378"/>
							<String ID="string_85" HPOS="394" VPOS="554" WIDTH="146" HEIGHT="26" WC="0.96" CONTENT="innefattande"/><SP WIDTH="15" VPOS="554" HPOS="540"/>
							<String ID="string_86" HPOS="555" VPOS="553" WIDTH="74" HEIGHT="28" WC="0.95" CONTENT="tillägg"/><SP WIDTH="14" VPOS="553" HPOS="629"/>
							<String ID="string_87" HPOS="643" VPOS="553" WIDTH="33" HEIGHT="22" WC="0.95" CONTENT="till"/><SP WIDTH="15" VPOS="553" HPOS="676"/>
							<String ID="string_88" HPOS="691" VPOS="555" WIDTH="31" HEIGHT="19" WC="0.89" CONTENT="20"/><SP WIDTH="14" VPOS="555" HPOS="722"/>
							<String ID="string_89" HPOS="736" VPOS="553" WIDTH="16" HEIGHT="29" WC="0.89" CONTENT="$"/><SP WIDTH="14" VPOS="553" HPOS="752"/>
							<String ID="string_90" HPOS="766" VPOS="554" WIDTH="9" HEIGHT="20" WC="0.93" CONTENT="i"/><SP WIDTH="14" VPOS="554" HPOS="775"/>
							<String ID="string_91" HPOS="789" VPOS="553" WIDTH="46" HEIGHT="27" WC="0.92" CONTENT="för-"/>
						</TextLine>
						<TextLine ID="line_11" HPOS="281" VPOS="588" WIDTH="555" HEIGHT="28">
							<String ID="string_92" HPOS="281" VPOS="588" WIDTH="118" HEIGHT="27" WC="0.92" CONTENT="ordningen"/><SP WIDTH="22" VPOS="588" HPOS="399"/>
							<String ID="string_93" HPOS="421" VPOS="588" WIDTH="40" HEIGHT="22" WC="0.96" CONTENT="den"/><SP WIDTH="24" VPOS="588" HPOS="461"/>
							<String ID="string_94" HPOS="485" VPOS="589" WIDTH="13" HEIGHT="20" WC="0.96" CONTENT="6"/><SP WIDTH="23" VPOS="589" HPOS="498"/>
							<String ID="string_95" HPOS="521" VPOS="588" WIDTH="106" HEIGHT="22" WC="0.95" CONTENT="Februari"/><SP WIDTH="21" VPOS="588" HPOS="627"/>
							<String ID="string_96" HPOS="648" VPOS="589" WIDTH="59" HEIGHT="20" WC="0.93" CONTENT="1865"/><SP WIDTH="21" VPOS="589" HPOS="707"/>
							<String ID="string_97" HPOS="728" VPOS="588" WIDTH="108" HEIGHT="28" WC="0.92" CONTENT="angäende"/>
						</TextLine>
						<TextLine ID="line_12" HPOS="282" VPOS="622" WIDTH="415" HEIGHT="28">
							<String ID="string_98" HPOS="282" VPOS="622" WIDTH="280" HEIGHT="28" WC="0.65" CONTENT="kommunalförvaltningen"/><SP WIDTH="13" VPOS="622" HPOS="562"/>
							<String ID="string_99" HPOS="575" VPOS="623" WIDTH="31" HEIGHT="26" WC="0.96" CONTENT="pä"/><SP WIDTH="15" VPOS="623" HPOS="606"/>
							<String ID="string_100" HPOS="621" VPOS="622" WIDTH="76" HEIGHT="22" WC="0.96" CONTENT="landet."/>
						</TextLine>
					</TextBlock>
				</ComposedBlock>
				<ComposedBlock ID="cblock_2" HPOS="146" VPOS="686" WIDTH="398" HEIGHT="28">
					<TextBlock ID="block_2" HPOS="146" VPOS="686" WIDTH="398" HEIGHT="28">
						<TextLine ID="line_13" HPOS="146" VPOS="686" WIDTH="398" HEIGHT="28">
							<String ID="string_101" HPOS="146" VPOS="686" WIDTH="143" HEIGHT="27" WC="0.96" CONTENT="Helsingfors,"/><SP WIDTH="16" VPOS="686" HPOS="289"/>
							<String ID="string_102" HPOS="305" VPOS="686" WIDTH="40" HEIGHT="22" WC="0.96" CONTENT="den"/><SP WIDTH="15" VPOS="686" HPOS="345"/>
							<String ID="string_103" HPOS="360" VPOS="687" WIDTH="27" HEIGHT="21" WC="0.96" CONTENT="21"/><SP WIDTH="17" VPOS="687" HPOS="387"/>
							<String ID="string_104" HPOS="404" VPOS="686" WIDTH="61" HEIGHT="28" WC="0.96" CONTENT="April"/><SP WIDTH="17" VPOS="686" HPOS="465"/>
							<String ID="string_105" HPOS="482" VPOS="686" WIDTH="62" HEIGHT="22" WC="0.96" CONTENT="1885."/>
						</TextLine>
					</TextBlock>
				</ComposedBlock>
				<ComposedBlock ID="cblock_3" HPOS="148" VPOS="1510" WIDTH="584" HEIGHT="22">
					<TextBlock ID="block_3" HPOS="148" VPOS="1510" WIDTH="584" HEIGHT="22">
						<TextLine ID="line_14" HPOS="148" VPOS="1510" WIDTH="584" HEIGHT="22">
							<String ID="string_106" HPOS="148" VPOS="1510" WIDTH="71" HEIGHT="22" WC="0.91" CONTENT="Bihang"/><SP WIDTH="12" VPOS="1510" HPOS="219"/>
							<String ID="string_107" HPOS="231" VPOS="1510" WIDTH="27" HEIGHT="17" WC="0.93" CONTENT="till"/><SP WIDTH="10" VPOS="1510" HPOS="258"/>
							<String ID="string_108" HPOS="268" VPOS="1510" WIDTH="45" HEIGHT="22" WC="0.93" CONTENT="Lag-"/><SP WIDTH="11" VPOS="1510" HPOS="313"/>
							<String ID="string_109" HPOS="324" VPOS="1511" WIDTH="30" HEIGHT="17" WC="0.92" CONTENT="ooh"/><SP WIDTH="14" VPOS="1511" HPOS="354"/>
							<String ID="string_110" HPOS="368" VPOS="1511" WIDTH="172" HEIGHT="17" WC="0.91" CONTENT="Ekonomiutskottets"/><SP WIDTH="11" VPOS="1511" HPOS="540"/>
							<String ID="string_111" HPOS="551" VPOS="1512" WIDTH="104" HEIGHT="16" WC="0.92" CONTENT="betänkande"/><SP WIDTH="13" VPOS="1512" HPOS="655"/>
							<String ID="string_112" HPOS="668" VPOS="1512" WIDTH="34" HEIGHT="16" WC="0.96" CONTENT="N:o"/><SP WIDTH="13" VPOS="1512" HPOS="702"/>
							<String ID="string_113" HPOS="715" VPOS="1512" WIDTH="17" HEIGHT="16" WC="0.96" CONTENT="2."/>
						</TextLine>
					</TextBlock>
				</ComposedBlock>
				<GraphicalElement ID="cblock_4" HPOS="1004" VPOS="73" WIDTH="5" HEIGHT="983"></GraphicalElement >
			</PrintSpace>
		</Page>
	</Layout>
</alto>
