1009 1739
210 134 26 23 16
375 135 79 24 Ständ.
470 136 39 23 Sv.
526 147 25 4 —
567 135 73 28 Prop.
655 135 39 23 N:o
709 135 34 22 28.

179 199 53 28 diga
246 199 137 28 proposition
399 199 135 28 föreslagits,
550 199 50 22 icke
616 198 61 23 torde
689 197 34 24 för
734 198 68 28 nägot
812 201 68 19 annat
890 199 44 20 sär-

178 233 72 24 skildt
271 233 103 26 ändamål
393 233 72 22 denna
480 233 61 28 gång
556 233 169 28 ifrägakomma,
740 239 54 16 anse
809 233 125 22 Ständerna

179 270 33 22 att
233 267 59 24 hvad
309 267 86 22 utöfver
410 267 170 22 nedannämnda
597 268 79 27 anslag
691 273 80 22 genom
786 266 147 23 förevarande

179 303 62 21 skatt
262 301 69 22 under
354 302 52 21 ären
430 302 61 25 1886,
517 302 54 21 1887
588 302 42 21 och
646 302 57 22 1888
718 301 94 28 inflyter,
828 301 38 22 bör
882 301 53 28 ingä

180 336 32 23 till
236 335 292 27 kommunikationsfonden,
552 336 90 21 hvilken
658 336 130 28 derigenom
804 336 48 21 frän
868 336 66 21 brän-

179 370 141 23 vinsskatten
343 370 93 22 sälunda
458 371 88 20 komme
566 373 33 18 att
614 370 84 22 erhälla
713 372 32 20 ett
760 369 66 28 ärligt
840 370 95 21 tillskott

180 404 24 23 af
217 405 7 21 i
240 404 102 23 medeltal
358 405 104 27 omkring
477 405 115 26 3,680,000
608 405 70 21 mark.

248 438 126 23 Ständerna
397 438 22 22 få
442 439 72 21 derför
531 439 6 21 i
553 438 176 28 underdänighet
751 438 88 22 anmäla
855 438 37 22 det
906 437 28 22 de

179 472 101 28 godkänt
301 475 32 20 att
355 473 97 27 följande
474 474 80 26 anslag
569 473 7 22 i
592 472 142 23 nedannämd
756 473 94 27 ordning
870 472 63 22 skola

178 506 50 23 från
244 506 195 23 bränvinsskatten
458 507 70 22 under
547 508 53 21 åren
612 508 62 26 1886,
686 508 54 21 1887
752 506 41 23 och
806 507 54 22 1888
872 507 59 27 utgå:

384 560 30 20 1:o
428 560 116 25 Ersättning
559 560 31 20 till
599 562 58 18 stats-

315 594 64 20 verket
392 594 34 24 för
440 594 150 26 eftergifvandet
597 595 26 24 af
628 595 31 20 det

314 629 61 24 förra
394 629 264 25 bränvinsbränningsarren-

315 662 339 21 det.
681 662 50 21 Pmk
751 654 16 37 =
782 663 100 24 660,000:
897 673 27 4 —

382 698 34 19 2:0
433 698 38 19 Till
484 697 109 21 kontrollen
604 698 55 24 öfver

315 732 235 25 Vränvinstillverkningen
562 732 96 25 förslags-

315 766 29 20 VS
364 777 32 4 sr
419 757 34 35 eie
477 777 33 5 rr
558 777 10 5 n
579 757 17 35 ie
620 777 34 5 an
702 780 12 9 ”
783 766 99 23 170,000:
898 777 25 3 —

383 801 31 19 3:0
431 800 38 20 Till
482 802 60 18 ränta
552 800 34 20 och
593 806 63 14 amor-

315 834 60 26 tering
398 835 26 24 af
436 835 84 20 statslän
534 835 34 24 för
578 835 79 24 jernvä-

312 875 66 19 garne,
394 870 30 19 alt
437 869 45 25 ingå
491 869 31 20 uti
528 868 129 20 kommunika-

314 903 121 24 tionsfonden
448 899 14 32 «<
477 914 4 4 +
505 914 5 4 -
534 914 5 4 -
563 914 5 4 -
591 913 33 6 e
702 917 11 9 5
757 902 122 26 1,800,000;
896 913 27 4 —

382 938 32 19 4:0
430 937 39 20 Till
483 937 109 24 fördelning
603 937 53 20 emel-

314 971 32 20 lan
361 971 90 25 samtliga
466 971 64 20 lands-
546 971 34 20 och
592 971 63 20 stads-

313 1005 115 24 kommuner,
445 1005 57 26 enligt
510 1011 75 15 samma
592 1005 63 26 grund

314 1046 40 14 som
368 1040 98 20 härintills
502 1051 5 4 +
532 1051 4 4 -
560 1051 4 4 -
588 1050 5 5 -
616 1050 6 5 -
646 1050 4 5 -
698 1053 12 10 5
778 1039 102 23 400,000:
894 1051 28 3 —

677 1079 51 20 Fmk
756 1079 122 24 3,030,000:
896 1091 26 4 —

382 1130 60 21 Hvad
463 1130 114 25 härutöfver
598 1131 78 25 inflyter
695 1137 67 19 genom
775 1130 153 26 ifrågavarande

314 1165 52 20 skatt
379 1165 57 25 ingår
450 1165 30 20 uti
492 1165 252 25 kommunikationsfonden.

244 1220 109 23 Finlands
370 1221 94 22 Ständer
480 1220 126 22 framhärda
621 1223 41 20 etc.

244 1260 141 29 Helsingfors
401 1261 41 22 den
458 1262 28 21 23
501 1261 43 28 Maj
564 1262 60 21 1885.

280 1437 132 24 Helsingfors,
424 1438 19 19 J.
456 1438 75 18 Simelii
544 1437 111 24 arfvingars
668 1437 92 24 tryckeri,
773 1437 50 18 1885.
