1009 1739
207 149 27 20 38
513 149 35 21 N:o
564 149 35 21 31.

487 240 42 22 14
546 239 84 29 Kap.

283 291 35 22 Om
334 292 102 21 missbruk
452 292 21 21 af
488 293 116 26 myndighet
618 292 56 24 emot
690 293 148 21 underordnad.

522 350 12 27 &
553 351 47 20 123.

250 389 153 27 Misshandlar,
420 391 87 20 smädar
523 390 53 21 eller
592 390 132 27 förolämpar
735 390 83 21 förman
830 390 52 21 eller
893 390 45 21 för-

178 431 60 13 mans
254 425 116 25 vederlike,
387 425 6 20 i
411 425 99 25 utöfning
527 425 23 20 af
560 425 202 26 tjensteåliggande,
775 425 161 25 underordnad;

178 458 85 22 straftes
287 458 71 22 såsom
381 459 7 20 i
410 459 80 21 allmän
514 459 35 26 lag
572 458 34 22 för
629 458 57 22 slika
706 459 66 25 brott,
790 459 112 26 begångna
917 459 23 21 af

178 493 129 27 tjensteman
327 494 68 20 under
415 494 189 26 tjensteutöfning,
620 493 68 21 finnes
706 493 111 27 stadgadt;
834 494 55 20 dock
904 494 35 20 må

176 528 37 20 vid
228 528 113 26 upprepad
356 528 133 21 misshandel
506 528 62 21 äfven
585 528 74 21 dömas
676 528 33 20 till
726 528 173 21 förafskedande.

249 562 117 27 Förgriper
390 563 32 26 sig
440 563 84 21 förman
542 563 52 21 eller
609 563 97 21 förmans
722 562 116 26 vederlike,
854 563 28 21 då
897 563 41 21 han

178 598 18 26 ej
220 600 24 18 är
268 598 6 20 i
293 597 99 27 utöfning
408 598 24 20 af
445 598 67 26 något
528 597 202 27 tjensteåliggande,
748 599 57 19 emot
821 598 117 20 underord-

177 632 42 20 nad
242 632 28 26 på
289 634 44 18 sätt
352 632 2 20 i
378 634 3 18 I
399 638 63 15 mom.
479 632 148 26 omförmäles;
644 632 57 26 gälle
717 632 69 26 äfven,
803 632 38 20 der
856 632 83 21 brottet

177 673 64 15 anses
264 666 18 27 ej
307 666 73 21 kunna
402 667 49 21 med
474 666 168 27 ordningsstraff
662 666 107 25 försonas,
786 666 78 21 allmän
880 667 34 25 lag
930 667 7 20 i

178 701 71 27 öfrigt,
273 703 59 19 utom
356 703 38 23 att,
419 708 34 14 om
469 702 154 20 underordnad
639 707 77 20 genom
732 702 147 20 misshandeln
895 701 42 21 till-

179 736 70 26 fogats
272 736 50 20 svår
346 736 152 26 kroppsskada
514 736 54 21 eller
584 736 59 26 ljutit
658 736 78 25 döden,
754 736 40 20 den
811 736 125 26 brottsliges

177 770 109 27 egenskap
303 770 23 21 af
340 770 83 21 förman
443 771 53 21 eller
513 771 95 20 förmans
624 770 110 21 vederlike
751 770 55 21 skall
822 770 35 21 vid
874 770 63 21 straf-

177 804 42 21 fets
243 805 100 21 mätande
366 806 72 20 såsom
462 805 142 21 försvårande
625 805 161 26 omständighet
802 811 62 15 anses
881 807 55 19 samt

177 841 33 19 att
226 840 47 25 den,
290 845 46 15 som
352 840 68 20 andra
436 846 63 15 resan
516 840 54 20 eller
586 840 70 20 oftare
672 840 48 20 med
737 840 131 20 misshandel
879 841 58 19 emot

176 874 153 21 underordnad
352 874 108 26 beträdes,
476 874 80 27 jemväl
572 874 36 20 mä
623 874 75 20 dömas
715 874 33 20 till
764 874 172 21 förafskedande.

520 938 11 25 &
550 938 46 20 124.

249 977 99 26 Förman,
366 983 46 15 som
427 979 63 24 tager
506 978 34 26 sig
556 977 200 26 bestraffningsrätt
772 977 27 20 dä
814 977 42 20 han
870 977 66 20 sådan

176 1011 19 26 ej
220 1017 56 20 eger,
301 1011 53 21 eller
376 1011 148 22 öfverskrider
543 1012 33 20 sin
592 1012 6 20 i
616 1011 196 26 ordningsstadgan
828 1011 109 26 medgifna

177 1046 113 26 straffrätt,
307 1046 52 21 eller
375 1047 111 26 tillämpar
502 1046 68 26 strafi,
587 1053 45 14 som
648 1046 18 27 ej
684 1046 47 20 stär
746 1046 7 20 i
764 1046 82 26 rimligt
856 1045 80 22 förhäl-

176 1080 64 21 lande
257 1081 32 20 till
306 1081 40 20 den
363 1081 114 26 begängna
492 1081 126 26 förseelsen,
636 1081 74 20 dömes
726 1081 32 20 till
770 1080 166 21 förafskedande

176 1115 53 20 eller
245 1115 173 27 ordningsstrafif.

248 1150 47 21 Har
311 1152 66 19 annat
392 1150 68 27 straff,
477 1152 27 19 än
522 1151 78 20 sådant
616 1149 173 27 ordningsstraff,
806 1155 46 15 som
868 1149 29 27 i$
911 1149 24 20 18

175 1186 96 24 nämnes,
288 1184 72 21 blifvit
375 1185 84 26 älagdt;
476 1185 66 21 varde
559 1185 48 25 han,
624 1185 38 20 der
673 1184 37 21 det
721 1184 6 20 i
738 1184 54 26 följd
803 1183 63 22 häraf
875 1183 61 22 verk-

175 1219 72 20 stälda
270 1218 84 22 straffet
378 1219 17 26 ej
419 1219 84 21 medför
528 1219 87 21 svärare
636 1225 79 14 ansvar
730 1219 55 20 efter
800 1219 80 20 allmän
895 1218 41 26 lag,

176 1253 64 21 dömd
263 1253 33 21 till
317 1253 91 21 tukthus
424 1254 34 20 till
474 1254 40 21 och
530 1254 49 21 med
595 1253 42 21 fem
653 1253 30 26 är,
701 1253 53 20 eller
768 1253 168 20 förafskedande

175 1287 53 21 eller
242 1287 98 27 fängelse
356 1288 18 27 ej
391 1288 70 21 under
476 1290 33 19 ett
524 1289 30 20 är.

520 1351 11 27 8
550 1352 46 20 125.

247 1390 107 27 Belägger
377 1390 84 21 förman
485 1391 48 20 med
556 1390 167 27 ordningsstraft
739 1391 69 26 någon
824 1390 110 27 oskyldig;

174 1424 81 26 dömes,
280 1425 38 20 der
342 1425 78 21 sädant
444 1425 59 21 skett
527 1427 50 19 utan
595 1425 53 21 ondt
663 1425 81 27 uppsät
759 1425 23 20 af
796 1425 140 21 förhastande

174 1459 54 21 eller
244 1459 120 26 oförständ,
381 1459 33 21 till
431 1459 177 27 ordningsstraff.
