1009 1739
196 147 15 20 4
400 146 24 23 U.
440 147 24 22 B.
479 159 30 4 —
524 147 65 29 Prop.
604 147 39 23 N:o
658 145 33 24 27.

168 223 28 4 —
211 211 35 22 Dä
268 213 37 22 det
326 213 108 22 dessutom
458 213 68 28 enligt
540 214 27 21 37
582 213 12 28 &
609 213 25 22 L.
650 213 26 22 O.
692 212 81 28 äligger
788 213 138 26 Bevillnings-

168 246 108 23 utskottet
289 249 39 25 att,
344 247 66 22 sedan
426 247 159 28 bevillningens
600 247 73 28 belopp
688 247 71 28 blifvit
772 247 108 27 bestämdt,
893 247 32 22 fö-

169 280 57 22 reslä
240 282 120 27 grunderna
375 282 39 21 och
429 284 67 19 sättet
511 282 34 21 för
560 283 48 21 dess
622 282 124 27 fördelning
755 284 56 19 samt
820 282 34 21 till
864 282 61 21 Stän-

170 315 67 22 derna
259 315 78 28 afgifva
358 316 80 27 förslag
459 317 34 21 till
516 317 223 27 bevillningsstadgar,
758 316 26 21 sä
801 317 67 26 ligger
885 317 40 21 den

168 349 48 22 fara
237 350 34 21 för
290 351 90 27 handen,
403 353 33 19 att
455 351 246 27 Bevillningsutskottet,
717 353 52 19 enär
784 351 142 22 Statsutskot-

169 385 43 20 tets
233 384 148 29 finansförslag
403 387 57 20 ännu
482 385 48 22 icke
552 385 70 22 blifvit
646 385 95 27 afgifvet,
760 387 28 20 än
807 385 82 22 mindre
904 385 23 22 af

171 419 121 21 Ständerna
306 420 115 27 granskadt
436 421 41 20 och
492 420 117 27 godkändt,
626 420 71 21 skulle
712 420 68 21 sakna
794 420 74 26 nödigt
877 419 49 22 räd-

169 459 48 16 rum
237 454 35 21 till
285 454 127 27 vidtagande
427 454 23 22 af
464 454 26 22 de
504 454 30 28 pä
549 455 119 21 detsamma
684 454 156 22 ankommande
856 453 70 28 ätgär-

170 488 44 26 der,
230 488 72 21 derest
317 488 118 22 Ständerna
450 489 47 21 icke
514 489 68 22 skulle
598 489 115 27 godkänna
728 490 31 20 ett
774 489 66 27 enligt
858 488 67 22 Stats-

169 522 117 22 utskottets
308 523 124 22 förberörda
454 524 112 21 skrifvelse
589 524 89 27 afgifvet
693 523 135 21 betänkande
844 530 34 15 om
892 525 33 21 ut-

170 558 94 26 görande
286 557 24 21 af
330 558 75 21 endast
428 558 209 28 näringsbevillning,
653 560 55 19 utan
722 558 58 21 finna
796 558 129 21 inkomstbe-

170 592 88 27 villning
273 592 67 27 enligt
354 592 76 22 hittills
444 593 100 27 gällande
562 593 94 27 grunder
672 592 134 22 fortfarande
821 592 105 22 erforder-

170 626 36 27 lig.
236 627 40 21 Att
297 627 129 22 Ständernas
441 628 42 21 fria
498 628 192 26 bestämningsrätt
704 627 7 21 i
727 626 62 28 fräga
804 633 34 15 om
853 627 73 21 bevill-

170 661 104 27 ningarna
288 662 36 20 vid
338 663 32 19 ett
384 661 77 22 sädant
476 662 88 27 sakläge
579 662 85 21 komme
680 663 32 19 att
728 661 44 21 lida
783 660 91 28 inträng,
888 661 38 27 lig-

170 702 38 20 ger
223 695 33 21 för
273 697 69 25 öppen
357 696 48 27 dag.

238 730 113 22 Utskottet
372 731 40 21 har
434 731 133 21 fördenskull
585 733 72 19 ansett
672 731 38 21 sitt
726 730 111 28 äliggande
852 730 74 22 likmä-

170 759 42 32 tigt
233 767 33 19 att
287 765 131 22 underställa
440 766 132 21 Ständernas
590 766 34 21 val
640 767 32 20 ett
688 765 80 27 förslag
782 766 48 20 med
845 764 36 22 två
896 765 30 21 al-

170 800 99 20 ternativ.
299 800 43 21 Det
362 800 58 22 förra
442 800 24 22 af
487 801 63 21 dessa
572 800 57 22 afser
652 800 37 21 det
707 800 37 21 fall
760 801 32 20 att
808 800 118 21 Ständerna

170 833 84 22 komme
277 836 33 19 att
331 834 57 22 finna
410 842 26 14 en
459 836 80 20 allmän
561 835 213 27 inkomstbevillning
795 834 132 22 fortfarande

173 868 34 21 för
220 868 94 27 fyllande
328 869 22 21 af
364 869 160 22 statsbehofven
540 870 133 26 erforderlig,
689 870 53 20 eller
757 869 40 21 ock
808 869 118 21 oberoende

172 902 64 22 häraf
248 902 79 28 ansäge
343 904 69 21 denna
427 904 139 27 beskattning
580 904 54 21 böra
650 906 28 18 än
693 904 73 21 vidare
781 903 34 21 för
827 904 100 21 framtida

172 937 67 21 behof
252 937 128 27 bibehällas;
395 938 39 21 och
449 938 91 21 föresläs
550 940 8 19 i
568 939 62 20 dessa
641 938 115 21 händelser
767 938 160 27 ifrägavarande

172 971 127 28 bevillnings
314 973 118 26 utgörande
447 973 55 21 efter
518 972 144 22 oförändrade
675 973 101 26 grunder.
801 973 43 20 Det
854 978 73 15 senare

171 1005 138 22 alternativet
330 1006 53 27 äter,
406 1013 46 16 som
476 1007 126 22 förutsätter
623 1009 35 19 att
674 1007 121 21 Ständerna
809 1007 47 20 icke
870 1007 58 21 finna

172 1039 80 28 skäligt
266 1042 33 19 att
314 1041 33 21 för
356 1041 144 22 instundande
510 1041 146 28 skatteperiod
668 1041 99 22 ähvälfva
776 1041 84 22 landets
870 1041 58 22 med-

171 1075 92 26 borgare
286 1075 69 28 nägon
376 1077 125 26 ytterligare
524 1076 55 22 form
594 1076 23 21 af
632 1076 118 27 bevillning
771 1076 85 21 utöfver
874 1076 54 25 dem,

171 1115 47 15 som
240 1110 67 21 redan
325 1110 91 27 tidigare
434 1111 23 21 af
474 1111 114 21 Utskottet
602 1111 7 21 i
624 1111 50 21 dess
690 1110 151 22 betänkanden
856 1110 44 21 Nrri
917 1111 10 20 1

170 1144 44 21 —4
228 1143 116 28 tillstyrkts
359 1145 39 21 och
413 1145 67 22 delvis
495 1145 67 22 redan
577 1145 23 22 af
614 1145 122 22 Ständerna
751 1145 112 26 godkänts,
874 1144 55 22 före-

171 1177 44 22 slår
235 1178 143 22 afskaffandet
400 1179 23 22 af
445 1180 239 27 inkomstbeviliningen
710 1179 39 22 och
771 1179 159 22 bibehällandet

171 1213 77 21 endast
262 1213 25 21 af
300 1213 41 21 den
355 1214 210 27 näringsbevillning,
580 1221 46 15 som
641 1214 25 21 af
679 1213 115 22 utländske
809 1213 119 22 handlande

170 1253 29 15 m.
214 1247 22 21 fl.
252 1247 138 22 härförinnan
405 1249 71 21 blifvit
490 1249 94 27 utgjord.

240 1281 72 28 Sagda
327 1283 204 27 näringsbevillning
546 1283 45 26 har,
607 1283 69 27 enligt
690 1283 57 20 hvad
762 1282 23 21 af
798 1282 131 21 statsräken-

172 1315 107 27 skaperna
294 1316 100 27 framgär,
409 1317 97 28 inbragt:

172 1349 26 22 år
214 1350 55 21 1877
301 1367 4 5 .
336 1367 5 5 .
370 1336 80 47 22,220
465 1336 44 47 Fig
594 1351 24 22 är
635 1351 56 22 1881
724 1367 4 5 .
760 1367 4 5 .
795 1336 77 47 31,020
895 1336 36 47 me

181 1401 9 10 »
211 1384 56 22 1878
298 1403 4 4 .
334 1402 4 5 .
368 1387 80 26 21570
478 1403 9 10 ,
602 1403 10 10 ,
633 1385 58 22 1882
722 1402 4 5 .
758 1402 4 4 .
793 1385 79 26 37150
900 1401 9 10 ,

180 1435 10 10 »
210 1419 56 21 1899
298 1437 4 4 .
333 1436 5 5 .
367 1421 80 26 20,70
476 1437 9 10 ,
602 1438 9 9 ,
632 1420 59 22 1883
722 1437 4 4 .
758 1437 4 4 .
793 1419 79 27 34860
900 1436 10 9 ,

179 1469 11 11 »
212 1453 57 22 1880
299 1471 4 4 .
335 1471 5 4 .
369 1455 80 26 20550
478 1472 10 10 ,

240 1493 218 23 Bevillningsutskottets
471 1494 117 18 betänkande
600 1495 36 17 N:o
648 1495 19 17 5.
