1009 1739
420 140 35 21 N:o
471 140 35 21 31.
785 140 25 20 51

392 231 39 22 18
449 231 85 28 Kap.

372 283 38 21 Om
430 283 126 27 häktning.

425 340 11 26 $
454 341 46 20 160.

157 380 11 21 I
183 380 61 26 fråga
260 386 32 15 om
310 380 104 26 häktning
430 380 23 21 af
468 381 48 26 den,
533 387 44 14 som
591 381 33 20 till
636 381 148 26 krigsmakten
794 381 46 27 hör,

85 415 62 25 skall,
167 417 59 18 utom
245 415 56 20 hvad
317 415 6 19 i
340 415 79 20 allmän
435 415 35 25 lag
486 421 35 14 om
537 415 105 26 häktning
659 415 88 26 stadgas
764 417 56 19 samt
835 418 7 18 i

86 449 201 27 Ordningsstadgan
304 455 34 15 om
356 449 96 21 förmans
469 451 45 19 rätt
529 452 33 18 att
578 450 86 26 tillsäga
680 450 161 26 underlydande

85 486 78 18 arrest:
178 483 138 21 föreskrifvet
339 485 30 24 är,
391 483 79 26 jemväl
494 484 34 20 till
545 484 146 21 efterrättelse
707 484 63 21 lända
786 484 55 21 hvad

85 518 39 21 här
141 518 68 20 nedan
226 520 68 24 säges.

424 546 11 27 $
453 548 47 20 161.

157 586 108 27 Ertappas
289 586 32 21 till
341 586 133 26 krigsstaten
491 587 97 21 hörande
603 593 85 21 person,
706 593 45 15 som
767 587 75 26 begått

85 622 105 26 rymning,
214 621 58 25 eller,
296 621 33 21 för
346 621 168 21 underlåtenhet
530 623 32 19 att
577 622 58 20 inom
651 621 142 21 föreskrifven
810 621 31 21 tid

85 656 88 21 inställa
197 656 33 26 sig
252 656 7 20 i
279 656 71 26 tjenst,
370 656 67 26 enligt
453 656 71 20 denna
539 656 35 26 lag
590 656 42 20 kan
649 656 70 21 såsom
736 662 106 20 rymmare

86 690 96 25 straffas;
199 690 27 20 då
242 690 54 21 skall
314 690 39 20 han
369 690 7 20 i
392 690 66 21 häkte
474 692 70 25 tagas.

424 753 12 27 $
454 754 46 20 162.

158 794 83 20 Varder
257 794 76 26 någon,
350 800 45 14 som
412 794 32 20 till
462 794 148 26 krigsmakten
628 794 46 26 hör,
691 794 81 20 häktad
788 793 55 21 efter

86 828 144 21 förordnande
246 828 23 21 af
283 834 69 15 annan
368 828 132 26 myndighet,
518 830 26 19 än
561 829 53 21 hans
625 828 153 26 befälhafvare,
790 830 54 24 göre

87 862 41 21 den
144 862 124 27 myndighet
283 865 51 18 utan
351 862 104 27 dröjsmål
471 863 101 21 anmälan
588 863 73 21 derom
678 864 38 20 hos
734 862 40 21 den
790 862 52 20 häk-

86 896 61 21 tades
164 897 151 21 befälhafvare.

424 926 12 26 8
454 927 46 20 163.

158 965 44 21 Der
224 965 146 21 militärhäkte
389 965 76 28 finnes,
485 966 35 21 må
535 965 33 22 för
584 966 60 21 brott
660 965 80 22 häktad
756 971 86 21 person,

86 1005 46 16 som
140 1000 35 21 till
183 1000 152 25 Krigsmakten
350 1000 46 27 hör,
408 1000 70 21 under
488 1000 132 27 ransakning
631 1000 35 21 vid
682 999 161 27 Krigsdomstol

86 1035 6 20 i
110 1034 77 21 sådant
202 1035 65 20 häkte
282 1034 74 21 hållas.

391 1097 42 22 19
452 1097 86 28 Kap.

267 1149 33 22 Om
316 1150 112 27 angifvelse
444 1150 38 21 och
502 1149 42 22 åtal
561 1150 21 21 af
598 1149 62 22 brott.

424 1207 11 26 S
453 1208 47 20 164.

157 1241 43 22 Vill
216 1247 49 15 man
281 1241 79 21 tilltala
375 1241 71 25 nägon
462 1241 35 20 för
513 1241 60 21 brott
583 1241 36 21 vid
630 1240 162 28 Krigsdomstol
804 1240 39 21 och

85 1276 125 21 ankommer
232 1276 37 21 det
292 1276 12 20 å
323 1275 113 27 Krigsrätt
451 1277 33 19 att
500 1275 66 21 målet
581 1277 103 25 upptaga,
700 1277 52 24 göre
768 1275 74 20 derom

85 1311 99 21 anmälan
200 1310 38 21 hos
255 1310 159 21 befälhafvaren
430 1310 34 21 för
481 1312 100 25 truppen,
598 1310 109 21 beskrifve
722 1309 66 21 målet
804 1309 39 21 och

85 1347 78 19 nämne
186 1345 26 20 de
235 1345 89 26 vittnen,
347 1345 49 20 med
419 1344 75 21 hvilka
517 1345 42 20 han
577 1346 46 19 tror
639 1345 33 26 sig
688 1344 73 21 kunna
776 1343 68 21 åtalet

86 1379 81 28 styrka.
197 1374 31 25 Är
244 1379 81 21 brottet
340 1379 84 25 sådant,
442 1380 32 19 att
490 1379 67 20 målet
572 1379 40 20 bör
622 1378 23 21 af
654 1374 189 30 Öfverkrigsdom-

86 1415 42 20 stol
152 1413 134 22 omedelbart
305 1413 93 26 afgöras,
414 1413 82 26 ingifve
513 1413 105 27 skriftligt
633 1412 108 28 klagomål
758 1412 85 21 derstä-

86 1449 38 20 des
140 1448 52 21 eller
208 1448 33 21 till
257 1447 162 21 vederbörande
435 1447 154 22 befälhafvare.
