1009 1739
411 161 34 20 N:o
461 161 36 21 31.
776 160 27 21 59

414 229 12 27 $
444 230 46 21 188.

146 269 71 21 Anser
233 265 249 31 Öfverkrigsdomstolen
498 269 79 21 besvär
593 269 53 21 eller
662 269 109 26 klagomål
782 274 51 15 vara

74 304 83 21 sådana
180 305 38 21 att,
242 304 66 21 innan
331 304 73 27 utslag
426 303 70 27 fälles,
520 305 72 26 någon
615 304 65 21 höras
696 303 48 26 bör;
768 303 66 20 varde

74 339 54 20 hans
152 338 121 27 förklaring
296 338 112 21 infordrad
431 345 77 20 genom
532 338 114 21 Guvernör
662 338 53 21 eller
730 337 103 21 vederbö-

75 374 67 21 rande
157 373 154 21 befälhafvare.

415 413 11 27 $
446 414 47 20 189.

147 453 97 21 Kallelse
260 452 33 22 till
310 452 107 22 svaromål
432 452 36 21 vid
484 448 251 31 Öfverkrigsdomstolen
746 452 39 20 bör
796 452 39 20 ske

76 494 76 21 genom
176 488 96 26 skriftlig
295 487 115 27 stämning,
432 489 40 19 när
488 488 80 20 sakens
585 487 151 21 beskaffenhet
752 487 24 20 så
792 486 43 21 for-

76 523 58 26 drar,
158 528 48 15 men
230 522 64 26 eljest
314 528 76 20 genom
408 522 188 21 öfverauditörens
613 521 91 27 försorg,
720 522 28 26 pä
764 522 44 20 sätt
824 520 11 28 $

81 558 39 20 172
136 557 128 21 innehåller.

414 591 11 27 $
447 592 47 20 190.

148 632 63 20 Hvad
226 632 64 26 eljest
305 632 93 20 rörande
414 632 117 26 rättegång
547 631 35 21 vid
598 631 112 27 Krigsrätt
726 631 6 20 i
748 632 28 20 20
786 630 50 26 kap:

77 666 96 27 stadgas,
193 666 64 21 lände
273 666 62 21 äfven
351 666 33 21 till
401 666 147 21 efterrättelse
565 666 33 20 för
614 661 222 31 Öfverkrigsdomsto-

76 700 105 27 len
117 695 9 36 i
135 700 46 27 allt,
198 706 45 15 som
251 700 125 26 tillämpligt
391 706 52 15 vara
458 700 53 26 kan;
528 700 40 21 och
584 700 57 27 gälle
656 700 134 21 beträftande
806 699 31 21 öf-

77 734 125 22 verauditör
216 735 80 26 jemväl
311 735 56 20 hvad
382 734 34 22 för
432 735 86 21 auditör
535 734 7 21 i
560 736 8 19 1
586 741 63 15 mom.
666 734 24 21 af
704 734 11 27 $
731 735 39 20 178
782 734 55 20 före-

78 769 99 21 skrifves.

417 804 11 26 8
450 804 47 20 191.

151 844 10 20 I
180 844 43 20 alla
239 844 49 26 mäl,
306 844 47 20 dem
365 839 250 31 Öfverkrigsdomstolen
626 843 134 21 omedelbart
771 842 67 27 afgör,

78 878 108 21 afkunnas
206 878 162 26 hufvudsakligt
384 878 74 26 utslag
473 878 34 21 för
523 880 71 24 öppna
605 878 83 27 dörrar,
700 878 27 20 dä
737 879 101 25 parterne

79 912 67 22 vistas
164 914 26 24 pä
206 914 62 19 orten
284 912 39 21 och
339 913 27 26 pä
382 912 91 21 kallelse
489 913 34 26 sig
534 912 99 26 inställa;
650 919 49 14 men
710 912 63 26 eljest
784 911 56 21 skall

80 942 248 31 Öfverkrigsdomstolen
343 946 7 21 i
367 947 82 20 sädana
470 947 40 20 och
526 947 63 20 alltid
604 947 7 20 i
628 946 69 27 öfriga
713 946 43 21 mäl
772 946 68 20 sända

80 981 39 21 sitt
142 981 72 26 utslag
236 981 34 20 till
293 981 162 21 vederbörande
479 981 149 20 hbefälhafvare
651 981 53 21 eller
720 980 120 26 Guvernör,

80 1017 33 19 att
136 1016 67 20 varda
225 1018 77 24 parten
322 1015 6 20 i
349 1015 91 27 behörig
464 1015 92 27 ordning
579 1015 119 26 kungjordt
721 1015 53 20 eller
796 1014 44 21 till-

80 1050 77 25 stäldt;
174 1050 40 21 och
233 1050 39 21 bör
287 1050 60 21 bevis
363 1049 59 22 öfver
438 1050 78 26 dagen,
533 1050 27 20 dä
577 1050 79 21 sädant
671 1050 67 25 skett,
753 1048 34 21 till
804 1043 36 26 Öf-

80 1073 221 38 verkrigsdomstolen
318 1086 76 25 genast
409 1084 111 21 insändas.

420 1152 10 27 $
452 1154 47 19 192.

154 1193 138 21 Beträffande
308 1192 176 27 underställning
500 1192 24 21 af
533 1187 263 32 Öfverkrigsdomstolens
807 1192 34 19 ut-

82 1227 46 27 slag
144 1227 33 21 tili
193 1227 117 27 Kejsarens
327 1227 39 21 och
382 1227 147 21 Storfurstens
546 1227 101 26 pröfning
658 1228 57 19 samt
726 1225 115 27 iakttagel-

82 1268 35 15 ser
140 1262 36 21 vid
199 1262 103 26 ändrings
326 1262 96 20 sökande
446 1262 6 20 i
478 1257 261 31 Öfverkrigsdomstolens
762 1260 80 27 utslag,

82 1296 57 27 gälle
162 1296 56 21 hvad
234 1303 34 14 om
284 1296 130 21 hemställan
431 1295 23 22 af
469 1296 40 21 och
525 1296 78 21 besvär
618 1295 60 21 öfver
693 1295 100 21 Hoträtts
809 1295 33 20 ut-

82 1331 48 26 slag
152 1330 68 21 finnes
243 1330 139 21 föreskrifvet
397 1330 7 21 i
420 1330 73 27 öfrigt,
514 1332 60 19 utom
590 1331 33 20 att
637 1330 79 21 besvär
732 1329 59 21 öfver
807 1324 36 25 Öf-

82 1365 234 26 verkrigsdomstolens
327 1365 73 26 utslag
415 1365 63 20 skola
488 1364 34 21 till
535 1364 106 21 Senatens
652 1363 191 27 Justitiedeparte-

82 1401 60 19 ment
157 1399 93 27 ingifvas
266 1399 41 21 sist
322 1399 45 21 före
383 1399 94 20 klockan
492 1399 43 20 tolf
549 1400 13 19 å
577 1399 119 20 trettionde
708 1399 69 26 dagen
789 1397 55 21 efter

84 1434 36 20 det
143 1434 95 26 utslaget
261 1433 71 22 blifvit
355 1433 125 21 afkunnadt
500 1433 52 21 eller
568 1433 150 21 besväranden
734 1431 110 28 delgifvet,

83 1468 41 20 den
141 1468 42 26 dag
200 1469 78 20 sädant
293 1469 59 19 skett
367 1464 107 41 oräknad.
