1009 1739
302 153 24 23 U.
342 153 22 23 B.
379 164 31 6 —
425 152 62 29 Prop.
504 153 38 23 N:o
557 153 39 24 28.
774 153 26 21 25

72 211 74 28 sjelfva
163 210 86 22 skatten
264 210 55 21 skall
334 210 81 21 kännas
430 210 88 22 svärare
533 212 33 19 att
585 210 59 21 bära.
674 210 32 21 De
722 210 110 27 befintliga

71 244 169 28 besparingarne
263 244 61 22 skola
346 244 64 21 ocksä
428 250 82 21 genom
532 244 247 27 inkomstbevillningens
802 244 31 21 af-

72 279 110 22 skaffande
202 279 131 26 väsentligen
352 280 62 25 tagas
428 279 8 20 i
450 278 101 28 anspräk,
574 279 136 26 hvarigenom
732 279 98 21 fortsätt-

72 313 78 27 ningen
172 313 24 21 af
214 313 252 27 jernvägsbyggnaderna
488 313 68 22 mäste
576 313 114 26 försväras,
706 313 28 21 dä
748 313 34 21 för
797 311 33 22 sä-

72 347 53 21 dant
148 347 99 22 ändamäl
265 349 61 19 snart
344 353 42 21 nog
404 347 63 27 ingen
482 353 72 15 annan
568 349 65 25 utväg
648 347 93 22 äterstär
756 349 28 19 än
798 348 34 19 att

72 383 96 26 upptaga
191 381 36 22 län
242 393 28 3 —
284 381 66 27 nägot
369 387 45 15 som
428 381 8 22 i
451 381 49 21 värt
518 381 62 22 lands
595 381 47 27 läge
661 387 63 22 synes
740 381 53 21 böra
808 380 24 22 sä

73 416 45 21 vidt
133 416 84 26 möjligt
232 415 110 21 undvikas.

140 450 40 21 Om
203 450 235 26 inkomstbevillningen
460 449 118 22 bibehälles
601 450 108 21 erfordras
728 449 23 21 af
764 449 68 21 bank-

73 484 83 22 vinsten
179 486 32 19 ett
232 484 124 27 ytterligare
378 484 94 21 tillskott
492 484 24 21 af
530 484 76 21 endast
620 484 92 26 420,552
728 483 61 22 mark
804 484 28 21 97

73 518 70 27 penni,
159 518 81 22 hvilket
262 518 155 27 sammanlagdt
435 518 49 22 med
499 518 63 22 ofvan
577 518 34 22 för
626 518 205 22 kommunikations-

72 552 79 22 fonden
166 552 8 21 i
192 552 93 27 anspräk
307 555 65 24 tagna
394 558 83 16 summa
493 553 23 21 af
536 553 114 25 3,010,540
664 554 40 26 gör
718 552 114 26 3,431,092

73 587 62 21 mark
151 587 27 21 97
194 586 69 28 penni,
279 587 83 21 hvadan
378 586 82 22 säledes
475 588 32 20 ett
522 587 78 27 belopp
615 586 23 22 af
648 587 110 26 2,730,971
771 586 62 22 mark

74 622 27 20 68
116 622 64 26 penni
196 622 58 25 eller,
270 628 35 14 om
320 621 26 21 de
362 621 33 21 till
414 621 112 27 byggande
540 621 24 21 af
575 620 151 28 jernvägsspär
740 621 33 21 till
789 620 44 22 Wi-

73 655 65 27 borgs
147 655 65 21 hamn
223 656 23 21 af
255 656 106 21 utskottet
374 656 123 26 föreslagna
513 656 91 22 122,400
611 655 93 25 förfalla,
717 655 111 25 2.853,371

73 690 62 21 mark
158 690 27 21 68
208 690 63 26 penni
294 690 23 21 af
337 690 141 21 bankvinsten
496 690 42 20 blir
555 690 125 26 ytterligare
696 689 136 27 disponibelt.

74 724 66 22 Detta
156 724 78 27 belopp
249 730 62 22 synes
326 724 54 21 böra
394 730 122 15 reserveras
526 724 34 21 för
568 723 207 28 jernvägsändamä!,
787 723 45 21 dels

73 758 7 21 i
96 758 37 22 det
150 758 56 28 syfte
222 758 37 27 jag
273 758 7 22 i
295 758 43 22 min
360 758 132 22 reservation
515 758 91 21 rörande
628 758 205 21 kommunikations-

73 792 79 22 fonden
167 792 123 27 framhällit,
306 793 46 21 dels
366 792 66 22 ocksä
446 792 33 21 till
494 792 178 22 nästkommande
683 792 98 21 ständers
792 792 42 20 dis-

74 828 100 26 position,
197 827 81 21 hvilket
298 827 40 21 har
356 826 24 22 sä
399 826 85 28 mycket
499 832 61 16 mera
574 826 46 22 skäl
635 826 33 22 för
684 827 38 26 sig,
739 832 45 15 som
799 828 35 19 ut-

74 861 82 22 skottet
178 861 113 21 inskränkt
312 861 97 27 anslaget
427 860 35 22 för
477 860 93 22 Savolax
585 861 70 21 banan
670 861 33 21 till
719 860 114 26 8,000,000

74 895 62 22 mark
150 896 7 20 i
173 895 73 22 stället
260 895 34 21 för
308 896 24 20 af
344 896 125 26 regeringen
484 894 123 28 föreslagna
623 895 127 27 12,000,000
764 894 68 22 mark.

143 930 107 27 Uppstäld
272 930 66 27 enligt
360 930 61 21 ofvan
444 930 88 26 angifna
552 930 107 27 principer
674 930 69 21 skulle
759 929 74 22 bevill-

74 964 170 27 ningsbudgeten
259 963 21 22 få
295 964 93 27 följande
403 964 111 21 utseende.

380 1021 149 22 1886—1888.

403 1060 102 28 Utgifter.

75 1095 73 26 Enligt
170 1094 178 23 Statsutskottets
370 1095 120 22 betänkan-

104 1129 40 21 den
160 1129 50 21 n:ris
227 1130 32 26 10,
277 1131 33 24 11,
327 1130 25 21 12
368 1129 40 22 och
424 1130 48 21 14
467 1125 16 35 .
504 1130 128 26 49,940,248
650 1142 24 3 —

74 1163 67 27 Afgär
150 1163 126 22 subvention
284 1164 33 21 till
328 1159 144 63 Björneborgs

100 1197 91 27 jernväg
216 1214 4 5 .
252 1213 5 5 .
288 1213 5 5 .
324 1213 4 5 .
395 1214 5 5 <
431 1214 5 5 <
467 1215 5 4 <
509 1199 123 32 1,500,000
647 1210 23 4 —
698 1203 137 28 48,440,248.

390 1265 130 22 Inkomster.

74 1299 58 22 Från
143 1299 133 22 statsfonden
284 1300 33 21 till
324 1299 149 22 folkskolorna
493 1295 15 36 —
519 1301 113 26 1,200,000
646 1313 28 3 —

74 1333 168 22 Militiefondens
257 1334 118 21 inkomster
397 1349 2 5 .
430 1350 6 5 .
466 1351 5 4 .
518 1335 114 26 9,970,000
652 1347 22 3 —

74 1368 292 22 Kommunikationsfondens
385 1368 86 27 tillgän-

103 1409 39 20 gar
157 1402 67 27 enligt
238 1403 43 20 min
297 1403 131 21 reservation
439 1403 33 21 till

103 1436 147 22 betänkandet
265 1442 35 16 n:o
318 1437 46 21 15.
395 1452 5 5 .
432 1453 4 5 .
468 1453 4 5 .
504 1438 129 26 26,109,400
650 1449 24 3 —

352 1476 119 27 Transport
505 1477 129 26 =37,279,400
649 1489 29 3 —

145 1514 154 19 Statsutskottets
312 1515 116 18 betänkande
442 1517 36 16 N:o
492 1516 30 18 10.
