1009 1739
218 165 13 20 2
350 182 2 2 N
535 164 29 17 N:o
576 163 28 18 28.

189 233 51 26 mål,
262 235 27 19 än
305 233 41 21 ock
361 233 69 27 öfriga
445 233 50 21 med
511 232 225 22 folkskoleväsendets
751 232 125 27 utveckling
892 238 56 15 sam-

190 267 165 27 manhängande
377 267 107 27 vigtigare
500 267 74 27 frägor
589 266 121 27 periodiskt
725 265 67 22 blifva
808 266 89 22 föremäl
913 266 34 21 för

190 301 134 22 Ständernas
340 301 158 27 öfvervägande
515 302 39 21 och
570 301 78 22 beslut.

258 336 61 21 Hans
335 337 123 26 Kejserliga
473 336 104 27 Majestät
592 337 40 20 har
647 335 66 22 likväl
730 335 72 22 denna
814 337 58 26 gång
882 336 18 27 ej
912 342 36 16 ve-

190 371 32 21 lat
236 371 82 21 föreslå
333 371 121 21 Ständerna
471 373 33 19 att
519 371 50 21 med
582 370 202 27 bevillningsmedel
795 370 92 21 betäcka
897 371 51 21 hela

190 405 37 22 det
242 405 143 27 erforderliga
400 406 100 26 anslaget
516 405 33 22 för
564 405 156 27 folkskolorna,
736 405 91 21 emedan
840 405 69 20 under
920 405 27 21 de

190 442 94 25 senaste,
308 440 6 21 i
337 440 109 21 finansielt
464 440 125 22 hänseende
605 445 126 22 gynsamma
747 440 53 20 åren
815 439 7 21 i
838 439 110 21 allmänna

190 474 137 22 statsfonden
343 476 98 25 uppstått
456 475 159 27 behållningar,
631 474 24 21 af
668 474 74 21 hvilka
757 474 77 27 bidrag
849 474 33 20 till
893 473 54 22 folk-

190 509 174 27 skoleanslagets
379 510 143 20 bestridande
537 510 43 21 kan
596 510 76 20 afstås.

260 544 74 26 Enligt
357 544 26 21 de
406 544 172 27 approximativa
600 543 153 27 beräkningar,
778 550 44 15 som
838 544 110 20 härintills

190 579 84 21 kunnat
289 580 109 25 uppgöras
414 578 60 22 öfver
489 578 110 22 allmänna
615 578 148 22 statsfondens
778 578 119 21 inkomster
908 578 39 21 och

190 613 90 27 utgifter
296 613 68 21 under
376 614 52 20 åren
445 614 148 26 1886—1888,
609 612 69 26 torde,
696 612 6 21 i
718 612 102 21 medeltal
836 612 33 21 för
884 612 64 21 hvart

190 647 24 21 af
235 648 64 21 dessa
322 648 30 26 år,
376 648 150 21 inkomsterna
546 649 71 25 uppgå
632 647 35 21 till
683 648 128 25 23,800,000
828 647 38 21 och
882 647 65 26 utgif-

189 684 64 19 terna
276 682 33 21 till
330 683 128 27 22,700,000
474 683 68 20 mark.
574 682 95 21 Sålunda
684 688 51 14 vore
752 683 31 19 ett
799 682 65 26 årligt
879 682 69 21 öfver-

190 716 60 22 skott
266 717 23 21 af
302 717 91 26 ungefär
410 718 113 26 1,100,000
538 717 62 21 mark
616 719 32 19 att
664 716 117 27 påräknas,
798 716 72 22 derest
881 718 65 20 stats-

190 751 91 21 fondens
307 752 125 21 nuvarande
457 752 167 20 inkomstkällor
650 751 144 21 oförändrade
820 751 127 21 bibehållas.

190 786 60 21 Hans
266 786 123 27 Kejserliga
405 786 103 27 Majestät
524 786 40 21 har
580 786 54 21 dock
649 786 72 20 funnit
732 786 61 20 detta
804 785 142 21 statsverkets

190 820 100 21 tillstånd
314 820 104 22 innebära
440 821 119 27 anledning
582 823 32 18 att
630 820 75 21 skrida
720 820 34 21 till
770 820 140 26 nedsättning
926 820 24 21 af

190 855 84 21 sådana
294 855 89 27 skatter,
400 862 45 14 som
462 855 103 27 antingen
581 854 152 27 förnämligast
749 854 81 22 drabba
847 855 25 20 de
888 854 60 22 fatti-

190 896 52 20 gare
257 890 115 20 klasserna
387 890 23 20 af
423 890 154 26 befolkningen
594 890 53 20 eller
663 889 40 21 ock
719 889 90 21 inverka
820 889 89 27 menligt
919 890 29 26 på

190 924 263 26 näringsverksamheten.
484 924 42 21 Till
550 930 26 15 en
599 924 77 26 början
700 924 55 20 skall
778 924 67 20 tullen
861 924 28 26 på
904 924 44 21 salt

189 958 114 21 nedsättas
327 957 33 22 till
383 958 83 21 hälften
490 958 24 21 af
533 958 49 21 dess
598 958 125 21 nuvarande
739 957 85 27 belopp,
840 960 56 19 samt
912 964 34 15 ex-

189 992 120 27 porttullen
332 993 28 25 på
383 993 186 26 skogsprodukter
592 991 127 28 upphäfvas.
750 992 198 21 Tullinkomsterna

189 1027 98 22 minskas
310 1033 77 20 genom
411 1027 41 21 den
475 1027 60 21 förra
558 1027 22 21 af
595 1027 64 21 dessa
675 1027 103 26 åtgärder
793 1027 48 27 med
857 1027 91 26 ungefär

190 1062 100 26 250,000,
307 1067 77 21 genom
401 1061 41 21 den
458 1068 78 15 senare
551 1062 48 21 med
616 1061 92 27 360,000
724 1061 68 20 mark.
818 1061 79 21 Vidare
908 1061 40 21 har

189 1095 61 22 Hans
274 1095 123 27 Kejserliga
420 1095 104 28 Majestät
547 1096 57 21 velat
625 1096 35 21 till
676 1095 133 22 Ständernas
826 1096 121 27 antagande

190 1129 66 22 afläta
276 1130 82 27 förslag
374 1131 112 26 angäende
502 1130 96 27 lindring
614 1130 39 21 och
670 1129 122 27 eftergifter
808 1130 6 21 i
830 1130 118 27 tingsgäst-

189 1164 93 27 ningens
305 1165 128 27 utgörande,
457 1165 40 20 och
520 1171 46 15 som
586 1165 128 20 domarenes
730 1164 96 21 inkomst
840 1165 24 20 af
878 1165 70 21 denna

190 1199 60 21 skatt
266 1198 125 27 derigenom
407 1199 105 27 minskas,
528 1199 39 21 bör
577 1199 103 26 vederlag
691 1199 33 20 till
736 1199 48 20 dem
796 1199 92 26 utgifvas
899 1199 48 22 frän

190 1233 144 22 statsfonden.
364 1233 64 21 Hvad
451 1233 124 21 derutöfver
598 1234 96 20 återstår
717 1233 24 21 af
757 1233 36 21 det
809 1233 148 28 kalkylerade.

190 1267 70 27 årliga
276 1267 144 22 öfverskottet
435 1267 43 22 kan
494 1267 68 22 blifva
576 1267 92 22 föremål
684 1267 33 21 för
732 1267 137 28 användning
880 1269 6 20 i
898 1275 50 14 ena-

189 1302 73 21 handa
278 1301 72 28 syften
366 1302 68 21 sedan
450 1302 102 27 kalkylen
568 1302 55 21 efter
638 1302 73 26 nägon
722 1301 32 22 tid
764 1302 84 21 kunnat
858 1303 89 21 säkrare

189 1338 116 25 uppgöras.

258 1371 51 21 Med
332 1371 102 21 afseende
458 1372 13 20 å
490 1371 97 28 anförda,
602 1372 29 25 pä
648 1371 27 21 de
690 1371 130 21 kommande
836 1372 63 20 årens
915 1377 34 15 re-

190 1405 69 21 sultat
274 1405 132 22 inverkande
422 1405 150 28 förfoganden,
587 1405 40 22 har
639 1405 62 22 Hans
712 1405 123 27 Kejserliga
845 1405 103 27 Majestät

190 1439 119 26 förordnat,
332 1441 34 19 att
388 1439 144 22 omförmälda
550 1439 77 28 bidrag
642 1439 35 22 till
692 1439 208 27 folkskoleanslaget
915 1440 33 21 för

189 1473 175 27 finansperioden
390 1475 141 20 1886—1888
554 1474 56 20 skall
633 1474 35 21 till
691 1474 78 26 belopp
792 1474 24 21 af
838 1475 112 27 1,200,000
