1009 1739
187 173 27 21 90
498 174 35 21 N:o
549 173 31 22 31.

482 260 23 23 9
520 261 82 28 Kap.

460 318 34 22 Om
512 318 107 27 klagomål.

514 376 12 27 8
543 377 33 20 78.

232 415 44 20 Vill
299 415 70 26 någon
389 415 39 21 hos
450 415 82 21 befälet
552 415 77 21 anföra
644 415 117 27 klagomål,
777 421 49 15 vare
843 415 78 21 sådant

160 449 78 21 honom
255 449 18 27 ej
290 449 131 27 förvägradt,
437 456 34 15 om
487 450 43 21 han
546 452 47 19 tror
610 450 34 26 sig
660 450 73 21 dertill
750 456 39 20 ega
800 450 58 26 skäl;
872 456 48 15 men
934 457 12 21 +

162 484 18 26 ej
204 484 35 20 må
262 484 71 26 någon
352 484 6 20 i
375 484 67 21 sådan
459 484 39 21 sak
516 484 47 21 föra
580 490 83 15 annans
679 484 67 25 talan,
764 484 18 26 ej
798 484 70 21 heller
883 490 37 14 an-

160 518 58 21 mäla
234 518 109 26 klagomål
359 521 134 23 gemensamt
510 519 49 21 med
576 525 71 15 annan
659 519 53 21 eller
723 518 130 21 föranstalta
864 524 56 15 sam-

162 553 122 21 mankomst
300 553 33 21 för
348 555 33 19 att
396 553 74 27 frågor
487 560 33 14 om
537 553 110 27 klagomål
664 553 75 21 dervid
756 553 33 21 till
801 553 119 27 öfverlägg-

161 587 53 27 ning
232 589 102 25 upptaga.
365 588 61 21 Dock
444 594 52 21 eger
513 588 48 26 den,
578 594 46 15 som
640 588 37 21 vill
693 588 66 26 klaga
776 587 98 21 deröfver
890 589 32 19 att

161 622 43 21 han
227 622 33 21 sin
283 622 54 21 fulla
360 624 44 19 rätt
423 622 24 21 af
460 623 57 21 hvad
534 623 83 21 kronan
634 623 74 21 består
724 622 48 21 icke
788 622 65 26 njutit
869 622 52 21 eller

161 658 33 19 att
216 658 71 25 någon
304 657 94 26 tjensten
414 657 119 27 åtföljande
549 657 85 21 förmån
651 658 53 20 eller
721 656 104 27 rättighet
841 657 77 21 honom

161 691 156 27 undanhållits,
338 692 77 20 endast
433 692 36 20 vid
484 692 213 26 generalmönstring
714 692 60 26 dylik
789 691 78 26 klagan
884 698 36 14 an-

161 726 63 25 mäla,
241 728 58 18 utom
316 726 7 20 i
338 726 46 27 fall,
400 732 45 15 som
462 726 7 21 i
485 726 11 26 $
514 728 25 19 87
558 728 70 25 säges.

514 789 11 27 8
542 790 33 20 79.

232 829 115 26 Klagomål
363 829 22 21 få
400 830 18 26 ej
436 829 87 21 anföras
540 830 68 20 under
624 829 130 27 gudstjenst,
771 830 52 20 eller
839 830 6 20 i
861 829 57 21 fron-

160 865 37 19 ten
220 863 53 21 eller
292 863 7 21 i
320 863 117 21 allmänhet
456 864 70 20 under
543 864 99 26 utöfning
658 864 23 21 af
695 864 105 26 tjensten;
818 864 18 26 ej
852 864 68 21 heller

160 898 35 20 må
211 898 168 26 militärperson,
396 898 33 21 för
444 900 34 19 att
493 898 87 21 anmäla
590 898 117 27 klagomål,
720 898 96 26 aflägsna
827 898 33 27 sig
870 898 47 21 från

160 932 34 21 sin
210 932 183 27 kommendering.

509 961 11 27 $
536 962 34 20 80.

232 1001 114 26 Klagomål
362 1001 73 20 kunna
451 1001 57 21 inom
525 1001 79 27 fjorton
622 1001 67 26 dagar
701 1001 87 20 anföras
799 1000 119 27 muntligen

159 1035 53 21 eller
228 1035 130 27 skriftligen,
375 1035 55 21 blott
446 1035 39 22 hos
502 1038 110 19 närmaste
629 1035 148 22 befälhafvare
796 1035 58 21 öfver
870 1035 52 26 den,

159 1072 45 19 mot
218 1070 88 21 hvilken
322 1069 79 27 klagan
417 1069 66 22 föres.

231 1104 122 21 Innefattar
376 1104 108 26 klagomål
508 1104 120 27 angifvelse
646 1104 32 21 för
695 1105 71 24 någon
782 1103 136 28 förbrytelse,

158 1139 89 21 hvarom
263 1139 154 26 krigsdomstol
438 1145 50 20 eger
504 1139 70 27 döma,
590 1139 34 20 får
641 1139 79 21 sådant
735 1138 109 27 klagomål
860 1138 59 21 anfö-

158 1179 36 15 ras
218 1173 68 21 under
309 1173 49 21 hela
378 1173 40 21 den
435 1173 7 21 i
459 1173 126 27 strafflagen
602 1173 34 21 för
651 1173 83 21 brottet
751 1173 104 26 stadgade
870 1179 48 20 pre-

158 1207 160 27 skriptionstid.

507 1237 11 26 $
536 1237 33 20 81.

230 1277 64 21 Utom
311 1277 34 20 vid
362 1277 212 26 generalmönstring
589 1277 73 20 kunna
674 1276 109 27 klagomål
795 1278 57 19 emot
862 1276 55 26 regi-

156 1311 214 22 mentskommendör
386 1311 53 21 eller
455 1311 49 21 med
520 1311 49 21 dem
585 1311 103 21 likstälde
704 1311 54 20 eller
774 1311 66 26 högre
851 1310 66 21 befäl-

156 1345 90 22 hafvare
261 1346 49 21 icke
326 1346 98 21 anmälas
440 1346 137 21 annorlunda
594 1348 26 19 än
637 1345 133 26 skriftligen.

510 1409 11 27 8
538 1409 34 21 82.

228 1449 47 22 Har
290 1451 78 25 någon,
386 1456 45 15 som
448 1449 72 22 anfört
535 1449 117 27 klagomål,
668 1449 50 20 icke
737 1448 57 21 inom
810 1447 108 27 förloppet

156 1484 23 20 af
193 1486 33 19 tre
242 1484 104 20 månader
362 1484 12 20 å
390 1484 33 20 sin
439 1483 80 27 klagan
536 1483 86 21 undfått
638 1482 121 22 resolution
775 1482 53 21 eller
839 1482 77 21 under-

976 470 33 60 4
