<?xml version="1.0" encoding="UTF-8"?>
<alto xmlns="http://www.loc.gov/standards/alto/ns-v3#" xmlns:xlink="http://www.w3.org/1999/xlink" xmlns:xsi="http://www.w3.org/2001/XMLSchema-instance" xsi:schemaLocation="http://www.loc.gov/standards/alto/ns-v3# http://www.loc.gov/alto/v3/alto-3-0.xsd">
	<Description>
		<MeasurementUnit>pixel</MeasurementUnit>
		<sourceImageInformation>
			<fileName>/tmp/tess_dkfw6_l6_input.PNG</fileName>
		</sourceImageInformation>
		<OCRProcessing ID="OCR_0">
			<ocrProcessingStep>
				<processingSoftware>
					<softwareName>tesseract 5.3.4</softwareName>
				</processingSoftware>
			</ocrProcessingStep>
		</OCRProcessing>
	</Description>
	<Layout>
		<Page WIDTH="1009" HEIGHT="1739" PHYSICAL_IMG_NR="0" ID="page_0">
			<PrintSpace HPOS="0" VPOS="0" WIDTH="1009" HEIGHT="1739">
				<ComposedBlock ID="cblock_0" HPOS="192" VPOS="156" WIDTH="393" HEIGHT="22">
					<TextBlock ID="block_0" HPOS="192" VPOS="156" WIDTH="393" HEIGHT="22">
						<TextLine ID="line_0" HPOS="192" VPOS="156" WIDTH="393" HEIGHT="22">
							<String ID="string_0" HPOS="192" VPOS="158" WIDTH="12" HEIGHT="20" WC="0.95" CONTENT="2"/><SP WIDTH="299" VPOS="158" HPOS="204"/>
							<String ID="string_1" HPOS="503" VPOS="156" WIDTH="35" HEIGHT="21" WC="0.95" CONTENT="N:o"/><SP WIDTH="17" VPOS="156" HPOS="538"/>
							<String ID="string_2" HPOS="555" VPOS="156" WIDTH="30" HEIGHT="21" WC="0.96" CONTENT="21."/>
						</TextLine>
					</TextBlock>
				</ComposedBlock>
				<ComposedBlock ID="cblock_1" HPOS="164" VPOS="223" WIDTH="563" HEIGHT="58">
					<TextBlock ID="block_1" HPOS="164" VPOS="223" WIDTH="563" HEIGHT="58">
						<TextLine ID="line_1" HPOS="164" VPOS="223" WIDTH="562" HEIGHT="29">
							<String ID="string_3" HPOS="164" VPOS="228" WIDTH="56" HEIGHT="19" WC="0.93" CONTENT="samt"/><SP WIDTH="16" VPOS="228" HPOS="220"/>
							<String ID="string_4" HPOS="236" VPOS="225" WIDTH="117" HEIGHT="22" WC="0.91" CONTENT="återburna"/><SP WIDTH="15" VPOS="225" HPOS="353"/>
							<String ID="string_5" HPOS="368" VPOS="225" WIDTH="142" HEIGHT="27" WC="0.95" CONTENT="besparingar"/><SP WIDTH="11" VPOS="225" HPOS="510"/>
							<String ID="string_6" HPOS="521" VPOS="225" WIDTH="6" HEIGHT="21" WC="0.93" CONTENT="i"/><SP WIDTH="11" VPOS="225" HPOS="527"/>
							<String ID="string_7" HPOS="538" VPOS="224" WIDTH="97" HEIGHT="22" WC="0.91" CONTENT="särkilda"/><SP WIDTH="15" VPOS="224" HPOS="635"/>
							<String ID="string_8" HPOS="650" VPOS="223" WIDTH="76" HEIGHT="26" WC="0.93" CONTENT="anslag"/>
						</TextLine>
						<TextLine ID="line_2" HPOS="232" VPOS="259" WIDTH="495" HEIGHT="22">
							<String ID="string_9" HPOS="232" VPOS="260" WIDTH="34" HEIGHT="21" WC="0.96" CONTENT="för"/><SP WIDTH="23" VPOS="260" HPOS="266"/>
							<String ID="string_10" HPOS="289" VPOS="260" WIDTH="153" HEIGHT="21" WC="0.96" CONTENT="seminarierna"/><SP WIDTH="24" VPOS="260" HPOS="442"/>
							<String ID="string_11" HPOS="466" VPOS="260" WIDTH="111" HEIGHT="21" WC="0.96" CONTENT="äfvensom"/><SP WIDTH="20" VPOS="260" HPOS="577"/>
							<String ID="string_12" HPOS="597" VPOS="259" WIDTH="47" HEIGHT="20" WC="0.93" CONTENT="från"/><SP WIDTH="18" VPOS="259" HPOS="644"/>
							<String ID="string_13" HPOS="662" VPOS="259" WIDTH="65" HEIGHT="20" WC="0.92" CONTENT="stats-"/>
						</TextLine>
					</TextBlock>
				</ComposedBlock>
				<ComposedBlock ID="cblock_2" HPOS="164" VPOS="291" WIDTH="758" HEIGHT="214">
					<TextBlock ID="block_2" HPOS="164" VPOS="291" WIDTH="751" HEIGHT="102">
						<TextLine ID="line_3" HPOS="232" VPOS="291" WIDTH="683" HEIGHT="30">
							<String ID="string_14" HPOS="232" VPOS="295" WIDTH="70" HEIGHT="21" WC="0.93" CONTENT="medel"/><SP WIDTH="16" VPOS="295" HPOS="302"/>
							<String ID="string_15" HPOS="318" VPOS="295" WIDTH="129" HEIGHT="26" WC="0.93" CONTENT="godtgjorda"/><SP WIDTH="16" VPOS="295" HPOS="447"/>
							<String ID="string_16" HPOS="463" VPOS="294" WIDTH="149" HEIGHT="26" WC="0.95" CONTENT="ersättningar"/><SP WIDTH="41" VPOS="294" HPOS="612"/>
							<String ID="string_17" HPOS="653" VPOS="309" WIDTH="5" HEIGHT="4" WC="0.23" CONTENT="=."/><SP WIDTH="31" VPOS="309" HPOS="658"/>
							<String ID="string_18" HPOS="689" VPOS="308" WIDTH="4" HEIGHT="5" WC="0.90" CONTENT="."/><SP WIDTH="32" VPOS="308" HPOS="693"/>
							<String ID="string_19" HPOS="725" VPOS="308" WIDTH="4" HEIGHT="5" WC="0.69" CONTENT="«"/><SP WIDTH="60" VPOS="308" HPOS="729"/>
							<String ID="string_20" HPOS="789" VPOS="291" WIDTH="82" HEIGHT="23" WC="0.90" CONTENT="22,375:"/><SP WIDTH="17" VPOS="291" HPOS="871"/>
							<String ID="string_21" HPOS="888" VPOS="302" WIDTH="27" HEIGHT="3" WC="0.89" CONTENT="—"/>
						</TextLine>
						<TextLine ID="line_4" HPOS="164" VPOS="332" WIDTH="750" HEIGHT="25">
							<String ID="string_22" HPOS="164" VPOS="335" WIDTH="52" HEIGHT="22" WC="0.96" CONTENT="eller"/><SP WIDTH="16" VPOS="335" HPOS="216"/>
							<String ID="string_23" HPOS="232" VPOS="335" WIDTH="143" HEIGHT="21" WC="0.92" CONTENT="tillsammans"/><SP WIDTH="24" VPOS="335" HPOS="375"/>
							<String ID="string_24" HPOS="399" VPOS="351" WIDTH="4" HEIGHT="5" WC="0.89" CONTENT="."/><SP WIDTH="32" VPOS="351" HPOS="403"/>
							<String ID="string_25" HPOS="435" VPOS="351" WIDTH="5" HEIGHT="4" WC="0.89" CONTENT="."/><SP WIDTH="31" VPOS="351" HPOS="440"/>
							<String ID="string_26" HPOS="471" VPOS="351" WIDTH="5" HEIGHT="4" WC="0.88" CONTENT="."/><SP WIDTH="298" VPOS="351" HPOS="476"/>
							<String ID="string_27" HPOS="774" VPOS="332" WIDTH="98" HEIGHT="25" WC="0.92" CONTENT="852,700:"/><SP WIDTH="16" VPOS="332" HPOS="872"/>
							<String ID="string_28" HPOS="888" VPOS="332" WIDTH="26" HEIGHT="20" WC="0.95" CONTENT="29"/>
						</TextLine>
						<TextLine ID="line_5" HPOS="164" VPOS="349" WIDTH="564" HEIGHT="74">
							<String ID="string_29" HPOS="164" VPOS="370" WIDTH="39" HEIGHT="21" WC="0.96" CONTENT="och"/><SP WIDTH="23" VPOS="370" HPOS="203"/>
							<String ID="string_30" HPOS="226" VPOS="370" WIDTH="28" HEIGHT="21" WC="0.93" CONTENT="dä"/><SP WIDTH="19" VPOS="370" HPOS="254"/>
							<String ID="string_31" HPOS="273" VPOS="369" WIDTH="95" HEIGHT="22" WC="0.92" CONTENT="derifrän"/><SP WIDTH="16" VPOS="369" HPOS="368"/>
							<String ID="string_32" HPOS="384" VPOS="369" WIDTH="100" HEIGHT="27" WC="0.93" CONTENT="afdrages"/><SP WIDTH="16" VPOS="369" HPOS="484"/>
							<String ID="string_33" HPOS="500" VPOS="350" WIDTH="142" HEIGHT="40" WC="0.92" CONTENT="förenämnda"/><SP WIDTH="9" VPOS="350" HPOS="642"/>
							<String ID="string_34" HPOS="651" VPOS="349" WIDTH="77" HEIGHT="74" WC="0.54" CONTENT="utgift"/>
						</TextLine>
					</TextBlock>
					<TextBlock ID="block_3" HPOS="164" VPOS="401" WIDTH="750" HEIGHT="64">
						<TextLine ID="line_6" HPOS="232" VPOS="401" WIDTH="682" HEIGHT="25">
							<String ID="string_35" HPOS="232" VPOS="404" WIDTH="34" HEIGHT="21" WC="0.96" CONTENT="för"/><SP WIDTH="18" VPOS="404" HPOS="266"/>
							<String ID="string_36" HPOS="284" VPOS="405" WIDTH="52" HEIGHT="20" WC="0.91" CONTENT="1881"/><SP WIDTH="29" VPOS="405" HPOS="336"/>
							<String ID="string_37" HPOS="365" VPOS="421" WIDTH="4" HEIGHT="4" WC="0.86" CONTENT="."/><SP WIDTH="33" VPOS="421" HPOS="369"/>
							<String ID="string_38" HPOS="402" VPOS="420" WIDTH="4" HEIGHT="4" WC="0.83" CONTENT="."/><SP WIDTH="31" VPOS="420" HPOS="406"/>
							<String ID="string_39" HPOS="437" VPOS="420" WIDTH="4" HEIGHT="4" WC="0.70" CONTENT="."/><SP WIDTH="32" VPOS="420" HPOS="441"/>
							<String ID="string_40" HPOS="473" VPOS="419" WIDTH="4" HEIGHT="5" WC="0.55" CONTENT="."/><SP WIDTH="297" VPOS="419" HPOS="477"/>
							<String ID="string_41" HPOS="774" VPOS="401" WIDTH="96" HEIGHT="25" WC="0.91" CONTENT="752,053:"/><SP WIDTH="18" VPOS="401" HPOS="870"/>
							<String ID="string_42" HPOS="888" VPOS="401" WIDTH="26" HEIGHT="20" WC="0.97" CONTENT="98"/>
						</TextLine>
						<TextLine ID="line_7" HPOS="164" VPOS="417" WIDTH="564" HEIGHT="48">
							<String ID="string_43" HPOS="164" VPOS="444" WIDTH="97" HEIGHT="21" WC="0.94" CONTENT="återstod"/><SP WIDTH="24" VPOS="444" HPOS="261"/>
							<String ID="string_44" HPOS="285" VPOS="444" WIDTH="71" HEIGHT="21" WC="0.96" CONTENT="såsom"/><SP WIDTH="23" VPOS="444" HPOS="356"/>
							<String ID="string_45" HPOS="379" VPOS="444" WIDTH="75" HEIGHT="21" WC="0.92" CONTENT="balans"/><SP WIDTH="24" VPOS="444" HPOS="454"/>
							<String ID="string_46" HPOS="478" VPOS="444" WIDTH="34" HEIGHT="20" WC="0.92" CONTENT="till"/><SP WIDTH="23" VPOS="444" HPOS="512"/>
							<String ID="string_47" HPOS="535" VPOS="443" WIDTH="24" HEIGHT="21" WC="0.96" CONTENT="år"/><SP WIDTH="18" VPOS="443" HPOS="559"/>
							<String ID="string_48" HPOS="577" VPOS="419" WIDTH="54" HEIGHT="44" WC="0.96" CONTENT="1882"/><SP WIDTH="17" VPOS="419" HPOS="631"/>
							<String ID="string_49" HPOS="648" VPOS="448" WIDTH="26" HEIGHT="15" WC="0.96" CONTENT="en"/><SP WIDTH="13" VPOS="448" HPOS="674"/>
							<String ID="string_50" HPOS="687" VPOS="417" WIDTH="41" HEIGHT="45" WC="0.48" CONTENT="ve"/>
						</TextLine>
					</TextBlock>
					<TextBlock ID="block_4" HPOS="232" VPOS="476" WIDTH="690" HEIGHT="29">
						<TextLine ID="line_8" HPOS="232" VPOS="476" WIDTH="690" HEIGHT="29">
							<String ID="string_51" HPOS="232" VPOS="479" WIDTH="96" HEIGHT="26" WC="0.91" CONTENT="hållning"/><SP WIDTH="35" VPOS="479" HPOS="328"/>
							<String ID="string_52" HPOS="363" VPOS="495" WIDTH="5" HEIGHT="5" WC="0.73" CONTENT="."/><SP WIDTH="30" VPOS="495" HPOS="368"/>
							<String ID="string_53" HPOS="398" VPOS="495" WIDTH="5" HEIGHT="5" WC="0.35" CONTENT="&lt;"/><SP WIDTH="31" VPOS="495" HPOS="403"/>
							<String ID="string_54" HPOS="434" VPOS="495" WIDTH="5" HEIGHT="4" WC="0.59" CONTENT="so"/><SP WIDTH="32" VPOS="495" HPOS="439"/>
							<String ID="string_55" HPOS="471" VPOS="494" WIDTH="41" HEIGHT="5" WC="0.51" CONTENT="ss"/><SP WIDTH="32" VPOS="494" HPOS="512"/>
							<String ID="string_56" HPOS="544" VPOS="494" WIDTH="4" HEIGHT="4" WC="0.16" CONTENT="so"/><SP WIDTH="33" VPOS="494" HPOS="548"/>
							<String ID="string_57" HPOS="581" VPOS="494" WIDTH="40" HEIGHT="4" WC="0.47" CONTENT="cc"/><SP WIDTH="68" VPOS="494" HPOS="621"/>
							<String ID="string_58" HPOS="689" VPOS="492" WIDTH="4" HEIGHT="4" WC="0.3" CONTENT="E"/><SP WIDTH="83" VPOS="492" HPOS="693"/>
							<String ID="string_59" HPOS="776" VPOS="476" WIDTH="95" HEIGHT="27" WC="0.91" CONTENT="100,646:"/><SP WIDTH="17" VPOS="476" HPOS="871"/>
							<String ID="string_60" HPOS="888" VPOS="476" WIDTH="34" HEIGHT="20" WC="0.96" CONTENT="31."/>
						</TextLine>
					</TextBlock>
				</ComposedBlock>
				<ComposedBlock ID="cblock_3" HPOS="163" VPOS="489" WIDTH="749" HEIGHT="101">
					<TextBlock ID="block_5" HPOS="163" VPOS="489" WIDTH="749" HEIGHT="101">
						<TextLine ID="line_9" HPOS="232" VPOS="489" WIDTH="514" HEIGHT="65">
							<String ID="string_61" HPOS="232" VPOS="525" WIDTH="152" HEIGHT="21" WC="0.92" CONTENT="Inkomsterna"/><SP WIDTH="15" VPOS="525" HPOS="384"/>
							<String ID="string_62" HPOS="399" VPOS="525" WIDTH="33" HEIGHT="21" WC="0.97" CONTENT="för"/><SP WIDTH="17" VPOS="525" HPOS="432"/>
							<String ID="string_63" HPOS="449" VPOS="525" WIDTH="55" HEIGHT="21" WC="0.96" CONTENT="1882"/><SP WIDTH="17" VPOS="525" HPOS="504"/>
							<String ID="string_64" HPOS="521" VPOS="489" WIDTH="136" HEIGHT="65" WC="0.0" CONTENT="aiajordos:2"/><SP WIDTH="-7" VPOS="489" HPOS="657"/>
							<String ID="string_65" HPOS="650" VPOS="523" WIDTH="48" HEIGHT="20" WC="0.95" CONTENT="åter"/><SP WIDTH="16" VPOS="523" HPOS="698"/>
							<String ID="string_66" HPOS="714" VPOS="522" WIDTH="32" HEIGHT="21" WC="0.96" CONTENT="af:"/>
						</TextLine>
						<TextLine ID="line_10" HPOS="163" VPOS="563" WIDTH="749" HEIGHT="27">
							<String ID="string_67" HPOS="163" VPOS="565" WIDTH="141" HEIGHT="21" WC="0.92" CONTENT="förenämnda"/><SP WIDTH="15" VPOS="565" HPOS="304"/>
							<String ID="string_68" HPOS="319" VPOS="565" WIDTH="47" HEIGHT="21" WC="0.96" CONTENT="från"/><SP WIDTH="14" VPOS="565" HPOS="366"/>
							<String ID="string_69" HPOS="380" VPOS="566" WIDTH="52" HEIGHT="20" WC="0.93" CONTENT="1881"/><SP WIDTH="10" VPOS="566" HPOS="432"/>
							<String ID="string_70" HPOS="442" VPOS="564" WIDTH="158" HEIGHT="22" WC="0.92" CONTENT="balanserande"/><SP WIDTH="10" VPOS="564" HPOS="600"/>
							<String ID="string_71" HPOS="610" VPOS="563" WIDTH="117" HEIGHT="27" WC="0.96" CONTENT="besparing"/><SP WIDTH="23" VPOS="563" HPOS="727"/>
							<String ID="string_72" HPOS="750" VPOS="559" WIDTH="12" HEIGHT="36" WC="0.46" CONTENT="="/><SP WIDTH="14" VPOS="559" HPOS="762"/>
							<String ID="string_73" HPOS="776" VPOS="563" WIDTH="94" HEIGHT="25" WC="0.85" CONTENT="100,646:"/><SP WIDTH="18" VPOS="563" HPOS="870"/>
							<String ID="string_74" HPOS="888" VPOS="563" WIDTH="24" HEIGHT="19" WC="0.96" CONTENT="31"/>
						</TextLine>
					</TextBlock>
				</ComposedBlock>
				<ComposedBlock ID="cblock_4" HPOS="163" VPOS="596" WIDTH="757" HEIGHT="170">
					<TextBlock ID="block_6" HPOS="163" VPOS="596" WIDTH="752" HEIGHT="99">
						<TextLine ID="line_11" HPOS="163" VPOS="596" WIDTH="751" HEIGHT="26">
							<String ID="string_75" HPOS="163" VPOS="599" WIDTH="23" HEIGHT="21" WC="0.93" CONTENT="af"/><SP WIDTH="15" VPOS="599" HPOS="186"/>
							<String ID="string_76" HPOS="201" VPOS="599" WIDTH="121" HEIGHT="21" WC="0.90" CONTENT="Ständerna"/><SP WIDTH="16" VPOS="599" HPOS="322"/>
							<String ID="string_77" HPOS="338" VPOS="600" WIDTH="102" HEIGHT="20" WC="0.90" CONTENT="anvisade"/><SP WIDTH="30" VPOS="600" HPOS="440"/>
							<String ID="string_78" HPOS="470" VPOS="616" WIDTH="4" HEIGHT="4" WC="0.89" CONTENT="."/><SP WIDTH="33" VPOS="616" HPOS="474"/>
							<String ID="string_79" HPOS="507" VPOS="616" WIDTH="4" HEIGHT="4" WC="0.90" CONTENT="."/><SP WIDTH="32" VPOS="616" HPOS="511"/>
							<String ID="string_80" HPOS="543" VPOS="615" WIDTH="4" HEIGHT="4" WC="0.90" CONTENT="."/><SP WIDTH="32" VPOS="615" HPOS="547"/>
							<String ID="string_81" HPOS="579" VPOS="615" WIDTH="4" HEIGHT="4" WC="0.84" CONTENT="."/><SP WIDTH="32" VPOS="615" HPOS="583"/>
							<String ID="string_82" HPOS="615" VPOS="615" WIDTH="4" HEIGHT="4" WC="0.32" CONTENT="."/><SP WIDTH="32" VPOS="615" HPOS="619"/>
							<String ID="string_83" HPOS="651" VPOS="614" WIDTH="4" HEIGHT="4" WC="0.38" CONTENT="«"/><SP WIDTH="40" VPOS="614" HPOS="655"/>
							<String ID="string_84" HPOS="695" VPOS="614" WIDTH="1" HEIGHT="4" WC="0.42" CONTENT="0"/><SP WIDTH="28" VPOS="614" HPOS="696"/>
							<String ID="string_85" HPOS="724" VPOS="614" WIDTH="4" HEIGHT="3" WC="0.53" CONTENT="+»"/><SP WIDTH="26" VPOS="614" HPOS="728"/>
							<String ID="string_86" HPOS="754" VPOS="592" WIDTH="10" HEIGHT="37" WC="0.40" CONTENT="="/><SP WIDTH="9" VPOS="592" HPOS="764"/>
							<String ID="string_87" HPOS="773" VPOS="596" WIDTH="98" HEIGHT="26" WC="0.61" CONTENT="685,080:"/><SP WIDTH="17" VPOS="596" HPOS="871"/>
							<String ID="string_88" HPOS="888" VPOS="607" WIDTH="26" HEIGHT="4" WC="0.92" CONTENT="—"/>
						</TextLine>
						<TextLine ID="line_12" HPOS="163" VPOS="631" WIDTH="752" HEIGHT="29">
							<String ID="string_89" HPOS="163" VPOS="633" WIDTH="91" HEIGHT="22" WC="0.92" CONTENT="influtna"/><SP WIDTH="16" VPOS="633" HPOS="254"/>
							<String ID="string_90" HPOS="270" VPOS="634" WIDTH="196" HEIGHT="26" WC="0.52" CONTENT="internatsafgifter"/><SP WIDTH="41" VPOS="634" HPOS="466"/>
							<String ID="string_91" HPOS="507" VPOS="650" WIDTH="5" HEIGHT="4" WC="0.52" CONTENT=" ."/><SP WIDTH="31" VPOS="650" HPOS="512"/>
							<String ID="string_92" HPOS="543" VPOS="650" WIDTH="4" HEIGHT="4" WC="0.87" CONTENT="."/><SP WIDTH="33" VPOS="650" HPOS="547"/>
							<String ID="string_93" HPOS="580" VPOS="650" WIDTH="4" HEIGHT="3" WC="0.89" CONTENT="-"/><SP WIDTH="140" VPOS="650" HPOS="584"/>
							<String ID="string_94" HPOS="724" VPOS="648" WIDTH="4" HEIGHT="4" WC="0.53" CONTENT="5"/><SP WIDTH="62" VPOS="648" HPOS="728"/>
							<String ID="string_95" HPOS="790" VPOS="631" WIDTH="81" HEIGHT="26" WC="0.90" CONTENT="16,200:"/><SP WIDTH="16" VPOS="631" HPOS="871"/>
							<String ID="string_96" HPOS="887" VPOS="643" WIDTH="28" HEIGHT="2" WC="0.92" CONTENT="—"/>
						</TextLine>
						<TextLine ID="line_13" HPOS="164" VPOS="644" WIDTH="563" HEIGHT="54">
							<String ID="string_97" HPOS="164" VPOS="671" WIDTH="56" HEIGHT="18" WC="0.93" CONTENT="samt"/><SP WIDTH="22" VPOS="671" HPOS="220"/>
							<String ID="string_98" HPOS="242" VPOS="669" WIDTH="171" HEIGHT="21" WC="0.92" CONTENT="äterlevererade"/><SP WIDTH="19" VPOS="669" HPOS="413"/>
							<String ID="string_99" HPOS="432" VPOS="668" WIDTH="144" HEIGHT="27" WC="0.91" CONTENT="besparingar"/><SP WIDTH="17" VPOS="668" HPOS="576"/>
							<String ID="string_100" HPOS="593" VPOS="649" WIDTH="38" HEIGHT="39" WC="0.93" CONTENT="och"/><SP WIDTH="17" VPOS="649" HPOS="631"/>
							<String ID="string_101" HPOS="648" VPOS="644" WIDTH="79" HEIGHT="54" WC="0.84" CONTENT="ersätt-"/>
						</TextLine>
					</TextBlock>
					<TextBlock ID="block_7" HPOS="163" VPOS="700" WIDTH="757" HEIGHT="66">
						<TextLine ID="line_14" HPOS="231" VPOS="700" WIDTH="683" HEIGHT="30">
							<String ID="string_102" HPOS="231" VPOS="703" WIDTH="97" HEIGHT="27" WC="0.0" CONTENT="MÖTE"/><SP WIDTH="-5" VPOS="703" HPOS="328"/>
							<String ID="string_103" HPOS="323" VPOS="699" WIDTH="12" HEIGHT="35" WC="0.73" CONTENT="&lt;"/><SP WIDTH="25" VPOS="699" HPOS="335"/>
							<String ID="string_104" HPOS="360" VPOS="720" WIDTH="4" HEIGHT="4" WC="0.53" CONTENT="a"/><SP WIDTH="67" VPOS="720" HPOS="364"/>
							<String ID="string_105" HPOS="431" VPOS="719" WIDTH="4" HEIGHT="4" WC="0.0" CONTENT="od"/><SP WIDTH="33" VPOS="719" HPOS="435"/>
							<String ID="string_106" HPOS="468" VPOS="719" WIDTH="4" HEIGHT="4" WC="0.54" CONTENT="="/><SP WIDTH="32" VPOS="719" HPOS="472"/>
							<String ID="string_107" HPOS="504" VPOS="719" WIDTH="5" HEIGHT="4" WC="0.30" CONTENT="3"/><SP WIDTH="31" VPOS="719" HPOS="509"/>
							<String ID="string_108" HPOS="540" VPOS="718" WIDTH="5" HEIGHT="5" WC="0.56" CONTENT="MN"/><SP WIDTH="20" VPOS="718" HPOS="545"/>
							<String ID="string_109" HPOS="565" VPOS="699" WIDTH="4" HEIGHT="35" WC="0.45" CONTENT="o"/><SP WIDTH="7" VPOS="699" HPOS="569"/>
							<String ID="string_110" HPOS="576" VPOS="718" WIDTH="78" HEIGHT="4" WC="0.33" CONTENT="vomoa"/><SP WIDTH="32" VPOS="718" HPOS="654"/>
							<String ID="string_111" HPOS="686" VPOS="717" WIDTH="41" HEIGHT="4" WC="0.15" CONTENT="mon"/><SP WIDTH="74" VPOS="717" HPOS="727"/>
							<String ID="string_112" HPOS="801" VPOS="700" WIDTH="69" HEIGHT="24" WC="0.96" CONTENT="3,348:"/><SP WIDTH="17" VPOS="700" HPOS="870"/>
							<String ID="string_113" HPOS="887" VPOS="700" WIDTH="27" HEIGHT="20" WC="0.96" CONTENT="64"/>
						</TextLine>
						<TextLine ID="line_15" HPOS="163" VPOS="740" WIDTH="757" HEIGHT="26">
							<String ID="string_114" HPOS="163" VPOS="743" WIDTH="52" HEIGHT="21" WC="0.95" CONTENT="eller"/><SP WIDTH="16" VPOS="743" HPOS="215"/>
							<String ID="string_115" HPOS="231" VPOS="744" WIDTH="144" HEIGHT="20" WC="0.92" CONTENT="tillsammans"/><SP WIDTH="22" VPOS="744" HPOS="375"/>
							<String ID="string_116" HPOS="397" VPOS="760" WIDTH="4" HEIGHT="4" WC="0.87" CONTENT="."/><SP WIDTH="32" VPOS="760" HPOS="401"/>
							<String ID="string_117" HPOS="433" VPOS="760" WIDTH="3" HEIGHT="4" WC="0.90" CONTENT="."/><SP WIDTH="33" VPOS="760" HPOS="436"/>
							<String ID="string_118" HPOS="469" VPOS="760" WIDTH="4" HEIGHT="3" WC="0.90" CONTENT="."/><SP WIDTH="299" VPOS="760" HPOS="473"/>
							<String ID="string_119" HPOS="772" VPOS="741" WIDTH="98" HEIGHT="25" WC="0.91" CONTENT="805,274:"/><SP WIDTH="16" VPOS="741" HPOS="870"/>
							<String ID="string_120" HPOS="886" VPOS="740" WIDTH="34" HEIGHT="20" WC="0.96" CONTENT="95."/>
						</TextLine>
					</TextBlock>
				</ComposedBlock>
				<ComposedBlock ID="cblock_5" HPOS="162" VPOS="758" WIDTH="758" HEIGHT="115">
					<TextBlock ID="block_8" HPOS="162" VPOS="758" WIDTH="758" HEIGHT="115">
						<TextLine ID="line_16" HPOS="162" VPOS="758" WIDTH="752" HEIGHT="46">
							<String ID="string_121" HPOS="162" VPOS="777" WIDTH="34" HEIGHT="21" WC="0.93" CONTENT="Då"/><SP WIDTH="16" VPOS="777" HPOS="196"/>
							<String ID="string_122" HPOS="212" VPOS="778" WIDTH="95" HEIGHT="21" WC="0.92" CONTENT="derifrän"/><SP WIDTH="17" VPOS="778" HPOS="307"/>
							<String ID="string_123" HPOS="324" VPOS="778" WIDTH="77" HEIGHT="26" WC="0.90" CONTENT="drages"/><SP WIDTH="12" VPOS="778" HPOS="401"/>
							<String ID="string_124" HPOS="413" VPOS="759" WIDTH="147" HEIGHT="45" WC="0.0" CONTENT="särmää"/><SP WIDTH="8" VPOS="759" HPOS="560"/>
							<String ID="string_125" HPOS="568" VPOS="758" WIDTH="159" HEIGHT="45" WC="0.92" CONTENT="utgiftsbelopp"/><SP WIDTH="46" VPOS="758" HPOS="727"/>
							<String ID="string_126" HPOS="773" VPOS="775" WIDTH="97" HEIGHT="25" WC="0.89" CONTENT="797,376:"/><SP WIDTH="17" VPOS="775" HPOS="870"/>
							<String ID="string_127" HPOS="887" VPOS="774" WIDTH="27" HEIGHT="20" WC="0.96" CONTENT="30"/>
						</TextLine>
						<TextLine ID="line_17" HPOS="162" VPOS="811" WIDTH="565" HEIGHT="55">
							<String ID="string_128" HPOS="162" VPOS="812" WIDTH="98" HEIGHT="20" WC="0.92" CONTENT="äterstod"/><SP WIDTH="24" VPOS="812" HPOS="260"/>
							<String ID="string_129" HPOS="284" VPOS="812" WIDTH="36" HEIGHT="21" WC="0.92" CONTENT="vid"/><SP WIDTH="25" VPOS="812" HPOS="320"/>
							<String ID="string_130" HPOS="345" VPOS="812" WIDTH="108" HEIGHT="26" WC="0.92" CONTENT="utgängen"/><SP WIDTH="24" VPOS="812" HPOS="453"/>
							<String ID="string_131" HPOS="477" VPOS="812" WIDTH="23" HEIGHT="21" WC="0.96" CONTENT="af"/><SP WIDTH="22" VPOS="812" HPOS="500"/>
							<String ID="string_132" HPOS="522" VPOS="812" WIDTH="55" HEIGHT="20" WC="0.96" CONTENT="1882"/><SP WIDTH="24" VPOS="812" HPOS="577"/>
							<String ID="string_133" HPOS="601" VPOS="818" WIDTH="25" HEIGHT="14" WC="0.96" CONTENT="en"/><SP WIDTH="24" VPOS="818" HPOS="626"/>
							<String ID="string_134" HPOS="650" VPOS="811" WIDTH="77" HEIGHT="55" WC="0.0" CONTENT="bespa”"/>
						</TextLine>
						<TextLine ID="line_18" HPOS="231" VPOS="844" WIDTH="689" HEIGHT="29">
							<String ID="string_135" HPOS="231" VPOS="847" WIDTH="49" HEIGHT="26" WC="0.27" CONTENT="MZ"/><SP WIDTH="16" VPOS="847" HPOS="280"/>
							<String ID="string_136" HPOS="296" VPOS="846" WIDTH="22" HEIGHT="21" WC="0.40" CONTENT="af"/><SP WIDTH="42" VPOS="846" HPOS="318"/>
							<String ID="string_137" HPOS="360" VPOS="863" WIDTH="4" HEIGHT="4" WC="0.53" CONTENT="a"/><SP WIDTH="32" VPOS="863" HPOS="364"/>
							<String ID="string_138" HPOS="396" VPOS="864" WIDTH="4" HEIGHT="3" WC="0.65" CONTENT="a"/><SP WIDTH="69" VPOS="864" HPOS="400"/>
							<String ID="string_139" HPOS="469" VPOS="863" WIDTH="4" HEIGHT="4" WC="0.21" CONTENT="sm"/><SP WIDTH="32" VPOS="863" HPOS="473"/>
							<String ID="string_140" HPOS="505" VPOS="863" WIDTH="112" HEIGHT="4" WC="0.38" CONTENT="2060404"/><SP WIDTH="33" VPOS="863" HPOS="617"/>
							<String ID="string_141" HPOS="650" VPOS="862" WIDTH="4" HEIGHT="4" WC="0.76" CONTENT="I"/><SP WIDTH="69" VPOS="862" HPOS="654"/>
							<String ID="string_142" HPOS="723" VPOS="861" WIDTH="4" HEIGHT="4" WC="0.26" CONTENT="a"/><SP WIDTH="75" VPOS="861" HPOS="727"/>
							<String ID="string_143" HPOS="802" VPOS="844" WIDTH="68" HEIGHT="27" WC="0.96" CONTENT="7,898:"/><SP WIDTH="18" VPOS="844" HPOS="870"/>
							<String ID="string_144" HPOS="888" VPOS="844" WIDTH="32" HEIGHT="20" WC="0.96" CONTENT="65."/>
						</TextLine>
					</TextBlock>
				</ComposedBlock>
				<ComposedBlock ID="cblock_6" HPOS="158" VPOS="942" WIDTH="763" HEIGHT="407">
					<TextBlock ID="block_9" HPOS="158" VPOS="942" WIDTH="763" HEIGHT="373">
						<TextLine ID="line_19" HPOS="231" VPOS="942" WIDTH="690" HEIGHT="29">
							<String ID="string_145" HPOS="231" VPOS="944" WIDTH="10" HEIGHT="21" WC="0.93" CONTENT="I"/><SP WIDTH="15" VPOS="944" HPOS="241"/>
							<String ID="string_146" HPOS="256" VPOS="944" WIDTH="141" HEIGHT="21" WC="0.89" CONTENT="förenämnda"/><SP WIDTH="22" VPOS="944" HPOS="397"/>
							<String ID="string_147" HPOS="419" VPOS="944" WIDTH="137" HEIGHT="27" WC="0.93" CONTENT="proposition"/><SP WIDTH="22" VPOS="944" HPOS="556"/>
							<String ID="string_148" HPOS="578" VPOS="943" WIDTH="140" HEIGHT="21" WC="0.93" CONTENT="meddelades"/><SP WIDTH="24" VPOS="943" HPOS="718"/>
							<String ID="string_149" HPOS="742" VPOS="942" WIDTH="128" HEIGHT="24" WC="0.91" CONTENT="Ständerna,"/><SP WIDTH="19" VPOS="942" HPOS="870"/>
							<String ID="string_150" HPOS="889" VPOS="943" WIDTH="32" HEIGHT="18" WC="0.96" CONTENT="att"/>
						</TextLine>
						<TextLine ID="line_20" HPOS="160" VPOS="976" WIDTH="761" HEIGHT="27">
							<String ID="string_151" HPOS="160" VPOS="978" WIDTH="57" HEIGHT="21" WC="0.93" CONTENT="ifrän"/><SP WIDTH="16" VPOS="978" HPOS="217"/>
							<String ID="string_152" HPOS="233" VPOS="979" WIDTH="40" HEIGHT="20" WC="0.96" CONTENT="och"/><SP WIDTH="15" VPOS="979" HPOS="273"/>
							<String ID="string_153" HPOS="288" VPOS="978" WIDTH="48" HEIGHT="21" WC="0.96" CONTENT="med"/><SP WIDTH="16" VPOS="978" HPOS="336"/>
							<String ID="string_154" HPOS="352" VPOS="979" WIDTH="40" HEIGHT="20" WC="0.96" CONTENT="den"/><SP WIDTH="17" VPOS="979" HPOS="392"/>
							<String ID="string_155" HPOS="409" VPOS="980" WIDTH="8" HEIGHT="19" WC="0.94" CONTENT="1"/><SP WIDTH="13" VPOS="980" HPOS="417"/>
							<String ID="string_156" HPOS="430" VPOS="979" WIDTH="92" HEIGHT="20" WC="0.94" CONTENT="Januari"/><SP WIDTH="18" VPOS="979" HPOS="522"/>
							<String ID="string_157" HPOS="540" VPOS="979" WIDTH="54" HEIGHT="20" WC="0.95" CONTENT="1883"/><SP WIDTH="16" VPOS="979" HPOS="594"/>
							<String ID="string_158" HPOS="610" VPOS="977" WIDTH="71" HEIGHT="21" WC="0.95" CONTENT="skulle"/><SP WIDTH="17" VPOS="977" HPOS="681"/>
							<String ID="string_159" HPOS="698" VPOS="977" WIDTH="28" HEIGHT="26" WC="0.96" CONTENT="pä"/><SP WIDTH="10" VPOS="977" HPOS="726"/>
							<String ID="string_160" HPOS="736" VPOS="976" WIDTH="110" HEIGHT="21" WC="0.92" CONTENT="allmänna"/><SP WIDTH="10" VPOS="976" HPOS="846"/>
							<String ID="string_161" HPOS="856" VPOS="977" WIDTH="65" HEIGHT="18" WC="0.92" CONTENT="stats-"/>
						</TextLine>
						<TextLine ID="line_21" HPOS="160" VPOS="1010" WIDTH="760" HEIGHT="29">
							<String ID="string_162" HPOS="160" VPOS="1013" WIDTH="80" HEIGHT="21" WC="0.91" CONTENT="fonden"/><SP WIDTH="16" VPOS="1013" HPOS="240"/>
							<String ID="string_163" HPOS="256" VPOS="1013" WIDTH="120" HEIGHT="21" WC="0.93" CONTENT="öfverföras"/><SP WIDTH="16" VPOS="1013" HPOS="376"/>
							<String ID="string_164" HPOS="392" VPOS="1013" WIDTH="70" HEIGHT="26" WC="0.92" CONTENT="öfriga"/><SP WIDTH="16" VPOS="1013" HPOS="462"/>
							<String ID="string_165" HPOS="478" VPOS="1013" WIDTH="91" HEIGHT="26" WC="0.96" CONTENT="utgifter"/><SP WIDTH="15" VPOS="1013" HPOS="569"/>
							<String ID="string_166" HPOS="584" VPOS="1013" WIDTH="34" HEIGHT="21" WC="0.93" CONTENT="för"/><SP WIDTH="10" VPOS="1013" HPOS="618"/>
							<String ID="string_167" HPOS="628" VPOS="1010" WIDTH="220" HEIGHT="27" WC="0.93" CONTENT="folkskoleväsendet,"/><SP WIDTH="12" VPOS="1010" HPOS="848"/>
							<String ID="string_168" HPOS="860" VPOS="1013" WIDTH="60" HEIGHT="17" WC="0.93" CONTENT="utom"/>
						</TextLine>
						<TextLine ID="line_22" HPOS="162" VPOS="1044" WIDTH="758" HEIGHT="29">
							<String ID="string_169" HPOS="162" VPOS="1047" WIDTH="104" HEIGHT="26" WC="0.96" CONTENT="anslagen"/><SP WIDTH="19" VPOS="1047" HPOS="266"/>
							<String ID="string_170" HPOS="285" VPOS="1047" WIDTH="34" HEIGHT="21" WC="0.93" CONTENT="för"/><SP WIDTH="17" VPOS="1047" HPOS="319"/>
							<String ID="string_171" HPOS="336" VPOS="1047" WIDTH="161" HEIGHT="21" WC="0.92" CONTENT="folkskolornas"/><SP WIDTH="16" VPOS="1047" HPOS="497"/>
							<String ID="string_172" HPOS="513" VPOS="1048" WIDTH="7" HEIGHT="20" WC="0.93" CONTENT="i"/><SP WIDTH="16" VPOS="1048" HPOS="520"/>
							<String ID="string_173" HPOS="536" VPOS="1048" WIDTH="102" HEIGHT="20" WC="0.92" CONTENT="städerna"/><SP WIDTH="16" VPOS="1048" HPOS="638"/>
							<String ID="string_174" HPOS="654" VPOS="1046" WIDTH="40" HEIGHT="21" WC="0.96" CONTENT="och"/><SP WIDTH="16" VPOS="1046" HPOS="694"/>
							<String ID="string_175" HPOS="710" VPOS="1046" WIDTH="28" HEIGHT="26" WC="0.96" CONTENT="pä"/><SP WIDTH="15" VPOS="1046" HPOS="738"/>
							<String ID="string_176" HPOS="753" VPOS="1045" WIDTH="74" HEIGHT="20" WC="0.93" CONTENT="landet"/><SP WIDTH="15" VPOS="1045" HPOS="827"/>
							<String ID="string_177" HPOS="842" VPOS="1044" WIDTH="78" HEIGHT="21" WC="0.92" CONTENT="under-"/>
						</TextLine>
						<TextLine ID="line_23" HPOS="160" VPOS="1079" WIDTH="760" HEIGHT="30">
							<String ID="string_178" HPOS="160" VPOS="1081" WIDTH="44" HEIGHT="22" WC="0.92" CONTENT="häll"/><SP WIDTH="20" VPOS="1081" HPOS="204"/>
							<String ID="string_179" HPOS="224" VPOS="1084" WIDTH="58" HEIGHT="19" WC="0.93" CONTENT="samt"/><SP WIDTH="19" VPOS="1084" HPOS="282"/>
							<String ID="string_180" HPOS="301" VPOS="1082" WIDTH="199" HEIGHT="27" WC="0.92" CONTENT="löneförhöjningar"/><SP WIDTH="16" VPOS="1082" HPOS="500"/>
							<String ID="string_181" HPOS="516" VPOS="1082" WIDTH="39" HEIGHT="21" WC="0.93" CONTENT="och"/><SP WIDTH="16" VPOS="1082" HPOS="555"/>
							<String ID="string_182" HPOS="571" VPOS="1082" WIDTH="116" HEIGHT="26" WC="0.93" CONTENT="pensioner"/><SP WIDTH="11" VPOS="1082" HPOS="687"/>
							<String ID="string_183" HPOS="698" VPOS="1080" WIDTH="33" HEIGHT="21" WC="0.93" CONTENT="för"/><SP WIDTH="11" VPOS="1080" HPOS="731"/>
							<String ID="string_184" HPOS="742" VPOS="1079" WIDTH="178" HEIGHT="22" WC="0.91" CONTENT="folkskollärare-"/>
						</TextLine>
						<TextLine ID="line_24" HPOS="160" VPOS="1113" WIDTH="760" HEIGHT="31">
							<String ID="string_185" HPOS="160" VPOS="1116" WIDTH="130" HEIGHT="26" WC="0.95" CONTENT="personalen"/><SP WIDTH="23" VPOS="1116" HPOS="290"/>
							<String ID="string_186" HPOS="313" VPOS="1116" WIDTH="28" HEIGHT="28" WC="0.95" CONTENT="pä"/><SP WIDTH="23" VPOS="1116" HPOS="341"/>
							<String ID="string_187" HPOS="364" VPOS="1116" WIDTH="79" HEIGHT="21" WC="0.96" CONTENT="landet."/><SP WIDTH="31" VPOS="1116" HPOS="443"/>
							<String ID="string_188" HPOS="474" VPOS="1117" WIDTH="43" HEIGHT="20" WC="0.96" CONTENT="För"/><SP WIDTH="19" VPOS="1117" HPOS="517"/>
							<String ID="string_189" HPOS="536" VPOS="1117" WIDTH="64" HEIGHT="20" WC="0.96" CONTENT="dessa"/><SP WIDTH="16" VPOS="1117" HPOS="600"/>
							<String ID="string_190" HPOS="616" VPOS="1115" WIDTH="126" HEIGHT="26" WC="0.93" CONTENT="kostnader,"/><SP WIDTH="16" VPOS="1115" HPOS="742"/>
							<String ID="string_191" HPOS="758" VPOS="1114" WIDTH="109" HEIGHT="21" WC="0.92" CONTENT="äfvensom"/><SP WIDTH="19" VPOS="1114" HPOS="867"/>
							<String ID="string_192" HPOS="886" VPOS="1113" WIDTH="34" HEIGHT="20" WC="0.96" CONTENT="till"/>
						</TextLine>
						<TextLine ID="line_25" HPOS="159" VPOS="1149" WIDTH="761" HEIGHT="28">
							<String ID="string_193" HPOS="159" VPOS="1150" WIDTH="135" HEIGHT="21" WC="0.91" CONTENT="betäckande"/><SP WIDTH="23" VPOS="1150" HPOS="294"/>
							<String ID="string_194" HPOS="317" VPOS="1150" WIDTH="24" HEIGHT="21" WC="0.92" CONTENT="af"/><SP WIDTH="21" VPOS="1150" HPOS="341"/>
							<String ID="string_195" HPOS="362" VPOS="1150" WIDTH="159" HEIGHT="21" WC="0.91" CONTENT="ofvanberörda"/><SP WIDTH="18" VPOS="1150" HPOS="521"/>
							<String ID="string_196" HPOS="539" VPOS="1151" WIDTH="36" HEIGHT="20" WC="0.93" CONTENT="vid"/><SP WIDTH="16" VPOS="1151" HPOS="575"/>
							<String ID="string_197" HPOS="591" VPOS="1150" WIDTH="111" HEIGHT="27" WC="0.91" CONTENT="utgängen"/><SP WIDTH="16" VPOS="1150" HPOS="702"/>
							<String ID="string_198" HPOS="718" VPOS="1149" WIDTH="23" HEIGHT="20" WC="0.96" CONTENT="af"/><SP WIDTH="14" VPOS="1149" HPOS="741"/>
							<String ID="string_199" HPOS="755" VPOS="1149" WIDTH="24" HEIGHT="20" WC="0.96" CONTENT="är"/><SP WIDTH="18" VPOS="1149" HPOS="779"/>
							<String ID="string_200" HPOS="797" VPOS="1149" WIDTH="53" HEIGHT="19" WC="0.93" CONTENT="1882"/><SP WIDTH="16" VPOS="1149" HPOS="850"/>
							<String ID="string_201" HPOS="866" VPOS="1149" WIDTH="54" HEIGHT="18" WC="0.93" CONTENT="mot-"/>
						</TextLine>
						<TextLine ID="line_26" HPOS="159" VPOS="1181" WIDTH="761" HEIGHT="30">
							<String ID="string_202" HPOS="159" VPOS="1185" WIDTH="68" HEIGHT="20" WC="0.89" CONTENT="sedda"/><SP WIDTH="25" VPOS="1185" HPOS="227"/>
							<String ID="string_203" HPOS="252" VPOS="1185" WIDTH="56" HEIGHT="21" WC="0.89" CONTENT="brist"/><SP WIDTH="15" VPOS="1185" HPOS="308"/>
							<String ID="string_204" HPOS="323" VPOS="1185" WIDTH="6" HEIGHT="21" WC="0.95" CONTENT="i"/><SP WIDTH="17" VPOS="1185" HPOS="329"/>
							<String ID="string_205" HPOS="346" VPOS="1185" WIDTH="37" HEIGHT="21" WC="0.93" CONTENT="det"/><SP WIDTH="19" VPOS="1185" HPOS="383"/>
							<String ID="string_206" HPOS="402" VPOS="1185" WIDTH="150" HEIGHT="21" WC="0.92" CONTENT="dessförinnan"/><SP WIDTH="23" VPOS="1185" HPOS="552"/>
							<String ID="string_207" HPOS="575" VPOS="1184" WIDTH="108" HEIGHT="27" WC="0.93" CONTENT="beviljade"/><SP WIDTH="20" VPOS="1184" HPOS="683"/>
							<String ID="string_208" HPOS="703" VPOS="1183" WIDTH="99" HEIGHT="26" WC="0.93" CONTENT="anslaget"/><SP WIDTH="15" VPOS="1183" HPOS="802"/>
							<String ID="string_209" HPOS="817" VPOS="1182" WIDTH="33" HEIGHT="21" WC="0.93" CONTENT="för"/><SP WIDTH="16" VPOS="1182" HPOS="850"/>
							<String ID="string_210" HPOS="866" VPOS="1181" WIDTH="54" HEIGHT="22" WC="0.92" CONTENT="folk-"/>
						</TextLine>
						<TextLine ID="line_27" HPOS="159" VPOS="1217" WIDTH="762" HEIGHT="27">
							<String ID="string_211" HPOS="159" VPOS="1219" WIDTH="167" HEIGHT="22" WC="0.91" CONTENT="skoleväsendet"/><SP WIDTH="23" VPOS="1219" HPOS="326"/>
							<String ID="string_212" HPOS="349" VPOS="1219" WIDTH="114" HEIGHT="21" WC="0.91" CONTENT="anvisades"/><SP WIDTH="23" VPOS="1219" HPOS="463"/>
							<String ID="string_213" HPOS="486" VPOS="1220" WIDTH="24" HEIGHT="20" WC="0.93" CONTENT="af"/><SP WIDTH="22" VPOS="1220" HPOS="510"/>
							<String ID="string_214" HPOS="532" VPOS="1219" WIDTH="129" HEIGHT="25" WC="0.77" CONTENT="Ständerna,"/><SP WIDTH="17" VPOS="1219" HPOS="661"/>
							<String ID="string_215" HPOS="678" VPOS="1219" WIDTH="6" HEIGHT="20" WC="0.96" CONTENT="i"/><SP WIDTH="18" VPOS="1219" HPOS="684"/>
							<String ID="string_216" HPOS="702" VPOS="1217" WIDTH="95" HEIGHT="26" WC="0.96" CONTENT="enlighet"/><SP WIDTH="23" VPOS="1217" HPOS="797"/>
							<String ID="string_217" HPOS="820" VPOS="1217" WIDTH="48" HEIGHT="20" WC="0.96" CONTENT="med"/><SP WIDTH="16" VPOS="1217" HPOS="868"/>
							<String ID="string_218" HPOS="884" VPOS="1217" WIDTH="37" HEIGHT="20" WC="0.96" CONTENT="det"/>
						</TextLine>
						<TextLine ID="line_28" HPOS="158" VPOS="1251" WIDTH="761" HEIGHT="30">
							<String ID="string_219" HPOS="158" VPOS="1253" WIDTH="33" HEIGHT="21" WC="0.92" CONTENT="uti"/><SP WIDTH="22" VPOS="1253" HPOS="191"/>
							<String ID="string_220" HPOS="213" VPOS="1254" WIDTH="166" HEIGHT="27" WC="0.93" CONTENT="propositionen"/><SP WIDTH="23" VPOS="1254" HPOS="379"/>
							<String ID="string_221" HPOS="402" VPOS="1254" WIDTH="129" HEIGHT="21" WC="0.92" CONTENT="framstälda"/><SP WIDTH="21" VPOS="1254" HPOS="531"/>
							<String ID="string_222" HPOS="552" VPOS="1254" WIDTH="90" HEIGHT="26" WC="0.96" CONTENT="förslag,"/><SP WIDTH="16" VPOS="1254" HPOS="642"/>
							<String ID="string_223" HPOS="658" VPOS="1253" WIDTH="35" HEIGHT="21" WC="0.93" CONTENT="för"/><SP WIDTH="16" VPOS="1253" HPOS="693"/>
							<String ID="string_224" HPOS="709" VPOS="1253" WIDTH="51" HEIGHT="20" WC="0.92" CONTENT="ären"/><SP WIDTH="18" VPOS="1253" HPOS="760"/>
							<String ID="string_225" HPOS="778" VPOS="1251" WIDTH="141" HEIGHT="21" WC="0.92" CONTENT="1883—1885"/>
						</TextLine>
						<TextLine ID="line_29" HPOS="159" VPOS="1288" WIDTH="376" HEIGHT="27">
							<String ID="string_226" HPOS="159" VPOS="1289" WIDTH="32" HEIGHT="19" WC="0.93" CONTENT="ett"/><SP WIDTH="15" VPOS="1289" HPOS="191"/>
							<String ID="string_227" HPOS="206" VPOS="1288" WIDTH="77" HEIGHT="27" WC="0.92" CONTENT="anslag"/><SP WIDTH="15" VPOS="1288" HPOS="283"/>
							<String ID="string_228" HPOS="298" VPOS="1288" WIDTH="24" HEIGHT="21" WC="0.93" CONTENT="af"/><SP WIDTH="15" VPOS="1288" HPOS="322"/>
							<String ID="string_229" HPOS="337" VPOS="1289" WIDTH="113" HEIGHT="26" WC="0.92" CONTENT="1,596,000"/><SP WIDTH="16" VPOS="1289" HPOS="450"/>
							<String ID="string_230" HPOS="466" VPOS="1289" WIDTH="69" HEIGHT="20" WC="0.96" CONTENT="mark."/>
						</TextLine>
					</TextBlock>
					<TextBlock ID="block_10" HPOS="228" VPOS="1319" WIDTH="692" HEIGHT="30">
						<TextLine ID="line_30" HPOS="228" VPOS="1319" WIDTH="692" HEIGHT="30">
							<String ID="string_231" HPOS="228" VPOS="1322" WIDTH="30" HEIGHT="21" WC="0.96" CONTENT="Af"/><SP WIDTH="22" VPOS="1322" HPOS="258"/>
							<String ID="string_232" HPOS="280" VPOS="1322" WIDTH="37" HEIGHT="21" WC="0.93" CONTENT="det"/><SP WIDTH="19" VPOS="1322" HPOS="317"/>
							<String ID="string_233" HPOS="336" VPOS="1323" WIDTH="85" HEIGHT="26" WC="0.92" CONTENT="belopp,"/><SP WIDTH="24" VPOS="1323" HPOS="421"/>
							<String ID="string_234" HPOS="445" VPOS="1329" WIDTH="46" HEIGHT="14" WC="0.93" CONTENT="som"/><SP WIDTH="17" VPOS="1329" HPOS="491"/>
							<String ID="string_235" HPOS="508" VPOS="1323" WIDTH="63" HEIGHT="20" WC="0.92" CONTENT="häraf"/><SP WIDTH="13" VPOS="1323" HPOS="571"/>
							<String ID="string_236" HPOS="584" VPOS="1323" WIDTH="55" HEIGHT="20" WC="0.93" CONTENT="efter"/><SP WIDTH="14" VPOS="1323" HPOS="639"/>
							<String ID="string_237" HPOS="653" VPOS="1322" WIDTH="60" HEIGHT="27" WC="0.93" CONTENT="jemn"/><SP WIDTH="16" VPOS="1322" HPOS="713"/>
							<String ID="string_238" HPOS="729" VPOS="1321" WIDTH="87" HEIGHT="25" WC="0.88" CONTENT="delning"/><SP WIDTH="16" VPOS="1321" HPOS="816"/>
							<String ID="string_239" HPOS="832" VPOS="1319" WIDTH="88" HEIGHT="26" WC="0.92" CONTENT="belöper"/>
						</TextLine>
					</TextBlock>
				</ComposedBlock>
				<ComposedBlock ID="cblock_7" HPOS="158" VPOS="1355" WIDTH="755" HEIGHT="96">
					<TextBlock ID="block_11" HPOS="158" VPOS="1355" WIDTH="755" HEIGHT="96">
						<TextLine ID="line_31" HPOS="160" VPOS="1355" WIDTH="753" HEIGHT="29">
							<String ID="string_240" HPOS="160" VPOS="1356" WIDTH="33" HEIGHT="27" WC="0.96" CONTENT="sig"/><SP WIDTH="15" VPOS="1356" HPOS="193"/>
							<String ID="string_241" HPOS="208" VPOS="1356" WIDTH="29" HEIGHT="27" WC="0.96" CONTENT="pä"/><SP WIDTH="15" VPOS="1356" HPOS="237"/>
							<String ID="string_242" HPOS="252" VPOS="1356" WIDTH="25" HEIGHT="21" WC="0.95" CONTENT="är"/><SP WIDTH="18" VPOS="1356" HPOS="277"/>
							<String ID="string_243" HPOS="295" VPOS="1357" WIDTH="61" HEIGHT="27" WC="0.95" CONTENT="1883,"/><SP WIDTH="18" VPOS="1357" HPOS="356"/>
							<String ID="string_244" HPOS="374" VPOS="1357" WIDTH="98" HEIGHT="20" WC="0.57" CONTENT="eller."/><SP WIDTH="32" VPOS="1357" HPOS="472"/>
							<String ID="string_245" HPOS="504" VPOS="1373" WIDTH="4" HEIGHT="5" WC="0.90" CONTENT="."/><SP WIDTH="140" VPOS="1373" HPOS="508"/>
							<String ID="string_246" HPOS="648" VPOS="1373" WIDTH="4" HEIGHT="4" WC="0.9" CONTENT="2"/><SP WIDTH="32" VPOS="1373" HPOS="652"/>
							<String ID="string_247" HPOS="684" VPOS="1373" WIDTH="5" HEIGHT="4" WC="0.29" CONTENT="."/><SP WIDTH="31" VPOS="1373" HPOS="689"/>
							<String ID="string_248" HPOS="720" VPOS="1372" WIDTH="4" HEIGHT="4" WC="0.66" CONTENT="."/><SP WIDTH="27" VPOS="1372" HPOS="724"/>
							<String ID="string_249" HPOS="751" VPOS="1351" WIDTH="10" HEIGHT="35" WC="0.18" CONTENT="="/><SP WIDTH="9" VPOS="1351" HPOS="761"/>
							<String ID="string_250" HPOS="770" VPOS="1355" WIDTH="98" HEIGHT="24" WC="0.18" CONTENT="532,000:"/><SP WIDTH="19" VPOS="1355" HPOS="868"/>
							<String ID="string_251" HPOS="887" VPOS="1365" WIDTH="26" HEIGHT="4" WC="0.93" CONTENT="—"/>
						</TextLine>
						<TextLine ID="line_32" HPOS="158" VPOS="1373" WIDTH="566" HEIGHT="45">
							<String ID="string_252" HPOS="158" VPOS="1392" WIDTH="57" HEIGHT="19" WC="0.96" CONTENT="samt"/><SP WIDTH="16" VPOS="1392" HPOS="215"/>
							<String ID="string_253" HPOS="231" VPOS="1373" WIDTH="199" HEIGHT="39" WC="0.79" CONTENT="ofvanantecknade"/><SP WIDTH="16" VPOS="1373" HPOS="430"/>
							<String ID="string_254" HPOS="446" VPOS="1374" WIDTH="117" HEIGHT="44" WC="0.96" CONTENT="besparing"/><SP WIDTH="10" VPOS="1374" HPOS="563"/>
							<String ID="string_255" HPOS="573" VPOS="1373" WIDTH="42" HEIGHT="39" WC="0.91" CONTENT="vid"/><SP WIDTH="6" VPOS="1373" HPOS="615"/>
							<String ID="string_256" HPOS="621" VPOS="1391" WIDTH="56" HEIGHT="20" WC="0.93" CONTENT="1882"/><SP WIDTH="11" VPOS="1391" HPOS="677"/>
							<String ID="string_257" HPOS="688" VPOS="1390" WIDTH="36" HEIGHT="21" WC="0.93" CONTENT="ärs"/>
						</TextLine>
						<TextLine ID="line_33" HPOS="226" VPOS="1423" WIDTH="684" HEIGHT="28">
							<String ID="string_258" HPOS="226" VPOS="1425" WIDTH="98" HEIGHT="26" WC="0.87" CONTENT="utgång."/><SP WIDTH="32" VPOS="1425" HPOS="324"/>
							<String ID="string_259" HPOS="356" VPOS="1442" WIDTH="5" HEIGHT="4" WC="0.88" CONTENT="."/><SP WIDTH="32" VPOS="1442" HPOS="361"/>
							<String ID="string_260" HPOS="393" VPOS="1442" WIDTH="4" HEIGHT="4" WC="0.88" CONTENT="."/><SP WIDTH="31" VPOS="1442" HPOS="397"/>
							<String ID="string_261" HPOS="428" VPOS="1442" WIDTH="5" HEIGHT="5" WC="0.85" CONTENT="."/><SP WIDTH="32" VPOS="1442" HPOS="433"/>
							<String ID="string_262" HPOS="465" VPOS="1442" WIDTH="5" HEIGHT="4" WC="0.85" CONTENT="."/><SP WIDTH="175" VPOS="1442" HPOS="470"/>
							<String ID="string_263" HPOS="645" VPOS="1441" WIDTH="42" HEIGHT="4" WC="0.43" CONTENT="ms"/><SP WIDTH="32" VPOS="1441" HPOS="687"/>
							<String ID="string_264" HPOS="719" VPOS="1440" WIDTH="4" HEIGHT="4" WC="0.68" CONTENT="d"/><SP WIDTH="76" VPOS="1440" HPOS="723"/>
							<String ID="string_265" HPOS="799" VPOS="1423" WIDTH="68" HEIGHT="25" WC="0.92" CONTENT="7,898:"/><SP WIDTH="17" VPOS="1423" HPOS="867"/>
							<String ID="string_266" HPOS="884" VPOS="1423" WIDTH="26" HEIGHT="20" WC="0.95" CONTENT="65"/>
						</TextLine>
					</TextBlock>
				</ComposedBlock>
				<ComposedBlock ID="cblock_8" HPOS="156" VPOS="1438" WIDTH="755" HEIGHT="59">
					<TextBlock ID="block_12" HPOS="156" VPOS="1438" WIDTH="755" HEIGHT="59">
						<TextLine ID="line_34" HPOS="156" VPOS="1438" WIDTH="755" HEIGHT="59">
							<String ID="string_267" HPOS="156" VPOS="1465" WIDTH="123" HEIGHT="26" WC="0.96" CONTENT="utgörande"/><SP WIDTH="15" VPOS="1465" HPOS="279"/>
							<String ID="string_268" HPOS="294" VPOS="1467" WIDTH="32" HEIGHT="19" WC="0.95" CONTENT="ett"/><SP WIDTH="16" VPOS="1467" HPOS="326"/>
							<String ID="string_269" HPOS="342" VPOS="1442" WIDTH="164" HEIGHT="50" WC="0.90" CONTENT="sammanlagdt"/><SP WIDTH="11" VPOS="1442" HPOS="506"/>
							<String ID="string_270" HPOS="517" VPOS="1442" WIDTH="77" HEIGHT="50" WC="0.94" CONTENT="belopp"/><SP WIDTH="15" VPOS="1442" HPOS="594"/>
							<String ID="string_271" HPOS="609" VPOS="1438" WIDTH="43" HEIGHT="59" WC="0.64" CONTENT="af."/><SP WIDTH="32" VPOS="1438" HPOS="652"/>
							<String ID="string_272" HPOS="684" VPOS="1482" WIDTH="5" HEIGHT="4" WC="0.39" CONTENT="&lt;"/><SP WIDTH="32" VPOS="1482" HPOS="689"/>
							<String ID="string_273" HPOS="721" VPOS="1480" WIDTH="5" HEIGHT="5" WC="0.71" CONTENT="."/><SP WIDTH="45" VPOS="1480" HPOS="726"/>
							<String ID="string_274" HPOS="771" VPOS="1464" WIDTH="98" HEIGHT="26" WC="0.22" CONTENT="539,898"/><SP WIDTH="15" VPOS="1464" HPOS="869"/>
							<String ID="string_275" HPOS="884" VPOS="1463" WIDTH="27" HEIGHT="21" WC="0.96" CONTENT="65"/>
						</TextLine>
					</TextBlock>
				</ComposedBlock>
			</PrintSpace>
		</Page>
	</Layout>
</alto>
