1009 1739
249 157 80 22 Ständ.
346 157 37 22 Sv.
401 169 25 3 —
444 156 72 27 Prop.
533 157 48 21 N:o.
596 155 36 22 19.

342 464 121 21 Finlands
494 463 120 22 Ständers
648 463 171 28 underdäniga

269 510 69 16 svar
362 504 4 21 i
391 504 110 27 anledning
525 504 21 21 af
569 504 54 21 Hans
646 504 112 27 Kejserliga
778 504 40 22 Ma-

269 545 73 27 jestäts
377 544 74 28 nådiga
477 545 133 27 proposition,
630 544 108 28 angående
761 551 58 21 grun-

270 586 62 20 derna
348 585 32 21 för
395 585 103 27 reglering
515 585 20 21 af
550 585 165 27 presterskapets
730 585 88 27 aflöning

270 626 5 20 i
292 625 95 22 Finlands
403 625 233 27 evangelisk-lutherska
650 625 151 27 församlingar.

155 694 217 28 Stormäktigste,
388 694 212 28 Allernädigste
616 694 110 28 Kejsare

338 734 44 22 och
398 734 151 22 Storfuste!

134 802 71 22 Sedan
229 803 78 27 nädiga
329 803 159 27 propositioner
512 802 135 22 beträffande
670 802 106 27 reglering
800 801 24 21 af

66 837 174 27 presterskapets
262 838 96 27 aflöning
380 838 7 20 i
408 838 87 21 landets
520 836 245 28 evangelisk-lutherska
779 836 43 21 för-

68 872 100 27 samligar
183 872 55 22 varit
254 872 34 22 vid
304 872 158 28 landtdagarne
478 873 53 20 åren
546 872 150 24 1863—1864,
713 872 53 19 1867
784 870 40 22 och

71 908 147 20 1877—1878'
230 906 32 21 till
278 906 122 22 Ständerna
415 906 90 26 aflätna,
520 913 50 15 men
585 906 76 27 frågan
676 906 48 21 icke
739 905 85 21 kunnat

68 941 87 27 bringas
180 941 34 20 till
235 941 81 27 slutligt
342 941 126 27 afgörande,
492 942 41 20 har
556 941 86 20 Eders
668 939 157 28 Kejserliga

68 975 138 28 Majestät,
229 976 29 26 pä
282 975 132 22 Ständernas
435 976 35 21 vid
486 976 58 21 1882
559 976 35 20 års
608 975 106 26 landtdag
730 974 72 20 derom
818 973 7 20 i

69 1009 172 27 underdänigbet
263 1009 76 28 gjorda
361 1010 110 25 anhållan,
496 1017 30 14 nu
540 1009 92 27 förelagt
648 1009 122 21 Ständerna
784 1007 43 21 för-

69 1044 46 27 slag
130 1043 32 22 till
177 1043 128 28 författning
321 1045 7 20 i
344 1046 78 24 ämnet,
438 1045 120 27 uppgjordt
573 1044 7 21 i
596 1042 152 27 hufvudsaklig
756 1042 68 21 öfver-

70 1078 161 21 ensstämmelse
246 1079 49 20 med
310 1079 162 27 propositionen
487 1079 8 21 i
512 1085 82 14 samma
608 1079 63 20 ämne
687 1077 37 21 vid
741 1077 83 21 1877—

72 1113 54 21 1878
148 1113 35 21 ärs
203 1113 105 28 landtdag
325 1113 40 22 och
380 1113 135 22 Ständernas
530 1113 52 21 derä
598 1113 82 27 afgifna
695 1119 55 16 svar,
766 1111 61 21 hvar-

68 1148 67 27 jemte
158 1147 86 22 Eders
270 1147 154 28 Kejserliga
450 1148 142 27 Majestät,
608 1148 50 21 med
673 1146 117 26 anledning
806 1145 24 21 af

71 1184 73 19 senast
168 1181 130 22 församlade
320 1183 104 20 Ständers
446 1183 65 21 äfven
534 1182 127 21 framstälda
682 1181 96 27 begäran
794 1186 33 15 om

71 1216 118 21 förändrad
210 1216 136 28 lagstiftning
371 1218 92 20 rörande
487 1217 114 28 byggande
623 1216 39 21 och
678 1215 114 22 underhäll
807 1214 25 21 af

72 1250 68 28 kyrka
162 1250 40 21 och
225 1251 119 27 prestgärd,
362 1251 115 26 meddelat,
500 1253 33 19 att
548 1252 61 20 detta
624 1251 80 20 ärende
720 1249 110 22 öfverlem-

73 1287 48 19 nats
144 1285 33 21 till
199 1285 118 28 beredning
337 1286 24 21 af
374 1293 26 14 en
416 1286 82 21 komitö
515 1285 50 21 utaf
578 1285 136 26 sakkunniga
728 1289 103 22 personer

73 1319 41 22 och
135 1319 35 21 för
188 1320 37 20 det
240 1321 134 20 närvarande
389 1320 95 21 berodde
500 1321 30 26 pä
545 1321 95 20 nämnda
655 1319 91 21 komitös
761 1318 69 21 hand-

73 1353 109 28 läggning,
197 1353 34 21 till
246 1353 53 28 följd
314 1354 78 22 hvaraf
405 1355 31 20 uti
451 1355 143 21 förevarande
610 1352 222 28 författningsförslag

74 1388 162 27 bestämningar
252 1389 112 26 angående
379 1389 137 27 prestbolens
531 1389 114 28 byggande
661 1388 40 21 och
717 1386 114 22 underhåll

74 1423 47 21 icke
143 1423 71 27 ingått
236 1423 7 20 i
267 1424 155 21 vidsträcktare
445 1425 58 25 mån,
528 1425 28 20 än
572 1425 32 19 att
620 1423 129 26 hänvisning
764 1421 68 28 gjorts

74 1458 33 20 till
121 1457 56 22 hvad
192 1457 8 21 i
216 1458 62 21 dessa
293 1458 60 21 delar
368 1459 24 20 är
407 1458 104 22 särskildt
527 1458 106 26 stadgadt.
