1009 1739
313 206 21 21 U.
351 206 19 21 B.
387 219 26 2 —
429 206 53 28 Prop.
498 206 32 22 N:o
546 205 32 22 29.
788 204 13 22 7

70 267 135 29 stadgande,
228 268 92 22 hvilket
338 269 79 21 kunde
434 269 71 21 ordna
522 269 66 21 dessa
602 267 228 27 rättsförhällanden,

72 309 69 22 synes
162 310 56 14 vara
240 303 9 21 i
267 303 169 28 förordningen
451 310 36 14 om
503 303 147 28 näringarne,
666 309 54 14 men
735 301 30 22 dä
780 308 51 21 pro-

72 337 104 28 position
198 337 52 21 icke
265 337 126 28 föreligger
407 344 36 15 om
458 338 74 27 nägot
547 337 85 28 tillägg
647 337 38 20 till
700 336 71 28 sagde
786 335 46 22 för-

73 371 101 28 ordning
196 371 36 22 uti
248 371 84 28 antydt
347 371 114 28 afseende,
478 371 42 22 har
535 371 117 22 utskottet
667 372 77 20 ansett
759 370 73 27 nägot

73 407 73 20 annat
165 405 51 22 icke
232 405 80 22 kunna
327 405 36 22 för
378 405 145 22 närvarande
539 405 26 22 af
578 405 125 22 ständerna
718 404 50 22 häri
785 403 47 22 till-

72 442 68 25 göras
156 443 29 18 än
200 441 35 19 att
245 439 9 21 i
265 439 137 21 ständernas
412 446 54 15 svar
476 440 60 21 fästa
547 439 151 28 regeringens
708 437 124 30 uppmärk-

74 472 90 22 samhet
178 473 40 21 vid
235 473 76 21 denna
327 473 180 28 omständighet.

144 507 124 21 Likaledes
284 507 42 21 har
340 507 65 21 inom
419 507 117 22 utskottet
551 506 146 28 framhällits,
714 508 35 20 att
763 505 9 22 i
787 505 45 21 för-

73 540 131 29 ordningen
226 542 120 28 angående
369 541 108 22 vilkoren
499 541 37 22 för
558 541 111 28 sägverks
685 538 147 30 anläggande

75 575 44 22 och
142 575 122 22 drifvande
286 575 72 22 borde
381 575 162 29 uttryckligen
565 575 94 26 uttalas,
676 576 35 20 att
734 573 99 29 sägverk

75 612 38 18 äro
129 609 109 28 skyldiga
254 611 35 20 att
303 611 84 26 utgöra
402 609 111 29 kyrkliga
529 609 110 28 afgälder,
656 608 97 22 emedan
771 607 62 22 stad-

74 643 88 28 gandet
176 644 9 20 i
200 644 13 20 2
229 644 13 26 8
258 643 26 22 af
296 643 112 28 förslaget
423 643 37 21 till
476 644 138 27 förordning
630 645 79 26 syntes
720 649 56 15 vara
786 648 48 21 nog

76 676 131 23 obestämdt
229 679 60 19 samt
311 677 127 28 ordalagen
460 678 8 20 i
488 677 153 22 omförmälda
656 676 66 22 resol.
738 677 30 28 pä
782 682 52 22 pre-

76 711 142 28 sterskapets
240 711 82 21 besvär
338 711 26 22 af
376 711 46 21 den
439 712 27 21 10
481 712 60 28 Aug.
559 712 56 21 1762
630 711 52 21 icke
698 710 135 28 egentligen

76 752 70 21 synas
170 745 97 21 hänföra
283 745 36 28 sig
333 745 38 21 till
386 745 73 22 andra
474 746 58 21 verk
547 749 30 17 än
592 745 60 21 bruk
667 744 45 22 och
727 750 106 22 gvarnar,

76 779 112 21 ehuruvä!
210 779 96 21 berörde
326 779 129 28 stadgande
470 786 85 21 genom
570 779 86 28 nådiga
672 777 162 23 cirkulärbref-

78 815 39 19 vet
132 813 26 21 af
167 813 45 21 den
221 814 15 21 4
246 813 112 22 Februari
370 814 57 21 1869
438 814 124 21 förklarats
574 813 138 28 tillämpligt
719 813 30 27 pä
759 811 76 22 landt-

79 847 137 28 handlande,
229 850 59 18 samt
300 847 126 22 detsamma
440 847 88 29 jemväl
542 848 30 28 pä
583 847 27 21 de
621 847 66 21 flesta
698 848 61 20 orter
769 845 67 22 torde

76 881 118 29 tillämpas
214 882 13 21 &
249 882 148 21 industriella
419 882 58 21 verk
499 882 9 21 i
524 881 133 22 allmänhet.
687 880 55 22 Men
758 880 29 21 dä
802 878 34 22 äf-

77 922 45 14 ven
138 915 76 21 denna
236 916 156 28 anmärkning
416 916 42 21 har
480 923 30 14 en
526 916 141 21 allmännare
684 914 107 29 syftning
806 917 30 18 än

78 949 45 21 den
138 949 123 22 ständerne
277 957 32 14 nu
324 950 161 27 föreliggande
500 950 88 27 nädiga
598 949 183 28 propositionen,
793 947 44 22 och

78 983 100 21 särskild
200 983 72 28 nädig
290 983 147 29 proposition
452 983 122 28 angäende
589 983 132 28 grunderna
736 982 36 21 för
787 987 50 22 reg-

78 1017 76 28 lering
169 1017 24 21 af
207 1017 183 28 presterskapets
408 1017 105 28 aflöning
528 1017 9 21 i
552 1017 113 21 Finlands
681 1015 157 28 evangeliskt-

80 1051 120 22 lutherska
222 1051 163 28 församlingar
407 1051 119 21 dessutom
548 1055 25 17 är
591 1051 37 21 till
643 1050 125 21 ständerna
784 1049 55 22 aflä-

79 1087 46 26 ten,
142 1085 42 22 har
198 1085 101 22 flertalet
314 1085 26 22 af
352 1085 129 22 utskottets
494 1085 128 22 ledamöter
632 1085 52 21 icke
695 1085 77 20 ansett
783 1083 56 21 den-

80 1126 86 14 samma
188 1119 56 22 böra
267 1119 120 22 föranleda
402 1119 38 21 till
455 1120 79 27 någon
550 1119 88 28 åtgärd.
668 1119 35 20 Af
716 1117 123 22 enahanda

80 1153 76 28 grund
172 1153 42 21 har
229 1153 115 22 utskottet
359 1153 51 22 icke
427 1153 73 21 heller
515 1153 111 28 upptagit
640 1153 38 20 till
693 1151 145 28 behandling

80 1194 29 14 en
124 1187 71 21 väckt
212 1187 67 28 fråga
295 1194 37 14 om
347 1187 209 28 nödvändigheten
572 1189 35 19 att
621 1187 142 20 förekomma
778 1187 62 19 vatt-

80 1222 52 20 nets
154 1221 153 21 förorenande
330 1221 44 22 och
396 1221 80 21 fiskets
492 1220 163 23 förderfvande
678 1221 9 20 i
706 1219 74 22 elfvar
796 1219 44 21 och

81 1255 141 27 vattendrag
243 1262 85 21 genom
350 1255 65 21 affall
437 1255 53 21 från
512 1254 147 22 industriella
674 1253 166 27 inrättningar.

80 1289 121 28 Föröfrigt
215 1289 85 21 saknas
314 1289 52 21 icke
382 1289 148 28 stadganden
545 1289 9 20 i
570 1288 84 28 antydt
664 1287 62 28 syfte
736 1287 50 21 helt
797 1286 44 22 och

81 1323 74 22 hållet
170 1323 8 21 i
193 1324 42 20 vår
249 1323 157 28 lagstiftning.
430 1323 42 21 Ett
484 1323 79 20 dertill
573 1322 129 27 hänförligt
713 1320 128 28 stadgande

82 1361 26 18 är
132 1358 27 21 13
182 1359 13 25 &
218 1357 26 21 af
258 1357 55 21 1861
330 1358 36 20 års
382 1357 144 27 förordning,
544 1356 66 21 hvari
626 1360 68 23 ägare
711 1355 27 21 af
750 1356 91 19 vatten-

83 1392 42 27 såg
139 1391 37 21 vid
184 1391 85 27 förlust
284 1392 26 25 af
324 1392 34 20 sin
372 1392 150 26 sågningsrätt
537 1390 94 27 ålägges
647 1392 35 19 att
693 1389 63 22 hålla
767 1389 75 20 kistor

82 1425 56 21 eller
154 1433 78 13 annan
242 1425 97 28 lämplig
350 1425 138 27 inrättning,
502 1424 77 21 deruti
590 1425 100 26 sågspån
701 1423 83 21 samlas
798 1421 44 22 och

82 1459 96 21 hindras
193 1461 36 19 att
244 1460 8 20 i
262 1459 166 26 vattendraget
438 1458 115 26 nedfalla;
564 1465 53 13 men
630 1457 64 21 detta
705 1455 136 28 stadgande,

83 1500 50 14 som
151 1492 119 22 dessutom
286 1492 42 22 har
343 1492 40 21 det
398 1492 56 20 felet
470 1494 36 19 att
522 1492 51 20 icke
589 1498 55 14 vara
660 1490 138 28 tillämpligt
813 1489 30 28 på

82 1528 122 27 ångsågar,
220 1527 42 23 har
284 1526 81 23 blifvit
387 1526 129 28 umbärligt
538 1532 84 23 genom
637 1525 27 21 22
680 1526 14 26 &
709 1524 9 21 i
734 1524 57 22 1865
806 1524 37 21 års
