1009 1739
427 155 33 21 N:o
478 155 36 21 31.
793 155 24 20 41

430 223 12 28 8
460 225 45 20 133.

163 257 65 27 Hvar,
245 265 45 14 som
307 258 123 27 offentligen
448 259 52 20 eller
519 259 2 20 i
539 261 109 24 samgväm
661 259 109 25 begagnar
782 258 66 20 sådan

90 293 100 25 uniform,
215 299 45 14 som
279 293 46 20 icke
342 292 85 27 ätföljer
444 293 52 20 hans
514 299 53 20 rang
584 293 52 20 eller
652 293 72 26 tjenst,
742 293 52 20 eller
810 292 39 20 bär

91 327 66 21 orden
178 327 52 21 eller
246 329 66 18 annat
330 327 216 26 utmärkelseteeken,
563 333 45 14 som
626 327 76 20 honom
720 327 18 26 ej
754 326 96 21 tillkom-

90 368 52 19 mer,
160 361 62 25 skall,
240 361 37 21 der
296 361 166 26 ordningsstraff
478 367 64 15 anses
559 361 18 27 ej
594 363 110 19 motsvara
719 361 131 21 förseelsens

91 396 155 26 beskaffenhet,
262 395 86 21 straffas
360 396 47 20 med
420 395 96 26 fängelse
528 396 32 20 till
574 396 38 21 och
624 396 47 21 med
684 396 47 26 fyra
742 395 108 21 mänader.

434 458 10 28 8
464 460 46 19 134.

164 499 46 20 Har
233 498 69 26 nägon
320 498 147 26 egenmäktigt
483 499 99 26 upptagit
600 498 182 27 transportskjuts
799 498 52 20 eller

92 535 87 24 avarter
203 533 33 20 vid
261 533 234 26 militäringvartering,
513 533 52 21 eller
582 533 62 27 eljest
660 533 91 25 vidtagit
767 532 83 27 åtgärd,

93 574 45 14 som
155 568 89 20 innebär
260 567 90 26 olagligt
366 568 138 25 betungande
520 567 23 21 af
558 568 84 20 landets
654 568 112 24 invänare;
779 567 71 25 varde,

94 602 37 20 der
154 602 18 26 ej
197 602 55 20 efter
275 602 77 20 allmän
377 602 35 26 lag
432 604 113 24 strängare
562 601 62 21 straff
638 601 12 21 å
666 602 117 26 gerningen
800 601 52 26 följa

94 637 44 20 bör,
156 636 62 20 dömd
236 636 32 20 till
286 636 171 26 ordningsstraff,
475 637 52 20 eller
544 637 31 20 till
592 636 96 26 fängelse
704 637 6 19 i
728 636 63 26 högst
804 636 48 26 fyra

93 671 109 20 mänader.

434 700 10 27 $
462 701 46 19 155.

166 740 130 21 Underläter
319 740 76 26 någon,
421 746 45 14 som
491 740 11 20 &
527 740 105 26 tjenstens
656 742 80 24 vägnar
757 740 52 20 eller
826 739 26 27 pä

94 774 70 26 grund
180 774 22 21 af
217 774 103 21 särskildt
336 775 99 25 uppdrag
452 775 106 20 verkstält
574 775 121 24 mönstring
710 774 23 21 af
748 776 64 24 trupp
824 774 29 20 el-

95 810 31 20 ler
149 809 122 26 besigtning
295 809 12 20 å
330 809 100 25 fästning,
455 809 77 27 fartyg,
553 809 133 27 krigsförräd
704 809 52 20 eller
772 808 80 26 arbete,

95 850 45 14 som
158 843 32 21 för
206 843 93 21 kronans
316 844 90 25 räkning
423 844 87 23 utförts,
526 846 33 18 att
575 844 63 22 ätala,
655 846 58 18 rätta
728 843 52 21 eller
794 843 12 20 &
818 843 36 20 be-

96 878 61 26 hörig
173 880 33 18 ort
223 878 84 20 anmäla
323 878 27 20 fel
367 878 52 20 eller
436 878 60 26 brist,
512 884 45 14 som
569 878 74 20 dervid
655 878 90 20 kommit
756 877 32 20 till
800 877 53 20 hans

96 912 109 26 kunskap;
222 912 73 21 dömes
312 912 31 20 till
360 912 176 26 förafskedande,
554 913 52 20 eller
622 913 103 26 fängelse.

169 946 53 21 Sker
246 948 36 19 det
300 947 33 20 för
349 954 52 19 egen
418 948 88 25 vinning
523 948 53 19 eller
592 948 62 25 eljest
669 948 6 19 i
693 946 73 26 oloflig
782 946 71 26 afsigt,

96 981 52 20 eller
164 981 39 20 har
219 982 41 19 han
276 981 6 20 i
299 981 99 26 krigstid,
416 982 53 20 eller
486 982 27 20 dä
529 981 48 26 krig
594 982 76 20 honom
688 981 116 26 veterligen
818 987 37 14 var

96 1018 32 18 att
152 1016 106 25 snarligen
283 1015 105 27 förvänta,
409 1016 139 26 uppsåtligen
564 1016 138 26 förhemligat
719 1015 135 26 väsendtiiga

97 1050 85 27 brister,
200 1050 75 20 hvaraf
286 1050 95 27 betydlig
393 1050 69 21 skada
473 1051 53 20 eller
538 1051 47 20 fara
596 1051 33 20 för
641 1050 148 27 krigsmakten
801 1056 53 20 upp-

96 1084 64 25 stått;
185 1085 83 20 straffes
292 1085 46 20 med
363 1085 91 21 tukthus
478 1086 32 20 till
528 1085 39 21 och
583 1086 48 20 med
647 1085 46 21 åtta
709 1085 30 25 år,
756 1085 53 20 eller
824 1084 31 21 af-

96 1119 102 26 sättning.

436 1148 10 27 8
465 1149 46 20 136.

168 1188 104 21 Föröfvar
288 1189 154 25 befälhafvare,
455 1192 51 17 utan
519 1189 146 26 vederbörligt
677 1188 177 27 bemyndigande,

96 1225 58 18 emot
169 1223 67 20 rikets
253 1223 173 20 bundsförvandt
442 1224 52 20 eller
511 1224 85 20 neutral
612 1226 43 18 stat
666 1223 68 21 sådan
746 1222 109 26 handling,

96 1263 54 21 som,
170 1257 67 20 ehuru
258 1258 40 20 den
314 1257 46 21 icke
377 1259 24 19 är
417 1260 67 24 öppet
499 1258 105 26 fiendtlig,
621 1258 64 21 likväl
703 1258 79 20 strider
798 1259 58 19 emot

96 1291 92 20 folkrätt
204 1292 52 20 eller
272 1291 100 26 gällande
388 1292 98 27 fördrag;
503 1293 73 25 varde,
593 1293 73 20 derest
682 1293 18 26 ej
714 1291 142 27 krigsförhäl-

97 1326 91 20 landena
204 1327 173 26 oundgängligen
392 1327 110 20 erfordrat
514 1327 116 26 ätgärdens
642 1327 137 26 vidtagande,
792 1325 64 21 dömd

96 1361 32 20 till
146 1360 125 27 afsättning,
288 1361 53 20 eller
357 1361 79 21 förlust
453 1362 23 20 af
490 1362 157 21 innehafvande
663 1361 129 26 befattning.

168 1395 156 25 Befälhafvare,
342 1402 45 14 som
404 1396 149 26 egenmäktigt
568 1397 48 20 med
632 1396 85 27 väpnad
734 1395 75 27 styrka
820 1401 37 14 an-

96 1429 62 20 faller
182 1429 58 26 dylik
264 1432 55 18 stats
343 1432 90 25 trupper
457 1431 53 20 eller
526 1431 108 25 invånare,
650 1431 60 24 eller,
727 1430 67 20 sedan
810 1429 47 21 fred

96 1463 53 20 eller
172 1464 192 26 vapenstillestånd
386 1465 47 20 med
450 1464 84 21 fienden
551 1465 101 20 afslutats
668 1465 40 20 och
725 1464 132 20 befälhafva-
