1009 1739
193 156 26 20 32
501 157 35 20 N:o
552 156 30 21 31.

161 225 48 20 sten
232 225 53 20 utan
308 226 32 20 att
363 224 54 27 gitta
434 224 45 22 visa
495 225 118 26 anledning
629 224 79 27 dertill,
725 224 65 21 varde
806 224 64 21 dömd
885 223 33 21 till

161 258 173 28 ordningsstraff,
351 259 73 21 derest
440 259 18 27 ej
476 259 118 21 förseelsen
612 261 24 19 är
652 259 22 21 af
684 259 67 20 sådan
762 258 156 27 beskaftenhet,

160 294 33 20 att
209 293 41 21 den
267 293 68 27 enligt
350 293 36 27 lag
401 294 83 21 medför
500 296 115 25 strängare
631 300 84 15 ansvar.

503 358 11 26 $
532 358 46 20 104.

234 396 44 22 Gör
301 397 159 27 underordnad,
485 397 28 21 då
531 397 42 21 han
590 397 6 21 i
612 397 53 21 eller
680 397 34 20 för
729 397 95 26 tjensten
840 396 22 21 af
876 395 42 21 för-

160 437 49 15 man
234 431 158 27 tillrättavisas,
416 433 70 25 någon
511 432 137 26 motsägelse,
669 431 53 21 eller
738 431 80 21 brister
833 431 43 20 han
891 431 27 25 pä

162 467 66 19 annat
244 466 103 21 liknande
364 468 42 18 sätt
423 466 6 20 i
446 466 40 21 den
506 466 97 26 aktning,
620 466 83 21 förman
720 472 50 20 eger
786 466 23 20 af
823 464 95 22 honom
902 460 20 37 i

161 500 53 21 eller
230 500 33 21 för
278 500 94 27 tjensten
388 500 84 26 fordra;
489 501 74 21 dömes
579 500 33 21 till
629 500 171 27 ordningsstraff,
817 500 53 20 eller
885 499 33 21 till

160 534 98 27 fängelse
274 535 6 20 i
296 535 64 27 högst
376 541 36 15 sex
428 536 111 20 månader.

504 598 11 28 8
534 599 46 20 105.

233 638 105 21 Utmanar
361 639 69 26 nägon
456 639 33 21 sin
512 638 84 22 förman
614 638 33 21 till
664 638 63 26 envig
742 638 7 20 i
766 637 116 27 anledning
898 636 23 21 af

160 673 66 26 något
242 672 135 22 förhållande
393 673 7 21 i
416 673 106 27 tjensten;
539 673 85 21 straffes
640 672 49 22 med
704 672 173 45 förafskedande,
889 671 29 21 el-

160 706 32 22 ler
208 707 98 27 fängelse
323 708 18 26 ej
358 708 69 20 under
445 714 36 15 sex
498 708 110 21 månader.

233 742 97 27 Antager
346 742 83 21 förman
446 743 68 21 sådan
530 743 122 27 utmaning;
670 748 50 15 vare
736 742 36 26 lag
788 747 87 15 samma.

232 776 55 21 Kom
312 776 85 27 enviget
419 777 33 21 till
476 777 176 27 verkställighet;
676 776 66 22 varde
763 776 25 21 de
805 775 113 27 brottslige

160 810 153 22 förafskedade
330 811 38 21 och
385 812 110 21 dessutom
512 812 102 20 straffade
630 811 68 27 enligt
714 811 79 21 allmän
809 810 41 27 lag.

474 903 32 22 11
524 903 86 28 Kap.

161 954 35 20 Om
216 954 133 21 ohörsamhet
371 954 54 21 emot
445 955 91 26 postkari
558 955 37 21 och
614 954 57 27 vakt;
692 954 104 21 äfvensom
812 959 31 16 om
860 953 59 21 miss-

161 987 72 22 handel
254 989 38 20 och
312 988 146 28 ärekränkning
480 989 54 21 emot
550 989 44 21 dem
611 989 49 22 eller
676 988 55 22 emot
746 988 108 26 vederlike,
870 987 50 22 eller

161 1023 55 21 emot
233 1023 44 22 civil
294 1023 124 27 tjensteman
436 1024 32 21 vid
485 1023 144 28 krigsmakten,
645 1024 50 21 eller
712 1023 70 27 dejour
798 1023 49 21 eller
864 1022 4 21 i
885 1022 34 21 lik-

352 1058 68 21 artadt
436 1058 123 27 tjenstevärf
574 1059 60 21 stadd
651 1063 81 22 person.

503 1116 12 27 8
533 1117 46 20 106.

232 1155 66 27 Hvar,
315 1162 45 15 som
376 1157 49 20 med
440 1156 50 21 väld
507 1156 53 21 eller
575 1156 38 21 hot
628 1162 34 15 om
678 1155 50 21 väld
740 1156 68 20 sätter
820 1154 33 27 sig
864 1156 56 19 emot

160 1189 54 21 eller
229 1189 19 27 ej
265 1189 135 22 hörsammar
415 1191 57 20 hvad
487 1191 105 26 postkarl,
611 1190 91 21 militär-
719 1189 53 21 eller
787 1188 133 27 skyddsvakt

160 1223 68 27 enligt
245 1224 115 21 meddelad
375 1225 126 27 befallning,
518 1225 6 20 i
541 1225 66 26 afsigt
618 1226 32 19 att
660 1224 134 21 förekomma
804 1222 115 21 utförande

159 1257 24 21 af
197 1259 71 26 nägon
284 1258 114 27 förbjuden
414 1259 112 27 handling,
543 1259 23 21 af
579 1259 78 21 honom
673 1258 96 25 fordrar;
786 1256 86 23 straffes
889 1258 30 26 sä,

160 1297 46 16 som
223 1299 35 14 om
274 1293 114 21 enahanda
404 1293 60 22 brott
480 1295 58 19 emot
548 1293 83 21 förman
642 1293 7 21 i
661 1293 25 27 $$
698 1293 27 20 93
736 1292 39 21 och
787 1293 27 20 94
826 1291 94 27 stadgas.

230 1326 78 22 Såsom
332 1328 98 26 postkarl
454 1334 64 15 anses
542 1328 78 27 soldat,
642 1327 96 34 hvilken.
755 1328 24 19 är
794 1325 83 22 utstäld
893 1326 28 25 på

159 1362 50 25 post
232 1361 50 21 med
305 1363 65 26 gevär
394 1362 53 21 eller
472 1363 102 26 utdraget
588 1362 77 21 blankt
680 1353 76 35 vapen.
786 1359 135 22 Militärvakt

158 1394 71 22 kallas
253 1395 114 28 beväpnad
390 1396 185 27 truppafdelning,
600 1402 45 15 som
663 1396 7 21 i
686 1395 47 28 fält,
749 1394 103 28 garnison
868 1393 53 22 eller

158 1429 35 21 vid
218 1431 58 20 möte
300 1432 24 19 är
348 1431 63 20 stadd
434 1431 8 20 i
465 1431 190 27 tjensteutöfning;
680 1430 40 21 och
736 1429 134 27 skyddsvakt
885 1428 36 21 det

158 1463 129 22 underbefäl
311 1465 40 20 och
374 1465 112 27 manskap,
511 1471 46 15 som
572 1465 7 21 i
596 1464 100 28 krigstid,
712 1464 36 20 vid
764 1463 86 21 arméns
866 1462 54 21 aftå-
