1009 1739
200 162 28 20 48
409 161 24 22 U.
448 161 24 22 B.
488 174 28 3 —
532 161 66 29 Prop.
614 162 40 22 N:o
670 161 34 22 23.

521 227 16 28 8
550 229 35 20 81.

241 260 34 22 På
290 261 38 21 det
342 261 118 27 stämpladt
474 268 84 21 papper
573 262 39 24 och
622 261 184 28 stämpelmärken
815 261 36 22 mä
860 261 75 21 kunna

173 295 146 22 allmänheten
334 295 184 28 tillhandahällas,
534 295 57 22 skall
606 296 8 21 i
624 295 78 28 hvarje
712 295 50 22 stad
772 297 56 20 samt
841 295 8 22 i
858 294 77 28 hvarje

172 329 80 22 socken
275 335 27 16 en
320 329 53 22 eller
390 329 54 22 flera
461 330 193 28 försäljningsmän
674 330 56 22 efter
748 329 66 22 behof
836 331 99 26 antagas,

172 363 39 22 hos
233 363 76 22 hvilka
331 364 27 22 de
379 366 56 20 mest
453 365 110 27 behöfliga
578 365 85 22 värden
677 365 55 21 böra
746 371 54 15 vara
815 365 34 20 att
863 363 72 28 tillgå.

173 397 181 28 Stämpelpapper
376 399 40 22 och
437 399 184 28 stämpelmärken
643 399 69 27 skola,
736 399 28 27 pä
786 398 149 27 försäljnings-

173 434 105 20 männens
297 432 111 28 skriftliga
422 433 134 27 regvisition,
573 440 77 21 genom
666 433 168 27 länestyrelsens
850 432 86 27 försorg

173 466 157 22 kostnadsfritt
348 467 70 22 hällas
434 467 48 22 dem
496 467 118 27 tillhanda;
630 468 40 21 och
686 474 42 21 ega
744 467 27 22 de
786 467 34 21 för
834 467 44 21 alla
893 469 43 19 me-

175 500 41 27 del,
236 506 46 16 som
301 507 76 21 genom
397 501 159 29 försäljningen
575 502 84 27 inflyta,
679 502 32 21 uti
726 500 210 29 försäljningsprovi-

173 534 49 22 sion
236 534 36 28 sig
286 535 34 21 till
334 535 56 27 godo
406 536 102 27 beräkna,
524 536 8 22 i
547 535 139 29 Helsingfors
702 538 39 25 tre,
756 536 8 21 i
774 536 26 21 de
811 535 71 28 öfriga
892 536 44 21 stä-

175 569 68 22 derna
258 569 50 27 fyra
321 572 89 24 procent
425 571 40 21 och
479 571 30 27 pä
523 571 76 21 landet
613 570 35 22 för
664 571 84 26 influtet
762 570 71 27 belopp
845 570 27 27 af
878 570 59 21 ända

176 604 31 21 till
228 603 128 23 femhundra
378 605 62 21 mark
462 606 50 20 ätta
528 607 96 25 procent,
645 607 57 19 samt
717 605 35 21 för
766 604 58 22 hvad
838 610 98 16 summan

175 637 35 22 för
232 638 49 22 äret
294 638 124 23 derutöfver
432 640 45 21 kan
492 641 80 26 utgöra
590 640 79 22 endast
684 646 38 16 sex
737 641 94 26 procent,
847 638 89 23 hvilken

174 672 110 27 provision
306 673 190 28 försäljningsman
519 682 47 19 eger
587 675 9 21 i
618 674 123 28 afgifvande
754 674 134 27 redovisning
903 673 34 27 för

176 706 26 22 de
219 707 92 26 influtna
330 708 79 22 medlen
424 709 34 27 sig
474 709 31 21 till
518 709 56 27 godo
588 710 70 20 räkna
674 711 56 19 samt
744 709 36 21 vid
795 709 73 21 dessas
885 708 51 21 leve-

175 741 71 27 rering
261 742 113 22 innehälla.

527 807 13 25 s
556 808 34 19 32.

245 844 35 21 Pä
294 844 141 22 Guvernören
453 845 8 21 i
480 846 77 27 hvarje
576 846 36 21 län
627 846 125 21 ankommer
768 846 39 26 att,
822 845 29 27 pä
865 844 72 22 lands-

176 877 152 23 kamrerarens
343 878 163 30 föredragning,
522 880 35 22 till
572 880 192 28 försäljningsmän
779 881 47 20 utse
841 879 39 21 och
895 878 43 22 för-

176 912 69 22 ordna
260 912 82 22 sädane
357 919 109 22 personer,
481 920 46 16 som
542 914 97 22 befinnas
655 914 73 22 dertill
738 914 74 27 villige
823 914 38 21 och
871 913 67 27 lämp-

176 945 46 28 lige
248 948 57 19 samt
334 947 66 21 ställa
428 948 101 27 antaglig
552 949 110 21 säkerhet.
692 948 36 21 Dä
749 947 190 28 försäljningsman

176 979 75 23 blifvit
266 980 117 23 förordnad
397 981 41 22 och
452 981 157 28 försäljningen
624 983 45 21 kan
680 982 107 27 begynna,
799 981 56 22 skall
865 981 73 22 derom

176 1013 8 22 i
206 1014 90 22 stadens
318 1015 53 22 eller
392 1016 105 22 socknens
519 1017 82 27 kyrkor
619 1017 119 26 kungöras.
769 1016 74 22 Större
860 1015 78 27 belopp

173 1049 123 26 stämpladt
316 1055 83 22 papper
417 1051 39 21 och
480 1051 183 27 stämpelmärken
684 1053 29 20 än
731 1050 43 27 det,
796 1049 88 23 hvarför
906 1051 33 20 sä-

175 1082 79 22 kerhet
268 1083 74 22 blifvit
356 1084 64 27 stäld,
436 1085 36 21 mä
486 1085 20 28 ej
522 1085 35 22 till
570 1085 195 28 försäljningsman
774 1084 102 28 utgifvas,
890 1084 49 21 icke

176 1116 70 22 heller
260 1119 52 25 nytt
326 1117 72 28 förlag
413 1118 65 23 deraf
490 1119 78 22 honom
582 1119 90 28 lemnas,
688 1119 66 22 innan
769 1119 43 21 han
826 1119 35 21 till
870 1118 70 22 landt-

175 1151 107 22 ränteriet
300 1151 132 24 inlevererat
450 1153 113 28 betalning
580 1153 35 22 för
634 1153 60 23 hvad
709 1153 87 23 utöfver
811 1153 42 22 den
867 1153 73 22 stälda

173 1185 133 22 säkerheten
324 1186 46 22 kan
388 1187 129 28 regvireras,
536 1188 118 23 hvaröfver
670 1188 38 21 det
722 1187 87 28 äligger
823 1187 115 22 landskon-

175 1220 59 21 toret
248 1221 36 20 att
298 1226 58 21 noga
370 1221 64 22 vaka.

244 1253 13 22 I
279 1254 29 21 all
329 1255 105 22 händelse
456 1259 25 19 är
502 1256 194 28 försäljningsman
717 1256 86 28 pligtig,
824 1258 33 20 att
874 1256 67 21 minst

174 1287 78 28 hvarje
267 1288 57 22 halft
339 1289 26 21 är
379 1290 113 29 betalning
502 1291 35 22 för
547 1291 99 22 försälda
656 1291 76 22 kartor
742 1291 126 22 inleverera.
891 1289 48 23 Blir

175 1321 8 21 i
198 1321 81 22 sädant
294 1322 102 23 afseende
411 1325 73 27 nägon
499 1325 255 28 penningeförsändning
769 1325 49 21 med
831 1326 76 26 posten
918 1324 24 22 af

175 1355 77 28 nöden,
276 1357 86 27 ätnjute
385 1357 192 30 försäljningsman
596 1359 68 22 frihet
683 1359 51 22 från
752 1359 57 22 både
824 1361 61 26 porto
900 1359 41 21 och

174 1390 201 29 assuransafgifter,
391 1393 27 21 sä
432 1393 41 22 ock
487 1393 34 22 för
536 1394 29 21 all
580 1400 74 15 annan
669 1393 8 22 i
692 1394 40 21 och
746 1393 36 22 för
797 1393 54 22 hans
861 1393 80 22 befatt-

175 1423 54 28 ning
244 1424 130 29 erforderlig
389 1427 180 28 korrespondans.

245 1458 83 22 Genom
350 1460 152 23 Guvernörens
524 1462 9 21 i
554 1462 104 28 Wiborgs
678 1463 38 21 län
741 1462 86 27 försorg
849 1463 92 27 antages

245 1498 220 24 Bevillningsutskottets
478 1502 117 18 betänkande
607 1503 38 17 N:o
658 1503 16 17 4.
