1009 1739
187 156 13 19 6
394 153 25 23 U.
434 154 24 23 B.
474 166 28 4 —
516 154 67 29 Prop.
598 154 39 23 N:o
651 153 30 23 31.

157 221 53 21 böra
232 220 108 26 anmärka,
356 222 33 20 att
403 220 7 22 i
426 220 26 27 $$
468 222 27 20 62
511 220 42 22 och
568 222 27 20 69
611 220 79 22 citeras
706 219 26 28 $$
748 221 41 20 209
805 219 41 23 och
861 221 27 20 90
902 219 8 22 i

156 253 124 29 strafflagen
302 255 7 21 i
331 255 73 22 stället
418 254 33 23 för
470 254 24 28 $$
514 256 40 20 207
571 255 41 22 och
628 257 36 24 89,
680 256 58 20 samt
751 256 33 20 att
799 255 111 27 ordnings-

157 288 103 28 stadgans
284 291 12 20 9
318 289 48 27 kap.
386 289 8 21 i
409 289 41 22 den
465 289 72 22 finska
552 291 75 20 texten
644 295 78 21 genom
736 288 91 29 tryckfel
841 289 69 22 blifvit

157 323 131 22 betecknadt
310 323 71 22 såsom
404 323 36 22 det
456 324 56 21 7:de.
543 323 106 27 Slutligen
665 323 71 22 måste
750 323 108 22 utskottet
871 323 39 28 pä-

157 358 63 27 peka,
243 359 33 20 att
298 358 66 22 sedan
386 357 55 22 ifrån
464 359 26 20 18
514 359 14 26 8
546 358 8 21 i
574 357 207 28 militärstrafilagen
800 358 110 22 uteslutits

140 403 3 3 :
157 392 167 23 bestämmelsen
346 393 73 21 derom
442 394 34 20 att
497 392 143 22 underofficer
659 393 73 22 såsom
747 392 163 28 ordningsstraft

156 427 73 21 kunde
252 427 88 27 åläggas
363 427 90 26 ,förlust
475 427 24 21 af
518 427 126 22 anförtrodd
660 427 95 21 särskild
769 427 140 27 befattning”,

159 461 42 21 slik
216 460 80 28 påföljd
312 462 18 27 ej
346 461 68 22 heller
428 461 43 21 kan
486 461 8 21 i
510 461 124 27 disciplinär
650 463 42 25 väg
707 460 142 23 underofficer
858 461 52 22 ådö-

157 502 53 20 mas,
232 496 84 21 hvadan
331 496 131 27 stadgandet
477 496 75 22 härom
568 496 38 22 bör
622 496 110 22 uteslutas
747 496 47 21 från
808 502 63 16 mom.
887 496 22 25 b)

157 530 75 27 punkt.
247 530 14 20 4
276 530 23 22 af
312 532 13 20 8
340 531 14 26 8
369 530 8 22 i
393 530 202 28 ordningsstadgan,
612 530 88 22 hvilken
708 526 10 36 $
735 530 7 22 i
752 530 75 28 sjelfva
836 530 74 22 verket

156 564 78 22 endast
256 566 24 20 är
302 566 32 20 ett
356 565 53 22 citat
428 564 22 23 af
467 565 79 22 nämda
560 564 12 28 $
587 565 7 21 i
609 565 93 22 militära
717 564 130 28 strafflagen.
877 565 33 21 En

157 600 126 27 ytterligare
297 600 52 27 följd
368 600 24 22 af
404 600 70 22 denna
493 600 161 27 omständighet
670 606 64 22 synes
750 600 40 22 ock
804 606 58 21 vara,
878 602 32 20 att

157 635 12 20 2
194 640 64 15 mom.
280 634 8 21 i
307 636 25 19 77
353 634 11 28 8
379 634 67 22 borde
461 634 98 28 undergå
574 635 41 21 den
631 634 151 28 omarbetning
797 636 33 20 att
844 634 66 28 dylikt

157 668 63 22 straff
233 668 18 28 ej
268 668 46 22 deri
328 670 130 21 omnämnes.

226 702 50 22 Med
298 703 114 27 anledning
433 703 63 22 häraf
518 704 80 22 tillåter
620 704 34 27 sig
676 704 108 21 utskottet
802 704 108 21 vördsamt

157 736 125 23 hemställa:

294 784 34 22 det
347 783 121 23 Ständerna
485 784 53 27 ville,
554 784 36 22 vid
608 784 121 28 afgifvande
744 784 27 27 af
780 784 38 22 sitt
832 791 49 15 svar
896 785 14 20 å

260 818 40 22 den
318 818 80 28 nådiga
414 819 160 26 propositionen
593 826 34 14 om
642 819 120 27 antagande
776 819 26 27 af
812 818 98 28 strafflag

259 853 34 26 för
314 853 69 27 finska
404 853 113 25 militären,
540 853 32 22 till
591 853 64 23 Hans
674 853 120 28 Kejserliga
808 853 104 27 Majestät

259 886 52 28 ingå
332 886 48 22 med
400 887 134 27 underdånig
555 888 166 27 framställning,
742 888 45 21 deri
801 887 25 22 de
841 888 27 26 af
876 890 34 19 ut-

259 921 76 21 skottet
352 922 9 20 i
378 921 136 27 förestående
537 922 66 22 måtto
627 922 91 28 anförda
738 922 174 28 omständigheter

258 955 132 26 framhållas.

226 1017 166 22 Reservationer
407 1017 89 28 bifogas.

224 1114 11 21 I
257 1115 89 27 slutliga
367 1115 188 28 handläggningen
574 1116 23 21 af
616 1117 61 21 detta
696 1117 80 21 ärende
790 1115 63 23 hafva
867 1116 44 22 del-

157 1149 56 27 tagit
230 1149 144 22 ordföranden
388 1150 102 26 Idestam,
505 1150 149 23 ledamöterna
667 1151 92 22 friherre
774 1151 26 21 G.
815 1151 25 21 A.
855 1151 57 21 Lan-

156 1183 121 27 genskiöld,
301 1183 89 27 Ekbom,
414 1184 25 22 G.
463 1184 130 27 Johansson,
616 1185 120 27 Grönberg,
759 1185 20 21 J.
802 1185 109 26 Forsman,

157 1217 121 27 Petterson,
295 1218 101 27 Grönvik,
408 1218 114 27 Clouberg,
536 1218 96 27 Castrén,
644 1219 133 22 Tensikkala
786 1219 40 22 och
837 1219 75 22 Teitti-

157 1257 43 16 nen
222 1254 56 19 samt
298 1252 168 27 suppleanterna
480 1252 90 23 friherre
582 1254 24 21 A.
628 1259 42 16 von
687 1253 114 27 Knorring,
819 1253 92 28 Nyberg,

157 1285 55 22 Lille
228 1286 41 22 och
283 1287 141 26 Muttilainen,
441 1287 111 22 äfvensom
566 1287 8 22 i
589 1288 110 21 särskilda
714 1288 60 22 delar
784 1287 62 22 deraf
853 1288 59 22 leda-

158 1321 100 22 möterna
279 1321 89 22 friherre
383 1322 25 21 R.
422 1323 25 20 A.
463 1322 86 27 Wrede,
564 1323 20 21 J.
601 1322 119 27 Stenbäck,
736 1322 121 23 Serlachius
872 1323 40 21 och

157 1354 93 23 Brusila.

226 1389 134 28 Helsingfors
376 1391 42 21 den
433 1392 27 21 25
475 1391 103 22 Februari
595 1393 61 20 1885.

226 1498 142 23 Lagutskottets
380 1499 117 18 betänkande
511 1501 35 17 N:o
558 1501 16 17 4.
