1009 1739
201 153 12 20 2
400 153 24 22 U.
440 154 22 22 B.
480 167 26 2 —
522 154 66 29 Prop.
602 155 38 22 N:o
656 153 35 24 23.

169 218 45 21 nelt
229 218 153 29 skattesystem
397 219 76 23 funnes
490 221 71 27 nägon
576 221 135 26 skatteform,
728 227 46 15 som
790 227 50 15 vore
851 220 75 22 afsedd

170 255 33 20 att
218 253 108 28 upphäfva
341 255 41 20 den
398 255 116 27 ojämnhet,
531 255 102 22 hvarmed
648 255 68 22 andra
732 256 40 21 och
788 255 7 22 i
811 255 115 28 synnerhet

170 288 26 21 de
212 288 26 21 sä
253 289 80 26 vigtiga
347 289 263 23 konsumtionsskatterna
620 290 111 22 drabbade
742 291 27 21 de
780 290 58 21 olika
847 289 79 22 förmö-

170 323 209 27 genhetsklasserna,
395 324 6 21 i
418 325 36 20 det
475 325 110 21 desamma
604 324 132 28 ojämförligt
750 327 76 25 tyngre
842 325 83 27 tryckte

170 358 26 21 de
212 357 145 27 obemedlade,
374 361 27 18 än
416 359 26 21 de
458 359 126 22 bemedlade
600 360 120 25 klasserna,
743 372 20 2 —
780 359 70 27 någon
866 359 59 22 skat-

169 391 75 23 teform
261 399 52 20 som,
330 393 7 20 i
352 392 20 22 fä
383 393 38 22 ord
433 394 69 27 sagdt,
515 394 72 21 kunde
598 395 108 20 anordnas
720 394 25 21 sä
756 396 32 19 att
799 394 41 21 den
849 393 76 22 främst

169 427 109 21 drabbade
301 428 69 20 större
393 428 182 27 skatteförmägor
598 429 38 21 och
660 429 90 21 sälunda
766 429 76 27 bragte
854 428 70 27 jämn-

167 462 45 26 vigt
227 461 7 21 i
250 461 38 21 det
302 461 54 22 hela.
387 462 32 21 En
435 462 67 22 sädan
518 463 138 27 utjämnande
672 463 60 21 skatt
747 463 57 21 hade
819 470 48 14 man
878 462 46 21 fun-

167 496 32 21 nit
214 496 6 20 i
236 496 246 28 inkomstbevillningen,
494 498 40 21 och
546 498 71 21 säsom
630 499 32 20 ett
672 498 98 26 lämpligt
780 498 144 27 komplement

167 530 33 22 till
216 530 70 22 denna
301 531 55 21 slöte
372 532 33 26 sig
421 532 187 27 stämpelskatten,
625 532 87 21 hvilken
728 532 92 22 träffade
833 532 89 26 mängen

166 566 100 26 inkomst,
284 572 45 15 som
345 566 47 22 icke
409 566 102 22 berördes
528 566 22 22 af
564 567 191 27 bestämningarna
773 567 33 21 för
820 567 104 21 inkomst-

166 600 121 27 bevillning.
318 600 184 28 Stämpelskatten
519 602 55 21 hade
591 601 72 22 derför
679 602 66 21 ocksä
761 602 7 20 i
784 602 26 21 de
825 601 63 22 flesta
903 600 23 22 af

165 635 98 27 Europas
279 635 143 21 kulturstater
436 636 71 21 blifvit
523 636 81 21 anlitad
620 636 7 22 i
643 636 25 22 sä
684 636 121 22 vidsträckt
820 636 59 26 grad,
891 638 32 19 att

166 670 123 21 densamma
312 670 37 21 der
371 670 99 27 utgjorde
495 672 83 20 10—20
599 673 91 25 procent
709 671 39 21 och
765 670 122 22 derutöfver
903 670 23 21 af

165 704 100 27 samtliga
281 704 180 22 statsinkomster.
492 706 34 20 Då
542 712 81 15 samma
638 706 78 20 skatt
709 700 11 37 i
727 705 89 21 Finland
828 705 96 21 deremot

164 739 100 27 utgjorde
281 738 77 22 endast
374 741 12 19 3
402 739 125 27 [rätteligen
542 740 50 27 föga
607 740 60 22 öfver
684 740 21 27 2]
721 742 89 24 procent
826 739 22 22 af
857 741 65 19 stats-

164 774 160 21 inkomsternas
341 774 141 27 totalbelopp,
498 775 92 21 tvekade
606 775 84 21 talaren
706 775 48 21 icke
770 776 32 20 att
817 774 105 22 beteckna

164 808 37 21 det
224 808 71 21 såsom
319 814 25 16 en
368 808 110 28 betänklig
500 810 54 20 brist
569 810 7 20 i
592 810 38 21 vär
653 809 213 27 skattelagstiftning,
890 811 32 19 att

163 849 49 15 man
232 843 94 21 tilldelat
346 844 181 26 stämpelskatten
544 850 25 15 en
585 844 74 21 alltför
674 844 61 26 ringa
750 844 40 21 och
806 844 116 21 underord-

162 878 43 21 nad
221 878 38 26 rol,
276 880 57 19 samt
348 880 33 19 att
396 879 52 26 yrka
464 881 32 19 att
512 886 48 14 man
576 886 78 20 genom
672 881 31 19 ett
718 879 155 21 vidsträcktare
884 885 37 15 an-

160 912 81 22 litande
265 912 23 22 af
309 912 121 22 ännämnda
454 914 60 20 skatt
536 914 67 21 borde
626 914 89 21 försöka
730 914 149 21 ästadkomma
895 919 26 15 en

161 946 67 27 högre
253 947 139 26 beskattning
417 947 23 21 af
464 948 106 27 kapitalet
590 948 6 21 i
616 948 136 21 förhällande
774 948 33 21 till
829 948 90 21 arbetet.

161 981 70 21 Bland
254 981 66 26 titlar,
345 987 45 16 som
406 982 7 21 i
429 983 67 21 andra
520 983 49 21 land
592 982 64 27 gäfve
680 985 59 19 stora
755 988 99 20 summor,
871 988 49 15 men

160 1016 40 21 hos
216 1022 36 15 oss
268 1016 57 21 blott
340 1022 26 15 en
382 1016 156 27 obetydlighet,
554 1017 128 27 päpekades
698 1017 104 21 särskildt
817 1016 101 27 stämpel-

160 1051 86 21 skatten
262 1051 28 26 pä
305 1051 318 27 bouppteckningsinstrument
634 1051 41 22 och
687 1054 149 19 testamenten.
861 1051 57 22 Den-

159 1091 27 15 na
202 1091 17 15 s.
235 1085 20 20 k.
273 1084 105 22 arfsskatt
393 1085 99 28 inbragte
509 1089 14 18 t.
540 1093 39 20 ex.,
595 1087 33 20 uti
643 1085 68 22 finskt
726 1088 59 25 mynt
800 1086 40 21 och
849 1086 69 21 runda

159 1119 37 26 tal,
215 1119 4 21 i
234 1119 98 27 England
357 1121 40 20 152
420 1120 112 27 millioner,
557 1121 5 21 i
577 1121 120 21 Frankrike
722 1123 40 19 110
785 1120 134 26 millioner,
908 1115 15 36 i

158 1153 77 22 Italien
258 1155 28 20 24
306 1153 111 27 millioner,
437 1155 3 20 i
456 1155 107 22 Preussen
580 1157 11 20 6
608 1155 107 22 millioner
731 1155 39 21 och
786 1155 7 21 i
808 1154 108 21 Danmark

160 1190 114 25 1,400,000
296 1189 62 21 mark
373 1189 33 21 för
422 1189 30 27 är,
476 1192 57 19 samt
548 1191 55 21 hade
619 1191 7 20 i
643 1190 95 27 Sverige,
756 1191 38 20 der
809 1196 25 15 en
850 1189 68 21 sädan

158 1223 60 21 skatt
232 1223 124 27 föreslagits
373 1225 33 20 att
419 1225 88 27 införas,
519 1225 117 22 beräknats
647 1225 87 21 komma
744 1227 33 19 att
787 1224 56 27 gifva
853 1224 65 21 minst

160 1260 9 18 1
194 1257 81 22 million
298 1258 67 21 mark.
396 1259 10 20 I
421 1261 45 19 rätt
487 1259 134 22 förhållande
642 1259 32 22 till
690 1259 134 22 sistnämnda
839 1259 78 26 belopp

156 1292 74 26 borde,
247 1293 35 20 vid
299 1299 25 14 en
338 1292 126 27 jämförelse
480 1293 22 22 af
516 1294 154 27 tolkmängden
686 1294 40 22 och
746 1293 171 28 kapitalstyrkan

156 1327 7 20 i
179 1327 89 26 Sverige
291 1327 40 21 och
353 1327 99 27 Finland,
476 1335 81 15 samma
580 1329 61 22 skatt
664 1329 39 21 hos
726 1335 36 15 oss
782 1327 56 28 gifva
852 1327 66 22 minst

156 1362 93 25 250,000
272 1361 68 26 mark,
364 1368 48 15 men
432 1362 57 22 hade
504 1363 8 21 i
527 1363 75 27 sjelfva
621 1363 78 21 verket
714 1363 68 21 under
795 1362 59 21 tiden
869 1361 47 22 från

157 1398 9 19 1
183 1395 43 22 Juli
244 1397 54 20 1883
315 1396 32 21 till
365 1398 9 19 1
390 1396 46 22 Juli
453 1399 55 20 1884
524 1397 86 26 inbragt
625 1397 79 22 endast
720 1399 76 24 64,317
813 1396 59 21 mark
889 1397 27 20 29

154 1430 71 27 penni,
242 1430 67 27 enligt
324 1431 56 21 hvad
396 1437 46 16 som
457 1431 118 28 framginge
591 1431 23 22 af
628 1432 28 21 de
672 1439 28 14 nu
712 1431 34 22 för
755 1431 68 22 första
832 1431 84 27 gängen

154 1465 120 21 insamlade
289 1465 41 21 och
345 1465 7 20 i
367 1465 81 27 nädiga
462 1467 162 26 propositionen
636 1467 128 21 meddelade
778 1465 137 28 uppgifterna

222 1504 218 23 Bevillningsuiskottets
454 1506 116 18 betänkande
582 1507 36 17 N:o
632 1508 16 16 4.
