1009 1739
338 165 23 19 U.
374 165 22 19 B.
409 175 20 3 —
442 165 61 24 Prop.
516 165 36 19 N:o
564 165 28 18 17.
787 165 23 18 25

92 224 92 21 varande
199 223 128 21 institutions
342 223 117 26 införande,
468 223 39 21 och
519 223 59 21 detta
588 223 65 21 redan
666 223 110 26 samtidigt
787 223 47 21 med

92 257 36 22 det
142 257 92 27 länsting
248 257 84 21 komma
346 257 32 21 till
394 257 68 21 stånd.

160 291 10 21 I
185 292 39 21 den
239 291 77 26 nådiga
330 291 156 26 propositionen
498 291 77 21 saknas
586 291 134 26 bestämning
733 277 103 34 huruvida

93 325 38 22 och
146 325 7 22 i
167 325 71 22 hvilka
253 325 37 21 fall
313 325 32 21 till
367 325 131 21 länsutskott
519 325 71 21 invald
609 325 94 21 ledamot
721 325 51 21 eller
788 330 47 21 snp-

93 360 71 27 pleant
178 362 24 19 är
216 359 119 27 berättigad
351 361 31 19 att
397 359 73 27 afsäga
485 359 33 27 sig
533 359 37 22 sitt
584 359 102 27 uppdrag.
716 359 40 22 Vid
775 358 60 27 fråga

93 394 73 21 härom
188 394 69 21 kunde
279 394 34 21 väl
335 399 81 16 samma
438 394 92 26 grunder
548 393 114 27 tillämpas,
678 399 46 16 som
738 393 7 21 i
760 393 76 21 sådant

94 428 98 21 afseende
207 428 57 26 gälla
278 427 129 21 beträffande
424 427 68 27 öfriga
510 427 134 21 kommunala
662 427 173 26 förtroendeupp-

94 462 58 27 drag,
168 462 38 22 och
228 462 66 26 enligt
315 461 71 21 hvilka
408 461 54 21 blott
480 462 57 21 vissa
557 462 48 26 laga
620 461 46 21 skäl
682 461 105 26 berättiga
802 460 32 22 till

94 496 106 22 befrielse.
222 496 48 20 Men
279 496 102 20 utskottet
389 496 38 20 har
442 496 125 26 emellertid,
578 508 23 2 -—
618 495 12 21 å
646 502 40 14 ena
701 495 60 21 sidan
776 495 7 21 i
798 501 36 15 an-

94 530 78 21 seende
186 530 32 21 till
233 529 170 22 beskaffenheten
419 530 23 21 af
455 530 163 21 länsutskottets
633 530 84 26 uppgift
732 529 38 21 och
783 529 51 27 ålig-

94 564 89 26 ganden,
206 566 60 24 samt,
289 564 13 21 å
324 564 39 21 den
386 564 72 26 andra,
473 564 7 21 i
496 564 140 22 betraktande
651 564 62 21 deraf
733 565 31 19 att
779 563 56 22 inom

94 598 200 27 länstingsområdet
308 598 33 21 väl
357 598 66 22 måste
445 597 68 22 finnas
528 600 32 19 att
574 598 60 27 tillgå
649 598 101 27 lämpliga
764 603 72 21 perso-

94 639 44 20 ner,
154 633 32 21 till
201 633 35 21 det
251 633 59 26 ringa
325 632 63 26 antal,
404 638 45 16 som
464 633 33 20 till
514 633 89 21 nämnda
621 632 82 22 utskott
722 632 114 26 erfordras,

94 667 71 21 hvilka
180 669 36 19 äro
231 667 71 26 villige
320 668 32 20 att
370 667 62 27 åtaga
447 667 32 26 sig
495 667 75 21 sådant
588 668 102 26 uppdrag,
706 678 26 4 —
748 666 88 21 kommit

95 702 33 20 till
144 702 39 20 den
205 701 145 27 öfvertygelse,
366 702 32 20 att
412 702 62 26 ingen
490 702 65 20 borde
578 703 44 19 mot
641 702 31 20 sin
688 701 51 27 vilja
753 700 83 26 tvingas

96 737 31 20 att
142 736 64 21 blifva
220 736 89 21 medlem
324 735 23 21 af
367 736 158 21 länsutskottet.
554 736 37 21 Ett
613 736 75 21 sådant
707 735 64 27 tvång
785 740 50 16 vore

95 770 105 26 nemligen
214 770 7 21 i
236 770 74 26 högsta
325 770 65 21 måtto
406 770 82 26 obilligt
504 770 38 21 och
558 770 68 21 skulle
642 770 119 26 säkerligen
773 769 64 21 lända

96 804 76 26 sjelfva
187 804 64 21 saken
273 804 32 20 till
328 804 60 26 ringa
410 804 84 21 båtnad.
525 804 109 21 Utskottet
652 804 39 21 har
706 803 131 22 fördenskull

96 838 67 21 under
186 844 25 14 en
233 838 90 21 särskild
350 837 1 27 8
366 849 28 4 —
409 838 11 27 $
436 838 26 21 51
479 850 25 3 —
520 838 76 26 intagit
618 840 31 19 ett
671 837 117 27 stadgande
804 843 33 15 om

96 873 44 20 rätt
154 872 33 20 för
201 872 46 25 den,
262 878 44 14 som
329 872 76 21 invalts
420 872 7 20 i
442 872 136 25 länsutskott,
593 873 31 20 att
639 872 75 26 afsäga
733 872 32 26 sig
780 871 58 22 detta

97 906 101 27 uppdrag,
214 906 114 26 hvarjemte
350 906 104 21 utskottet
476 906 39 21 här
537 906 65 21 infört
617 906 26 21 de
658 906 33 21 till
706 906 53 27 följd
778 905 62 22 deraf

96 940 78 26 nödiga
189 940 188 27 bestämningarna,
393 942 32 19 att
440 940 105 27 afsägelse
560 940 39 21 bör
614 942 62 25 göras
688 940 56 21 inom
752 940 43 21 viss
808 940 30 20 tid

98 974 38 21 och
151 974 6 21 i
172 974 43 21 viss
230 974 88 27 ordning
333 976 55 19 samt
403 976 31 19 att
450 975 46 26 den,
513 981 51 19 som,
581 975 86 20 oaktadt
679 975 40 20 han
732 974 18 27 ej
762 974 76 26 begag-

97 1010 37 19 nat
148 1008 32 27 sig
195 1007 23 22 af
230 1008 32 21 sin
278 1010 40 19 rätt
333 1009 32 20 till
380 1009 114 26 afsägelse,
510 1010 49 19 utan
575 1009 49 26 laga
639 1009 71 21 förfall
726 1007 112 22 uteblifver

97 1041 46 21 från
159 1042 155 26 länsutskottet,
329 1044 38 25 gör
383 1043 32 26 sig
437 1043 97 21 förfallen
558 1043 32 20 till
610 1043 67 21 böter.
708 1038 74 31 Öfriga
796 1041 42 22 för-

97 1076 113 27 ändringar
224 1076 8 21 i
246 1076 123 22 hithörande
385 1077 33 21 del
434 1077 22 21 af
470 1077 40 21 den
526 1077 75 27 nådiga
616 1077 164 27 propositionen,
794 1082 45 15 som

97 1109 106 28 betingats
218 1109 23 22 af
254 1110 160 27 ifrågavarande
429 1111 124 27 stadgande,
568 1113 43 24 äro,
627 1113 31 19 att
672 1111 58 21 valet
745 1111 23 21 af
782 1110 57 21 leda-

98 1146 68 19 möter
180 1144 38 21 och
233 1145 133 26 suppleanter
381 1145 33 21 till
432 1145 151 22 länsutskottet
602 1145 141 22 föreskrifvits
758 1146 32 20 att
804 1151 36 14 an-

98 1178 74 21 ställas
194 1179 65 20 redan
274 1179 6 20 i
296 1179 73 27 början
384 1179 24 21 af
420 1180 74 27 tinget,
510 1180 104 26 nemligen
630 1180 40 21 sist
686 1180 12 21 å
712 1179 68 26 tredje
797 1180 42 20 mö-

97 1212 108 27 tesdagen,
220 1214 32 20 att
266 1214 173 26 suppleanternes
455 1214 57 21 antal
528 1214 89 21 lemnats
636 1213 106 22 beroende
757 1213 13 21 å
784 1213 56 21 läns-

97 1247 78 26 tingets
184 1247 156 22 bestämmande
348 1250 55 19 samt
411 1250 32 19 att
451 1248 151 21 länsutskottet
609 1248 125 27 berättigats
744 1249 31 20 att
783 1247 58 26 sjelft

98 1283 47 18 utse
160 1281 178 22 viceordförande.
357 1282 63 21 Valet
431 1282 23 21 af
468 1282 140 21 ordföranden
621 1282 38 21 har
667 1282 105 21 utskottet
781 1281 59 26 dock,

98 1315 6 20 i
120 1315 138 22 betraktaude
279 1315 23 22 af
322 1316 71 27 vigten
409 1317 23 21 af
446 1317 69 20 denna
536 1316 124 27 befattning,
676 1318 70 20 ansett
768 1315 73 22 fortfa-

98 1349 65 21 rande
179 1350 50 21 böra
243 1356 50 15 vara
308 1351 114 26 länstinget
432 1350 134 22 förbehållet.
592 1350 112 27 Sjelffallet
714 1350 60 21 torde
784 1355 57 16 nem-

97 1383 57 27 ligen
169 1390 56 21 vara,
241 1386 31 19 att
294 1385 120 26 länstinget,
430 1385 64 21 innan
514 1385 36 21 det
564 1385 83 22 skrider
661 1385 34 21 till
710 1383 132 22 tillsättande

98 1417 23 22 af
135 1418 132 27 länsutskott,
281 1419 66 21 måste
362 1420 52 25 göra
430 1419 32 27 sig
478 1419 147 22 underrättadt
640 1425 33 15 om
688 1418 105 22 huruvida
807 1423 35 16 ve-

98 1452 138 26 derbörande,
252 1453 38 20 och
306 1453 6 20 i
328 1453 114 27 synnerhet
459 1454 46 25 den,
522 1454 21 21 åt
561 1453 84 22 hvilken
661 1452 183 26 ordförandeplat-

166 1491 44 22 Lag-
223 1492 29 16 och
264 1492 176 18 Ekonomieutskottets
451 1493 104 17 betänkande
567 1493 34 17 N:o
614 1492 16 17 2.
