1009 1739
199 145 22 18 12
443 146 23 19 U.
479 146 23 19 B.
516 156 20 5 —
548 145 62 25 Prop.
622 146 37 19 N:o
671 146 28 19 17.

177 202 123 22 förmedelst
322 209 25 16 en
368 204 123 27 ytterligare
515 204 86 25 komit6,
624 204 155 22 åstadkommas
798 209 74 21 genom
888 204 32 20 att

177 236 43 22 låta
235 237 146 24 erfarenheten
396 238 56 21 inom
467 238 49 21 vårt
530 240 50 25 eget
589 238 49 21 land
648 237 80 28 afgifva
738 238 37 21 sitt
782 237 138 27 vittnesbörd,

178 271 19 21 d.
212 277 19 14 v.
248 277 16 15 s.
279 277 75 21 genom
369 272 109 22 införande
494 272 24 22 af
531 279 26 15 en
572 272 36 27 lag
622 273 7 20 i
644 274 78 25 ämnet,
736 272 84 21 hvilken
829 272 89 21 tillstäd-

176 305 39 26 jer,
237 307 32 20 att
290 306 41 21 den
353 306 109 22 derstädes
484 307 34 21 till
534 313 26 15 en
575 307 74 26 början
666 307 102 26 stadgade
783 306 89 22 enheten
886 306 34 21 för

178 339 40 21 den
240 339 65 28 högre
320 340 134 23 kommunala
469 341 217 26 sammanslutningen
700 341 70 21 kunde
785 340 77 22 efterät
876 346 43 15 mo-

178 373 84 22 difieras
284 373 6 22 i
313 374 40 21 den
375 375 47 21 män
444 375 101 22 behofvet
566 375 72 22 visade
654 375 75 22 sädant
743 375 114 26 päkalladt,
873 381 46 14 men

178 407 54 22 dock
246 408 68 21 under
328 408 63 22 säkra
405 409 108 27 garantier
527 409 34 22 för
576 411 32 20 att
622 415 25 16 en
663 409 57 27 dylik
734 409 122 26 förändring
872 408 49 22 sker

178 442 54 20 blott
246 442 38 21 der
298 442 40 22 den
354 443 108 27 verkligen
478 444 78 21 blifver
574 443 172 27 ändamålsenlig.
775 443 10 21 I
800 442 75 22 sådant
889 442 31 21 af-

178 476 77 21 seende
275 476 116 28 medgifver
405 478 40 21 den
460 478 79 26 nådiga
553 478 156 27 propositionen
725 484 25 14 en
766 476 118 27 fördelning
898 476 23 21 af

178 510 57 21 länet
257 510 6 21 i
284 511 36 21 två
334 511 53 21 eller
401 511 51 23 flere
466 512 213 27 länstingsområden,
695 512 66 21 under
775 511 75 26 vilkor,
866 510 54 28 åsyf-

177 544 64 22 tande
263 547 31 19 att
315 546 146 22 åstadkomma
476 547 93 27 antydda
583 546 113 27 garantier.
726 546 77 21 Länets
818 551 103 16 samman-

178 578 92 22 fallande
293 580 47 21 med
362 580 201 27 länstingsområdet
584 581 116 27 uppställes
720 580 32 22 väl
768 580 68 21 såsom
852 579 68 27 regel;

178 612 40 22 och
231 613 58 22 detta
303 614 39 21 har
356 614 61 22 äfven
432 615 105 21 utskottet
552 616 70 20 ansett
636 615 32 27 sig
682 615 54 21 böra
750 614 136 26 understödja
894 612 27 28 på

179 647 25 21 de
219 647 7 21 i
242 648 36 21 det
292 648 126 27 föregående
434 649 71 21 derför
520 649 89 21 anförda
624 649 52 27 skäl,
685 651 51 19 enär
749 649 107 21 desamma
864 649 57 26 synts

178 682 104 22 utskottet
303 688 51 16 vara
376 689 57 16 mera
455 684 95 26 vägande
569 685 26 20 än
614 684 26 21 de
660 685 106 24 motsatta,
782 684 54 20 samt
850 682 71 21 härtill

178 715 94 27 kommit,
294 718 32 20 att
346 717 102 22 utskottet
462 718 47 21 icke
523 718 69 21 funnit
607 718 32 26 sig
654 717 133 27 öfvertygadt
802 722 33 16 om
850 716 73 27 riktig-

178 750 62 22 heten
263 750 23 22 af
306 751 124 27 påståendet
452 752 80 26 derom,
554 754 32 19 att
608 758 25 15 en
655 751 167 28 representation
844 750 78 22 länsvis

178 784 69 22 blefve
270 784 159 29 kostsammare,
448 788 27 19 än
490 793 26 15 en
532 786 66 22 sådan
612 786 117 21 häradsvis.
758 786 49 20 Men
822 785 36 21 det
872 785 51 21 lem-

178 825 44 20 nas,
244 819 70 22 såsom
336 820 68 26 sagdt,
423 820 103 28 derjemte
546 822 63 26 öppet
623 822 31 20 att
669 820 43 22 låta
727 819 194 27 länstingsområde,

178 859 75 21 genom
276 854 68 21 länets
366 854 96 27 delande,
478 854 82 22 erhålla
578 860 25 16 en
619 854 81 22 mindre
714 853 154 27 utsträckning;
884 852 38 22 och

179 894 25 15 en
220 888 57 27 dylik
292 888 76 27 åtgärd
382 890 46 20 tror
442 889 63 21 äfven
521 888 103 22 utskottet
638 888 110 22 flerstädes
756 887 66 22 blifva
829 887 92 27 lämplig,

178 922 7 20 i
200 923 31 20 ett
246 922 39 22 och
300 924 64 20 annat
378 922 38 22 fall
432 923 124 21 tillochmed
570 923 126 26 nödvändig,
712 922 98 22 hvarföre
820 921 105 22 utskottet

179 955 39 22 ock
239 955 34 22 för
294 957 120 21 ändamålet
435 957 91 26 vidtagit
540 957 90 27 ändring
645 957 5 21 i
667 957 66 26 några
747 955 125 22 hithörande
887 955 35 21 de-

178 990 32 21 lar
232 990 24 21 af
276 991 164 26 propositionen,
462 991 27 27 på
508 993 43 20 sätt
566 991 73 27 längre
653 991 54 21 fram
722 991 94 21 kommer
831 991 31 20 att
877 991 47 19 när-

178 1030 58 16 mare
251 1024 117 27 uppgifvas.
398 1025 38 22 Att
451 1026 130 21 nämnvärda
596 1025 136 27 olägenheter
748 1024 52 21 eller
811 1023 113 22 kostnader

178 1058 69 22 skulle
262 1065 50 15 vara
328 1059 100 22 förenade
443 1060 48 21 med
507 1066 26 15 en
548 1059 58 28 dylik
622 1059 76 22 efteråt
713 1059 97 26 vidtagen
823 1057 102 27 omregle-

179 1093 46 27 ring
247 1099 62 21 synes
332 1093 18 27 ej
373 1093 71 22 kunna
467 1094 48 21 med
538 1094 36 26 fog
595 1093 78 28 påstås.
689 1105 28 4 —
732 1092 133 23 Beträffande
880 1091 47 22 åter

178 1126 153 27 förmenandet,
354 1129 32 20 att
404 1128 41 21 den
460 1128 127 21 omnämnda
605 1134 41 21 nya
660 1127 94 22 komitén
770 1132 49 16 vore
835 1125 91 26 behöflig

178 1161 62 24 äfven
255 1161 33 22 för
303 1161 163 23 undersökande
482 1162 24 21 af
519 1163 6 20 i
540 1162 86 21 hvilken
641 1161 53 28 grad
710 1161 40 22 den
757 1159 168 23 administrativa

178 1195 155 28 förvaltningen
356 1196 70 22 kunde
448 1197 14 21 &
480 1197 230 27 sjelfstyrelseorganet
724 1194 136 28 öfverflyttas,
876 1193 50 21 ville

178 1230 104 22 utskottet
297 1231 54 21 blott
366 1231 70 22 erinra
450 1231 82 26 derom,
546 1233 32 19 att
592 1231 67 21 redan
675 1230 55 21 1883
742 1229 34 22 års
784 1227 79 23 komité
870 1227 54 22 hade

178 1263 117 28 föreslagit,
318 1265 36 21 det
375 1265 107 22 särskilda
503 1265 159 26 befogenheter,
686 1269 44 16 som
746 1269 28 15 nu
789 1262 86 21 tillhöra
890 1261 36 22 ad-

179 1298 175 27 ministrationen,
369 1299 69 22 skulle
454 1299 111 27 delegeras
580 1299 13 21 &
608 1299 122 26 länstinget,
746 1303 46 16 men
808 1298 32 20 att
851 1295 75 22 försla-

179 1335 35 24 get
229 1333 73 22 derom
324 1333 46 22 icke
392 1334 74 21 vunnit
484 1333 94 27 gillande
592 1333 8 21 i
615 1333 40 21 den
670 1332 77 27 nädiga
762 1330 162 28 propositionen.

178 1366 117 27 Utskottet,
317 1373 45 16 som
385 1367 74 28 längre
481 1367 55 22 fram
558 1367 143 22 återkommer
722 1366 34 21 till
776 1365 69 22 denna
860 1363 66 27 fråga,

178 1401 68 21 mäste
268 1401 34 22 väl
318 1401 91 28 beklaga
424 1403 32 20 att
470 1402 91 21 sälunda
575 1401 63 26 skett,
653 1407 49 15 men
717 1406 69 20 anser,
802 1400 32 20 att
849 1397 78 28 spörjs-

178 1435 65 22 målet
267 1435 110 27 angående
404 1435 72 22 hvilka
499 1436 67 21 andra
587 1433 241 28 förvaltningsärenden,
852 1434 26 20 än
900 1431 26 22 de

247 1475 43 21 Lag-
304 1476 28 16 och
344 1475 173 17 Ekonomiutskottets
528 1475 103 17 betänkande
643 1475 35 16 N:o
690 1474 17 16 2.
