1009 1739
210 158 27 21 36

375 157 78 22 Ständ.
469 157 36 22 Sv.
521 169 27 3 —
564 157 68 27 Prop.
648 156 38 22 N:o
702 155 32 22 23.

318 219 37 27 pel
370 219 68 28 enligt
448 219 113 27 faststäld
571 218 62 28 form
649 219 58 26 eller,
724 218 39 21 der
778 218 70 21 sådan
860 218 18 27 ej
890 217 50 28 blif-

321 253 30 20 vit
374 253 42 21 den
432 253 136 27 tjensteman,
585 259 45 15 sam
646 252 95 27 skriften
757 254 121 25 emottager,
896 252 44 21 till-

322 287 66 24 stäld,
410 293 76 21 genom
503 294 26 13 en
544 287 28 28 af
585 287 75 21 honom
676 287 53 20 eller
744 286 120 27 sakegaren
880 285 59 21 verk-

326 321 58 20 stäld
399 321 49 20 kort
468 320 99 28 skriftlig
582 320 135 27 anteckning,
733 327 45 14 som
794 320 96 27 tydligen
906 323 32 18 ut-

323 355 61 20 visar
407 355 35 20 till
464 354 87 21 hvilken
566 355 67 27 skrift
648 355 53 20 eller
716 354 107 27 handling
840 355 98 26 stämpel-

324 388 83 21 märket
422 388 70 21 hörer.
524 388 45 21 För
584 389 70 20 sådan
677 388 137 27 makulering
830 395 48 20 eger
893 390 47 19 sär-

323 422 59 21 skild
397 422 68 28 afgift
481 422 46 21 icke
542 429 54 14 rum.

393 461 74 21 Skulle
482 462 62 28 dylik
559 461 131 28 afhandling
705 462 51 21 eller
771 460 73 28 skrift,
859 460 29 21 då
899 460 42 21 den

324 496 122 20 sedermera
470 496 55 27 ånyo
542 496 36 21 vid
594 496 92 21 domstol
701 496 53 20 eller
769 494 125 29 myndighet
907 494 34 27 fö-

324 532 60 24 retes,
410 529 68 21 likväl
500 530 70 20 sakna
592 530 41 20 den
648 530 119 27 kartering,
784 528 102 22 hvarmed
900 528 40 21 den

324 562 72 28 blifvit
413 563 102 27 försedd,
538 563 56 22 skall
616 563 66 21 karta
704 563 52 21 eller
778 562 163 27 stämpebnärke

325 596 35 21 till
383 596 105 28 stadgadt
512 596 73 28 belopp
610 596 113 27 anskaffas
746 596 36 21 och
806 595 135 28 handlingen

326 629 118 29 vidhäftas,
460 631 70 20 innan
546 632 70 20 denna
626 630 44 28 får
685 632 125 25 emottagas.

603 700 15 26 $
634 700 34 20 12.

398 744 38 21 Om
452 744 99 21 enskilda
562 750 112 22 personer,
690 750 45 15 som
750 745 33 27 sig
799 744 88 20 emellan
899 744 44 20 slu-

326 779 26 20 tit
378 779 72 27 någon
473 778 215 27 öfverenskommelse,
712 779 8 19 i
735 778 74 21 stället
824 780 32 19 att
871 778 71 21 derom

330 814 105 26 upprätta
451 812 100 28 skriftlig
566 812 143 28 afhandling,
725 812 53 28 vilja
794 813 46 20 låta
856 812 37 21 sitt
908 812 34 27 af-

325 847 35 20 tal
373 847 8 20 i
392 846 102 21 domstols
502 846 111 28 protokoll
624 846 112 25 anteckna,
748 853 50 14 vare
809 846 79 21 sådant
897 846 46 20 dem

325 880 45 20 icke
388 880 136 26 förmenadt,
548 880 38 21 der
605 880 35 21 det
656 880 59 27 eljest
732 880 94 27 lagligen
842 879 36 21 ske
893 880 49 21 kan.

324 914 16 20 I
352 914 70 27 dylikt
433 913 49 27 fall
496 914 92 26 skrifves
601 913 131 28 protokollet
748 914 14 20 å
777 914 41 20 den
828 913 41 27 för
884 914 60 20 dom-

326 948 80 20 stolens
422 948 148 26 expeditioner
587 948 110 20 bestämda
712 947 76 26 karta;
804 954 46 14 men
866 954 32 14 om
914 950 30 18 ett

324 981 82 21 sådant
425 981 113 27 protokoll
560 981 121 21 sedermera
704 982 8 20 i
727 982 102 26 afseende
844 983 14 19 å
874 981 70 21 utsök-

325 1015 53 27 ning
401 1015 53 21 eller
476 1016 8 19 i
500 1018 68 18 annat
583 1016 57 27 syfte
655 1015 61 27 inför
732 1016 72 27 någon
820 1015 124 28 myndighet

324 1051 85 25 upptes,
427 1049 101 22 karteras
544 1050 118 21 detsamma
679 1051 71 20 såsom
765 1051 8 19 i
788 1051 15 26 $
818 1051 13 20 6
848 1050 94 27 stadgas.

605 1124 15 27 $
636 1124 34 19 13.

392 1167 182 27 Föreskrifterna
589 1168 8 20 i
613 1168 72 20 denna
696 1167 137 28 förordning
844 1168 64 21 verka
924 1170 19 26 ej

320 1203 32 26 på
374 1201 130 28 giltigheten
527 1202 30 27 af
575 1201 143 28 afhandling,
736 1201 136 27 förbindelse
892 1203 52 20 eller

324 1242 76 14 annan
423 1236 73 26 skrift,
522 1243 44 14 som
589 1235 73 28 blifvit
678 1236 122 27 upprättad
816 1237 68 20 innan
895 1237 48 26 för-

325 1269 134 28 ordningens
482 1270 141 27 tillämpning
638 1270 105 27 vidtager.
772 1269 49 22 Icke
836 1270 66 21 heller
917 1273 27 18 är

325 1303 61 28 dylik
408 1303 76 28 skrift,
507 1311 33 14 om
564 1304 46 25 den,
632 1304 8 20 i
654 1303 94 28 enlighet
763 1304 47 21 med
819 1304 64 27 förut
898 1305 46 27 gäl-

324 1337 65 21 lande
414 1338 146 27 stadganden,
590 1337 71 28 blifvit
684 1338 14 20 å
719 1338 120 27 stämpladt
858 1345 86 21 papper

324 1371 99 27 skrifven
439 1372 52 20 eller
507 1371 93 28 befinnes
615 1378 55 15 vara
680 1372 87 21 dermed
777 1371 82 29 belagd,
872 1373 71 27 någon

325 1405 75 21 vidare
415 1405 114 28 kartering
544 1406 156 21 underkastad.

393 1439 102 22 Deremot
518 1439 56 21 skall
596 1439 76 28 hvarje
695 1439 61 21 äldre
774 1439 73 27 skrift,
863 1441 25 20 så
904 1440 33 21 be-
