1009 1739
106 104 12 17 2

397 103 30 19 U:
432 103 27 19 E:
464 104 26 13 —
497 102 67 25 Prop.
570 103 113 19 1019.

118 189 10 21 $
170 193 52 13 |mom.
290 189 138 22 Ridderskapet
440 189 35 17 och
487 189 67 18 Adeln.
717 189 146 18 Presteständet.

118 261 10 18 1
192 262 10 17 1
267 263 40 17 Har
321 263 7 17 i
344 263 62 18 stället
421 263 29 17 för
465 263 10 22 $
490 263 10 17 1
513 263 7 17 i
533 263 64 17 betän-|
638 263 40 17 Har
693 263 72 22 antagit
779 263 100 18 utskottets
898 263 65 18 betän-

244 285 32 18 det
288 286 73 22 antagit
372 286 10 21 $
398 286 9 17 1
423 286 7 17 i
442 285 70 23 nädiga
523 290 74 18 propos.
604 281 9 31 |
615 285 68 18 kande.

118 330 10 17 1
192 330 11 18 3
269 331 39 17 Har
320 331 70 22 antagit
402 331 134 17 betänkandet.
638 331 40 17 Har
690 331 72 22 antagit
774 330 131 19 betänkandet.

117 488 12 18 2
192 489 12 17 4
270 488 40 18 Har
322 489 72 22 antagit
404 488 134 19 betänkandet.
638 490 40 17 Har
690 490 62 22 utbytt
763 489 36 18 den
811 490 11 17 &
834 489 88 18 nästsista
933 494 29 13 ra-

229 1159 2 10 |

266 715 40 18 Har
318 716 72 22 antagit
396 716 139 18 betänkendet.

265 851 40 17 Har
323 852 87 17 uteslutit
424 851 64 19 orden
504 852 66 18 -esäväl
584 852 11 18 4

225 888 1 3 |
241 874 44 17 Atad
294 878 57 14 som».

265 919 39 17 Har
310 920 79 22 antagit
397 920 137 18 betänkandet.

263 1144 39 17 Har
314 1145 72 22 antagit
398 1145 131 19 betänkandet.

261 1279 40 18 Har
313 1280 74 22 antagit
398 1280 133 18 betänkandet.

616 512 36 18 den
665 512 152 18 förekommande
825 512 93 23 partikeln
926 512 36 18 «el-

616 535 37 17 ler«
666 537 39 15 mot
717 534 93 23 partikeln
823 535 59 17 «ocha.

634 716 43 18 Har
683 716 79 23 antagit
773 716 131 18 betänkandet.

634 852 43 18 Tar
684 853 78 23 antagit
773 853 130 18 betänkandet.

634 921 43 17 Har
686 920 144 18 omformulerat
841 921 62 18 denna
912 922 14 21 $,
940 922 20 17 så

614 946 26 15 att
654 943 36 18 den
702 944 75 17 erhållit
791 943 82 23 följande
888 944 72 23 lydelse

614 967 6 16 i
633 966 47 17 «Vid
695 965 169 23 prestaflöningens
880 966 80 18 bestäm-

613 988 68 18 mande
698 988 48 17 skall
761 989 105 17 inkomsten
879 988 21 18 af
911 989 50 18 bolet

613 1013 53 20 tagas
678 1011 7 17 i
698 1011 106 22 beräkning
816 1013 48 15 samt
872 1012 88 22 uppskat-

612 1035 28 16 tas
656 1033 49 18 efter
724 1033 42 18 dess
784 1033 176 24 medelafkastning,

613 1056 65 18 dervid
694 1056 88 23 beloppet
796 1056 21 17 af
830 1056 23 18 de
871 1057 89 22 lägenhe-

612 1081 33 15 ten
661 1079 59 22 enligt
731 1058 23 47 JA
782 1079 34 17 och
828 1079 132 22 författningar

612 1101 100 22 &liggande
728 1101 98 18 utskylder
844 1101 35 18 och
894 1101 66 18 besvär

612 1124 34 17 bör
658 1123 103 18 afräknas..

635 1147 39 17 Har
686 1147 73 22 antagit
771 1146 131 18 betänkandet.

633 1281 41 18 Har
685 1281 72 23 antagit
769 1281 130 19 betänkandet.

142 1492 71 22 Bihang
225 1494 28 16 till
264 1494 44 22 Lao-
320 1496 30 16 och
362 1496 172 17 Ekonomiutskottets
544 1496 106 16 betänkande
662 1496 34 16 N:o
709 1496 17 16 5.
