1009 1739
198 155 26 22 12
364 155 80 23 Ständ.
458 155 36 23 Sv.
510 167 28 4 —
554 155 105 28 Prop.
661 160 20 17 N:o
697 154 33 22 21.

598 218 123 26 Transport
752 217 111 24 1,843,800
879 216 47 27 ry

169 251 85 28 Anslag
265 252 32 21 till
314 252 179 27 löneförhöjning
509 252 41 21 och
562 251 160 28 pensionering

308 287 24 20 af
349 286 173 21 folkskollärare
542 287 40 20 och
598 285 124 22 lärarinnor

306 320 70 27 enligt
390 325 20 21 s$
427 322 41 20 134
479 321 41 21 och
536 321 6 20 i
560 321 40 21 135
616 319 105 28 gällande

307 354 243 27 folkskoleförordning
571 371 4 4 .
607 371 4 4 .
680 369 4 6 5
772 354 91 25 100,000
893 369 13 10 —,,

206 405 11 10 »
237 385 12 35 =
262 389 32 21 till
318 389 127 27 förhöjning
468 389 23 21 af
505 370 166 45 statsbidragen
688 369 33 40 för

306 423 320 27 folkskollärarepersonalens
637 423 29 26 på
674 422 49 21 lan-

307 456 38 22 det
360 456 98 28 aflöning
500 473 4 5 =.
536 472 5 5 .
772 457 92 25 508,800
894 472 11 10 ,,

206 506 12 10 »
239 486 10 35 =
264 490 32 22 till
314 491 63 21 häraf
392 491 114 22 föranledd
520 473 56 39 ökad
588 472 133 45 löneförhöj-

308 526 54 26 ning
377 526 39 21 och
433 526 178 27 pensionering
601 522 16 35 .
643 541 4 5 .
786 526 77 25 40,000
892 540 11 10 ,,

206 575 11 10 +
241 555 12 36 =
263 559 32 22 HII
321 560 157 27 pensionering
504 560 26 21 af
550 542 172 39 folkskollärare

308 594 39 22 och
370 594 124 22 lärarinnor
518 595 6 21 i
542 594 105 22 städerna
677 611 5 5 .
714 611 3 4 .
784 594 76 25 39,000
891 610 11 10 ,,

206 644 11 10 »
235 620 14 40 =
262 628 32 22 till
312 624 188 32 Öfverstyrelsens
516 628 34 22 för
562 628 159 22 skolväsendet

308 663 131 27 disposition
457 664 32 20 för
500 663 120 21 understöd
632 663 23 21 ät
665 662 55 22 folk-

308 697 122 21 skollärare
463 714 5 5 .
500 715 3 4 .
786 698 76 24 15,000
892 712 12 10 ,,

206 748 10 8 »
237 727 9 33 =
263 731 32 21 till
319 731 123 21 inrättande
464 732 24 20 af
509 714 123 38 folkskolor
650 731 6 21 i
673 713 47 39 Sal-

306 766 49 25 mis,
386 766 102 26 Suojärvi
520 766 39 21 och
585 766 137 27 Korpiselkä

306 800 129 21 kommuner
458 800 7 21 i
485 800 104 26 Wiborgs
610 800 36 21 län
676 816 6 4 .
714 815 4 5 .
786 800 74 24 10,000
890 816 13 9 ,,

631 841 89 20 Summa
750 841 112 25 2,556,600
870 840 53 26 Frye,

170 873 155 21 motsvarande
341 880 26 14 en
384 874 57 27 ärlig
456 874 66 27 utgift
537 874 23 22 af
574 875 93 25 852,200
682 874 71 20 mark.

237 913 33 21 På
285 913 71 27 grund
372 914 63 20 häraf
450 914 23 21 få
488 914 127 21 Ständerna
631 913 159 28 underdänigst
805 913 99 21 anmäla:

375 961 29 18 att
422 960 116 24 Ständerna,
554 960 43 20 med
610 960 139 25 godkännande
764 961 25 23 af
801 961 59 23 ofvan
874 966 50 18 upp-

304 995 59 23 tagna
388 995 140 24 utgiftsposter,
552 995 33 24 för
606 994 123 20 bestridande
750 995 26 24 af
793 994 130 20 kostnaderna

304 1027 34 24 för
352 1029 185 23 folkskoleväsendet
551 1029 61 20 under
627 1029 47 20 åren
688 1029 60 23 1886,
760 1029 55 19 1887
825 1029 33 19 och
867 1029 56 19 1888

304 1062 90 24 faststält
416 1065 26 18 ett
465 1063 68 24 anslag
555 1063 26 24 af
600 1063 96 23 852,200
717 1063 57 20 mark
789 1063 71 24 årligen
875 1062 46 20 eller

305 1097 175 20 sammanräknadt
493 1098 115 23 2,556,600
622 1097 62 20 mark.

234 1237 48 21 Den
306 1237 83 28 nädiga
412 1239 165 27 propositionen
602 1238 120 26 meddelar,
745 1240 32 19 att
796 1237 32 22 för
844 1237 81 27 ifräga-

164 1271 98 22 varande
279 1271 103 22 ändamål
400 1273 43 20 kan
460 1273 24 20 af
498 1272 110 21 ordinarie
624 1272 129 21 statsmedel
769 1271 111 28 päräknas
896 1277 27 15 en

164 1311 85 14 summa
265 1305 25 20 af
304 1306 114 25 1,200,000
434 1307 70 24 mark,
521 1307 86 20 hvarför
623 1306 89 21 säledes
728 1306 13 21 &
752 1305 124 22 Ständerna
886 1311 37 15 an-

163 1338 100 21 kommer
289 1342 32 18 att
344 1339 83 28 bevilja
450 1340 81 21 endast
553 1340 126 21 äterstaden
703 1340 24 21 af
748 1340 101 26 anslaget
871 1339 49 20 med

165 1372 113 27 1,356,600
286 1373 70 21 mark.
373 1373 46 22 Och
431 1381 47 14 som
490 1375 77 26 frågan
581 1375 75 20 härom
666 1374 22 21 af
695 1373 125 22 Ständerna
828 1373 96 22 behand-

164 1407 43 20 lats
223 1407 2 20 i
237 1408 162 27 sammanhang
410 1409 50 20 med
476 1409 92 21 Eders
584 1409 179 27 Kejserliga
773 1407 150 28 Majestäts

165 1440 83 27 nädiga
271 1442 138 26 proposition
433 1443 115 26 angäende
573 1443 103 26 samtliga
692 1443 26 20 de
734 1443 37 21 vid
786 1441 135 27 landtdagen
