1009 1739
405 163 35 22 N:o
456 163 34 21 31.
773 164 26 19 49

72 232 41 21 den
136 232 58 25 Rätt,
218 231 122 21 hvarunder
362 231 145 27 förbrytelsen
527 232 45 25 hör,
590 232 37 21 och
644 232 100 27 yttrande
760 232 69 26 gifvas

73 273 34 14 om
132 266 39 21 den
188 265 119 27 anklagade
324 266 32 21 till
373 266 36 20 det
425 266 38 21 der
479 266 134 21 undersökta
629 267 82 20 brottet
727 266 63 21 saker
806 268 24 19 är

72 301 52 21 eller
141 301 24 26 ej,
182 300 109 21 äfvensom
308 301 31 20 till
356 301 55 20 hvad
428 307 79 14 ansvar
522 301 42 20 han
582 301 72 21 derför
670 301 57 26 gjort
743 301 32 26 sig
786 300 43 21 för-

72 335 72 25 fallen,
170 335 107 21 hvarefter
300 335 41 21 den
365 335 58 25 Rätt,
448 335 38 21 der
509 336 40 20 han
570 336 41 20 sist
626 335 100 27 lagföres,
743 336 39 20 har
798 337 32 19 att

69 370 79 26 jemväl
174 370 160 25 sammanlägga
357 376 104 14 ansvaren
486 370 34 21 för
543 370 44 21 alla
610 370 85 21 brotten
712 370 6 20 i
736 370 94 26 enlighet

72 405 49 20 med
146 405 24 19 de
195 404 5 20 i
221 404 69 21 denna
306 404 38 21 och
360 404 80 20 allmän
457 405 34 25 lag
508 405 105 26 stadgade
629 405 94 26 grunder
740 404 90 21 sålunda

73 440 38 21 att,
127 439 38 20 der
182 438 62 20 dessa
260 440 36 19 äro
313 438 97 26 stridiga,
426 438 26 21 de
468 439 101 25 grunder,
583 439 67 25 enligt
662 438 74 21 hvilka
747 438 83 21 straffet

73 473 41 21 blir
138 473 96 25 mildare,
254 473 65 20 varda
335 472 132 27 tillämpade.
499 473 47 20 Har
562 473 69 25 någon
648 473 52 21 Rätt
716 473 114 21 uraktlåtit

73 509 32 19 att
120 509 83 19 utsätta
218 509 101 19 ansvaret
334 506 34 21 för
384 507 65 27 brott,
467 507 89 21 hvarom
568 508 40 20 den
621 508 109 24 ransakat,
742 507 88 21 ankom-

72 548 46 14 mer
133 543 112 19 ansvarets
261 541 125 21 utsättande
401 541 28 27 på
446 542 39 20 den
502 542 59 25 Rätt,
578 548 45 14 som
641 542 41 20 sist
697 542 6 20 i
715 542 66 20 saken
793 542 37 20 dö-

72 582 51 15 mer.
150 576 68 20 Anses
235 576 40 20 den
291 576 106 20 tilltalade
413 576 34 20 för
463 576 55 20 visst
534 576 60 20 brott
610 576 22 20 af
642 576 70 26 någon
722 576 53 21 Rätt
786 576 44 20 för-

72 610 65 22 fallen
161 610 32 20 till
217 610 118 20 dödsstraff
356 610 52 21 eller
431 610 91 21 tukthus
546 610 28 27 på
597 610 69 21 lifstid
684 610 53 21 eller
752 610 78 26 högsta

72 644 144 28 kroppsplikt,
240 644 35 21 må
291 644 131 27 ransakning
438 651 34 14 om
489 645 70 26 öfriga
576 647 57 19 emot
649 645 77 21 honom
743 644 88 27 angifna

72 680 60 20 brott
156 680 17 25 ej
198 679 72 20 vidare
290 679 34 20 vid
344 685 69 14 annan
429 679 53 21 Rätt
498 686 40 19 ega
554 686 53 19 rum,
624 680 38 20 der
678 679 152 26 målseganden

72 714 38 20 det
132 714 18 26 ej
168 713 84 21 fordrar
269 713 51 21 eller
336 714 116 26 anledning
469 714 63 26 eljest
548 714 145 20 förekommer
709 714 72 20 dertill
798 715 32 19 att

73 754 69 15 annan
166 750 23 18 är
213 748 5 20 i
242 748 82 20 brottet
348 748 96 26 delaktig
464 748 38 20 och
519 748 41 21 kan
577 754 77 20 genom
670 748 159 26 ransakningen

72 782 120 27 upptäckas
216 782 52 20 eller
292 784 31 18 att
342 782 124 21 densamma
483 782 41 21 kan
541 782 33 21 för
592 783 40 20 den
648 782 107 21 tilltalade
772 782 58 21 med-

72 817 48 21 föra
136 816 66 22 ökadt
218 822 83 15 ansvar.

144 851 62 21 Hvad
223 851 63 21 ofvan
303 851 101 25 stadgadt
420 853 30 24 är,
467 851 57 26 gälle
540 851 62 21 äfven
618 851 34 21 för
668 852 41 20 den
727 851 103 21 händelse

72 887 34 19 att
121 886 85 20 brotten
223 887 37 19 äro
277 885 22 21 af
314 885 66 21 sådan
396 885 156 27 beskalfenhet,
571 887 33 19 att
620 886 109 20 desamma
745 885 53 21 böra
810 885 22 21 af

73 916 248 29 Öfverkrigsdomstolen
346 920 37 20 och
403 919 90 21 Hofrätt
510 920 134 20 omedelbart
660 920 93 26 afgöras.
784 920 48 20 Hör

74 954 85 21 ettdera
176 955 81 19 brottet
272 954 32 20 till
321 954 130 27 Krigsrätts,
464 960 48 15 men
525 955 36 20 det
571 955 69 20 andra
651 954 31 21 till
695 950 137 30 Öfverkrigs-

73 988 132 21 domstolens
228 988 52 21 eller
304 988 99 21 Hofrätts
427 988 126 27 afgörande,
577 989 89 20 insände
685 988 145 27 Krigsrätten,

73 1022 65 21 sedan
163 1029 32 14 om
216 1023 40 20 den
272 1023 12 20 å
300 1023 49 20 dess
365 1023 163 26 handläggning
544 1023 156 20 ankommande
716 1022 115 27 förbrytel-

73 1063 37 14 sen
126 1056 71 21 blifvit
213 1057 118 20 undersökt
347 1057 38 20 och
402 1057 113 21 utlåtande
531 1057 74 21 derom
621 1057 123 21 meddeladt
759 1057 72 21 såsom

72 1091 64 21 ofvan
153 1091 63 26 sagdt
231 1093 30 24 är,
278 1091 158 26 ransakningen
451 1091 68 26 jemte
534 1092 95 26 utslaget
645 1092 32 20 till
695 1087 136 30 Öfverkrigs-

73 1125 127 26 domstolen,
225 1131 45 15 som
294 1125 93 21 derefter
410 1131 52 20 eger
484 1127 102 26 yttrande
606 1126 60 21 öfver
682 1126 149 21 alltsammans

72 1159 82 27 afgifva
176 1160 52 21 eller
251 1159 81 22 förfara
355 1160 6 20 i
385 1160 96 26 enlighet
499 1160 48 21 med
564 1160 55 21 hvad
634 1161 40 20 här
690 1160 69 21 nedan
775 1160 56 21 före-

73 1190 99 36 skrifves.
542 1197 3 3 i

146 1229 79 20 Finnes
250 1229 47 26 den,
317 1235 45 14 som
378 1229 36 20 vid
430 1228 114 27 Krigsrätt
560 1229 39 21 och
615 1229 71 20 tillika
702 1229 34 20 vid
753 1229 79 20 allmän

72 1263 120 21 Underrätt
208 1263 106 26 anklagad
330 1265 31 24 är,
378 1263 63 21 hafva
458 1263 75 26 begätt
549 1263 62 21 äfven
627 1263 79 21 sädant
722 1263 66 26 brott,
800 1264 32 19 att

72 1297 151 26 Krigsrättens
236 1297 52 21 eller
299 1297 108 22 allmänna
417 1297 161 21 Underrättens
589 1297 132 26 ransakning
732 1297 38 21 och
782 1297 50 21 dom

72 1332 41 20 bör
129 1327 121 26 Öfverrätts
266 1331 132 27 granskning
414 1332 148 21 underställas
578 1332 53 21 eller
647 1334 33 19 att
695 1331 66 21 målet
772 1331 12 20 å
795 1327 37 26 Öf-

72 1367 95 20 verrätts
186 1365 136 22 omedelbara
338 1366 118 27 afgörande
468 1365 132 27 ankommer,
612 1366 55 21 skall
679 1366 41 21 den
732 1365 100 26 domstol,

74 1400 38 21 der
135 1401 40 20 den
194 1400 106 21 tilltalade
316 1400 40 21 sist
372 1400 106 26 lagförts,.
487 1400 185 26 ransakningarna
689 1400 39 21 och
746 1399 38 21 sitt
799 1401 34 19 ut-

74 1434 46 25 slag
136 1434 33 21 till
186 1434 32 21 sin
236 1429 110 26 Öfverrätt
361 1434 99 26 insända,
476 1434 88 21 hvilken
580 1430 117 30 Öfverrätt,
714 1434 67 21 sedan
792 1434 41 21 den

74 1468 68 20 andra
159 1468 156 21 Underrättens
334 1464 162 25 Öfverdomstol
513 1468 41 21 fätt
565 1468 85 21 tillfälle
661 1470 33 19 att
705 1468 33 20 sin
750 1467 84 22 Under-

753 1513 12 17 4
