1009 1739
199 154 26 20 42
417 181 5 4 N
502 155 38 23 N:o
556 155 38 23 23.

169 218 42 22 han
226 219 85 23 derföre
326 221 72 22 säsom
412 221 33 22 för
460 221 65 28 olaga
540 223 99 26 uppbörd
655 222 41 22 och
711 228 51 16 vare
778 222 61 22 äfven
849 222 7 21 i
868 221 61 23 detta

159 252 48 34 fall
221 256 79 25 genast
314 254 46 22 från
375 255 149 28 befattningen
540 257 62 21 skild.

519 320 13 26 8
548 322 34 19 35.

239 357 43 22 Vid
296 359 108 27 utgången
420 359 22 22 af
454 360 76 27 hvarje
544 360 55 22 halft
614 361 25 21 år
654 360 56 22 skall
725 360 38 22 allt
774 360 71 21 osåldt
855 360 73 22 karta-

171 391 73 22 förråd
266 391 40 23 hos
324 393 28 21 de
370 395 92 26 antagne
481 394 233 28 försäljningsmännen
728 395 129 26 inventeras,
874 395 56 21 efter

170 425 143 28 förteckning,
329 433 46 17 som
391 428 47 22 dem
454 429 82 27 åligger
550 428 59 22 förut
623 430 22 20 in
662 429 80 27 dupplo
753 431 108 25 upprätta,
873 431 57 19 samt

170 460 58 22 hvad
243 461 63 21 deraf
318 461 40 22 hos
374 462 48 22 dem
436 465 24 19 är
474 463 8 21 i
496 463 73 22 behåll
583 464 33 21 till
626 465 65 20 nästa
702 463 79 22 balfårs
792 463 138 28 redovisning

172 494 156 24 utbalanseras.

239 530 61 22 Efter
320 532 98 20 anmälan
436 532 23 21 af
472 532 232 28 försäljningsmannen
719 532 102 22 förrättas
836 533 94 21 nämnda

170 564 135 28 inventering
327 566 13 21 å
362 566 104 27 tjenstens
486 569 81 25 vägnar
586 566 22 22 af
626 567 37 21 två
678 567 252 27 magistratspersoner
918 560 16 38 i

172 599 49 21 stad
244 602 57 20 samt
319 600 23 22 af
354 600 134 28 kronofogde
504 602 53 21 eller
572 602 54 21 hans
643 602 165 21 tillförordnade
823 602 79 22 ombud
917 602 14 21 å

171 634 81 24 landet,
275 634 79 27 hvilka,
378 636 28 21 då
426 636 27 22 de
472 636 39 22 allt
529 636 75 28 riktigt
622 636 76 28 funnit,
718 636 29 28 på
768 636 163 28 förteckningen

172 668 53 22 eller
246 669 300 28 inventeringsinstrumentet
567 671 79 21 sådant
667 671 107 27 bestyrka.
810 670 45 22 Och
875 671 55 22 skall

172 702 94 23 berörda
281 704 135 27 instrument,
428 706 70 21 såsom
507 705 137 22 verifikation
652 705 34 22 för
696 705 157 27 behållningen,
862 706 70 27 jemte

174 738 121 26 qvittanser
317 739 13 21 å
352 740 132 22 inlevererad
504 740 111 27 betalning
634 740 34 22 för
685 740 57 22 hvad
757 740 68 22 under
840 740 92 22 halfåret

175 772 70 22 blifvit
260 773 98 27 försåldt,
375 774 82 28 bifogas
468 774 243 28 försäljningsmannens
720 775 142 27 redovisning,
872 774 62 23 deraf

173 808 79 21 tvenne
275 809 115 27 exemplar,
414 810 36 21 det
474 816 41 15 ena
532 809 34 22 för
584 812 34 19 att
634 810 8 21 i
657 810 164 21 landskontoret
836 809 95 22 förvaras

176 842 41 22 och
234 842 38 22 det
286 844 68 21 andra
368 846 33 19 att
416 843 83 27 bifogas
510 844 177 22 landskontorets
696 844 91 26 räkning
795 843 59 23 öfver
861 844 73 22 karta-

176 877 188 27 sigillatamedlen,
380 878 64 22 innan
462 878 41 22 den
521 881 24 19 15
562 878 124 28 påföljande
701 879 45 21 Juli
756 879 41 21 och
809 881 25 19 15
845 879 89 22 Januari

176 912 33 21 till
225 912 166 23 landskontoret
406 913 110 22 afsändas.
539 914 9 21 I
564 920 71 15 annan
651 914 110 26 händelse,
778 914 52 21 eller
845 914 38 21 der
893 913 41 23 för-

176 946 155 27 säljningsman
345 948 122 21 uraktlåter
482 950 33 19 att
530 949 101 26 antingen
648 948 134 27 inventering
793 948 79 27 begära
883 948 53 21 eller

176 982 35 19 att
232 981 59 21 inom
310 983 70 20 utsatt
394 982 31 21 tid
440 983 138 26 redovisning
593 982 99 26 insända,
708 982 56 21 skall
780 982 77 21 sådant
872 989 63 15 anses

178 1015 73 21 såsom
267 1015 56 22 hade
338 1016 42 21 han
396 1016 75 22 försålt
486 1017 39 21 allt
541 1017 36 21 det
588 1017 124 27 stämplade
723 1023 88 21 papper,
821 1017 41 21 han
871 1019 66 20 emot-

178 1050 62 27 tagit,
258 1053 57 18 samt
332 1051 109 27 betalning
457 1051 71 22 derför
542 1052 40 21 hos
598 1052 81 21 honom
694 1051 98 22 utsökas.

527 1115 10 25 $
554 1116 33 19 36.

248 1153 42 21 Till
316 1154 244 27 registratorskontoren
585 1155 35 21 vid
644 1154 106 21 Senatens
773 1154 99 21 Justitie-
898 1154 40 21 och

178 1186 272 29 Ekonomiedepartement
458 1189 56 21 skall
523 1189 123 25 framdeles,
658 1189 92 21 likasom
760 1188 113 26 härintills,
885 1188 55 21 ifrän

179 1221 167 23 landskontoret
368 1223 8 20 i
394 1223 60 22 länet
471 1223 107 22 utlemnas
594 1223 121 27 stämpladt
730 1229 82 20 papper
827 1222 29 27 pä
870 1223 70 27 regvi-

181 1256 66 21 sition
269 1256 22 21 af
307 1257 162 22 vederbörande
487 1258 136 27 registrator,
643 1257 88 22 hvilken
750 1257 37 21 det
805 1257 81 26 äligger
908 1259 33 19 att

182 1290 75 27 hvarje
276 1291 30 26 är,
326 1292 28 27 pä
372 1294 45 19 sätt
436 1293 73 21 derom
529 1292 104 21 särskildt
649 1294 24 19 är
688 1291 132 27 förordnadt,
836 1291 31 22 till
882 1291 59 22 läne-

182 1325 108 27 styrelsen
307 1325 78 28 afgifva
400 1327 67 26 ligvid
482 1326 33 22 för
531 1327 36 21 det
583 1327 123 27 stämplade
721 1333 87 20 papper,
822 1325 42 22 han
874 1327 68 21 under

181 1359 77 28 loppet
281 1360 23 21 af
324 1361 37 21 det
378 1361 195 27 nästförutgängna
592 1361 48 22 äret
660 1363 58 19 emot
734 1361 68 21 sädan
817 1361 125 26 regvisition

183 1394 93 22 erhällit.

226 1439 4 6 +
253 1429 42 21 Vid
310 1429 159 28 länestyrelsen
483 1430 7 21 i
505 1430 89 27 Wiborg
604 1436 53 21 eger
667 1429 212 22 kanslibokhällaren
889 1429 54 22 lika-

183 1463 68 27 ledes,
269 1466 58 19 emot
342 1464 273 27 redovisningsskyldighet
630 1464 34 22 för
678 1464 129 21 kalenderär
830 1463 27 27 pä
872 1463 72 22 skrift-
