1009 1739
204 152 27 21 18
408 151 23 24 U.
449 152 23 23 B.
488 164 30 6 —
533 152 63 29 Prop.
612 153 38 23 N:o
665 151 39 25 28.

243 209 59 21 nibla
324 209 115 28 tillgängar
461 211 70 21 under
545 211 106 27 ifrägava-

244 243 66 22 rande
320 244 73 27 period
404 244 117 22 beräknats
532 245 43 27 (jfr.
586 245 62 22 Utsk.

244 278 42 21 bet.
303 278 40 22 N:o
360 279 36 27 11)
411 279 57 22 till
465 274 16 37 .
499 296 5 5 .
535 296 5 5 .
570 295 6 6 .
698 295 12 11 »
740 275 13 37 =
762 279 120 27 9,970,000:
898 288 30 7 —

174 318 290 23 Kommunikationsfondens
471 319 121 28 tillgängar,
599 296 53 45 hvil-

243 353 29 21 ka
294 353 47 21 åter
362 353 76 22 främst
461 353 61 22 skola
542 354 109 22 användas

245 387 31 22 för
298 387 137 22 bestridande
451 388 24 21 af
487 388 91 21 fondens
593 389 56 21 ordi-

243 422 60 21 narie
318 421 88 27 utgifter
422 422 40 21 och
477 422 33 21 till
526 423 124 21 utförandet

244 456 24 22 af
287 462 42 21 nya
340 456 232 28 jernvägsbyggnader,
587 456 65 22 hafva

244 490 24 22 af
288 490 112 22 Utskottet
418 490 72 22 blifvit
504 490 145 28 uppskattade
883 491 6 7 '

244 524 43 28 (jfr.
302 524 62 22 Utsk.
380 524 43 22 bet.
439 524 41 22 N:o
498 525 36 27 15)
549 525 34 22 till
610 542 2 6 .
642 542 5 5 .
698 542 12 10 ,
748 525 134 27 22,828,860:
898 538 28 4 —

174 565 110 27 Derjemte
306 564 39 22 har
366 564 61 22 Hans
449 565 121 27 Kejserliga
585 565 66 28 Maje-

242 600 44 20 stät
300 599 8 21 i
323 598 67 22 näder
404 599 76 21 tillätit
495 601 34 19 att
544 599 23 21 af
576 600 76 27 bespa-

243 634 51 21 rade
310 633 125 22 statsmedel
444 634 59 27 finge
514 634 33 22 till
556 634 96 22 folksko-

243 668 73 22 lornas
326 668 7 21 i
343 668 73 21 landet
429 668 115 22 underhäll
554 668 34 22 för
598 668 52 22 ären

244 702 140 22 1886—1888
400 703 109 21 användas
533 719 5 5 .
571 718 5 6 .
606 719 5 5 .
642 718 6 6 .
698 719 12 11 ,
741 698 12 36 =
764 703 118 26 1,200,000:
900 714 24 4 —

174 742 90 23 Jemlikt
279 742 122 22 Utskottets
417 742 158 22 ofvanberörda
585 742 64 22 fram-

242 777 101 27 ställning
358 783 35 15 om
404 777 131 27 öfverföring
546 778 33 20 till
590 777 59 22 kom-

243 811 227 22 munikationsfonden
488 812 24 20 af
526 813 31 20 ett
572 812 77 27 belopp

243 846 24 22 af
280 846 92 26 248,000
379 845 62 21 mark
449 852 35 15 om
493 846 47 21 äret
549 846 23 21 af
581 852 70 16 amor-

243 880 211 22 tissementsfondens
480 882 80 24 räntor,
586 880 64 22 hafva

242 914 81 26 vidare,
334 914 68 21 under
412 914 156 28 förutsättning
578 914 24 22 af
610 914 37 22 nå-

240 949 46 27 digt
300 948 60 21 bifall
375 948 34 21 till
423 948 163 27 öfverföringen,
602 948 50 22 ifrå-

241 983 121 26 gavarande
378 983 142 27 räntebelopp
536 983 34 21 för
580 983 26 21 de
617 985 33 19 tre

242 1017 52 22 åren
316 1017 142 22 1886—1888
481 1017 41 22 här
540 1017 110 56 LAIN

242 1051 49 22 med
307 1051 88 22 inalles.
427 1068 5 5 .
464 1067 5 5 .
698 1067 13 10 5
784 1051 98 26 744,000:
899 1062 24 4 —

171 1091 108 28 Slutligen
294 1092 46 26 har,
356 1092 7 21 i
374 1063 214 61 öfverenstämmelse
598 1067 50 46 med

217 1152 3 1 —
239 1120 122 39 Utskottets
372 1126 95 28 tidigare
478 1126 81 28 förslag
570 1133 34 14 om
616 1126 32 21 öf-

241 1160 108 27 verföring
363 1160 35 22 till
406 1160 243 23 kommunikationsfon-

242 1195 43 21 den
300 1194 23 22 af
336 1195 93 26 700,000
438 1195 63 21 mark
510 1195 82 27 ärligen
601 1194 48 22 frän

242 1229 108 22 allmänna
355 1229 146 22 statsfondens
507 1229 141 22 öfverskotts-

240 1263 70 22 medel
324 1263 69 22 under
402 1263 144 22 instundande
557 1263 90 27 budget-

241 1298 81 27 period,
339 1299 55 20 samt
404 1298 70 21 under
482 1297 114 22 enahanda
605 1297 44 22 för-

239 1332 120 27 utsättning
367 1338 46 15 som
421 1332 71 25 ofvan,
503 1332 61 21 detta
572 1331 77 27 belopp

240 1366 40 21 här
295 1366 135 22 observerats
445 1367 50 21 med
511 1366 75 21 inalles
609 1381 1 5 .
641 1381 5 4 .
696 1381 13 10 =,
760 1364 120 26 =—2,100,000:
896 1375 28 3 —

574 1405 87 23 Summa
676 1405 55 22 Fmk
746 1403 134 28 36,842,860:
896 1416 28 3 —

242 1518 150 18 Statsutskottets
404 1518 118 18 betänkande
535 1518 37 18 N:o
586 1518 29 18 16.
