1009 1739
265 155 81 22 Ständ.
362 156 36 22 Sv.
415 168 27 4 —
458 156 70 28 Prop.
545 157 41 22 N:o
600 157 34 22 25.
789 157 13 21 3

63 217 161 28 kringliggande
240 217 94 22 traktens
345 217 124 29 befolkning
479 218 204 28 förderfbringande.
706 218 120 23 Ständerna

62 252 64 22 hafva
148 251 132 22 fördenskull
304 251 62 22 också
389 254 70 19 ansett
483 252 33 27 sig
532 252 50 21 böra
597 260 25 13 ur
637 260 63 14 mom.
716 253 13 20 3
746 253 13 26 &
776 254 12 20 7
804 253 23 21 af

62 285 234 28 förordningsförslaget
316 286 92 21 utesluta
430 286 172 28 bestämningen:
625 287 64 21 eller
704 287 38 21 ock
758 286 67 22 befria

61 327 63 21 egare
139 319 24 22 af
171 319 99 28 bryggeri
280 319 46 22 från
336 320 150 28 skyldigheten
498 323 32 19 att
540 321 95 21 anskaffa
646 321 60 28 dylik
716 323 107 26 apparat«.

132 354 12 21 I
164 353 64 29 öfrigt
244 353 64 22 hafva
324 353 120 22 Ständerna
460 354 7 21 i
482 354 238 29 författningsförslaget
735 355 90 28 vidtagit

62 389 74 21 endast
152 389 66 27 några
234 388 82 21 mindre
332 388 131 28 väsendtliga
479 389 120 28 ändringar,
616 396 44 14 som
676 389 53 22 blott
738 389 44 22 afse
794 391 31 19 ett

63 423 151 27 korrigerande
230 423 51 21 eller
295 423 143 21 förbättrande
454 423 23 21 af
491 423 167 27 uttryckssättet.

132 456 126 22 Inkomsten
282 456 23 22 af
326 456 158 28 ifrågavarande
507 457 118 28 bevillning
646 457 68 21 under
731 456 93 22 tillstun-

63 491 68 21 dande
154 491 141 28 finansperiod
313 490 63 22 hafva
392 491 120 22 Ständerna
528 493 68 20 ansett
611 491 73 21 kunna
700 491 124 28 uppskattas

62 524 34 22 till
120 524 110 22 enahanda
253 526 74 27 belopp
350 533 44 14 som
418 525 67 21 under
505 526 41 21 den
567 526 135 25 närvarande,
724 525 52 21 eller
790 524 34 22 till

62 559 94 25 400,000
171 560 61 20 mark
247 559 7 21 i
270 559 98 22 medeltal
385 559 32 22 för
432 559 52 22 året.

132 593 104 22 Finlands
259 594 91 22 Ständer
372 594 27 25 få,
418 594 27 28 på
463 594 69 28 grund
552 594 22 21 af
588 594 55 22 hvad
658 594 63 21 ofvan
737 593 86 24 anförts,

63 627 151 29 underdånigst
230 628 83 22 anmäla

271 665 29 18 att
314 663 116 24 Ständerna,
447 663 43 20 med
504 663 140 25 godkännande
658 663 8 19 i
679 662 111 24 hufvudsak
800 662 26 24 af

200 697 72 25 nådiga
287 698 146 24 propositionen
448 698 8 19 i
471 698 70 23 ämnet,
557 698 34 24 för
607 699 28 18 tre
650 697 24 20 år
689 696 77 25 framåt
780 696 42 20 åta-

200 732 30 24 git
251 731 29 25 sig
301 731 114 25 utgörandet
437 731 26 24 af
483 731 101 25 bevillning
605 731 33 24 för
660 730 120 25 tillverkning
800 730 26 24 af

201 765 135 25 maltdrycker,
357 766 8 19 i
379 766 80 24 enlighet
473 766 44 19 med
532 772 22 13 en
568 765 116 25 förordning
699 765 25 24 af
736 764 87 26 följande

202 800 59 19 delvis
275 800 122 24 förändrade
412 800 81 24 lydelse:

61 885 139 32 Förordning
219 893 36 16 om
274 885 117 33 bevillning
410 885 36 24 för
466 884 144 33 tillverkning
622 884 29 24 af
659 883 161 33 maltdrycker.

485 956 17 23 $
518 955 17 20 1.

260 1001 118 19 Tillverkare
400 1001 25 23 af
445 1001 24 22 öl,
487 1002 71 23 porter
573 1001 46 19 eller
634 1006 64 14 annan
713 998 109 25 maltdryck

201 1035 51 19 skall
270 1035 8 19 i
293 1035 99 24 Vevillning
408 1035 78 24 erlägga
502 1035 70 19 ättatio
584 1035 60 24 penni
658 1033 34 25 för
706 1033 68 24 hvarje
789 1032 32 20 lis-

197 1069 56 24 pund
267 1070 54 25 malt,
334 1075 41 14 som
386 1069 29 20 till
424 1069 108 20 beredande
542 1069 26 24 af
575 1069 63 19 sädan
648 1068 59 25 dryck
717 1067 105 20 användes.

484 1133 17 23 $
516 1133 22 18 2.

257 1177 47 20 Har
323 1177 9 19 i
349 1177 93 24 bryggeri,
464 1177 34 20 der
517 1177 108 24 maltdryck
640 1176 104 26 tillverkas,
760 1175 62 20 under

200 1213 26 18 ett
245 1211 24 20 år
288 1211 39 20 icke
342 1211 114 24 förbrukats
472 1211 24 20 sä
512 1213 42 18 stor
569 1211 93 26 gvantitet
676 1210 54 23 malt,
747 1210 29 19 att
792 1208 29 20 be-

199 1245 174 25 villningsafgiften
396 1246 28 25 pä
445 1245 65 25 grund
532 1246 26 23 af
573 1247 17 24 $
608 1245 12 20 1
634 1245 76 25 uppgår
726 1243 30 20 till
770 1243 51 20 ätta-

198 1279 78 20 hundra
292 1280 62 23 mark,
370 1280 51 20 skall
436 1280 60 19 likväl
512 1280 53 20 detta
580 1279 67 26 belopp
663 1279 95 24 erläggas.
775 1277 47 20 Lin-

200 1313 56 25 dring
275 1314 9 19 i
298 1314 52 19 detta
364 1314 107 20 hänseende
485 1314 40 20 kan
540 1314 48 19 dock
603 1313 25 24 af
640 1311 182 26 Finansexpeditio-

199 1353 35 14 nen
248 1347 9 20 i
276 1347 91 20 Senatens
389 1348 239 25 Ekonomiedepartement
650 1347 86 24 beviljas,
752 1346 10 19 i
774 1345 48 20 hän-

200 1381 50 20 delse
273 1382 110 19 tillverkare
404 1381 61 20 under
488 1381 44 20 året
550 1381 84 26 upphört
647 1381 43 20 med
704 1381 32 20 sin
750 1379 73 20 rörelse

199 1415 46 20 eller
268 1416 88 24 bryggeri
377 1416 59 24 eljest,
458 1416 30 19 till
507 1415 53 25 följd
574 1415 26 24 af
611 1415 70 20 vädeld
695 1414 47 21 eller
757 1419 65 14 annan

199 1449 149 24 olyckhändelse,
369 1450 65 24 längre
455 1449 28 20 tid
498 1450 27 23 af
538 1449 43 20 äret
594 1449 53 20 varit
661 1449 8 19 i
683 1447 139 22 overksamhet.
