1009 1739
190 125 29 22 22
392 125 24 23 U.
432 126 22 22 B.
471 139 29 4 —
517 126 60 29 Prop.
593 126 37 22 N:o
648 126 38 22 18.

341 191 143 29 Berättigade
500 194 32 21 att
546 193 9 21 i
570 192 57 23 valet
643 192 87 28 deltaga
746 199 17 15 o.
780 199 15 15 s.
811 199 19 15 v.
850 205 3 3 -
868 205 8 2 -
892 204 30 3 --

309 227 55 29 (lika
382 229 49 21 med
451 229 151 22 betänkandet
622 231 61 20 utom
700 230 33 20 att
749 229 7 21 i
772 229 68 22 slutet
856 229 67 21 orden

310 265 133 21 ättahundra
459 265 64 21 mark
539 265 81 22 ändras
636 265 35 22 till
687 265 29 21 ett
731 265 64 21 tusen
809 263 79 30 mark).

350 299 84 22 Valrätt
450 299 130 22 tillkommer
596 300 33 27 ej:

309 334 88 28 avinna,
411 335 46 28 gift
473 335 53 22 eller
540 335 68 28 ogift;

309 370 42 21 den
373 377 45 15 som
440 373 28 20 är
484 371 129 28 frälseman
636 371 52 22 eller
709 371 63 22 hörer
793 371 33 22 till
843 373 81 25 preste-

310 407 95 27 ståndet;

307 442 160 28 gemenskapen
482 442 38 22 vid
534 442 26 22 de
576 442 75 23 aktiva
667 444 133 26 trupperna;

310 477 131 29 lagstadt
456 478 198 28 tjenstehjon;

310 513 41 22 den
367 521 44 14 som
426 514 77 27 häftar
518 527 3 3 -
543 527 3 3 -
565 527 4 3 -
589 527 3 3 -
608 526 316 5 --------------

345 548 99 23 Rösträtt
468 549 129 23 tillkommer
620 550 26 21 de
667 549 167 29 valberättigade
855 549 68 28 enligt

312 585 70 22 sädan
398 586 82 28 grund,
501 587 33 20 att
549 593 27 15 en
592 586 61 26 hvar,
669 592 45 15 som
728 585 69 29 enligt
812 586 41 21 den
869 585 55 21 kom-

310 621 91 22 munala
420 622 132 28 taxeringen
567 624 27 20 är
609 622 132 28 uppskattad
757 621 33 22 till
805 621 66 22 minst
886 622 42 21 ett

310 658 84 20 tusen
418 657 96 22 marks
539 658 99 28 inkomst,
663 657 8 21 i
694 657 57 22 valet
772 657 95 28 deltager
885 656 40 28 för

310 692 98 22 nämnda
422 692 169 28 inkomstbelopp
606 693 49 22 med
670 700 28 15 en
709 694 51 26 röst,
770 694 56 21 samt
835 694 31 20 att
876 692 48 22 der-

309 727 86 28 utöfver
409 728 41 28 för
471 728 76 28 hvarje
566 728 180 29 öfverskjutande
760 728 164 28 inkomstbelopp

310 763 30 27 af
352 764 177 27 femhundra
544 765 80 21 mark
640 764 107 22 beräknas
763 771 27 15 en
805 766 45 20 röst
865 764 59 22 ända

310 799 35 21 till
365 800 37 21 och
421 800 48 22 med
489 800 85 28 tjugu
589 802 96 20 röster
700 800 50 22 och
764 800 160 22 sedermera

304 834 50 28 för
375 835 102 29 hvarje
492 836 245 27 öfverskjutande
752 835 172 23 inkomstde-

311 870 62 28 lopp
389 871 34 27 af
435 873 41 20 ett
491 873 85 21 tusen
590 872 80 21 mark
685 871 240 22 likaledes
831 866 27 37 en
868 866 62 37 röst

310 906 76 22 ända
406 906 49 22 till
476 907 49 22 och
544 908 58 21 med
618 907 90 22 tretio
724 909 105 26 röster,
845 907 81 21 hvilket

310 943 26 19 är
352 942 34 21 det
400 942 77 29 högsta
492 944 90 21 röstetal
596 944 75 27 någon
688 943 44 21 kan
748 942 124 29 innehafva.
895 942 30 28 Ej

309 977 35 21 mä
368 977 51 22 dock
441 979 75 28 nägon
539 979 37 21 vid
599 979 57 21 valet
679 978 76 28 utöfva
778 980 88 20 rösträtt
882 977 42 28 för

310 1013 68 21 större
393 1014 63 21 antal
470 1016 70 20 röster
554 1017 31 19 än
600 1021 45 14 som
662 1021 79 15 svarar
756 1015 53 20 emot
825 1021 32 14 en
868 1014 55 28 tju-

307 1049 145 27 gundedel
472 1049 29 28 af
518 1050 25 21 de
561 1050 180 28 valberättigades
760 1050 164 28 sammanlagda

310 1084 116 29 röstbelopp
443 1085 57 28 efter
515 1085 147 29 röstlängden.

240 1117 171 30 Helsingfors
426 1121 43 22 den
484 1121 28 22 16
527 1121 63 22 Mars
607 1121 66 22 1885.

694 1157 25 21 R.
735 1155 25 23 A.
776 1156 87 22 Wrede.

242 1191 148 22 Förestäende
407 1193 135 21 reservation
558 1193 88 22 biträda

242 1231 78 23 Gustaf
333 1232 165 29 Langenskiöld.
629 1233 76 23 Julian
721 1233 127 22 Serlachius.

534 1343 20 20 2.

240 1381 71 22 Sedan
332 1382 127 28 bildningen
479 1383 40 22 hos
541 1389 35 15 oss
598 1383 40 21 allt
659 1389 47 15 mer
726 1383 40 21 och
785 1389 46 15 mer
848 1383 76 26 trängt

164 1417 43 21 ned
223 1417 8 21 i
247 1417 28 22 de
291 1418 89 27 djupare
392 1418 183 27 samhällslagren
593 1419 41 21 och
648 1419 114 21 derstädes
777 1418 64 21 väckt
854 1417 34 22 till
899 1417 27 21 lif

164 1453 113 22 allmänna
292 1454 109 21 intressen
417 1455 41 20 och
474 1454 148 27 sträfvanden,
640 1454 58 21 skall
714 1454 44 26 det,
774 1454 34 21 för
819 1455 34 19 att
864 1453 59 27 gifva

163 1488 61 22 kraft
242 1489 42 21 och
300 1489 74 27 styrka
390 1491 23 20 ät
428 1491 49 20 värt
492 1489 186 22 konstitutionela
694 1489 32 27 lif,
742 1488 68 22 blifva
826 1495 26 15 en
869 1488 53 22 nöd-

240 1530 163 28 Lagutskottets
418 1530 135 22 betänkande
568 1530 42 22 N:o
626 1531 20 20 5.
