1009 1739
201 141 29 21 28

403 139 23 23 U.
442 140 23 22 B.
481 153 30 3 —
526 140 61 29 Prop.
604 140 36 23 N:o
658 139 34 23 18.

172 207 99 20 senteras
286 205 24 23 af
330 207 28 21 10
373 207 121 27 skattören,
511 206 63 22 äfven
590 207 39 21 der
645 207 109 21 skattöret
769 212 51 16 vore
836 206 52 27 lägt,
904 205 20 27 ej

171 242 101 27 utgjorde
288 248 27 16 en
331 242 45 21 lika
391 243 42 26 god
448 242 84 27 borgen
547 242 35 21 för
597 242 125 28 patriotism
738 242 41 21 och
794 241 90 28 politisk
892 241 32 22 in-

172 277 44 28 sigt
231 278 41 21 och
288 277 176 28 sjelfständighet
480 285 47 15 som
544 285 26 15 en
586 278 134 22 ärsinkomst
734 278 153 21 motsvarande
896 277 28 22 25

172 313 120 22 skattören.

323 314 39 21 Ett
377 314 53 21 slikt
445 315 121 26 pästäende
582 314 72 21 skulle
670 314 7 21 i
694 313 77 28 sjelfva
785 314 75 21 verket
876 313 50 22 stäi

172 355 27 16 en
220 349 120 28 oförsonlig
360 350 56 21 strid
431 350 50 21 med
498 350 27 21 de
540 350 151 27 grundsatser,
707 350 28 27 pä
750 349 74 22 hvilka
840 349 37 22 det
892 355 34 16 re-

172 385 149 28 presentativa
337 387 104 26 systemet
457 386 70 21 under
543 386 61 21 detta
620 385 140 22 århundrade
774 385 76 21 hvilar.

247 421 32 21 Pä
298 421 71 27 grund
389 421 24 21 af
431 421 57 22 hvad
504 421 22 21 vi
541 421 48 21 haft
604 423 53 19 äran
673 421 77 21 anföra
765 421 72 21 tilläta
852 420 21 21 vi
889 426 36 15 oss

174 452 33 20 att
226 450 113 22 vördsamt
358 450 80 23 föreslä
456 452 34 20 att
511 451 87 21 landets
614 451 90 21 ständer
718 451 51 21 ville
785 450 58 28 gifva
858 450 68 21 andra

173 487 39 21 och
235 486 67 22 femte
325 489 124 19 momenten
474 487 7 21 i
505 486 166 28 ifrägavarande
694 486 118 28 lagförslag
830 486 94 28 följande

172 522 92 28 lydelse:

352 558 142 28 Berättigade
516 560 32 19 att
568 558 9 21 i
597 558 57 22 valet
675 557 87 29 deltaga
778 560 38 19 äro
830 558 26 21 de
871 558 55 21 med-

318 594 88 22 lemmar
432 594 29 28 af
481 594 161 22 stadskommun
663 594 75 22 hvilka
758 596 38 19 äro
818 594 10 21 i
850 594 76 22 staden

315 629 180 28 mantalsskrifme
515 629 38 23 och
568 630 36 21 vid
619 629 179 29 nästförejäende
814 630 113 21 allmänna

316 665 102 28 taxering
438 666 10 21 i
468 665 101 28 afseende
589 666 14 21 å
624 666 131 28 erläggande
776 665 29 27 af
818 666 58 21 skatt
892 665 34 21 till

317 701 139 23 kommunens
470 708 159 22 gemensamma
644 701 66 27 behof
717 700 87 29 påförts
814 702 66 21 minst
890 702 36 21 två

317 736 116 23 skattören.

354 778 102 22 Rösträtt
470 780 130 21 tillkommer
615 780 26 21 de
650 779 169 28 valberättigade
828 779 9 21 i
841 778 85 28 förhål-

317 814 65 22 lande
404 814 34 22 till
461 815 34 21 det
518 815 71 28 belopp
612 815 118 27 skattören,
740 814 42 28 för
804 814 79 22 hvilket
899 821 27 15 en

316 850 55 22 hvar
386 852 26 20 är
427 850 88 29 skyldig
531 852 32 21 att
574 851 34 21 till
618 851 141 22 kommunens
768 857 158 22 gemensamma

316 885 93 29 utgifter
420 886 97 28 bidraga,
534 887 101 27 sålunda,
652 888 31 21 att
698 887 37 21 två
750 886 109 22 skattören
868 886 57 22 med-

310 920 56 28 föra
384 929 27 15 en
426 924 51 25 röst,
494 924 32 20 tre
541 923 111 22 skattören
668 923 35 21 två
717 924 76 25 röster,
808 929 48 15 men
865 922 60 28 fyra

316 957 108 22 skattören
439 958 58 28 fyra
517 960 75 25 röster,
607 958 49 28 fem
676 958 111 22 skattören
796 957 48 28 fem
858 959 68 20 röster

316 993 38 21 och
374 994 25 21 så
419 993 75 22 vidare
514 995 60 21 ända
594 994 34 22 till
649 994 30 21 tio
699 995 75 26 röster,
792 1000 44 15 som
850 995 27 20 är
892 993 35 22 det

316 1029 75 28 högsta
410 1029 112 22 röstetalet
539 1031 74 27 någon
629 1030 45 21 kan
689 1029 127 28 innehafva.
845 1029 31 28 Ej
890 1029 37 21 må

316 1065 52 21 dock
388 1065 74 28 någon
482 1065 38 22 vid
535 1065 56 22 valet
610 1065 76 28 utöfva
701 1066 91 21 rösträtt
801 1064 41 28 för
857 1066 69 20 större

316 1100 62 22 antal
393 1103 68 20 röster
476 1103 31 20 än
523 1109 44 14 som
582 1109 80 14 svarar
677 1103 53 20 emot
740 1108 27 15 en
772 1100 154 28 femtiondedel

318 1135 29 28 af
361 1136 26 21 de
403 1137 180 28 valberättigades
594 1137 166 28 sammanlagda
770 1136 115 28 röstbelopp
896 1135 32 28 ef-

316 1173 32 20 ter
363 1172 145 29 röstlängden.

247 1231 79 22 Gustaf
338 1231 126 24 Johansson.
651 1232 45 23 Jos.
712 1232 114 28 Grönberg.

246 1266 88 23 Jaakko
350 1267 107 22 Forsman.
652 1267 24 23 E.
692 1267 25 22 V.
733 1268 117 22 Petterson.

244 1302 49 22 Jon.
310 1302 92 23 Castrén.
649 1304 21 22 J.
687 1303 91 22 Brusila.

245 1337 25 22 E.
286 1338 139 23 Tensikkala.
649 1339 25 22 K.
691 1339 23 22 H.
730 1339 112 22 Teittinen.

245 1533 164 28 Lagutskottets
426 1534 134 23 betänkande
575 1535 43 22 N:o
634 1536 20 21 5.
