1009 1739
301 163 23 23 U.
342 164 23 22 B.
380 176 29 3 —
424 165 66 28 Prop.
507 165 39 22 N:o
562 163 35 24 23.
775 166 26 20 35

71 229 98 28 ordning,
185 231 37 20 äro
237 229 113 28 kartering
364 229 169 28 underkastade,
550 230 54 21 böra
616 230 26 21 de
651 230 100 22 karteras
761 231 71 21 säsom

71 270 33 15 om
120 270 26 15 en
161 264 55 22 hvar
230 263 26 22 af
268 264 47 21 dem
330 264 74 22 blifvit
419 263 99 23 skrifven
534 265 14 21 &
563 264 104 22 särskildt
682 265 46 20 ark.

426 327 49 28 88.

139 367 12 21 I
170 367 117 21 allmänhet
308 367 74 21 kunna
402 367 26 22 de
442 366 98 29 skrifter,
557 367 35 22 för
606 367 75 22 hvilka
696 367 114 28 kartering
824 367 9 21 i

72 401 70 22 denna
156 401 127 28 förordning
298 401 111 28 päbjudes,
425 401 106 28 antingen
546 401 94 22 skrifvas
651 402 13 21 &
674 403 34 20 ett
718 402 52 21 eller
780 401 53 22 flera

71 436 41 21 ark
130 436 119 27 stämpladt
267 442 87 21 papper,
374 436 53 21 eller
446 436 40 21 ock
500 436 51 21 med
566 436 138 21 kartamärke
720 436 112 26 beläggas,

71 470 77 22 endast
162 470 151 28 karteringens
329 470 165 27 sammanlagda
509 470 68 22 värde
592 472 121 20 motsvarar
728 470 37 22 det
774 469 59 22 stad-

71 505 56 27 gade
145 505 107 27 beloppet.
282 500 31 26 Är
333 505 93 22 skriften
444 505 90 22 försedd
551 505 48 22 med
614 506 24 21 sä
653 506 44 26 hög
712 505 71 27 karta,
800 506 34 20 att

72 539 70 22 denna
160 539 73 22 tillika
251 546 76 16 svarar
343 541 57 20 emot
414 540 82 21 kartan
511 540 35 21 till
561 540 119 27 bilagorna,
697 539 94 22 behöfva
806 538 27 22 de

71 574 134 22 sistnämnda
219 574 48 22 icke
282 574 129 28 ytterligare
426 574 108 22 karteras.

428 636 12 29 8
456 640 20 18 9.

138 677 152 27 Embetsverk,
312 683 46 16 som
380 678 34 21 till
436 677 133 27 fullmakter,
589 677 193 27 konstitutorialer,
803 675 31 22 af-

70 712 72 23 skeds-
171 712 39 21 och
232 712 150 27 pensionsbref
402 712 50 21 med
473 711 56 22 flera
552 711 147 28 expeditioner
721 712 114 26 begagnar

69 747 88 29 tryckta
179 747 124 21 blanketter
323 746 24 22 af
364 746 131 27 ostämpladt
510 752 88 22 papper,
615 746 85 28 åligger
714 746 64 26 tillse,
795 746 33 20 att

69 781 76 28 hvarje
167 781 69 21 sådan
251 780 129 28 expedition,
396 780 66 22 innan
478 780 43 22 den
536 780 34 22 till
585 780 162 22 vederbörande
763 778 66 28 utgif-

70 821 44 21 ves,
130 816 14 21 å
158 815 266 27 kartasigillatakontoret
438 815 113 30 undergår
566 814 90 28 behörig
668 814 118 27 stämpling
795 813 34 22 till

69 849 114 23 faststäldt
198 850 83 26 belopp.

416 912 12 28 $
445 914 33 19 10.

137 953 269 27 Kartasigillatakontoret
421 952 133 22 tillkommer
568 954 39 26 att,
623 952 48 22 med
685 951 145 28 iakttagande

69 987 25 21 af
106 987 58 22 hvad
179 987 49 22 dess
242 987 132 27 reglemente
390 987 40 21 och
445 987 189 27 författningarna
648 987 7 21 i
666 987 67 27 öfrigt
743 986 85 27 stadga,

71 1021 19 28 ej
107 1022 93 21 allenast
214 1022 119 21 verkställa
348 1022 42 21 den
405 1021 120 28 stämpling
540 1021 25 22 af
578 1021 129 28 fullmakter,
724 1020 106 22 konstitu-

70 1056 94 27 torialer,
188 1055 96 23 afskeds-
306 1057 38 21 och
367 1055 154 28 pensionsbref
542 1056 49 21 med
608 1056 52 22 flera
674 1055 155 32 expeditioner,

70 1097 46 15 som
138 1091 169 26 embetsverken,
330 1091 48 22 med
398 1091 49 21 stöd
466 1090 26 22 af
510 1091 119 21 tillåtelsen
648 1091 8 21 i
674 1089 22 30 $$
712 1092 12 19 9
740 1089 40 22 och
796 1091 33 25 38,

71 1125 100 27 åstunda,
194 1127 40 20 när
255 1125 56 22 slika
333 1125 149 28 expeditioner
494 1125 70 27 jemte
579 1125 53 22 fulla
647 1123 184 28 stämpelafgifter

70 1159 35 22 till
126 1160 102 21 kontoret
249 1159 103 22 insändas
375 1159 52 22 eller
450 1160 73 21 såsom
540 1158 239 28 kartasigillataremiss
798 1157 37 29 till

70 1193 169 22 landtränteriet
260 1195 85 20 komma
367 1195 34 20 att
420 1193 128 28 behandlas,
570 1195 52 20 utan
641 1193 45 25 ock,
702 1193 30 21 då
748 1191 85 23 enskild

70 1234 78 21 person
166 1229 69 26 begär
254 1228 117 28 stämpling
390 1228 26 21 af
428 1227 138 29 afhandling,
582 1227 131 22 förbindelse
729 1227 53 22 eller
796 1232 36 15 an-

70 1269 44 15 nan
131 1262 72 28 skrift,
223 1263 49 21 med
291 1263 105 21 Senatens
413 1262 220 27 Finansexpeditions
648 1262 92 26 vetskap
757 1260 76 22 likale-

71 1297 38 22 des
127 1297 58 22 förse
201 1297 74 27 dylika
290 1296 89 23 skrifter
394 1297 50 22 med
458 1297 72 21 sådan
547 1297 96 27 stämpel,
659 1302 45 16 som
720 1295 25 22 af
759 1294 75 23 veder-

70 1331 96 22 börande
187 1332 65 21 äskas
270 1332 39 21 och
323 1331 92 22 betalas.
445 1331 33 22 På
494 1331 103 22 anmälan
611 1331 38 22 hos
664 1329 170 27 Finansexpedi-

70 1366 74 21 tionen
159 1366 39 21 och
213 1366 48 21 med
276 1366 49 22 dess
340 1365 100 22 tillstånd
455 1366 37 21 må
505 1365 83 28 jemväl
600 1365 124 22 blanketter
739 1363 35 22 till
784 1363 52 23 vex-

70 1400 39 28 lar,
132 1400 148 27 anvisningar,
300 1401 193 21 konnässementer
512 1400 50 22 med
576 1400 55 21 flera
646 1398 89 23 skrifter
752 1398 83 21 derstä-

71 1435 38 21 des
127 1435 98 27 undergå
245 1435 69 21 sådan
332 1435 124 27 stämpling,
473 1441 47 15 som
535 1435 9 21 i
558 1430 76 31 hvarje
648 1433 40 22 fall
702 1433 45 21 kan
762 1433 72 21 äskas.

69 1468 13 22 I
96 1469 104 22 händelse
214 1469 49 21 med
278 1469 26 21 de
320 1469 34 21 för
368 1469 180 27 stämpelpapper
564 1469 39 21 och
617 1469 89 21 märken
720 1466 116 22 bestämda

139 1508 217 23 Bevillningsutskottets
368 1508 118 18 betänkande
499 1509 39 17 N:o
550 1509 16 17 4.
