1009 1739
295 156 24 22 U.
334 156 24 21 B.
374 168 26 3 —
417 156 66 28 Prop.
500 156 39 22 N:o
555 155 35 22 23.
767 155 25 20 15

64 223 46 22 Och
124 222 112 27 iakttages
250 221 77 23 härvid
342 221 35 22 för
392 221 67 28 öfrigt
474 223 42 26 att,
532 221 39 22 der
585 220 193 28 stämpelbeloppet
790 221 33 20 ut-

63 256 65 23 faller
142 256 7 21 i
164 256 80 21 sädant
259 255 38 28 tal,
312 256 70 21 hvarä
396 255 93 28 stämpel
500 255 20 28 ej
532 255 68 22 finnes
610 255 52 22 eller
672 254 88 23 hvartill
769 254 53 22 flera

63 291 105 27 stämplar
188 291 14 21 &
217 290 83 21 mindre
315 290 81 22 värden
412 290 18 27 ej
447 290 76 21 kunna
538 289 184 28 sammanjemkas,
738 289 36 21 mä
788 288 34 21 till

64 325 152 28 expeditionen
238 325 110 27 begagnas
372 325 41 22 den
434 325 62 27 lägre
519 325 71 26 karta,
609 330 43 16 som
669 326 25 19 är
708 323 68 28 sagde
790 323 32 21 tal

63 362 102 20 närmast.

81 464 77 21 Adels-
174 463 38 22 och
228 463 171 26 Adoptionsbref,
416 468 23 16 se
454 462 87 27 diplom.

81 498 143 27 Afskedsbref
243 496 97 23 utfärdas
363 498 29 26 pä
414 496 80 22 sådant
517 497 118 27 stämpladt

110 539 88 21 papper,
220 538 44 16 som
279 532 33 22 för
327 532 170 22 embetsverkets
513 532 71 28 öfriga
600 538 34 16 ex-

110 567 120 27 peditioner
244 567 8 21 i
268 568 13 25 &
296 568 14 20 4
324 566 67 22 finnes
406 566 117 22 bestämdt.

138 602 101 22 Erhäller
262 602 40 21 den
324 601 186 27 afskedstagande
531 602 103 27 derjemte

109 636 95 28 pension,
224 638 70 20 större
314 636 52 22 eller
380 636 90 27 mindre,
486 636 54 22 eller
555 636 79 28 förhöj-

109 671 53 27 ning
182 671 24 21 af
224 670 122 28 värdighet,
362 671 100 27 erlägges
477 670 35 22 för
527 671 107 22 hvardera

110 706 69 21 sådan
194 706 57 21 skild
266 705 163 28 stämpelafgift,
440 712 45 15 som
498 706 91 27 stadgas
599 705 34 22 för

109 740 151 28 pensionsbref
272 740 39 22 och
326 740 106 22 fullmakt.

80 775 192 27 Antagningsbevis
278 775 52 21 eller
337 774 49 22 bref
392 775 14 21 ä
414 775 74 27 tjenst,
495 781 25 15 se
525 774 106 22 fullmakt.

80 810 190 26 Apothekarebref
274 805 12 36 <
304 826 2 4 <
337 826 4 5 os
372 825 5 5 ss
408 826 6 5 ee
445 825 4 5 ss
481 826 5 4 so
518 826 5 5 so
554 826 5 4 ro
590 826 40 4 vor
711 808 28 20 40
756 804 13 37 |
775 817 28 3 —

80 833 194 42 Barnmorskebref
481 860 42 5 Komo
554 860 4 5 a
590 860 5 5 m
626 860 4 5 s

80 878 88 27 Bilbref
196 894 4 5 .
232 894 4 5 .
267 894 5 5 .
374 894 4 5 E
726 878 11 19 3
751 871 15 35 |
776 886 24 4 —

80 912 172 28 Bouppteckning
242 894 81 46 gsinstn
324 894 70 40 NERE
408 894 102 40 kärteras
518 895 41 39 för
564 895 67 39 sterb-

108 947 46 26 hus,
177 947 85 22 hvilkas
284 947 126 27 behållning
429 947 56 22 efter
500 948 131 26 bouppteck-

108 981 142 27 ningsvärdet
271 982 84 27 uppgår
374 981 34 22 till
423 981 65 22 minst
504 983 42 20 500
562 982 68 26 mark,

108 1015 69 28 enligt
198 1015 97 28 följande
317 1016 102 27 grunder:
443 1016 49 22 med
512 1017 37 26 !/,,
564 1017 28 26 %
608 1015 24 22 af

106 1050 50 22 hela
174 1050 152 28 behällningen
344 1051 58 22 ända
417 1051 33 22 till
466 1053 80 25 10,000
562 1051 68 21 mark.

106 1079 32 27 Är
146 1085 153 28 behållningen
307 1087 75 26 större,
391 1086 101 27 erlägges
500 1085 130 28 ytterligare

105 1119 9 22 i
128 1119 159 28 stämpelafgift
302 1121 36 27 2/1,
355 1121 27 27 %
392 1120 36 22 för
438 1121 41 22 den
491 1121 42 27 del,
544 1127 45 15 som
599 1119 31 23 öf-

105 1154 109 28 verstiger
237 1156 82 26 10,000,
342 1161 48 16 men
413 1155 48 22 icke
484 1156 43 27 gär
544 1155 86 22 utöfver

106 1190 91 26 100,000
219 1189 67 26 mark,
310 1191 37 25 %/:9
370 1190 27 27 %/
416 1189 35 22 för
465 1190 61 22 hvad
540 1196 45 15 som
600 1189 33 30 öf-

104 1223 123 28 verskjuter
247 1226 90 25 100,000
356 1225 62 21 mark
433 1225 58 21 ända
506 1225 35 21 till
558 1227 11 19 1
584 1224 46 21 mil-

103 1257 51 28 lion,
170 1258 39 21 och
224 1259 38 26 2/,,
277 1259 27 27 %
319 1258 35 23 för
370 1259 41 22 den
427 1259 34 22 del
476 1258 26 22 af
510 1258 119 22 behällnin-

104 1298 48 21 gen,
176 1299 44 15 som
244 1293 128 28 öfversticer
390 1293 136 22 sistnämnda
541 1299 87 21 summa,

104 1326 53 22 eller
171 1327 85 22 säledes
271 1327 34 22 för
320 1328 75 27 hvarje
410 1327 54 22 fulla
480 1329 43 20 100
534 1327 62 22 mark
606 1327 25 22 af

103 1367 27 16 en
144 1361 127 28 behällning
285 1362 49 22 frän
350 1363 42 21 500
408 1363 62 21 mark
484 1362 37 22 till
532 1363 39 21 och
580 1361 49 22 med

104 1398 91 25 10,000.
226 1412 5 5 .
262 1413 5 5 .
298 1413 5 6 .
686 1410 28 3 —
773 1398 27 19 10

102 1413 35 39 för
152 1431 41 22 den
208 1431 35 22 del
259 1431 25 22 af
296 1409 160 55 behållningen,
477 1414 5 5 s
471 1439 48 15 som
515 1414 5 5 |
533 1409 95 55 öfversti-

102 1471 40 21 ger
157 1467 77 25 10,000
249 1467 62 21 mark
326 1466 57 22 ända
397 1466 34 22 till
447 1468 109 25 100,000.
587 1482 5 5 .
623 1482 5 4 .
685 1478 29 4 —
772 1467 28 19 20

125 1505 214 23 Bevillningsutskottets
351 1505 117 18 betänkande
481 1506 39 18 N:o
533 1506 15 17 4.
