1009 1739
402 157 39 23 N:o
457 156 39 23 23.

154 292 38 27 går
207 299 27 14 ur
248 292 100 26 kronans,
359 292 72 27 någon
442 292 61 21 stads
516 291 52 22 eller
579 297 70 16 annan

154 327 79 22 allmän
253 327 72 26 kassa,
346 329 40 19 när
404 327 118 27 pensionen
539 326 53 22 eller
610 332 38 15 un-

154 361 114 23 derstödet
283 360 127 28 öfverstiger
426 363 41 20 200
478 361 62 21 mark
550 360 34 22 för
595 360 53 27 året,

154 399 13 20 4
182 398 91 27 procent
288 396 22 21 af
324 396 50 22 dess
389 396 86 27 belopp.

127 466 95 22 Senaten
238 465 53 22 eller
305 465 162 21 vederbörande
476 464 130 28 myndighet
615 466 34 19 ut-

124 500 83 22 färdas:

128 538 32 19 1:0
184 535 32 21 till
239 534 136 27 anläggande
395 534 23 22 af
436 534 62 27 berg-
520 534 40 22 och
575 540 75 16 manu-

155 569 131 27 fakturverk,
302 568 70 22 fabrik
388 569 53 21 eller
456 575 71 15 annan
540 569 69 21 sådan
619 569 31 21 in-

155 604 101 27 rättning,
280 604 52 21 bok-
356 604 52 21 eller
428 604 150 27 stentryckeri,
597 604 53 21 bok-

155 638 86 26 handel,
264 638 92 22 böckers
380 638 41 22 och
444 638 122 27 tidningars
586 638 65 27 utgif-

156 674 75 26 vande,
251 673 50 21 med
316 673 110 27 undantag
442 673 23 21 af
478 674 56 25 dem,
551 679 46 15 som
612 673 40 21 här

156 707 118 23 nedanföre
290 710 130 24 omnämnas,
438 707 91 22 skrifves
543 708 55 21 efter
608 714 44 15 om-

156 742 178 27 ständigheterna
354 742 40 22 och
414 742 170 27 anläggningens
601 742 52 22 eller

156 777 116 27 näringens
281 776 155 26 beskaffenhet,
448 777 12 21 å
471 777 119 27 stämpladt
599 783 53 21 pap-

158 817 39 21 per
219 810 54 22 ifrån
297 812 27 20 20
346 810 61 22 mark
430 810 32 22 till
486 811 41 21 och
546 811 50 21 med
612 812 40 20 500

157 846 67 26 mark,
248 846 39 21 allt
306 840 102 37 eftersom
421 845 43 27 vid
479 845 75 27 hvarje
570 844 83 22 tillfälle

157 880 98 28 pröfvas;

130 916 34 20 2:0
180 914 34 22 till
226 914 123 22 inrättande
366 914 22 21 af
401 914 95 27 apothek
512 914 7 22 i
534 915 50 21 stad

160 951 56 20 samt
230 950 28 26 på
273 948 147 28 landsbygden
432 965 4 4 .
542 966 4 4 a
577 964 5 5 og

102 983 192 27 Provisorsbref
284 979 16 35 .
326 999 4 5 .

102 1018 90 27 Ritning
207 1017 33 22 till
255 1024 37 21 ny-
308 1000 57 39 eller
374 995 140 54 tillbyggnad,
531 1024 46 15 som
578 1000 41 39 ai
619 1024 36 15 en-

131 1087 96 22 börande
243 1086 119 21 auktoritet
376 1086 102 27 ingifves
469 1082 12 36 ;

162 1121 32 22 till
216 1120 134 27 boningshus
372 1120 24 22 af
413 1122 48 20 sten
478 1120 24 22 af
519 1121 53 22 flera
588 1123 26 20 än
631 1127 26 16 en

187 1155 79 27 våning
291 1170 5 5 .
326 1171 5 4 .
363 1172 4 4 .
398 1169 4 7 «

162 1190 33 21 till
211 1190 67 21 andra
293 1189 40 22 hus
350 1190 40 21 och
405 1171 138 46 byggnader;
545 1171 112 41 hesan

83 1234 2 10 i
188 1224 34 21 till
244 1223 123 28 förändring
383 1223 23 22 af
419 1224 141 27 inredningen
576 1225 7 20 i
599 1225 59 21 såväl

189 1260 59 21 sten-
264 1265 46 15 som
325 1259 75 21 trähus

107 1293 97 29 Sjöpass,
219 1300 24 15 se
256 1300 58 21 pass.

108 1328 122 48 PRAT
240 1328 14 21 å
268 1328 91 21 rusthäll

166 1380 10 9 »
241 1363 13 21 ä
268 1363 99 21 hemman
437 1379 5 5 N

85 1412 1 14 |
108 1397 132 28 Skiljobref
235 1393 10 37 i
257 1397 93 27 fästning
366 1397 52 22 eller
434 1379 132 74 äktenskap:

136 1432 34 22 för
184 1432 156 27 ståndsperson
366 1447 4 5 .

136 1466 34 22 för
185 1466 68 27 öfriga
268 1449 187 38 samhällsklasser
474 1482 4 4 .

154 258 26 22 de
195 264 53 15 vara
263 258 41 27 mä,
320 260 56 19 samt
395 258 69 21 ehvad
480 257 119 28 pensionen
614 258 34 20 ut-
663 252 1 3 |

75 436 2 18 i
96 431 159 27 Privilegiibref
266 431 40 21 och
322 431 238 25 tillständsresolution,
572 436 46 16 som
629 430 22 20 af
664 417 1 5 |

132 1052 64 27 skild,
212 1052 7 21 i
234 1051 101 22 afseende
344 1047 12 36 ä
379 1051 149 28 fastställelse,
539 1053 32 20 till
582 1052 74 22 veder-
670 1062 2 2 |

734 917 27 20 60

735 952 27 19 20
