1009 1739
315 149 25 22 U.
355 149 23 23 B.
394 163 30 3 —
438 149 62 30 Prop.
516 149 37 23 N:o
571 149 33 23 18.
781 150 27 21 17

82 217 39 21 det
144 216 25 22 af
182 217 57 21 hvad
254 222 47 15 som
318 223 30 14 nu
364 218 24 19 är
404 216 36 27 lag
456 216 48 21 icke
520 217 52 26 taga
588 216 7 21 i
611 216 145 21 betraktande
773 216 27 21 de
815 215 24 22 af

82 252 129 27 regeringen
234 252 117 21 faststälda
374 252 192 27 valordningarna,
583 252 75 21 hvilka
673 254 38 19 äro
727 251 111 27 tillfälliga

83 289 57 20 samt
156 289 74 21 kunna
246 288 79 21 ändras
342 287 54 22 eller
411 287 122 28 upphäfvas
550 287 7 22 i
574 294 84 15 samma
674 287 98 27 ordning,
790 293 47 15 som

82 324 28 21 de
126 324 134 27 tillkommit,
277 325 53 20 utan
346 324 79 21 endast
440 323 246 28 landtdagsordningen.
711 323 46 22 Och
768 323 71 21 denna

84 359 85 22 känner
184 360 48 21 icke
248 361 71 26 någon
336 359 201 28 röstbegränsning.

151 395 41 22 Väl
208 397 24 20 är
248 395 37 22 det
300 397 57 25 sant,
374 396 33 20 att
422 401 52 15 man
490 396 28 26 på
534 395 72 27 grund
622 394 24 22 af
660 395 42 21 den
723 395 114 21 städernas

86 431 87 22 valmän
196 431 7 21 i
228 431 54 21 sista
302 436 66 16 mom.
385 431 24 21 af
424 431 27 21 12
468 431 12 27 $
495 431 25 21 L.
538 431 24 21 O.
580 431 111 26 medgifna
706 431 134 27 rättigheten

85 468 34 20 att
134 467 66 21 vinna
216 467 92 27 ändring
324 466 7 22 i
350 468 82 24 ,sättet
447 467 41 21 och
504 466 122 28 ordningen
642 466 34 22 för
686 466 71 22 valet"
768 467 72 21 ansett

87 509 27 15 en
129 502 147 28 begränsning
291 502 24 22 af
329 504 120 20 rösträtten
465 502 75 22 kunna
551 502 128 22 fastställas.
711 502 50 22 Men
770 502 70 21 denna

86 538 100 27 tolkning
208 538 40 21 har
270 538 56 22 först
347 538 41 21 och
404 538 78 21 främst
496 538 143 27 paragrafens
655 538 84 27 tydliga
755 537 85 27 ordaly-

86 574 60 21 delse
169 576 59 19 emot
252 574 39 27 sig.
328 574 43 21 Det
386 574 90 26 stadgas
491 574 111 27 nämligen
619 574 7 21 i
642 574 68 27 sagda
728 580 64 15 mom.
808 574 34 20 att

88 611 112 26 prösterna
222 609 108 22 beräknas
354 609 57 22 efter
434 610 115 22 skattören
574 610 53 21 eller
643 610 26 21 de
690 610 69 21 andra
776 615 65 21 grun-

90 645 45 26 der,
154 645 70 27 enligt
238 645 74 21 hvilka
327 645 133 22 bestämmes
477 646 57 21 hvad
550 652 27 15 en
592 646 54 20 hvar
661 645 25 21 af
700 646 26 20 de
741 644 100 28 väljande

90 680 41 22 bör
154 680 87 28 erlägga
264 681 34 21 till
322 681 89 21 stadens
427 681 65 21 kassa
508 681 34 21 för
558 681 110 21 allmänna
683 680 85 26 behof;*
785 680 20 22 d.
822 682 19 19 ä.

90 716 53 21 hvar
159 716 40 22 och
214 722 28 16 en
258 716 98 28 deltager
366 717 13 21 :i
394 716 59 22 valet
469 717 52 21 med
537 718 24 20 sä
577 718 79 26 många
663 719 72 19 röster
744 723 46 15 som
798 716 44 21 han

88 752 40 21 har
143 752 113 21 skattören
273 752 53 22 eller
342 758 47 16 som
405 758 81 16 annars
501 754 124 20 motsvarar
640 753 54 21 hans
711 752 89 27 afgifter
808 751 35 22 till

89 788 89 22 stadens
192 788 74 21 kassa.
299 788 45 22 Och
360 789 28 21 dä
403 788 104 27 beloppet
523 788 24 22 af
561 789 64 21 dessa
636 788 88 27 afgifter
734 788 108 22 beräknas

90 823 70 27 enligt
182 830 27 15 en
233 824 135 27 obegränsad
385 824 67 27 skala,
469 824 54 21 böra
539 824 111 27 själffallet
664 824 64 22 äfven
744 825 100 20 rösterna

90 859 37 21 vid
150 860 234 26 landtdagsmannaval
406 859 109 23 beräknas
539 861 28 26 pä
588 860 114 22 enahanda
718 861 51 20 sätt.
800 858 44 22 När

90 895 67 21 sedan
181 895 7 21 i
212 895 95 27 följande
331 895 88 27 mening
442 896 90 26 stadgas
556 897 34 20 att
613 896 36 21 vid
664 896 53 21 väkt
732 894 62 28 fräga
808 900 36 16 om

92 931 92 26 ändring
199 931 8 21 i
222 932 66 20 sättet
303 930 37 22 och
356 930 123 28 ordningen
489 930 41 27 för
545 930 57 22 valet
616 933 100 19 rösterna
732 930 33 22 för
772 930 74 22 beslut

92 966 74 21 därom
183 966 62 21 skola
259 966 108 22 beräknas
384 966 56 22 efter
456 973 86 15 samma
556 967 102 27 grunder,
674 967 24 21 sä
714 967 74 21 kunna
796 965 48 28 följ-

92 1002 96 27 aktligen
204 1002 40 21 här
260 1003 67 20 orden
343 1004 81 26 ,sättet
440 1003 41 20 och
498 1002 132 27 ordningen"
647 1002 55 27 icke,
714 1003 72 20 såsom
794 1008 51 15 man

91 1038 90 27 påstått,
197 1038 93 21 hänföra
305 1038 33 27 sig
351 1038 81 26 jemväl
448 1038 35 21 till
499 1038 204 27 röstberäkningen,
719 1037 39 28 tyi
768 1037 78 21 sädant

91 1073 39 21 fall
145 1073 73 22 kunde
231 1074 25 26 ju
272 1075 16 20 t.
305 1080 31 15 ex.
354 1074 26 21 de
396 1074 102 27 väljande
514 1074 87 21 besluta
617 1075 33 20 att
666 1074 82 21 enhvar
762 1073 84 22 röstbe-

90 1109 96 27 rättigad
210 1109 53 27 egde
279 1109 7 21 i
302 1109 59 22 valet
377 1109 88 28 deltaga
480 1110 52 21 med
547 1110 79 21 endast
641 1116 27 15 en
683 1111 54 25 röst,
754 1109 40 21 och
810 1109 37 21 det

92 1146 24 19 är
140 1145 59 21 svärt
222 1147 34 19 att
276 1145 46 22 inse
338 1146 28 26 pä
382 1145 56 21 hvad
454 1146 72 26 grund
542 1145 128 27 regeringen
686 1144 71 23 skulle
773 1145 73 20 kunna

90 1181 67 26 vägra
180 1179 142 23 fastställelse
346 1180 69 21 häraf.
446 1181 51 21 Men
518 1181 58 21 klart
592 1183 25 19 är
633 1181 66 21 ocksä
714 1182 40 25 att,
770 1186 36 15 om
822 1180 25 21 sä

94 1215 70 22 skulle
180 1217 34 26 gä,
230 1216 24 21 L.
272 1216 50 22 O:ns
339 1217 121 26 stadgande
471 1223 36 15 om
522 1219 112 19 rösternas
644 1216 140 23 beräknande
793 1215 55 22 efter

92 1251 114 22 skattören
214 1252 79 21 endast
300 1258 52 15 vore
371 1259 27 14 en
414 1254 45 19 tom
475 1252 96 22 bokstaf.
588 1252 62 22 Skall
658 1253 62 21 detta
728 1251 120 28 stadgande

93 1287 65 21 hafva
173 1288 71 26 nägon
260 1287 119 28 betydelse,
392 1289 70 20 mäste
479 1289 86 21 säledes
582 1289 67 21 orden
665 1289 68 21 sättet
744 1288 40 21 och
800 1287 48 22 ord-

92 1323 80 26 ningen
190 1323 92 22 hänföra
298 1323 33 28 sig
347 1324 35 21 till
398 1324 122 27 någonting
535 1326 67 19 annat
610 1326 28 19 än
646 1323 202 27 röstberäkningen.

166 1359 63 21 Hvad
252 1359 65 22 dessa
340 1359 40 22 ord
403 1359 115 27 värkligen
533 1359 80 28 betyda
629 1362 25 19 är
669 1359 34 22 för
718 1359 68 26 öfrigt
801 1358 48 22 icke

93 1395 59 20 svärt
168 1396 33 20 att
216 1393 65 23 finna.
313 1395 110 22 Betänker
438 1401 51 16 man
507 1398 40 24 att,
564 1395 45 22 förr
619 1397 28 20 än
658 1394 190 27 landtagsordnin-

91 1436 41 21 gen
148 1429 110 28 stiftades,
274 1430 62 22 valen
353 1430 35 21 till
402 1431 182 26 borgareständet
594 1431 57 21 hade
662 1431 60 21 skett
733 1430 47 22 dels
789 1435 58 16 ome-

94 1465 90 27 delbart,
202 1466 46 21 dels
264 1472 78 20 genom
359 1466 109 22 elektorer
484 1467 42 20 och
542 1468 34 20 att
588 1467 82 26 jemväl
686 1467 7 21 i
702 1467 55 20 sista
765 1465 83 21 menin-

96 1506 41 21 gen
161 1500 24 22 af
207 1507 29 15 nu
260 1501 7 21 i
290 1501 62 27 fräga
371 1502 96 21 varande
482 1504 100 19 moment
596 1502 36 21 val
648 1508 77 21 genom
742 1500 109 22 elektorer

166 1541 164 29 Lagutskottets
346 1542 136 22 betänkande
497 1542 43 22 N:o
556 1544 20 20 5.
815 1547 11 17 2
