1009 1739
194 163 26 21 10
505 164 35 21 N:o
557 164 31 21 21.

236 232 50 21 Men
302 233 89 20 emedan
416 233 153 26 behållningen
586 234 6 19 i
609 233 108 20 allmänna
737 232 135 21 statsfonden
889 232 36 21 vid

167 267 55 20 1884
238 267 36 20 års
290 267 80 26 utgång
386 267 84 27 uppgår
486 267 33 21 till
536 267 37 21 det
590 267 84 26 belopp,
691 269 32 18 att
734 268 32 19 ett
777 267 76 26 bidrag
864 266 61 21 deraf

164 301 33 21 till
215 307 29 15 nu
260 301 164 26 ifrågavarande
441 302 101 20 ändamål
558 302 41 21 kan
616 301 76 26 afstås,
709 301 39 21 har
763 301 61 21 Hans
839 301 85 27 Kejser-

166 335 44 26 liga
225 335 103 27 Majestät
337 335 119 27 förordnat,
468 338 34 19 att
511 336 78 21 sådant
598 336 76 26 bidrag
686 335 55 21 skall
753 336 47 20 med
813 336 111 25 1,200,000

164 370 62 21 mark
242 370 52 26 utgå
310 370 32 21 till
359 370 144 21 betäckandet
520 371 22 20 af
558 371 38 20 här
612 371 93 20 nämnda
721 370 90 27 utgifter
828 370 32 21 för
870 370 54 21 folk-

165 404 104 21 skolorna
298 405 69 20 under
397 405 51 20 åren
478 406 148 24 1886—1888,
657 405 84 20 hvadan
768 405 156 20 ofvannämnda

166 444 83 16 summa
272 440 114 24 2,516,800
410 440 61 20 mark
489 440 48 20 med
554 440 67 26 sagda
637 439 79 27 belopp
733 439 81 27 nedgår
829 439 38 21 och
884 439 40 21 den

165 473 125 27 bevillning,
314 480 45 15 som
382 480 29 15 nu
434 474 24 21 af
473 474 123 21 Ständerna
611 474 34 21 för
661 474 61 20 detta
737 468 99 26 ändamål
852 474 71 26 äskas,

164 510 65 24 utgör
248 508 34 21 för
297 509 49 20 hela
361 509 102 26 perioden
483 510 141 20 1886—1888
643 509 111 25 1,316,800
770 508 67 21 mark.

236 612 51 21 Med
310 612 115 27 anledning
443 612 22 21 af
480 615 74 18 senast
570 612 132 21 församlade
719 611 110 27 Ständers,
846 612 6 20 i
869 618 54 15 sam-

168 646 107 26 manhang
291 646 48 21 med
356 647 62 21 deras
435 653 49 15 svar
494 646 12 21 å
515 647 163 26 propositionen
696 652 34 15 om
741 646 75 26 anslag
826 646 34 21 för
870 646 54 21 folk-

166 680 171 26 skoleväsendet,
359 681 73 21 derom
456 682 78 26 gjorda
558 681 106 24 anhållan,
688 680 64 21 hafva
767 681 157 21 stadskommu-

166 721 78 15 nernas
264 716 115 26 yttranden
396 716 124 25 inhemtats,
540 716 2 20 i
560 716 54 20 hvad
631 722 49 14 mon
698 716 25 20 de
740 722 50 14 vore
805 716 72 26 villige
892 717 32 19 att

165 750 73 20 ikläda
259 750 35 26 sig
309 750 148 26 förpligtelser
473 750 33 21 för
523 751 47 20 sina
586 750 178 21 folkskollärares
780 750 39 20 och
835 750 89 20 lärarin-

164 790 52 15 nors
231 785 158 26 pensionering.
420 785 72 21 Dessa
507 785 115 27 yttranden
639 785 79 27 utvisa,
734 786 32 19 att
777 784 93 21 flertalet
881 786 41 20 stä-

166 818 38 22 der
227 819 47 21 icke
298 819 50 26 vilja
372 819 71 21 lemna
458 820 68 23 något
541 820 77 25 bidrag
634 819 35 21 för
684 819 122 21 ändamålet
822 821 56 19 samt
892 820 33 20 att

165 853 26 21 de
208 853 68 27 öfrige
292 854 76 20 endast
384 854 5 20 i
407 854 62 26 ringa
485 860 48 14 mon
551 856 37 18 äro
605 854 73 26 villige
690 855 32 19 att
734 854 72 20 härför
818 853 62 27 åtaga
892 854 32 26 sig

165 887 67 27 några
251 887 155 27 uppoffringar.

236 922 11 20 I
263 922 60 21 detta
346 922 79 21 ärende
449 928 64 21 synes
529 922 53 21 böra
597 924 64 24 tagas
677 922 6 20 i
700 922 142 20 betraktande
858 922 12 20 å
885 928 40 14 ena

165 955 68 28 sidan,
257 958 33 19 att
306 957 98 20 lärarene
420 957 41 20 och
477 957 151 20 lärarinnorna
644 956 36 21 vid
698 956 113 21 städernas
828 956 96 21 folksko-

163 990 40 26 lor,
228 992 52 19 enär
304 991 26 20 de
353 991 77 20 arbeta
451 991 34 21 för
502 997 82 14 samma
600 990 192 27 samhällsuppgift
808 996 45 15 som
869 990 56 21 folk-

166 1024 250 27 skollärarepersonalen
432 1025 7 20 i
456 1025 226 25 landskommunerna,
707 1025 64 20 hafva
787 1025 84 26 skäliga
886 1031 36 14 an-

164 1059 67 26 språk
247 1061 33 19 att
295 1059 7 21 i
318 1059 68 21 likhet
402 1060 48 20 med
467 1060 135 20 sistnämnda
617 1059 109 27 personal,
743 1059 66 21 varda
820 1059 104 26 tryggade

164 1093 36 21 vid
222 1094 91 26 pension
337 1094 55 21 efter
409 1095 93 26 uttjenta
518 1094 30 26 år,
566 1097 56 18 samt
638 1094 13 21 å
667 1094 69 20 andra
752 1094 68 25 sidan,
836 1096 39 23 att,
892 1093 33 21 så-

164 1134 47 15 som
234 1128 63 21 äfven
318 1127 122 22 Ständerna
456 1129 83 26 antydt,
556 1135 25 14 en
598 1129 137 26 förpligtelse
750 1130 33 19 att
799 1128 31 21 till
847 1128 78 26 ifråga-

164 1162 94 21 varande
281 1163 154 26 pensionering
460 1163 91 26 bidraga
570 1163 70 20 måste
656 1169 64 14 anses
736 1162 72 27 åligga
824 1162 102 21 städerna

164 1197 49 20 med
236 1197 102 21 afseende
361 1197 107 21 särskildt
490 1197 12 21 å
518 1197 41 21 den
584 1199 71 19 större
678 1196 180 27 sjelfständighet,
879 1202 45 15 som

165 1231 67 26 enligt
255 1231 101 26 gällande
378 1231 157 27 författningar
558 1231 134 22 tillkommer
708 1231 102 21 städerna
825 1231 35 20 vid
876 1231 49 20 ord-

165 1265 83 22 nandet
264 1265 23 22 af
302 1266 38 21 sitt
356 1266 210 21 folkskoleväsende.

235 1300 112 27 Derjemte
362 1302 40 25 gör
418 1301 34 26 sig
468 1301 55 20 dock
540 1301 107 26 gällande,
664 1302 33 19 att
713 1306 25 15 en
750 1300 42 21 alla
803 1300 70 20 lärare
886 1299 39 21 och

163 1334 123 21 lärarinnor
308 1335 38 21 vid
368 1335 116 21 städernas
507 1335 122 21 folkskolor
649 1335 141 25 omfattande,
806 1334 27 26 på
849 1333 74 22 likfor-

163 1369 58 26 miga
240 1369 95 26 grunder
358 1369 90 27 ordnad,
472 1369 149 27 pensionsrätt
644 1369 48 21 icke
716 1369 42 20 kan
781 1370 51 19 utan
848 1367 77 27 åtgärd

163 1403 24 21 af
201 1405 72 20 staten
289 1403 165 28 åvägabringas.
480 1403 44 22 Och
541 1404 27 21 då
585 1404 103 26 beloppet
703 1403 23 21 af
740 1403 40 21 den
796 1403 72 26 utgift,
880 1407 46 16 som

162 1437 70 22 denna
247 1438 155 27 pensionering
418 1438 94 26 kräfver,
534 1438 18 27 ej
568 1438 42 21 kan
628 1438 49 21 med
693 1437 102 22 säkerhet
811 1437 113 26 beräknas,

162 1472 70 21 måste
256 1472 38 21 det
309 1478 64 15 anses
389 1473 136 26 lämpligare,
541 1474 33 19 att
589 1474 72 19 staten
677 1471 85 21 ikläder
777 1471 33 27 sig
826 1471 99 26 garantin
