1009 1739
382 154 54 23 N:o
453 153 48 23 31.

342 343 64 21 Hans
428 343 148 27 Kejserliga
596 343 136 27 Majestäts
751 343 73 26 nädiga

274 377 126 27 proposition
424 377 31 21 till
480 378 94 21 Finlands
598 378 94 26 Ständer,
715 383 31 16 om
766 377 58 22 anta-

272 412 65 26 gande
353 412 21 20 af
389 411 94 27 strafflag
500 413 32 20 för
547 412 66 21 finska
630 412 106 21 militären.

137 468 36 21 Uti
197 468 37 22 det
257 468 23 21 af
302 468 122 22 Ständerna
446 468 36 22 vid
499 470 56 20 1882
571 470 36 20 ärs
623 469 105 26 landtdag
743 468 81 27 afgifna

64 503 150 26 underdäniga
238 509 49 15 svar
302 504 13 20 å
331 503 79 27 nådiga
429 503 165 27 propositionen
615 510 33 14 om
665 503 122 26 antagande
803 502 23 21 af

64 537 102 27 strafflag
188 537 34 21 för
244 537 70 21 finska
336 537 110 21 militären
467 538 65 20 hafva
548 538 123 21 Ständerna
688 537 88 26 anmält,
792 538 33 20 att

65 571 123 21 Ständerna
204 572 97 26 godkänt
316 572 93 20 berörda
420 572 135 26 proposition
566 572 50 21 med
631 572 57 20 vissa
700 571 124 26 ändringar.

64 606 50 21 Med
138 606 89 27 hänsigt
251 606 34 21 till
308 606 56 21 hvad
388 607 57 20 emot
461 606 112 26 ätskilliga
589 606 23 21 af
627 606 64 21 dessa
706 605 119 27 ändringar

64 640 72 22 blifvit
152 641 106 25 anmärkt,
275 640 39 21 har
330 640 60 21 Hans
406 640 125 27 Kejserliga
546 640 103 27 Majestät
665 640 48 21 icke
721 640 57 21 velat
787 640 38 20 nä-

66 675 59 27 digst
140 675 110 21 fastställa
267 675 36 21 det
319 675 23 21 af
356 674 123 22 Ständerna
495 677 95 25 antagna
605 674 83 27 förslag
705 674 33 22 till
754 673 71 22 straff-

64 709 36 27 lag
116 709 33 21 för
164 710 94 20 nämnde
274 709 86 23 militär,
372 709 6 21 i
389 709 53 27 följd
457 709 79 21 hvaraf
550 709 133 21 Ständernas
694 709 32 20 uti
742 708 37 21 det
787 714 38 15 un-

64 743 122 27 derdäniga
202 745 72 19 svaret
290 744 6 20 i
314 743 65 27 öfrigt
394 743 144 22 omförmälda
552 744 73 21 beslut
641 744 18 26 ej
673 743 69 21 heller
753 742 72 22 föran-

63 777 46 21 ledt
125 778 68 20 äskad
210 778 84 26 ätgärd.

136 812 61 21 Dock
213 812 36 21 vill
265 812 61 21 Hans
342 812 123 27 Kejserliga
481 813 110 27 Majestät,
608 813 66 21 sedan
686 814 48 25 nytt
742 812 83 26 förslag

65 847 7 20 i
88 849 80 25 ämnet,
185 847 49 21 med
249 847 83 27 hänsyn
349 847 34 21 till
398 848 94 20 berörda
512 848 176 26 anmärkningar,
704 847 68 26 enligt
787 847 38 20 nä-

65 881 47 27 digt
135 881 146 21 förordnande
305 882 70 20 blifvit
391 882 124 27 uppgjordt,
535 882 91 21 härmed
641 882 33 20 till
691 881 134 21 Ständernas

64 915 102 27 pröfning
190 916 39 21 och
253 916 122 26 antagande
398 916 134 21 öfverlemna
552 916 68 27 sagda
635 923 42 20 nya
693 916 83 26 förslag
791 914 34 22 till

64 950 103 27 strafflag
182 950 33 21 för
231 950 69 21 finska
316 950 115 28 militären,
450 951 85 21 hvilket
553 951 98 21 ansluter
670 951 34 26 sig
720 950 40 25 till,
776 955 50 16 men

64 984 8 21 i
95 985 69 25 nägra
187 984 61 21 delar
271 984 83 22 afviker
377 985 48 20 frän
449 985 37 21 det
510 985 203 26 strafflagsförslag,
736 984 95 21 hvarom-

66 1017 123 22 Ständerna
204 1019 36 20 vid
256 1022 86 18 senaste
358 1019 105 27 landtdag
480 1019 33 27 sig
529 1019 92 22 förenat.

137 1053 43 20 För
204 1055 32 19 att
260 1053 35 21 vid
318 1053 161 27 granskningen
496 1054 24 21 af
534 1054 36 21 det
589 1060 42 21 nya
646 1053 105 26 förslaget
766 1052 60 27 tjena

64 1087 35 20 till
122 1087 138 28 upplysning,
283 1088 110 21 meddelas
417 1087 124 22 Ständerna
567 1088 104 27 derjemte
694 1087 83 26 förslag
792 1086 34 21 till

66 1121 183 27 ordningsstadga
272 1122 33 21 för
328 1121 69 22 finska
420 1122 118 28 militären,
557 1123 65 20 hvars
643 1121 130 22 utfärdande
789 1127 39 15 an-

65 1155 141 28 kommer
178 1151 31 37 pä
221 1156 61 21 Hans
297 1157 123 26 Kejserliga
436 1157 105 26 Majestät
556 1157 78 20 allena.

137 1190 170 27 Ifrågavarande
322 1191 84 26 törslag
421 1193 38 19 äro
476 1191 24 21 af
514 1191 95 27 följande
625 1191 93 26 lydelse:

134 1252 106 35 Förslag
258 1253 42 26 till
319 1253 120 34 strafflag
457 1253 40 26 för
516 1253 83 27 finska
619 1253 137 27 militären.

386 1311 17 21 1
420 1311 87 28 Kap.

86 1355 34 22 Om
137 1361 99 22 personer
252 1357 38 21 och
308 1357 61 26 brott,
384 1356 13 22 å
412 1357 66 21 hvilka
494 1357 66 21 denna
576 1357 32 26 lag
625 1356 51 21 skall
694 1356 111 26 tillämpas.

420 1397 12 26 8
450 1398 18 20 1.

138 1430 124 28 Krigsman,
279 1431 95 21 bevärad
390 1431 52 21 eller
458 1431 116 27 obevärad,
591 1437 46 15 som
656 1432 24 19 är
696 1429 7 22 i
718 1429 57 21 finsk
790 1429 38 20 ak-

66 1463 30 21 tiv
119 1465 69 26 tjenst
210 1465 94 27 anstäld,
328 1465 56 21 skall
406 1465 34 21 för
455 1465 98 21 militära
568 1465 64 23 brott,
648 1465 116 25 begängna
779 1463 50 21 frän
