1009 1739
222 160 13 21 2
385 159 80 22 Ständ.
482 159 36 23 Sv.
535 171 27 4 —
578 159 70 27 Prop.
664 159 40 21 N:o
720 158 32 22 21.

191 221 75 27 undgå
289 223 32 20 att
336 221 58 22 fästa
409 222 35 27 sig
459 221 37 22 vid
513 221 41 22 den
572 221 111 27 ojemnhet
698 221 6 21 i
720 221 67 22 dessa
803 221 85 28 bidrag,
904 227 46 16 som

191 256 33 20 för
240 255 140 22 närvarande
396 262 52 20 eger
464 263 54 14 rum.

260 289 29 21 Af
311 296 26 14 en
361 289 7 21 i
391 289 129 22 förberörda
541 289 125 22 statistiska
682 289 141 27 redogörelse
841 288 109 29 ingående

190 323 74 28 tabell,
296 323 91 21 hvilken
414 323 32 21 för
471 323 69 27 sagda
564 323 72 22 läseår
661 325 109 25 upptager
794 323 64 21 bland
882 325 68 19 annat

191 357 105 26 samtliga
317 357 89 27 utgifter
423 357 33 20 för
470 357 158 22 folkskolorna
643 357 7 21 i
667 357 27 21 de
710 357 112 21 särskilda
838 357 111 27 städerna,

190 391 40 22 och
254 391 33 21 till
310 391 90 21 hvilken
424 391 35 22 del
484 393 71 20 staten
580 391 94 28 deltagit
693 391 31 21 uti
740 391 66 21 dessa
822 391 127 28 kostnader,

189 425 99 27 framgår
312 428 38 22 att,
372 425 78 21 medan
474 425 6 21 i
504 425 102 26 Heinola,
630 425 64 21 Kemi
718 425 40 21 och
782 425 78 21 Kaskö
876 427 71 19 staten

190 458 93 28 deltagit
298 458 51 22 med
365 466 58 20 resp.
439 460 26 20 77
475 460 35 26 9/,,
526 460 26 20 57
562 460 27 26 9/,
606 460 39 20 och
662 460 24 19 51
698 459 27 27 /,
736 459 25 21 af
770 459 27 21 de
808 459 67 21 totala
888 459 59 21 kost-

189 492 100 22 naderna
304 492 33 22 för
352 493 67 21 dessa
434 493 88 21 städers
533 494 131 25 folkskolor,
676 493 102 27 utgjorde
789 492 159 28 statsbidraget

188 526 33 21 till
245 526 105 22 städerna
368 527 98 27 Wiborg,
483 526 190 28 Gamla-Karleby
690 527 39 21 och
745 527 108 21 Kexbolm
869 526 79 22 endast

188 567 58 21 resp.
274 562 46 25 14,6
331 561 34 27 %,
390 562 45 26 13,7
446 562 28 27 9/,
494 562 41 20 och
553 562 46 25 13,6
609 562 27 27 9/,
653 561 23 21 af
691 561 103 26 samtliga
810 561 89 27 utgifter
914 560 33 22 för

188 594 155 22 folkskolorna
365 595 7 21 i
396 595 66 21 dessa
484 595 137 21 kommuner.
651 596 11 20 I
685 594 103 22 medeltal
811 595 33 21 för
860 594 86 22 landets

188 629 46 21 alla
257 628 74 22 städer
355 628 79 28 bidrog
449 632 73 19 staten
539 630 49 20 med
604 630 49 26 29/,
669 629 24 21 af
706 629 104 27 samtliga
826 628 120 22 kostnader

187 662 33 21 för
236 662 161 27 folkskolorna,
413 663 6 21 i
436 663 76 21 hvilka
528 663 121 21 kostnader
665 662 56 22 dock
737 658 144 35 inberäknats
891 662 54 27 jem-

187 697 36 20 väl
240 696 144 27 hyresvärdet
399 696 24 22 af
437 697 118 21 skolornas
571 697 93 21 lokaler.

255 730 45 21 För
323 730 41 22 den
388 730 105 22 enskilda
517 732 131 20 kommunen
673 731 70 21 måste
767 730 37 22 det
822 730 122 22 emellertid

186 770 54 15 vara
256 764 23 21 af
294 766 81 20 största
390 765 52 27 vigt,
459 768 31 18 att
507 765 50 21 med
572 765 138 27 någorlunda
726 765 84 21 visshet
822 765 74 21 kunna
908 764 34 21 be-

186 798 73 21 räkna
275 798 37 22 det
328 798 86 28 belopp,
432 799 106 21 hvarmed
553 801 72 19 staten
643 799 99 21 kommer
758 802 32 18 att
805 798 92 27 bidraga
911 798 33 22 till

186 832 165 21 folkskolornas
367 832 6 21 i
391 832 77 22 staden
484 832 124 26 underhåll,
624 832 108 22 särskildt
742 832 29 21 då
782 832 36 22 det
828 832 70 27 gäller
911 832 32 21 för

185 866 135 21 kommunen
336 869 32 19 att
384 866 92 28 vidtaga
490 873 47 15 mer
554 866 136 22 omfattande
705 866 157 28 förbättringar
877 867 7 21 i
896 869 44 19 sta-

184 899 56 21 dens
256 900 218 22 folkskoleväsende.
505 900 125 22 Ständerna
644 903 34 18 tro
690 900 80 27 derför,
782 903 32 19 att
824 900 36 22 det
871 900 71 22 skulle

184 933 68 21 lända
276 933 182 22 folkskolesaken
482 935 33 20 till
538 934 88 27 verklig
649 934 89 26 bätnad,
762 941 34 14 om
813 934 27 21 de
856 934 85 27 anslag,

184 966 78 22 hvilka
282 967 7 21 i
310 967 60 21 detta
385 967 106 22 afseende
507 968 95 26 beviljas
619 969 158 20 kommunerna
792 975 24 14 ur
832 968 111 21 allmänna

183 1000 80 26 medel,
287 1001 72 21 blefve
382 1001 115 22 bestämda
520 1004 32 19 att
570 1002 6 21 i
593 1002 76 26 regeln
686 1001 53 28 utgä
755 1001 49 22 med
819 1002 60 21 vissa
895 1008 47 21 pro-

183 1037 50 18 cent
248 1034 25 21 af
287 1035 41 20 den
345 1035 95 22 kostnad
456 1035 139 22 folskolorna
611 1036 6 21 i
634 1035 79 22 staden
729 1035 95 22 faktiskt
834 1035 105 22 erfordra.

252 1068 84 21 Härvid
353 1075 54 15 anse
423 1069 124 22 Ständerna
564 1071 36 26 sig
615 1069 57 21 dock
690 1069 53 21 böra
759 1069 100 28 tillägga,
870 1072 32 19 att
913 1069 27 21 de

181 1101 123 28 ingalunda
327 1103 66 21 afsett
412 1106 32 18 att
459 1109 25 15 en
501 1103 131 28 minskning
647 1103 71 21 skulle
736 1103 30 21 uti
782 1103 159 27 statsanslaget

182 1142 43 20 ega
248 1143 48 14 rum
312 1136 33 21 för
362 1136 26 22 de
405 1137 135 26 kommuner,
558 1137 76 22 hvilka
649 1137 34 21 för
698 1138 140 20 närvarande
855 1137 85 27 ätnjuta

181 1169 81 27 bidrag
278 1169 32 22 till
327 1172 31 19 ett
373 1170 81 28 belopp
465 1171 166 28 öfverstigande
644 1171 37 21 det
692 1177 46 15 som
750 1171 122 21 tillkomme
883 1171 57 26 dem,

180 1209 35 14 om
232 1209 26 15 en
276 1203 81 21 allmän
373 1207 139 24 procentsats
529 1205 72 21 blefve
618 1205 6 21 i
641 1205 60 21 detta
716 1205 38 20 fall
766 1204 107 21 faststäld.
904 1204 36 21 Då

180 1236 38 21 det
233 1237 109 22 särskildt
356 1239 26 20 är
398 1238 26 21 de
442 1238 84 22 mindre
542 1239 40 21 och
594 1239 104 26 fattigare
710 1238 228 25 stadskommunerna,

179 1276 48 15 som
244 1271 78 21 hittills
338 1271 66 27 njutit
419 1272 67 27 högre
503 1273 127 25 understöd,
642 1272 72 21 skulle
725 1272 111 27 nämligen
848 1279 26 14 en
886 1271 52 22 ned-

179 1304 101 27 sättning
302 1305 7 20 i
332 1305 26 21 de
383 1306 127 21 nuvarande
529 1307 107 27 bidragen
654 1306 74 21 kunna
744 1305 87 28 ganska
846 1305 92 28 menligt

178 1337 97 22 inverka
297 1339 29 26 pä
349 1338 65 22 dessa
438 1343 70 18 orters
525 1339 273 26 folkskoleförhällanden,
815 1339 39 21 och
871 1339 67 21 hafva

178 1370 127 23 Ständerna
335 1372 74 22 derför
437 1373 37 21 vid
498 1373 38 22 sitt
558 1373 141 22 förestående
723 1373 113 21 uttalande
860 1373 77 21 främst

178 1405 84 27 äsyftat
278 1406 84 21 sädana
378 1406 85 28 bidrag,
478 1413 47 15 som
541 1407 119 22 framdeles
676 1407 88 21 komma
780 1409 32 18 att
826 1407 22 20 af
864 1409 71 18 staten
