1009 1739
192 143 13 20 8
496 142 40 23 N:o
552 142 38 23 23.

185 241 183 28 Apothekarebref
371 258 6 5 .

184 275 195 28 Barnmorskebref

184 309 90 28 Bilbref
298 325 6 6 .
330 319 3 3 -

185 344 156 28 Borgarebref:

214 378 34 23 för
260 379 128 28 handlande,
400 379 110 22 fabrikant
520 380 41 22 och
572 379 167 23 manufakturist

230 430 10 10 »
262 413 114 28 Sjökapten
733 432 4 4 .

230 464 11 10 »
262 448 113 28 Skeppare,
390 431 168 40 handtverkare
564 430 41 41 Gl
625 431 5 5 a
620 455 70 16 annan
700 451 39 19 nä-

214 482 135 28 ringsidkare
372 500 5 5 .
480 498 4 6 .

185 512 316 37 Bouppteckningsinstrument
515 499 99 41 karteras
624 499 41 41 för
668 500 70 40 sterb-

213 551 49 27 hus,
285 551 84 22 hvilkas
392 552 126 27 behållning
533 552 56 22 efter
604 552 134 28 bouppteck-

213 586 141 27 ningsvärdet
372 586 84 28 uppgår
479 587 33 21 till
531 588 67 20 minst
613 589 42 19 500
670 587 68 26 mark,

215 620 68 28 enligt
304 620 93 28 följande
421 622 105 26 grunder:
550 622 50 21 med
624 621 34 27 '/:0
678 622 24 26 %
718 621 23 21 af

214 654 51 22 hela
283 655 151 28 behällningen
453 656 56 22 ända
529 656 32 21 till
578 657 76 26 10,000
671 656 67 21 mark.

213 685 31 26 Är
254 690 151 26 behällningen
416 692 76 26 större,
504 691 99 27 erlägges
614 690 125 28 ytterligare

213 724 8 22 i
236 724 156 28 stämpelafgift
407 725 37 26 2/,,
459 726 25 26 %
498 725 34 22 för
540 725 42 21 den
597 725 41 27 del,
650 730 46 16 som
708 724 30 22 öf-

213 759 107 27 verstiger
336 760 83 26 10,000,
444 766 49 15 men
518 760 48 21 icke
591 760 39 26 gär
656 758 84 22 utöfver

216 794 92 26 100,000
330 794 68 26 mark,
420 793 64 27 3/16
484 794 18 27 %/
521 793 33 22 för
573 794 57 21 hvad
646 799 46 15 som
708 792 32 22 öf-

214 828 124 28 verskjuter
358 830 90 24 100,000
468 828 60 22 mark
544 828 56 22 ända
615 828 33 21 till
666 830 9 19 1
692 827 48 21 mil-

214 862 52 27 lion,
282 862 41 22 och
338 862 38 27 %/10
391 862 27 26 %
433 862 34 22 för
482 863 42 21 den
539 862 36 22 del
590 862 24 22 af
621 862 119 22 behällnin-

214 903 50 21 gen,
287 902 47 16 som
354 896 129 28 öfverstiger
498 897 136 21 sistnämnda
649 902 90 20 summa,

215 930 54 22 eller
285 930 85 22 säledes
386 930 33 22 för
433 931 74 27 hvarje
523 930 53 22 fulla
592 932 40 20 100
648 930 61 22 mark
720 929 22 22 af

216 971 28 16 en
259 965 124 27 behällning
398 964 48 22 frän
462 967 41 20 500
519 965 62 21 mark
596 965 33 21 till
640 964 40 22 och
691 964 50 21 med

216 1001 91 25 10,000.
337 1015 5 6 .
374 1014 5 6 .

214 1033 35 22 för
265 1034 41 21 den
322 1033 36 22 del
373 1033 23 22 af
409 1011 159 54 behållningen,
585 1039 46 16 som
627 1015 4 4 1
645 1015 96 40 öfversti-

215 1074 40 21 ger
272 1069 77 26 10,000
364 1067 62 22 mark
442 1068 56 21 ända
514 1068 32 21 till
563 1069 106 26 100,000.

216 1102 34 22 för
266 1085 41 39 den
324 1102 34 21 del
374 1101 23 22 af
410 1102 158 27 behållningen,
586 1108 46 15 som
644 1101 98 22 öfversti-

216 1142 39 21 ger
272 1136 91 27 100,000
378 1137 61 21 mark
455 1137 57 22 ända
527 1137 33 20 till
576 1138 9 19 1
603 1135 82 22 million
700 1151 5 6 .

216 1172 59 20 samt
289 1170 34 22 för
337 1170 57 23 hvad
409 1170 100 23 deröfver
523 1171 39 27 gär

246 1205 157 28 Skyldigheten
412 1206 34 21 att
452 1205 88 22 kartera
545 1186 198 46 boupptecknings-

216 1239 132 22 instrument
356 1239 32 21 till
397 1245 29 15 nu
436 1239 139 22 föreskrifvet
585 1239 80 26 belopp
674 1239 69 21 sträc-

216 1274 42 22 ker
273 1273 34 28 sig
322 1273 79 22 endast
415 1274 34 21 till
464 1274 38 22 det
513 1273 109 28 exemplar
632 1273 23 21 af
663 1273 80 21 instru-

217 1309 90 25 mentet,
316 1307 82 23 hvilket
406 1308 56 22 skall
471 1309 32 21 till
511 1307 164 23 vederbörande
684 1307 59 21 dom-

217 1342 45 22 stol
278 1341 115 28 aflemnas;
409 1342 42 22 och
466 1343 40 22 bör
521 1343 13 21 &
546 1342 37 22 det
593 1341 70 23 andra
673 1347 71 16 exem-

216 1376 78 28 plaret,
305 1376 83 22 hvilket
398 1377 33 22 till
442 1376 234 27 sterbhusdelegarene
686 1375 58 22 äter-

216 1411 84 26 ställes,
321 1411 91 22 tecknas
434 1411 67 28 intyg,
524 1413 34 20 att
578 1412 33 21 ett
625 1409 119 28 behörigen

215 1445 115 23 karteradt
338 1446 110 27 exemplar
453 1446 33 22 till
491 1445 123 23 domstolen
621 1445 122 21 inlemnats.

804 382 41 19 100

817 416 29 20 50

818 485 26 20 25

881 998 26 20 10

881 1067 27 20 20

882 1136 27 20 30

882 1170 27 20 40
