1009 1739
371 161 53 22 N:o
442 160 54 23 20.

330 514 69 24 Hans
410 514 158 30 Kejserliga
579 515 141 28 Majestäts
737 513 79 31 nådiga

263 549 129 29 proposition
415 549 31 23 till
470 549 103 24 Finlands
592 550 95 28 Ständer,
706 548 110 30 angående

261 584 119 22 anvisande
402 583 24 23 af
439 584 66 23 medel
522 584 32 23 till
570 584 135 24 bestridande
721 584 23 24 af
756 584 59 24 kost-

261 618 93 24 naderna
370 618 33 23 för
419 618 129 30 landtdagen
564 617 24 25 år
603 619 61 23 1888.

124 677 102 21 Finlands
244 679 74 19 senast
336 677 129 21 församlade
483 677 93 21 Ständer
592 677 69 26 hafva,
679 678 5 20 i
701 677 115 26 anledning

55 712 23 21 af
101 712 61 21 Hans
189 712 121 26 Kejserliga
336 712 115 26 Majestäts
475 712 34 20 till
533 712 121 20 Ständerna
676 711 80 21 aflåtna
778 711 37 21 nä-

55 747 50 26 diga
132 746 143 27 proposition,
304 746 110 26 angående
442 746 118 21 anvisande
583 746 20 21 af
628 746 68 21 medel
724 746 31 21 till
779 746 36 20 be-

58 781 112 27 stridande
201 781 23 21 af
248 781 240 26 landtdagskostnader,
516 781 94 26 anslagit
635 788 24 14 en
686 786 83 15 summa
793 780 24 21 af

55 816 92 25 250,000
164 815 68 25 mark,
254 817 32 19 att
303 815 108 21 användas
428 815 18 26 cj
463 816 84 20 mindre
563 816 32 20 till
612 815 132 21 betäckande
756 814 23 21 af
788 815 27 20 de

54 850 34 26 i8
112 850 27 20 82
164 850 21 20 af
204 850 235 26 landtdagsordningen
457 850 129 20 omnämnda
602 850 107 20 allmänna
725 849 90 26 utgifter

56 884 33 21 för
106 884 138 26 landtdagen,
261 886 25 18 än
304 884 38 21 ock
359 884 32 21 till
409 883 113 22 aflönande
538 884 22 21 af
575 891 25 14 en
616 884 91 21 ekonom
724 884 32 20 för
767 884 47 20 vär-

56 919 40 21 den
114 919 23 21 af
152 918 132 21 Ständernas
301 919 67 25 arkiv,
386 918 104 21 bibliotek
507 919 40 21 och
563 919 70 26 öfriga
644 919 102 26 egendom
758 920 57 19 samt

54 954 33 20 till
112 953 132 20 betäckande
269 953 23 20 af
312 953 26 20 de
354 953 48 20 med
419 954 68 25 sagda
503 953 53 20 värd
572 954 102 20 förenade
690 953 124 23 kostnader,

54 987 112 21 äfvensom
182 987 33 20 till
232 987 94 26 fyllande
342 987 22 21 af
379 987 41 21 den
436 987 62 26 brist,
516 994 45 14 som
579 988 33 20 vid
629 987 107 27 utgängen
753 987 23 20 af
790 987 25 20 är

55 1022 54 21 1882
134 1021 116 21 beräknats
275 1022 79 26 uppstä
370 1022 6 20 i
392 1022 36 21 det
452 1022 22 21 af
494 1022 122 21 Ständerna
631 1023 35 20 vid
683 1022 131 25 landtdagen

53 1057 51 20 åren
123 1057 52 20 1877
193 1056 39 21 och
251 1057 53 20 1878
320 1056 33 20 för
370 1056 167 26 ifrågavarande
553 1057 98 20 ändamål
664 1056 102 21 anvisade
777 1061 37 15 an-

53 1091 57 26 slag;
134 1091 40 20 och
197 1090 65 21 hafva
282 1090 122 21 Ständerna
420 1091 104 26 derjemte
541 1091 32 20 uti
588 1091 225 26 utgiftsberäkningen

54 1125 34 21 för
112 1125 146 21 innevarande
278 1125 146 27 treärsperiod
440 1126 102 26 upptagit
557 1128 31 19 ett
603 1125 172 27 förslagsbelopp
792 1124 24 21 af

52 1160 92 25 250,000
160 1160 61 21 mark
238 1160 34 21 till
289 1160 237 27 landtdagskostnader
542 1161 24 20 är
584 1161 60 20 1885.

120 1194 59 21 Enär
195 1201 25 14 ur
238 1195 26 20 de
279 1195 164 26 redovisningar
454 1195 62 21 öfver
527 1195 223 26 bevillningsmedlen,
764 1200 46 15 som

51 1229 86 20 komma
154 1230 32 19 att
202 1229 34 20 till
252 1229 120 21 Ständerna
388 1229 99 27 afgifvas,
504 1230 95 25 framgär
615 1232 32 18 att
663 1229 26 21 de
704 1229 108 20 allmänna

55 1263 119 26 utgifterna
194 1263 32 21 för
243 1264 129 26 landtdagen
388 1264 25 21 är
430 1265 54 20 1882
501 1265 83 26 utgjort
600 1265 90 26 225,715
707 1263 61 21 mark
784 1264 26 20 33

53 1298 71 26 penni,
140 1297 88 21 hvartill
245 1298 53 21 böra
313 1299 74 26 läggas
403 1298 149 21 kostnaderna
567 1299 33 20 för
615 1299 79 20 värden
711 1298 23 21 af
748 1297 62 21 Stän-

52 1332 78 21 dernas
154 1332 62 20 arkiv
236 1332 126 27 förslagsvis
378 1334 49 19 med
443 1334 64 25 5,000
524 1333 67 26 mark,
608 1339 63 20 synes
688 1335 31 18 ett
734 1332 76 26 anslag

50 1367 23 20 af
96 1367 92 26 240,000
212 1367 61 20 mark
296 1373 52 15 vara
371 1368 129 26 tillräckligt
520 1368 33 21 för
576 1367 112 22 enahanda
710 1367 99 21 ändamål

50 1402 24 19 är
91 1402 61 19 1888.

119 1435 59 21 Hans
203 1435 121 28 Kejserliga
347 1436 102 27 Majestät
467 1437 37 20 vill
522 1437 84 21 derföre
623 1437 6 20 i
645 1437 68 20 näder
729 1435 81 22 föreslä

50 1469 128 21 Ständerna:
