1022 1774
284 178 79 23 Ständ.
379 178 37 22 Sv.
432 189 26 4 —
474 178 69 26 Prop.
559 177 40 22 N:o
613 178 34 20 25.
793 178 14 20 5

221 247 41 18 tare
277 244 81 24 försedd
373 250 61 20 qvarn
450 243 45 20 eller
508 242 63 26 kross,
587 248 46 17 som,
649 242 49 24 efter
708 240 90 25 deröfver
807 240 28 19 in-

222 279 74 20 lemnad
311 279 123 24 beskrifning,
450 278 64 24 blifvit
531 278 26 24 af
568 277 124 20 Guvernören
706 276 9 20 i
729 276 51 19 länet
791 275 45 25 god-

221 314 56 20 känd.
308 313 110 25 Ansökning
440 313 68 19 härom
530 312 34 19 bör
585 312 52 19 inom
659 310 32 20 två
705 310 68 20 veckor
788 309 48 24 efter

222 348 43 20 dess
286 347 120 21 inlemnande
428 347 26 24 af
470 346 101 20 Guvernör
585 346 31 19 till
625 345 95 25 pröfning
734 345 102 23 upptagas.

278 382 58 23 Malt,
352 388 41 14 som
408 382 30 19 till
453 381 60 25 brygd
527 380 50 20 skall
592 379 106 23 användas,
713 378 34 20 må
756 377 39 21 icke
805 384 32 13 an-

222 416 102 20 norstädes
346 416 83 22 skrotas,
452 416 26 18 än
495 416 9 18 i
521 414 116 25 bryggeriets
652 420 49 18 egen,
717 412 44 20 med
774 412 64 20 sådan

223 451 123 20 maltmätare
360 450 94 24 försedda
469 455 61 19 qvarn
545 449 45 19 eller
604 448 63 20 kross.

279 480 18 24 Å
316 484 92 20 Senatens
426 483 235 25 Ekonomiedepartement
677 481 110 20 ankommer
802 480 36 20 lik-

224 520 32 19 väl
278 520 34 22 att,
336 519 34 19 der
392 518 24 20 så
430 518 65 24 nödigt
506 518 90 24 pröfvas,
606 516 30 25 på
651 516 104 24 ansökning
770 514 68 24 bevilja

225 553 83 20 anstånd
329 552 43 20 med
393 552 135 25 uppställande
543 552 26 23 af
581 550 59 25 ofvan
655 549 121 25 föreskrifna
790 550 49 18 mät-

223 588 141 24 ningsapparat
383 588 51 19 samt
448 587 8 19 i
471 586 51 20 detta
536 586 44 24 fall,
596 585 99 24 äfvensom
711 584 26 19 då
751 583 87 19 maltmä-

225 624 41 18 tare
288 622 49 24 tagit
358 621 62 20 skada
442 621 32 19 och
494 620 33 24 för
541 620 62 24 någon
618 618 28 20 tid
659 619 62 24 gjorts
736 617 102 23 obrukbar,

224 656 86 20 meddela
325 655 130 25 erforderliga
470 654 124 25 föreskrifter
609 659 30 13 om
653 652 116 20 kontrollens
779 650 60 21 hand-

224 690 101 24 hafvande.

508 730 16 23 $
538 730 20 18 8

282 765 30 20 Pä
326 764 133 20 tillverkarens
474 770 72 13 ansvar
561 763 34 19 och
609 762 61 20 under
679 761 119 25 förpligtelse
808 760 33 24 för

226 800 68 20 honom
309 800 34 22 att,
360 798 26 20 dä
400 798 72 20 sådant
486 797 65 25 yrkas,
567 796 76 25 beediga
658 796 134 25 uppgifternas
801 794 39 20 rik-

226 834 62 24 tighet,
307 833 51 20 skall
375 833 12 19 å
402 832 66 24 hvarje
483 832 88 24 bryggeri
584 831 57 24 föras
657 836 22 14 en
689 829 87 24 journal,
792 834 50 19 upp-

227 868 82 25 tagande
323 868 147 19 maltmätarens
485 866 67 24 siffror
567 866 8 18 i
589 865 36 19 den
640 864 87 24 ordning,
743 863 22 19 de
775 863 13 19 å
799 863 42 19 den-

227 908 75 14 samma
317 902 125 24 förekomma,
458 900 47 24 frän
520 901 75 18 venster
610 899 30 19 till
653 899 62 24 höger,
732 898 34 24 för
776 897 66 24 hvarje

227 937 37 24 dag
279 936 49 24 efter
343 935 65 20 slutad
422 934 107 24 krossning,
541 934 60 24 jemte
616 933 31 19 det
661 932 66 24 belopp
737 930 53 24 malt,
801 936 41 14 som

226 971 61 20 under
302 976 75 14 samma
392 969 28 19 tid
435 969 64 23 blifvit
512 968 97 22 krossadt,
624 967 78 19 utsatt
694 960 10 36 i
711 964 77 26 lispund
798 965 45 19 eller

227 1005 32 19 det
279 1004 87 26 vigtslag,
388 1002 100 24 hvarefter
508 1002 137 20 maltmätaren
667 1000 64 24 blifvit
745 997 98 27 justerad,

227 1039 61 25 dagen
308 1038 33 24 för
358 1038 67 24 hvarje
440 1037 60 25 brygd
515 1036 32 20 och
563 1036 31 19 det
608 1036 65 24 belopp
688 1034 54 22 malt,
758 1039 41 14 som
814 1033 30 20 till

227 1074 67 24 hvarje
316 1072 62 20 sådan
400 1072 65 23 blifvit
486 1070 91 25 användt,
599 1070 100 24 äfvensom
721 1068 36 19 den
774 1067 70 25 mängd

228 1107 108 24 maltdryck
350 1107 8 19 i
372 1106 84 22 kanntal,
472 1105 73 19 hvilken
561 1104 87 20 erhållits
663 1103 25 24 af
699 1102 68 24 hvarje
777 1101 65 25 brygd,

227 1142 31 19 det
276 1140 120 25 svagdricka,
412 1139 70 20 hvilket
496 1138 65 20 såsom
575 1136 102 26 biprodukt
691 1136 93 22 erhållits,
800 1135 45 19 häri

228 1176 46 20 dock
293 1175 39 20 icke
349 1174 121 25 inbegripet.
488 1172 80 20 Sådana
578 1171 103 25 journaler
696 1170 60 23 skola,
772 1169 72 20 behöri-

227 1216 36 20 gen
277 1209 142 25 genomdragna
434 1208 33 20 och
478 1206 125 26 paginerade,
614 1206 26 24 af
649 1204 122 25 länestyrelse
780 1203 66 20 veder-

229 1244 84 20 börande
328 1242 164 22 tillhandahållas.

511 1300 17 24 $
543 1299 18 20 9.

287 1335 101 20 Guvernör
403 1334 114 20 tillkommer
531 1334 34 22 att,
581 1332 33 24 för
628 1330 100 26 uppsigten
742 1329 56 24 öfver
807 1328 39 20 till-

229 1370 114 24 verkningen
362 1369 26 24 af
403 1368 135 24 maltdrycker,
553 1367 52 19 inom
620 1366 51 19 länet
686 1364 82 20 tillsätta
782 1362 66 25 nödigt

232 1404 54 20 antal
300 1402 128 22 kontrollörer
442 1403 52 19 samt
508 1402 28 19 att
549 1400 107 20 kontrollör
665 1399 48 25 frän
723 1398 43 20 dess
776 1397 71 24 befatt-

230 1439 44 25 ning
289 1438 64 24 skilja.

288 1472 114 20 Kontrollör
421 1471 37 19 kan
478 1469 105 25 förordnas
601 1470 30 18 att
643 1468 29 25 pä
689 1474 21 13 en
724 1467 50 25 gäng
788 1466 58 20 hand-
