1009 1739
410 153 40 24 N:o
465 153 39 24 23.

131 255 64 22 framt
216 254 80 28 lagfart
320 255 52 21 derå
392 255 55 21 skall
466 255 74 21 kunna
559 238 95 48 beviljas,
663 242 10 39 |

131 291 56 21 samt
210 289 126 27 mellangift,
358 289 28 22 då
400 289 69 22 sådan
485 295 51 21 eger
551 295 54 20 rum,
621 289 35 22 vid

131 324 175 23 bestämmandet
323 324 27 21 -af
372 324 120 27 stämplade
515 325 93 26 pappret
624 323 32 21 in-

131 360 114 22 beräknas.

106 393 116 28 Certeparti
251 393 53 22 eller
334 393 102 27 fraktslut
460 399 35 16 om
521 393 77 28 fartyg,
624 392 33 22 för

131 429 75 27 hvarje
223 429 40 20 100
279 427 61 22 mark
356 427 22 21 af
391 427 158 21 fraktsumman
652 444 4 4 N

104 462 196 28 Depositionsbevis
316 462 99 21 karteras
426 462 74 21 säsom
511 460 145 28 förskrifning.

103 496 212 27 Fideikommissbref
326 496 98 22 karteras
435 496 72 22 såsom
519 497 137 21 testamente.

104 531 129 27 Fraktsedel,
250 537 24 15 se
289 531 173 21 konnässement.

106 566 89 26 Förord,
212 572 24 15 se
252 565 210 28 äktenskapsförord.

106 600 148 28 Förskrifning
278 600 54 22 eller
354 600 131 26 skuldsedel,
509 600 68 26 vexel,
598 602 60 25 post-

133 634 144 27 remissvexel,
301 634 111 26 anvisning
432 634 40 22 och
488 634 135 27 assignation
638 634 23 22 af

135 669 41 21 alla
192 669 47 27 slag
254 669 98 21 karteras
368 668 54 22 efter
437 668 199 28 kapitalbeloppet:

162 704 34 21 till
212 703 41 22 och
268 704 50 20 med
334 704 42 20 200
391 703 85 22 mark
461 699 18 35 .

163 740 58 19 samt
244 738 123 21 derutöfver
388 738 33 21 för
444 738 75 27 hvarje
540 720 55 39 falla
618 720 40 39 200

188 773 62 21 mark
265 772 32 22 till
314 773 40 21 och
370 772 47 22 med
436 774 62 25 1,000
514 773 62 21 mark

162 806 86 23 utöfver
265 808 62 25 1,000
343 807 59 21 mark
418 807 33 21 för
466 807 74 27 hvarje
554 807 53 21 fulla
619 808 41 20 100

189 842 61 21 mark
266 842 23 21 af
303 842 49 21 hela
365 842 37 21 det
413 842 169 27 kapitalbelopp,
594 842 66 21 hvarå

189 876 166 27 förskrifningen
370 883 27 14 m.
414 883 27 15 m.
457 876 62 28 lyder

163 911 81 22 Derest
258 911 111 27 betalning
385 911 13 21 å
410 911 107 27 kapitalet
527 911 58 21 förut
596 889 64 53 skett,

135 946 107 21 beräknas
251 946 195 26 stämpelbeloppet
454 946 78 21 endast
541 945 55 22 efter
603 945 56 22 hvad

136 980 7 21 i
158 980 83 27 kapital
257 980 99 21 återstår.

164 1013 149 28 Förskrifning
334 1021 26 15 m.
381 1021 35 20 m.,
437 1020 47 16 som
499 1015 32 21 uti
548 1014 91 27 original
654 1014 6 21 i

136 1049 106 22 konkurs-
258 1049 53 22 eller
327 1049 191 27 årsproklamamål
534 1049 32 22 till
581 1049 79 22 bevak-

136 1084 52 27 ning
202 1083 88 26 företes,
306 1084 98 21 karteras
421 1084 72 21 såsom
510 1084 77 27 bilaga.

165 1117 149 28 Förskrifning
337 1118 40 22 och
400 1125 70 15 arnan
494 1118 132 22 förbindelse
648 1118 13 21 å

136 1153 36 21 lån
193 1153 47 21 från
256 1153 89 26 kronan,
361 1153 101 22 Finlands
478 1153 64 26 bank,
559 1153 101 21 Finlands

136 1187 142 26 statskontor,
285 1187 305 26 Alexanders-Universitetet,
596 1187 64 22 enke-

136 1221 41 22 och
198 1221 180 28 pupillkassorna,
399 1224 56 19 samt
470 1222 69 22 andra
554 1222 108 21 allmänna

135 1255 77 23 fonder
233 1256 39 22 och
293 1257 83 26 kassor,
392 1257 50 21 med
457 1257 112 26 undantag
584 1256 78 21 endast

136 1289 23 22 af
178 1291 26 21 de
220 1290 149 27 förbindelser,
386 1297 46 15 som
448 1291 32 21 uti
502 1291 5 26 $
526 1293 25 19 14
567 1297 94 15 momen-

136 1326 33 21 tet
185 1327 11 19 5
213 1325 103 21 särskildt
332 1327 132 25 omnämnas,
478 1325 100 22 karteras
590 1325 71 21 såsom

136 1359 89 27 bilagor.

166 1394 50 21 Men
240 1397 38 19 när
294 1394 138 22 säbeskaffad
447 1394 145 27 förskrifning,
609 1394 7 21 i
631 1393 31 22 af-

137 1429 80 21 seende
240 1429 13 21 å
272 1429 131 26 inteckning,
423 1429 119 27 utsökning
557 1429 53 21 eller
625 1435 37 15 an-

137 1469 42 15 nan
203 1463 84 27 ätgärd,
311 1463 49 22 med
376 1463 112 27 undantag
503 1463 24 21 af
540 1463 122 27 bevakning

783 155 26 20 23

798 428 26 19 25

800 704 26 20 20

801 773 26 20 20

800 877 27 20 20
