1009 1739
422 184 39 24 N:o
477 185 32 23 18.
803 186 12 20 3

86 255 52 20 eller
160 254 209 27 författningsenligt
391 253 74 22 utöfva
485 254 78 27 näring
580 254 91 21 allenast
687 253 71 22 såsom
776 253 70 28 ,sjelf-

85 289 150 26 försörjning".

153 323 10 21 I
178 322 102 22 ändamål
295 324 32 19 att
343 322 64 21 ofvan
422 322 132 21 framhållna
570 323 108 20 olikheter
694 322 35 21 vid
745 322 98 27 utöfning

86 357 23 21 af
125 363 25 15 en
172 358 66 27 vigtig
253 357 88 27 politisk
356 357 104 26 rättighet
475 358 35 20 må
526 357 34 20 för
576 357 118 21 framtiden
710 357 134 26 förebyggas,

85 391 39 22 har
139 392 60 21 Hans
214 391 120 28 Kejserliga
350 391 110 27 Majestät,
477 391 32 21 till
525 393 71 19 mötes
613 391 83 27 gående
712 391 132 22 Ständernas

85 426 7 20 i
114 427 142 20 förenämnda
278 425 91 27 petition
392 425 98 21 uttalade
510 425 90 25 önskan,
619 425 51 21 låtit
686 426 102 21 utarbeta
802 425 43 21 för-

85 461 47 27 slag
147 460 33 21 till
196 460 83 21 ändrad
295 460 80 26 lydelse
392 459 22 21 af
430 460 25 20 12
472 460 28 26 $i
512 460 257 26 Landtdagsordningen.
790 460 54 20 Här-

85 495 35 21 vid
136 495 40 20 har
191 496 97 19 närmast
303 494 6 21 i
324 494 146 21 betraktande
486 494 91 21 kommit
594 496 33 18 att
638 494 132 21 Ständernas
781 494 64 21 fram-

86 529 100 27 ställning
202 529 47 21 icke
265 528 81 28 åsyftat
361 528 123 21 införandet
505 528 24 21 af
542 528 72 27 någon
631 534 26 21 ny
674 528 83 27 princip
772 528 7 20 i
795 528 51 21 stäl-

86 563 28 21 let
137 563 33 21 för
193 563 40 21 den
257 562 23 22 af
301 563 60 21 ålder
383 562 33 22 för
440 563 136 26 riksdagsval
596 563 6 20 i
624 563 103 21 städerna
746 562 100 27 gällande

87 598 39 20 och
150 597 61 21 äfven
231 598 7 20 i
256 597 245 27 Landtdagsordningen
520 599 112 25 upptagna
648 597 149 27 grundsatsen,
814 598 32 20 att

86 632 114 20 röstetalet
220 632 54 20 skall
294 631 34 21 stå
347 632 6 20 i
371 631 53 21 visst
439 631 137 22 förhållande
592 632 33 20 till
643 632 25 20 de
684 632 111 26 väljandes
810 637 36 21 ge-

86 672 50 15 nom
156 666 98 26 taxering
273 666 113 20 bestämda
405 666 185 26 skattskyldighet
605 666 32 21 till
654 666 84 26 staden,
755 672 33 14 om
805 666 40 20 ock

86 706 26 15 en
135 700 33 21 för
190 700 44 21 alla
257 700 71 21 städer
346 700 98 21 bestämd
460 700 148 26 begränsning
623 700 7 21 i
647 700 61 21 detta
722 700 123 21 hänseende

86 741 89 15 numera
191 734 109 22 befunnits
315 741 53 14 vara
384 734 23 20 af
420 734 78 21 nöden.
529 734 79 21 Denna
628 734 163 26 omständighet
806 734 40 21 har

86 769 66 21 redan
168 769 6 21 i
190 769 40 21 och
245 769 33 21 för
294 769 31 26 sig
341 770 59 25 synts
415 769 106 21 innebära
539 769 61 27 giltig
612 768 116 27 anledning
740 770 31 19 att
782 768 64 21 ställa

86 803 165 27 ifrågavarande
266 803 135 27 stadganden
417 803 7 21 i
440 805 55 19 nära
511 803 223 21 öfverensstämmelse
749 803 49 21 med
810 803 36 21 det

86 837 33 21 för
140 837 138 21 kommunala
301 838 33 20 val
354 837 113 21 faststälda
487 839 103 25 systemet
607 838 40 20 och
663 837 84 21 således
763 837 83 26 grunda

85 872 193 26 röstberäkningen
295 873 27 25 på
338 872 25 21 de
379 872 185 26 valberättigades
580 871 132 21 skattöretal
728 872 48 20 med
792 871 52 21 fast-

87 906 106 21 ställande
218 906 22 20 af
261 906 103 27 tjugufem
383 908 70 18 röster
469 908 71 19 sasom
557 906 36 20 det
608 906 80 26 högsta
704 905 89 21 röstetal
810 906 37 20 nå-

86 946 42 20 gon
150 940 43 20 kan
215 940 116 21 innehafva
352 940 66 27 jemte
442 940 35 20 det
502 940 175 26 begränsningen
700 940 33 20 till
754 946 25 14 en
795 940 51 21 fem-

87 973 108 22 tiondedel
211 974 23 21 af
248 975 26 20 de
289 974 184 27 valberättigades
489 974 165 27 sammanlagda
670 974 91 21 röstetal
784 973 63 22 äfven

90 1009 64 26 utgör
170 1010 31 19 ett
215 1009 110 20 korrektiv
340 1011 46 18 mot
400 1008 70 27 några
486 1008 21 21 få
523 1009 98 20 valmäns
638 1008 72 21 alltför
722 1010 58 19 stora
792 1010 55 19 röst-

86 1041 112 28 öfvervigt.
229 1043 37 20 Ett
288 1043 126 26 ytterligare
438 1043 47 20 skäl
510 1043 76 20 härtill
609 1042 115 21 förefinnes
743 1043 51 25 deri,
814 1044 32 19 att

87 1076 93 21 flertalet
202 1077 22 21 af
246 1077 26 21 de
295 1077 79 26 städer,
398 1083 45 15 som
467 1077 69 21 under
553 1077 26 20 de
596 1080 83 18 senaste
696 1078 51 20 åren
764 1077 82 26 antagit

87 1117 41 20 nya
150 1111 154 27 valordningar
326 1111 33 21 för
378 1111 33 21 val
428 1111 24 21 af
466 1111 176 26 landtdagsman,
660 1111 90 21 anslutit
765 1111 33 26 sig
812 1111 34 20 till

88 1146 64 26 sagde
169 1147 87 25 system.

154 1179 138 22 Beträftande
312 1180 36 21 det
366 1180 111 21 minimum
496 1180 24 21 af
533 1180 106 27 taxering,
656 1186 46 15 som
718 1180 55 21 skall
789 1179 58 21 med-

85 1214 48 21 föra
148 1214 105 27 rättighet
268 1215 33 20 att
314 1214 88 27 deltaga
417 1214 7 21 i
440 1214 162 27 landtdagsval,
619 1214 40 21 har
676 1215 62 25 dock,
755 1213 47 22 med
814 1213 30 22 af-

86 1248 77 21 seende
188 1249 12 19 å
223 1249 63 20 dessa
308 1248 46 21 vals
370 1250 69 19 större
456 1249 117 26 betydelse,
590 1255 26 14 en
633 1248 67 27 något
715 1249 67 26 högre
799 1254 47 15 cen-

86 1288 36 15 sus
137 1283 81 20 ansetts
234 1289 53 14 vara
303 1282 23 21 af
340 1283 76 25 nöden,
434 1284 28 19 än
479 1283 42 20 den
537 1289 46 14 som
600 1283 68 26 gäller
682 1283 34 20 för
733 1283 41 20 den
786 1283 60 20 kom-

85 1317 87 20 munala
194 1316 108 21 valrätten
325 1317 6 20 i
355 1317 25 21 de
400 1317 81 26 städer,
499 1317 74 20 hvilka
589 1317 33 20 för
638 1317 108 20 skattöret
762 1317 86 26 antagit

85 1357 27 14 en
134 1350 60 27 lägre
217 1351 59 20 valör
295 1353 27 18 än
338 1351 48 20 dess
402 1357 76 20 genom
495 1350 156 28 förordningen
667 1351 23 20 af
704 1351 40 21 den
763 1352 24 20 15
803 1351 43 21 Au-

85 1384 57 27 gusti
167 1385 54 21 1883
244 1385 112 20 bestämda
378 1385 118 20 maximum
521 1385 23 21 af
565 1385 135 27 fyrahundra
715 1385 68 21 mark.
813 1385 34 21 Då

84 1419 36 20 två
142 1419 112 20 skattören
277 1418 97 22 medföra
396 1425 27 15 en
446 1421 54 24 röst,
527 1419 75 26 skulle,
624 1419 35 21 vid
680 1425 25 15 en
722 1419 126 26 fullständig

85 1453 122 26 anslutning
223 1453 6 20 i
245 1453 60 21 detta
320 1453 123 21 hänseende
458 1453 34 21 till
511 1453 40 21 den
567 1453 141 22 kommunala
724 1453 113 22 valordnin
847 1465 8 2 -

84 1492 48 21 gen,
148 1492 102 21 personer
266 1487 49 20 med
330 1492 27 15 en
372 1486 96 22 inkomst
484 1487 26 21 af
523 1487 84 21 mindre
624 1489 27 19 än
662 1488 136 20 åttahundra
810 1486 40 21 och
