1009 1739
288 148 79 23 Ständ.
384 148 36 23 Sv.
436 161 28 3 —
478 149 72 27 Prop.
566 149 40 22 N:o
621 148 33 22 23.
781 147 28 21 49

216 211 160 28 länestyrelsen,
400 218 44 14 som
460 211 42 27 för
518 218 76 15 annan
609 211 168 28 kronouppbörd
791 212 46 27 gäl-

215 245 39 21 ler.
284 239 124 34 Åliggande
423 245 35 22 det
472 246 227 21 landträntmästaren
714 247 23 26 ej
752 247 84 22 mindre

216 281 33 19 att
272 279 56 22 tillse
351 280 36 21 det
409 280 134 27 erforderlig
567 281 92 26 tillgång
670 281 33 26 på
718 280 118 27 stämpladt

212 320 88 20 papper
323 313 37 21 och
384 314 182 27 stämpelmärken
583 314 42 27 för
636 314 151 28 förefallande
803 314 34 21 be-

215 347 43 28 hof
276 348 35 20 mä
334 349 8 19 i
364 349 106 20 ränteriet
488 348 86 27 finnas,
598 351 28 18 än
643 351 32 18 att
686 348 110 27 förråden
812 349 25 20 sä

210 381 103 27 förvara,
337 384 33 18 att
390 384 96 25 pappret
508 383 21 26 ej
544 382 87 21 skadas.
662 382 174 21 Landträntmä-

216 418 76 18 staren
307 422 50 20 eger
372 415 64 28 äfven
452 423 32 13 om
500 417 41 20 allt
555 416 56 21 hvad
626 417 9 19 i
645 417 80 20 sådant
736 416 100 26 afseende

216 450 77 27 nödigt
316 456 53 14 vara
392 450 43 20 kan
450 450 38 20 hos
505 450 157 28 länestyrelsen
677 450 88 22 anmäla
781 452 56 19 samt

216 484 48 20 dess
284 484 156 26 förordnande
469 484 104 27 ajvakta;
598 484 38 21 och
658 485 36 20 mä
717 484 119 28 stämpladt

213 524 87 21 papper
323 518 51 22 eller
389 518 180 27 stämpelmärken
586 519 64 21 alltså
665 519 45 21 icke
725 519 28 27 af
765 518 70 22 landt-

216 554 165 20 räntmästaren
396 552 93 22 enskildt
504 553 128 28 reqvireras,
644 553 123 27 försändas
786 553 50 21 eller

219 586 153 26 utkrediteras,
396 589 54 18 utan
472 587 58 21 skall
552 588 126 26 reqvisition
694 587 72 27 deraf,
778 588 58 26 uppå

218 620 56 22 hans
299 622 110 25 anmälan,
433 621 35 21 ske
492 622 78 20 endast
592 628 76 20 genom
683 622 154 26 länestyrelsen

218 655 37 21 och
282 656 35 20 det
340 656 138 27 reqvirerade
494 655 54 21 blott
562 656 9 20 i
586 656 73 27 grund
674 655 29 26 af
714 655 123 28 länestyrel-

216 696 50 14 sens
282 690 125 26 anordning
418 689 126 25 försändas
559 690 39 20 och
613 690 152 21 utkrediteras.

496 740 16 27 $
528 742 34 20 31.

288 781 33 20 På
344 781 36 21 det
398 781 120 27 stämpladt
530 788 88 20 papper
633 780 38 21 och
686 780 151 27 stämpelmär-

218 814 42 22 ken
275 816 35 19 må
325 814 75 22 kunna
421 814 144 22 allmänheten
582 814 186 27 tillhandahållas,
784 814 56 22 skall

219 850 9 20 i
244 849 74 27 hvarje
334 849 50 21 stad
398 852 56 18 samt
470 849 8 20 i
493 849 75 27 hvarje
584 849 76 21 socken
675 856 27 14 en
717 850 51 20 eller
779 849 60 27 flera

213 883 204 28 försäljningsmän
440 883 56 27 efter
521 883 66 28 behof
597 886 100 25 antagas,
714 884 38 20 hos
768 883 72 21 hvilka

220 918 26 20 de
268 920 53 19 mest
344 917 106 28 behöfliga
472 918 83 21 värden
578 917 52 21 böra
652 924 53 15 vara
728 920 32 18 att
772 918 68 27 tillgå.

221 951 181 28 Stämpelpapper
417 952 37 20 och
469 952 181 27 stämpelmärken
666 952 66 25 skola,
745 952 32 27 på
788 952 53 26 för-

219 985 214 29 säljningsmännens
462 985 117 28 skriftliga
607 986 133 28 reqvisition,
765 992 76 20 genom

220 1020 166 27 länestyrelsens
404 1020 92 27 försorg
520 1020 157 27 kostnadsfritt
701 1019 70 22 hållas
794 1019 46 22 dem

222 1054 118 25 tillhanda;
356 1053 37 22 och
416 1061 38 20 ega
469 1054 26 21 de
502 1054 43 27 för
560 1054 44 21 alla
619 1054 71 25 medel,
706 1061 46 14 som
766 1060 76 21 genom

215 1088 171 27 försäljningen
416 1088 87 28 inflyta,
528 1089 34 20 uti
579 1088 263 28 försäljningsprovision

221 1122 35 27 sig
271 1122 34 21 till
318 1122 56 27 godo
390 1122 102 27 beräkna,
509 1123 9 20 i
532 1122 140 28 Helsingfors
690 1125 38 23 tre,
744 1123 8 20 i
768 1122 25 21 de
808 1122 34 27 öf-

222 1157 50 26 riga
294 1157 104 21 städerna
416 1157 57 27 fyra
494 1159 94 24 procent
610 1157 39 20 och
670 1157 32 27 på
718 1157 74 21 landet
802 1155 41 28 för

222 1191 87 26 influtet
326 1191 72 27 belopp
415 1191 30 26 af
456 1191 62 20 ända
535 1191 34 22 till
578 1191 138 27 femhundra
725 1190 63 21 mark
796 1191 47 20 åtta

217 1226 101 25 procent,
342 1227 56 18 samt
408 1224 42 27 för
465 1225 60 20 hvad
540 1231 98 14 summan
649 1225 41 26 för
706 1225 47 20 året
769 1225 75 20 derut-

223 1258 60 27 öfver
298 1258 44 21 kan
357 1260 79 25 utgöra
451 1259 78 20 endast
544 1265 37 15 sex
588 1261 98 25 procent,
698 1258 85 21 hvilken
791 1264 52 21 pro-

222 1292 70 21 vision
303 1292 204 28 försäljningsman
522 1299 50 21 eger
586 1293 9 20 i
610 1292 132 28 afgifvande
752 1292 91 21 redovis-

223 1327 54 26 ning
295 1326 42 27 för
352 1327 26 20 de
392 1327 96 26 influtna
504 1327 82 21 medlen
602 1327 34 26 sig
652 1326 34 21 till
699 1325 56 28 godo
772 1324 70 21 räkna

220 1363 60 18 samt
296 1361 36 20 vid
348 1361 73 21 dessas
437 1361 121 27 leverering
572 1360 117 21 innehålla.

499 1406 17 27 $
529 1407 35 20 32.

293 1446 34 21 På
345 1446 139 21 Guvernören
500 1446 10 20 i
524 1445 77 28 hvarje
616 1445 37 22 län
668 1445 125 22 ankommer
804 1446 40 24 att,

764 1479 11 16 4
