1009 1739
210 157 12 20 2
412 155 25 22 U.
453 155 23 22 B.
494 167 26 4 —
536 155 65 28 Prop.
618 155 38 22 N:o
672 154 31 23 18.

249 219 160 23 Presteständet
424 220 6 21 i
446 221 65 21 dessa
526 221 60 22 delar
602 220 96 28 godkänt
706 220 161 23 reservationen
875 221 40 21 N:o
925 222 12 19 2

181 255 40 22 och
237 255 85 22 säledes
337 255 90 22 beslutit
442 257 33 20 att
489 255 37 22 vid
546 255 163 28 ifrägavarande
724 255 34 22 val
774 255 37 21 tvä
826 255 112 22 skattören

181 289 111 22 medförde
307 295 26 16 en
348 291 53 25 röst,
417 291 33 20 tre
474 290 114 22 skattören
610 290 37 22 tvä
669 291 77 25 röster,
765 289 47 28 fyra
827 289 112 23 skattören

180 323 47 28 fyra
241 325 77 26 röster,
335 323 41 22 fem
393 324 112 22 skattören
520 323 43 23 fem
578 325 72 21 röster
664 324 40 22 och
721 324 25 21 sä
756 324 74 22 vidare
840 324 56 22 ända
906 325 32 21 till

181 358 31 22 tio
226 359 78 25 röster,
321 364 45 16 som
382 364 50 16 vore
454 359 37 22 det
507 359 79 27 högsta
600 359 92 21 röstetal
706 359 71 26 någon
792 359 72 21 kunde
879 359 59 22 inne-

181 392 69 27 hafva,
267 395 57 19 samt
338 395 33 20 att
385 393 64 27 ingen
460 393 57 28 finge
528 394 35 21 vid
576 393 58 22 valet
644 393 73 22 utöfva
727 395 92 20 rösträtt
828 392 34 23 för
869 395 70 20 större

182 427 59 21 antal
256 429 70 20 röster
342 429 27 20 än
384 434 46 15 som
446 428 91 22 svarade
552 430 46 20 mot
613 434 26 16 en
655 427 154 23 femtiondedel
824 427 22 22 af
859 428 26 21 de
896 428 43 21 val-

182 461 149 27 berättigades
348 462 162 28 sammanlagda
525 462 126 28 röstbelopp
668 462 54 22 efter
737 462 151 28 röstlängden;

251 496 182 28 Borgareständet
448 497 84 27 antagit
548 497 120 22 utskottets
683 496 87 28 förslag,
783 497 66 27 enligt
858 497 82 22 hvilket

182 530 38 23 det
242 531 79 22 minsta
342 531 181 28 inkomstbelopp,
540 538 46 16 som
601 532 137 26 berättigade
754 532 32 21 till
801 533 90 21 rösträtt
906 534 34 19 ut-

182 565 76 28 gjorde
274 565 131 23 ättabundra
420 566 67 27 mark,
500 568 57 20 samt
567 566 74 28 hvarje
652 566 174 28 öfverskjutande
836 566 102 22 inkomst-

180 600 78 28 belopp
283 600 23 22 af
318 600 130 28 fyrahundra
470 601 60 21 mark
553 601 109 22 medförde
684 608 26 15 en
726 602 46 20 röst
788 601 31 21 till
836 601 40 22 och
891 602 48 21 med

182 635 105 27 tjugufem
302 636 76 27 röster,
402 642 46 15 som
462 642 52 16 vore
531 636 37 21 det
583 635 78 28 högsta
676 635 91 22 röstetal
783 636 70 26 någon
868 636 72 21 kunde

182 669 121 27 innehafva,
320 670 56 22 dock
392 670 90 22 sålunda
497 672 33 20 att
545 672 91 20 rösträtt
651 669 57 28 finge
723 670 85 22 utöfvas
823 670 33 22 för
864 670 76 22 endast

184 711 26 15 en
232 704 153 22 femtiondedel
407 704 23 22 af
447 706 27 21 de
496 704 183 28 valberättigades
703 705 161 27 sammanlagda
885 706 55 21 röst-

180 738 80 28 belopp
282 738 54 23 efter
351 740 151 26 röstlängden;
518 742 57 19 samt

251 774 163 22 Bondeståndet
429 774 44 22 lika
488 775 49 21 med
552 774 168 22 Presteståndet
735 774 100 22 omfattat
845 780 95 16 reserva-

183 808 73 22 tionen
272 808 40 22 N:o
328 810 20 20 2.

253 843 34 21 Då
302 844 37 21 det
353 844 8 20 i
376 843 52 28 följd
451 844 64 21 häraf
536 844 46 26 gält
596 842 34 24 för
644 843 109 23 utskottet
768 845 33 20 att
816 844 53 22 söka
884 850 54 16 sam-

183 878 121 28 manjeraka
327 878 27 22 de
377 878 56 22 olika
456 878 140 28 meningarne
612 879 7 21 i
634 878 65 22 dessa
722 878 60 22 delar
799 878 39 22 har
854 878 37 22 det
905 878 35 21 väl

183 912 49 22 icke
247 913 93 27 undgått
355 913 109 22 utskottet
478 915 34 19 att
527 913 48 21 med
592 913 40 21 den
648 913 80 27 nådiga
737 912 161 28 propositionen
909 912 29 22 öf-

184 949 180 20 verensstämma:
388 947 159 28 Ridderskapet
562 948 41 21 och
618 947 80 22 Adelns
715 949 56 20 samt
786 947 153 27 Borgarestån-

184 981 49 22 dets
248 981 74 23 beslut
338 981 128 23 derutinnan
482 984 32 19 att
530 982 37 21 det
582 981 180 28 inkomstbelopp,
774 987 45 16 som
830 981 110 22 medförde

184 1021 27 16 en
226 1017 54 26 röst,
296 1015 48 23 icke
359 1016 131 27 understege
506 1016 132 22 åttahundra
654 1016 67 26 mark,
737 1016 75 22 Preste
828 1016 40 22 och
883 1016 57 21 Bon-

185 1050 132 23 deståndens
333 1051 72 22 beslut
419 1051 6 20 i
442 1051 25 21 så
482 1051 68 21 måtto
567 1052 33 20 att
614 1050 172 27 röststegringen
801 1051 85 27 gjordes
903 1051 37 21 be-

184 1085 82 22 roende
282 1085 22 22 af
317 1085 241 28 skattöressättningen,
575 1087 57 20 samt
648 1085 196 27 Borgareståndets
861 1085 79 27 beslut,

184 1119 135 23 beträffande
341 1120 78 27 högsta
442 1120 83 22 antalet
546 1121 77 26 röster,
647 1126 46 16 som
709 1120 71 27 någon
794 1120 72 21 kunde
882 1120 58 21 inne-

184 1153 70 28 hafva,
271 1154 7 21 i
292 1155 86 22 hvilken
392 1155 70 27 punkt
474 1155 81 28 jemväl
570 1155 161 26 Ridderskapet
746 1154 40 22 och
802 1154 80 22 Adelns
896 1161 44 15 me-

184 1189 52 27 ning
258 1191 85 20 närmar
358 1189 33 28 sig
406 1189 41 22 den
464 1189 79 28 nådiga
557 1189 170 28 propositionen,
744 1191 56 20 samt
820 1191 32 20 att
872 1189 69 22 denna

184 1223 93 22 sålunda
294 1224 72 22 kunde
382 1230 63 16 anses
461 1224 53 22 böra
529 1224 121 27 naturligen
666 1223 83 28 framgå
763 1224 71 21 såsom
850 1224 92 21 resultat

185 1258 23 21 af
222 1265 26 15 en
267 1259 205 27 sammanjemkning
492 1259 48 21 utaf
552 1259 103 22 ståndens
672 1259 57 21 olika
745 1258 81 27 åsigter
840 1259 6 21 i
861 1259 79 27 frågan.

184 1293 44 22 Det
246 1292 40 22 har
301 1293 55 22 dock
376 1295 59 26 synts
452 1293 110 22 utskottet
577 1293 73 22 såsom
665 1299 35 16 om
716 1294 32 21 ett
762 1292 81 28 förslag
858 1295 32 20 att
905 1299 37 16 an-

184 1328 52 26 taga
252 1327 42 22 den
308 1327 78 28 nådiga
400 1327 164 28 propositionen
580 1327 48 22 icke
644 1327 85 22 komme
741 1328 33 21 att
784 1327 157 22 tillfredsställa

184 1361 68 28 något
267 1361 23 22 af
303 1361 98 27 stånden,
421 1361 32 22 till
470 1362 86 22 hvilken
572 1362 113 22 rörmodan
701 1361 109 22 utskottet
824 1362 70 22 funnit
909 1363 33 26 sig

184 1395 64 23 hafva
264 1397 25 21 så
304 1397 86 27 mycket
404 1398 71 21 större
494 1397 54 26 skäl,
568 1403 47 15 som
631 1397 41 21 den
688 1397 79 27 nådiga
782 1397 159 27 propositionen

184 1431 70 22 under
277 1431 127 22 "debatterna
418 1431 7 22 i
441 1432 66 21 saken
530 1431 152 22 förordadesaf
696 1431 77 22 endast
788 1433 32 20 ett
834 1431 53 22 fåtal
909 1438 33 15 re-

184 1466 158 26 presentanter.
373 1465 114 23 Utskottet
509 1466 40 22 har
570 1465 84 23 derföre
677 1467 55 20 trott
753 1466 37 21 det
808 1472 50 15 vara
873 1466 69 27 tjenli-
