1009 1739
310 145 24 23 U.
351 146 23 22 B.
390 157 27 4 —
433 145 66 30 Prop.
515 145 39 23 N:o
569 145 35 23 25.
807 146 12 20 7

88 213 29 27 på
138 211 70 28 grund
231 211 22 22 af
272 212 12 26 &
307 213 9 20 1
334 211 84 28 uppgår
433 211 34 22 till
482 211 134 22 ättahundra
630 211 68 24 mark,
714 211 55 21 skall
782 210 67 29 likväl

89 248 61 21 detta
165 246 78 27 belopp
260 246 105 27 erläggas.
388 245 104 28 Lindring
506 246 8 21 i
530 245 62 22 detta
607 245 124 22 hänseende
742 245 42 22 kan
795 245 55 22 dock

89 281 22 22 af
128 280 231 27 Finansexpeditionen
378 280 8 21 i
405 280 106 22 Senatens
527 279 271 28 Ekonomiedepartement
812 279 38 22 be-

89 315 68 28 viljas,
180 315 8 21 i
210 315 104 21 händelse
337 315 124 21 tillverkare
481 315 70 21 under
570 315 48 21 året
639 314 94 27 upphört
752 313 49 22 med
817 313 33 22 sin

89 350 82 22 rörelse
192 349 52 22 eller
263 349 100 27 bryggeri
378 349 70 28 eljest,
464 349 33 21 till
513 349 53 28 följd
581 348 23 22 af
618 349 78 21 vådeld
712 348 52 23 eller
780 354 69 16 annan

90 384 184 28 olyckshändelse,
290 384 75 26 längre
380 384 32 21 tid
427 383 23 22 af
464 384 48 21 året
526 383 56 22 varit
596 383 8 21 i
620 383 156 22 overksamhet.

444 464 13 26 8
473 465 19 20 3.

158 504 100 28 Fritagen
270 504 45 22 från
326 504 116 27 bevillning
452 510 51 16 vare
514 504 120 28 hembrygd
645 503 125 28 maltdryck,
780 502 69 23 ehvad

90 539 124 21 densamma
230 541 24 19 är
270 539 32 21 till
316 538 126 28 försäljning
458 538 121 28 medgifven
594 538 52 22 eller
661 539 55 21 icke.

157 573 135 22 Restitution
314 572 23 22 af
358 573 73 27 erlagd
453 573 117 27 bevillning
594 579 51 21 eger
666 579 47 15 rum
735 572 33 22 för
786 572 62 22 malt-

89 608 72 27 dryck,
178 614 46 15 som

158 642 23 27 a)
197 641 47 22 från
259 642 73 21 landet
347 641 92 27 utföres;

159 676 19 26 b)
202 676 68 22 under
293 676 74 27 sjelfva
387 676 166 27 tillverkningen
574 676 52 22 eller
646 676 94 22 derefter
758 676 34 22 till
807 676 42 22 den

91 711 52 27 grad
162 711 96 26 skadats,
272 712 33 20 att
321 710 47 27 den,
385 710 68 28 enligt
468 710 122 28 tillförlitlig
606 711 121 27 utredning,
743 711 48 21 icke
806 710 42 22 kan

90 745 72 22 såsom
177 745 121 27 maltdryck
314 745 114 21 användas.

444 826 13 26 8
472 826 20 21 4.

158 866 34 22 Då
214 866 119 28 maltdryck
355 866 47 21 från
425 868 66 20 annat
518 866 52 22 land
592 866 33 22 till
645 866 92 25 Finland
761 865 87 27 införes,

91 900 54 22 skall
166 900 70 22 derför
257 900 99 28 erläggas
376 900 46 26 tull,
438 901 29 27 på
482 903 46 19 sätt
543 901 74 21 derom
633 903 23 19 är
672 901 103 21 särskildt
790 900 58 22 stad-

91 935 66 26 gadt;
176 935 55 21 dock
254 937 32 19 att
309 935 66 26 sagde
395 934 62 27 afgift
475 935 49 22 icke
542 935 36 21 må
597 936 126 26 understiga
737 935 31 21 tio
783 935 65 27 penni

90 969 33 22 för
137 969 74 27 hvarje
226 969 66 27 butelj
310 969 23 21 af
346 975 26 16 en
387 969 117 27 fjerdedels
516 970 82 21 kannas
608 970 62 27 rymd
680 969 41 22 och
732 969 41 22 fem
784 969 64 27 penni

89 1003 34 22 för
141 1003 46 22 half
204 1003 66 28 butelj
292 1005 61 25 samt,
372 1009 34 16 om
422 1010 65 15 varan
503 1003 80 23 införes
598 1004 29 27 på
642 1004 36 27 fat,
696 1004 74 21 trettio
784 1003 64 28 penni

90 1037 32 22 för
137 1037 77 22 kanna.

444 1100 11 28 8
472 1103 19 19 5.

159 1135 85 26 Önskar
266 1140 69 27 någon
358 1142 33 20 att
409 1141 9 21 i
434 1140 36 28 för
488 1141 82 22 sådant
585 1141 104 22 ändamål
702 1141 70 27 afsedt
787 1140 61 28 bryg-

89 1174 46 28 geri
151 1175 31 20 till
198 1174 127 28 försäljning
340 1175 98 22 tillverka
453 1176 128 27 maltdryck,
595 1176 56 21 skall
662 1176 42 21 han
715 1176 40 21 hos
766 1175 82 22 Guver-

89 1210 66 20 nören
176 1209 7 20 i
202 1209 60 21 länet
278 1209 73 22 derom
367 1210 85 21 anmäla
466 1211 68 21 minst
548 1212 34 20 tre
597 1211 79 21 veckor
690 1210 47 22 före
752 1210 96 21 tillverk-

89 1243 89 27 ningens
193 1243 136 26 vidtagande.

157 1277 146 28 Tillverkning
318 1278 27 28 af
356 1279 120 28 maltdryck
491 1285 65 16 anses
570 1279 90 22 fortfara
676 1280 40 21 och
731 1279 117 27 bevillning

89 1312 39 22 bör
144 1312 98 27 erläggas
258 1313 55 21 intill
330 1313 48 22 dess
394 1314 124 21 tillverkare
534 1320 34 15 om
583 1314 109 22 rörelsens
708 1313 140 28 upphörande

89 1347 81 21 anmält
189 1346 39 22 hos
253 1347 139 22 Guvernören
408 1348 7 21 i
430 1348 65 27 länet,
512 1348 87 22 hvilken
615 1349 37 22 det
668 1349 82 27 åligger
765 1350 33 19 att
814 1354 34 16 om

89 1381 67 21 sådan
175 1381 98 22 anmälan
289 1382 126 22 underrätta
430 1383 163 22 vederbörande
608 1383 120 22 kontrollör
743 1383 41 22 och
799 1383 49 21 kro-

88 1415 144 28 nobetjening.

157 1455 215 23 Bevillningsutskottets
384 1456 118 18 betänkande
515 1457 36 17 N:o
564 1457 16 18 1.
