1009 1739
222 144 12 21 8
374 143 78 23 Ständ.
469 144 36 23 Sv.
522 156 27 3 —
565 143 71 28 Prop.
652 143 40 22 N:o
707 143 33 21 22.

193 203 147 26 Återstående
357 207 103 27 beloppet
475 206 23 22 af
512 206 27 22 de
554 207 46 21 utaf
616 208 89 20 senaste
716 205 62 22 Stän-

223 241 39 22 der
284 241 33 22 för
340 241 95 22 militära
457 241 101 22 ändamål
578 241 104 22 anvisade
702 240 75 21 bevill-

223 275 139 27 ningsmedel
414 292 4 5 =.
449 292 3 4 os
484 292 4 4 so
521 291 4 5 so
556 291 41 5 cc
664 292 5 5 so
700 291 4 5 so
735 290 4 5 +
771 291 4 4 +
787 275 120 26 3,373,890:
916 275 33 21 82.

619 292 89 45 Summa
724 315 48 28 Ing
788 315 119 26 6,430,029:
917 316 34 19 92.

195 350 33 21 Då
252 350 73 21 härtill
350 350 76 27 lägges
447 350 65 21 ofvan
534 350 92 27 angifna
646 349 130 28 behållning

224 383 48 22 från
290 385 23 20 år
331 385 53 21 1884
411 400 3 5 .
445 402 3 3 .
697 401 4 4 +
731 400 4 5 +
768 385 136 25 1,352,134:
916 385 27 20 76

196 414 98 34 befinnes
306 398 179 51 Militiekassans.
491 400 181 45 summatillgång
680 419 32 20 för
723 418 55 22 1885

224 455 80 25 utgöra
453 470 40 4 Ok
527 469 4 5 om
545 449 4 35 o
596 469 5 5 SS
632 468 4 5 &
702 468 39 6 <...
774 453 133 26 7,782,164:
919 452 33 22 (8.

266 499 34 21 Då
323 500 119 26 utgifterna
460 499 69 21 under
550 499 24 21 är
591 498 55 22 1885
662 500 38 19 äro
717 498 5 21 i
739 498 164 27 statsförslaget
918 498 33 21 för

198 534 164 26 frägavarande
386 534 24 20 år
431 533 129 21 beräknade
581 533 33 21 till
631 533 63 21 F:mk
709 534 120 24 7,423,344:
846 532 27 22 85
889 532 62 22 torde

196 568 94 21 sålunda
313 574 26 14 en
362 568 127 26 behållning
512 568 6 20 i
542 568 161 20 militiekassan
728 567 24 21 af
772 567 67 21 minst
861 568 92 25 300,000

196 602 63 21 mark
283 602 73 21 kunna
372 602 112 27 päräknas
500 602 37 21 vid
555 602 54 22 1885
626 602 35 21 års
678 602 89 27 utgång,
784 601 88 21 hvarför
888 602 64 21 Stän-

196 636 69 22 derna
290 637 70 21 funnit
379 639 30 19 ett
428 636 130 28 ytterligare
574 637 79 27 anslag
670 636 32 22 till
719 636 137 21 betäekande
873 636 24 20 af
910 636 42 20 den

196 671 6 20 i
218 671 165 27 propositionen
400 671 128 21 beräknade
545 672 81 20 bristen
643 671 49 21 icke
709 677 53 14 vara
778 670 25 21 af
816 670 79 21 nöden.

266 705 32 21 På
321 705 70 27 grund
411 705 23 21 af
448 705 58 21 hvad
523 705 64 21 ofvan
606 705 90 25 anförts,
712 704 22 21 få
750 704 124 22 Ständerna
890 705 5 20 i
913 711 38 14 un-

197 738 147 27 derdänighet
359 740 87 20 anmäla

368 776 33 18 att
422 773 126 22 Ständerna
564 774 96 27 godkänt
676 780 24 14 en
717 773 69 27 utgift
797 773 41 27 för
854 774 98 20 militära

335 808 105 21 ändamål
462 808 70 21 under
556 809 52 20 åren
636 808 144 21 1886—1888
799 808 30 26 af
845 814 107 14 samman-

336 842 60 27 lagdt
413 843 130 25 18,699,848
558 842 69 21 mark.

268 882 170 22 Militiefondens
460 882 120 22 inkomster
596 882 68 22 under
680 882 52 21 ären
751 882 140 22 1886—1888
908 882 44 21 haf-

198 924 28 14 va
242 916 24 22 af
280 916 132 26 Ständerna,
428 917 6 21 i
451 917 97 27 enlighet
564 917 49 21 med
629 916 41 22 den
688 916 82 27 nädiga
781 916 171 28 propositionen,

196 951 124 21 beräknats
344 951 31 21 till
398 952 114 25 9,970,000
536 952 69 26 mark,
629 951 85 20 hvaruti
736 951 84 27 jemväl
841 951 63 26 ingär
925 957 27 14 en

197 991 88 15 summa
301 985 24 21 af
338 986 93 25 800,000
446 986 68 25 mark,
532 985 121 28 utgörande
669 985 123 25 ersättning
808 985 46 20 frän
867 985 85 21 militie-

197 1019 177 22 boställskassan
392 1020 32 21 till
442 1019 158 22 militiefonden
617 1019 33 21 för
666 1019 37 21 det
718 1019 86 28 belopp,
821 1019 85 21 hvilket
918 1025 35 15 en-

196 1053 42 27 ligt
258 1053 124 27 beräkning
398 1054 32 21 till
447 1054 96 21 nämnda
560 1054 68 21 kassa
644 1053 79 22 influtit
739 1060 79 21 genom
834 1053 120 21 virkesför-

197 1087 101 28 säljning
322 1095 24 14 ur
365 1088 110 27 skogarne
491 1088 71 21 under
578 1088 165 21 militiestatens
759 1087 195 27 boställslägenhe-

197 1124 38 19 ter.

268 1156 39 21 Om
320 1157 56 20 ifrån
388 1157 26 21 de
426 1157 144 27 kalkylerade
582 1156 120 28 utgifterna
718 1171 3 5 .
745 1155 64 21 F:mk
828 1155 126 26 18,699,858

198 1190 106 27 afdrages
320 1190 164 22 ofvannämnda
500 1191 94 27 tillgång
613 1207 1 4 .
645 1207 5 4 .
682 1207 3 4 .
716 1207 4 4 .
766 1206 34 10 ,.
842 1189 113 26 9,970,000

197 1224 99 26 hvilken,
310 1225 90 26 jemlikt
414 1229 9 21 $
441 1225 39 21 122
492 1225 4 20 i
509 1225 212 26 värnepligtslagen,

198 1257 80 22 främst
289 1259 39 20 bör
339 1259 114 21 användas
465 1259 31 21 till
509 1260 94 20 militära
614 1259 108 25 ändamål,

197 1293 65 25 utgör
278 1293 36 20 det
330 1293 28 27 pä
374 1295 100 20 närmare
492 1293 118 27 anvisning
626 1293 24 20 af
659 1293 60 21 Stän-

198 1325 69 22 derna
284 1327 108 21 beroende
409 1327 140 22 återstående
565 1327 121 27 beloppet.
718 1343 4 4 .
768 1343 12 9 .,
834 1326 122 25 8,729,848.

633 1367 89 21 Summa
752 1367 48 27 Frye
823 1367 133 25 18,699,848.

270 1406 140 21 Beträffande
431 1407 26 21 de
473 1407 127 28 tillgängar,
617 1413 47 15 som
680 1407 33 20 för
730 1406 171 27 ifrägavarande
918 1408 38 19 än-

198 1439 76 22 damäl
293 1440 23 21 af
330 1440 124 22 Ständerna
470 1441 96 26 anvisas,
582 1441 85 21 lemnas
684 1443 100 19 närmare
795 1440 141 27 redogörelse
950 1441 6 20 i
