1009 1739
264 166 78 23 Ständ.
360 166 36 23 Sv.
415 178 23 3 —
456 166 72 28 Prop.
545 167 40 21 N:o
600 167 32 21 21.
789 169 11 18 5

74 229 80 28 offring
174 229 32 21 för
222 229 161 21 förbättrandet
399 229 23 20 af
436 229 317 27 folkskollärarepersonalens
770 230 59 21 ställ-

75 263 60 27 ning,
159 266 51 19 utan
228 265 71 19 staten
315 269 75 15 ensam
408 263 116 27 öfvertaga
540 263 151 22 kostnaderna
708 263 36 22 vid
759 263 71 22 denna

75 297 119 27 reglering.

145 331 47 21 Den
209 331 82 27 nädiga
307 331 178 27 propositionens
501 331 91 27 förslag,
608 334 32 19 att
656 331 36 22 det
708 331 70 28 ärliga
790 331 40 22 till-

76 365 84 22 skottet
182 365 6 20 i
212 365 64 21 lönen
294 365 32 21 för
343 365 75 27 hvarje
434 365 73 21 lärare
524 365 41 21 och
582 365 112 21 lärarinna
711 366 65 21 mätte
794 365 34 21 be-

75 401 105 20 stämmas
204 399 32 22 till
260 400 42 19 200
322 399 69 25 mark,
408 402 57 18 samt
480 401 32 19 att
528 399 178 27 löneförhöjning
722 400 39 21 och
777 405 52 20 pen-

76 433 111 27 sionering
210 433 28 27 pä
255 432 69 27 grund
341 433 21 20 af
377 436 20 22 s$
414 434 40 19 134
471 432 41 22 och
528 433 42 21 195
587 433 30 21 uti
634 432 195 22 folkskoletörord-

76 467 80 27 ningen
173 467 72 21 skulle
263 467 108 21 beräknas
388 467 54 21 efter
458 466 74 22 denna
543 467 102 27 förhöjda
656 467 97 27 aflöning
764 466 65 22 hafva

74 500 125 22 Ständerna
216 501 69 21 funnit
300 501 5 21 i
322 500 43 22 allo
381 501 137 21 välbetänkt.

144 535 34 21 Uti
201 535 165 27 propositionen
390 535 110 21 beräknas
525 535 41 21 den
587 536 71 26 utgift,
674 542 47 15 sym
738 534 92 22 berörda

74 569 184 27 löneförbättring
296 570 22 20 åt
352 569 303 27 folkskollärarepersonalen
690 569 72 21 skulle
795 568 33 22 för

76 603 136 21 statsverket
227 602 105 26 medföra,
348 603 32 21 till
399 604 91 25 181,600
507 604 62 20 mark
587 610 33 14 om
638 604 52 26 äret,
706 610 49 14 men
767 603 63 21 Stän-

76 637 68 21 derna
169 637 65 21 hafva
257 640 53 18 trott
325 637 71 21 denna
408 638 70 26 ärliga
494 637 130 27 utgiftspost
639 638 74 20 kunna
729 636 101 22 nedsätta

75 671 31 21 till
125 672 91 25 169,600
232 672 69 20 mark.
331 672 46 20 Den
394 671 82 27 nädiga
487 672 167 26 propositionen
665 670 41 22 har
718 670 110 27 nämligen

75 706 81 21 hemtat
172 705 169 27 ifrågavarande
358 706 86 26 uppgift
460 706 47 20 från
524 700 190 32 Öfverstyrelsens
725 705 33 21 för
769 704 61 21 skol-

75 739 107 22 väsendet
208 740 6 20 i
243 740 69 20 saken
340 739 84 27 afgifna
447 740 121 25 utlätande,
593 740 37 20 der
655 734 173 32 Öfverstyrelsen

75 773 94 27 angifvit
192 773 37 21 det
252 774 84 26 ärligen
353 774 109 26 behöfliga
480 773 102 27 bidraget
598 773 54 22 efter
668 773 124 27 beräkning
808 772 21 21 af

76 814 26 14 en
126 807 92 27 femärig
234 807 164 27 budgetperiod.
430 807 34 21 Dä
480 807 34 21 för
531 808 75 27 hvarje
624 808 23 20 är
663 807 166 21 folkskolornas

76 841 58 21 antal
152 841 48 21 icke
216 841 121 27 obetydligt
352 841 61 27 ökas,
431 841 90 21 komma
537 842 64 20 äfven
618 841 164 27 statsbidragen
799 842 32 19 att

76 875 84 27 årligen
178 875 52 27 utgå
245 875 33 21 till
293 875 162 28 sammanlagdt
471 876 68 26 högre
555 876 87 26 belopp,
652 875 87 21 hvarför
751 874 37 22 det
796 874 33 21 år-

75 909 46 27 liga
144 909 175 27 medelanslaget
342 910 32 20 för
398 916 26 14 en
449 909 160 27 budgetperiod
626 910 24 20 af
662 910 42 20 fem
722 909 23 21 år
761 908 68 21 måste

76 943 65 21 ställa
157 944 35 26 sig
208 943 67 27 högre
292 946 27 18 än
336 943 31 21 för
384 950 27 14 en
428 943 76 26 period
522 944 23 20 af
555 943 78 21 endast
644 946 75 18 trenne
731 942 30 21 är.
788 942 43 21 Det

75 977 6 20 i
103 977 163 26 propositionen
289 977 6 20 i
311 977 161 27 sammanhang
488 977 89 21 härmed
595 980 113 24 upptagna
724 975 106 22 tillskots-

76 1011 102 26 anslaget
201 1011 23 20 af
242 1012 77 25 43,200
335 1011 61 21 mark
413 1011 33 21 för
462 1011 180 27 löneförhöjaing
658 1011 39 21 och
714 1010 115 27 pensione-

75 1044 49 27 ring
140 1044 23 21 ät
178 1044 303 27 folkskollärarepersonalen
498 1045 29 27 pä
543 1045 70 27 grund
625 1045 21 20 af
656 1049 20 21 $$
692 1045 36 21 134
740 1043 40 22 och
790 1044 40 19 135

74 1078 8 20 i
104 1077 268 28 folkskoleförordningen
400 1079 65 21 hafva
485 1079 126 21 Ständerna
627 1078 24 22 af
664 1077 117 22 enahanda
796 1083 35 15 an-

76 1111 90 27 ledning
182 1111 88 22 nedsatt
286 1113 32 20 till
334 1114 77 24 40,000
428 1113 68 20 mark.

145 1146 42 21 Det
210 1145 32 22 till
266 1146 164 21 folkskolornas
454 1147 28 26 pä
498 1147 76 21 landet
593 1146 113 22 underhäll
724 1145 106 22 erforder-

75 1179 46 28 liga
144 1179 78 28 anslag
246 1179 32 22 för
302 1181 51 20 åren
373 1181 59 25 1886,
448 1181 55 20 1887
522 1181 39 20 och
580 1182 54 20 1888
650 1180 72 22 skulle
738 1178 92 23 sålunda

75 1216 89 24 utgöra:

76 1253 32 21 till
134 1252 96 28 aflöning
252 1256 22 19 at
289 1254 171 21 folkskollärare
477 1255 41 20 och
535 1255 89 21 lärarin-

144 1293 40 15 nor
204 1288 29 27 pä
248 1287 80 26 landet,
344 1288 70 27 enligt
431 1295 26 14 nu
474 1289 104 26 gällande
595 1289 29 21 fö-

144 1321 116 22 reskrifter
298 1338 3 4 .
332 1339 4 4 <
368 1339 4 4 so
403 1339 221 5 0.
655 1323 113 25 1,313,400
784 1321 48 27 Fang

76 1354 32 21 till
130 1355 177 28 löneförhöjning
326 1355 40 22 och
382 1356 158 27 pensionering
556 1357 70 26 enligt

144 1391 20 23 $$
189 1390 41 19 134
248 1389 40 21 och
306 1390 38 20 135
361 1389 6 21 i
384 1390 104 27 gällande
504 1390 121 21 folkskole-

144 1422 129 28 förordning
298 1440 4 4 .
332 1439 4 5 .
368 1439 4 4 <
404 1439 4 4 <
440 1439 77 6 «0
620 1439 4 4 L
653 1418 12 36 0
678 1423 92 26 100,000
801 1439 12 10 ,,
