1009 1739
402 159 40 24 N:o
458 159 29 23 17.
775 161 24 21 15

70 225 106 28 läggning,
200 225 74 22 såvida
295 225 73 28 frågan
389 226 50 21 icke
462 226 70 21 blifvit
556 226 22 21 af
597 226 95 22 Senaten
712 226 32 22 till
759 226 69 27 tinget

70 260 138 28 hänskjuten,
232 261 52 21 eller
302 260 100 22 härleder
421 260 34 27 sig
473 260 48 22 från
537 261 40 21 och
593 261 46 21 står
654 261 7 21 i
677 260 152 26 sammanhang

71 295 49 22 med
136 297 32 20 ett
182 295 58 22 förut
254 296 7 21 i
276 295 89 27 behörig
382 295 91 27 ordning
488 295 124 22 framstäldt
627 295 87 28 förslag,
727 295 51 22 eller
789 293 40 23 ock

71 329 121 22 föranledes
216 329 22 22 af
259 336 75 15 senare
357 329 102 22 inträffad
476 330 106 22 händelse
602 331 40 21 och
662 330 23 22 af
699 329 37 22 två
750 329 78 27 tredje-

73 364 60 21 delar
152 364 22 22 af
191 364 129 27 länstingets
336 364 71 21 såsom
424 365 134 21 närvarande
574 365 136 22 antecknade
726 363 100 23 medlem-

72 405 46 15 mar
132 398 114 23 förklarats
261 399 53 21 böra
330 399 31 21 till
378 399 76 27 åtgärd
468 401 115 25 upptagas.

416 474 12 26 8
446 476 33 19 30.

140 512 32 22 På
190 513 237 28 föredragningslistan,
449 520 46 16 som
515 514 7 22 i
538 514 196 27 samlingsrummet
750 513 78 27 anslås,

72 547 103 27 uppföras
194 547 76 23 främst
290 548 26 22 de
336 548 77 28 frågor,
430 555 47 15 som
493 549 70 21 blifvit
578 549 23 22 af
614 549 94 22 Senaten
724 548 33 22 till
772 548 58 21 läns-

73 583 69 27 tinget
165 583 167 27 öfverlemnade;
357 583 94 22 derefter
474 584 26 21 de
522 583 46 22 från
592 583 129 27 föregående
736 582 94 26 länsting

72 618 133 27 uppskjutna
224 618 105 25 ärenden;
345 618 73 22 vidare
435 618 27 21 de
478 618 24 22 af
517 618 139 22 Guvernören
673 616 157 24 öfverlemnade

72 652 81 27 förslag
168 654 56 20 samt
238 652 100 26 slutligen
355 652 26 22 de
397 652 23 22 af
432 652 164 27 länsutskottet,
607 653 101 21 kommun
720 652 52 22 eller
781 650 49 23 full-

72 687 82 25 mäktig
170 687 77 21 väckta
262 686 78 28 frågor.

141 722 128 26 Länstinget
287 722 131 21 bestämmer
440 722 8 21 i
464 722 65 27 öfrigt
544 722 51 27 sjelf
608 722 32 21 sin
657 721 172 26 arbetsordning.

414 796 13 26 8
442 798 34 20 31.
740 808 5 4 E

144 836 24 27 Ej
184 836 36 21 mä
234 836 80 22 ärende
329 836 109 27 företagas
456 836 32 22 till
504 836 164 28 öfverläggning
684 836 52 22 eller
751 835 79 26 beslut,

74 871 38 21 der
126 870 48 22 icke
190 870 64 22 minst
270 871 35 21 tvä
319 870 132 28 tredjedelar
467 870 21 22 af
502 871 38 21 det
555 871 58 21 antal
628 870 142 27 fullmäktige,
784 876 47 15 som

73 904 47 22 frän
136 905 203 28 länstingsomrädet
354 905 68 27 enligt
438 905 72 21 denna
525 905 35 27 lag
575 906 75 27 väljes,
668 907 36 19 äro
716 904 114 22 tillstädes.

417 979 11 28 $
444 981 35 20 32.

142 1019 149 22 Ordföranden
307 1020 65 21 vakar
388 1019 58 22 öfver
463 1020 119 27 ordningen
598 1020 35 21 vid
648 1019 129 26 länstingets
788 1018 42 22 för-

73 1053 134 28 handlingar,
230 1054 82 21 lemnar
334 1054 62 22 ordet
420 1055 22 20 ät
461 1054 135 25 fullmäktige
611 1055 7 20 i
634 1054 40 21 den
692 1053 95 27 ordning,
804 1053 26 21 de

72 1088 74 21 derom
170 1088 95 27 anhällit,
289 1089 40 21 och
350 1089 49 26 kan,
421 1089 39 21 der
478 1089 72 26 nägon
566 1089 67 21 talare
648 1087 135 23 missbrukar
798 1087 32 22 sin

71 1123 152 27 yttranderätt,
239 1123 99 27 fräntaga
352 1123 79 22 honom
448 1123 70 22 ordet.

140 1157 135 28 Fullmäktig,
299 1163 45 16 som
366 1157 29 27 pä
416 1159 32 20 ett
471 1157 53 22 eller
542 1159 66 20 annat
623 1159 45 20 sätt
683 1157 34 26 sig
732 1155 99 28 ovärdigt

71 1191 107 27 förhäller,
202 1192 42 21 kan
263 1191 22 22 af
302 1192 118 27 länstinget
435 1191 34 22 för
484 1191 76 28 längre
576 1191 52 22 eller
642 1192 88 21 kortare
746 1190 32 21 tid
793 1190 37 21 be-

71 1227 61 26 tagas
149 1228 45 19 rätt
209 1228 32 19 att
256 1226 7 21 i
278 1226 79 27 tingets
373 1226 163 27 förhandlingar
552 1226 92 27 deltaga.

140 1255 102 32 Ähörare,
264 1267 45 15 som
325 1261 48 21 med
390 1261 117 26 oskickligt
522 1260 134 27 uppförande
671 1259 102 22 beträdes
790 1259 40 22 och

72 1294 22 21 af
108 1294 115 22 meddelad
238 1295 89 27 varning
342 1295 18 27 ej
377 1295 57 22 läter
449 1295 35 27 sig
498 1297 78 25 rättas,
592 1295 42 21 kan
651 1294 23 22 af
687 1293 143 23 ordföranden

71 1329 89 22 utvisas.

414 1393 14 26 8
444 1395 36 20 33.

139 1432 137 27 Länstingets
300 1433 128 22 ordförande
451 1438 53 21 eger
526 1434 45 20 rätt
593 1435 33 19 att
642 1433 8 21 i
665 1432 80 27 tingets
762 1431 67 22 öfver-

70 1467 126 27 läggningar
212 1467 39 21 och
267 1467 72 21 beslut
354 1467 92 27 deltaga.
