1009 1739
212 149 26 20 10
417 147 25 23 U.
458 148 24 23 B.
497 161 28 3 —
540 149 66 29 Prop.
622 149 39 23 N:o
676 147 35 24 25.

180 213 62 22 förda
260 214 115 26 protokoll,
395 213 110 24 äfvensom
521 214 34 23 för
570 214 66 28 öfrigt
650 215 58 22 fästa
722 215 219 27 uppmärksamheten

180 247 36 22 vid
239 247 27 22 de
292 248 106 27 åtgärder,
422 255 48 16 som
487 249 7 22 i
515 249 103 22 afseende
637 249 14 22 &
665 249 122 22 kontrollen
803 250 72 22 kunna
889 256 52 16 vara

180 281 24 22 af
216 282 102 22 behofvet
332 283 120 27 påkallade.

525 347 11 28 8
554 349 32 20 12.

247 385 131 28 Kontrollör,
397 393 47 16 som
460 393 58 22 eger,
534 389 40 20 när
589 387 41 22 han
648 387 25 22 så
688 388 84 26 önskar,
789 387 93 27 granska
898 387 41 22 den

179 420 6 20 i
203 420 14 26 $
236 422 12 19 8
267 420 129 22 föreskrifna
412 422 88 27 journal
516 421 110 23 äfvensom
643 422 82 21 erhålla
740 422 94 22 tillträde
850 421 31 21 till
897 422 43 21 alla

179 454 60 22 delar
257 454 23 22 af
296 455 100 27 bryggeri
414 456 41 21 och
472 456 72 22 dertill
559 456 96 22 hörande
672 456 88 26 lokaler,
776 456 61 27 skall,
854 456 28 21 då
896 456 43 21 han

178 488 75 23 dervid
272 489 52 21 eller
344 490 64 27 eljest
422 490 123 28 upptäcker
560 490 157 22 öfverträdelse
733 490 23 22 af
770 490 70 22 denna
854 490 84 22 förord-

177 523 63 27 nings
262 523 141 28 föreskrifter,
426 525 79 22 sådant
528 525 32 21 till
578 526 51 26 laga
647 526 45 20 åtal
710 526 85 21 anmäla
810 525 39 22 hos
864 525 74 22 veder-

179 557 94 23 börande
292 558 63 22 fiskal
373 559 53 22 eller
444 560 186 27 kronobetjening,
647 566 47 16 som
710 560 37 22 det
762 560 81 27 åligger
858 561 32 20 att
906 559 31 22 äf-

176 598 42 15 ven
239 592 34 22 för
296 592 63 28 öfrigt
382 594 55 22 vaka
460 594 60 22 öfver
537 594 165 28 förordningens
723 594 152 22 efterlefvande
896 594 40 22 och

176 625 129 29 förbrytelse
324 628 97 22 deremot
436 628 110 28 sjelfmant
561 629 58 21 åtala
634 630 58 20 samt
706 630 33 20 att
754 628 102 22 särskildt
871 628 65 26 tillse,

176 662 34 20 att
231 661 138 29 tillverkning
390 663 49 22 icke
462 670 52 20 eger
533 670 47 15 rum
598 664 66 21 innan
682 663 120 22 kontrollör
820 662 116 22 tillförord-

176 696 56 26 nats,
256 696 54 22 eller
332 696 55 22 efter
406 698 38 21 det
462 704 34 16 om
516 698 108 22 rörelsens
640 698 140 28 upphörande
796 698 24 22 så
836 697 98 26 anmälts,

176 735 46 15 som
237 729 7 22 i
260 730 13 26 &
289 732 12 20 5
316 730 144 24 föreskrifves.

524 795 11 27 8
552 797 32 20 13.

244 828 162 28 Öfverträdelse
424 834 24 22 af
462 836 70 21 denna
546 835 138 27 förordnings
699 835 134 22 föreskrifter
848 834 86 22 straffas

174 866 50 22 med
239 867 64 22 böter
317 868 47 22 frän
378 868 40 22 och
430 869 48 22 med
489 869 75 22 femtio
575 870 32 21 till
618 869 41 22 och
671 869 49 22 med
730 868 126 23 femhundra
866 869 67 21 mark.

524 932 12 27 8
554 934 31 20 14.

242 969 65 26 Hvar,
332 976 47 16 som
401 971 7 21 i
428 971 79 28 sviklig
524 971 72 28 afsigt,
616 973 34 20 att
669 971 123 27 derigenom
808 971 72 27 undgä
895 971 37 22 be-

172 1003 117 28 skattning,
310 1004 134 23 öfverträder
459 1005 164 22 föreskrifterna
639 1006 7 21 i
662 1006 70 22 denna
747 1005 123 28 förordning
880 1005 52 22 eller

171 1037 7 21 i
198 1037 112 22 enahanda
326 1038 65 28 afsigt
406 1040 126 22 underläter
546 1042 33 19 att
593 1040 100 27 fullgöra,
708 1040 57 22 hvad
780 1040 84 26 honom,
878 1040 53 27 jem-

171 1071 41 22 likt
227 1072 131 27 densamma,
375 1073 83 28 äligger
474 1075 52 21 eller
542 1075 64 27 eljest
620 1075 94 26 lagligen
726 1075 86 27 äläggas
823 1075 49 26 kan,
880 1075 52 21 böte

170 1106 66 21 minst
253 1107 37 21 tvä
305 1108 83 27 gänger
403 1109 37 21 det
455 1109 165 22 undansnillade
637 1109 181 27 skattebeloppet,
834 1115 34 16 om
884 1109 47 20 det-

170 1146 83 16 samma
275 1141 43 22 kan
340 1144 97 25 utrönas,
462 1143 56 22 dock
540 1144 19 27 ej
580 1143 60 22 öfver
659 1143 101 22 tvätusen
778 1143 66 27 mark,
860 1143 71 22 men
919 1137 17 38 i

170 1181 71 15 annan
256 1175 104 23 händelse
375 1176 47 23 frän
438 1177 40 22 och
495 1178 49 21 med
560 1178 192 21 etthundrafemtio
767 1177 61 22 mark
842 1177 32 22 till
890 1177 41 22 och

170 1209 50 22 med
236 1209 142 23 omförmälda
392 1211 79 28 högsta
485 1212 89 27 belopp;
592 1214 83 20 ersätte
690 1213 41 21 ock
746 1213 80 21 kronan
841 1212 7 21 i
861 1214 22 26 ty
894 1211 36 22 fall

170 1243 42 22 den
228 1243 65 28 skatt,
310 1244 42 22 han
368 1245 92 22 sälunda
475 1247 51 20 sökt
541 1247 78 26 undgä.

520 1309 14 26 8
551 1311 33 20 15.

237 1346 46 21 Har
305 1347 124 22 tillverkare
449 1355 45 15 mer
513 1351 27 19 än
562 1355 26 16 en
604 1349 58 27 gång
677 1349 70 21 blifvit
761 1349 118 22 förvunnen
895 1355 34 15 om

168 1379 156 24 Ofverträdelse
347 1381 23 22 af
389 1381 165 29 förordningens
576 1383 142 26 föreskrifter,
741 1389 52 21 eger
818 1383 112 22 Guvernör

168 1413 112 23 dessutom
294 1415 30 27 pä
338 1416 42 21 den
396 1417 109 27 skyldiges
521 1417 123 22 bekostnad
660 1417 86 27 vidtaga
760 1417 42 22 alla
818 1418 26 21 de
858 1418 71 27 ätgär-

168 1448 44 27 der,
228 1454 47 16 som
290 1449 33 22 för
338 1456 27 15 en
381 1451 57 21 ökad
453 1451 94 22 kontroll
562 1451 75 22 kunna
651 1458 52 15 vara
712 1451 24 22 af
748 1452 77 21 nöden.

235 1488 218 24 Bevillningsutskottets
466 1490 117 19 betänkande
595 1492 38 17 N:o
645 1492 16 17 1.
