1009 1739
203 151 29 21 40
408 149 25 24 U.
448 151 24 22 B.
487 163 29 4 —
530 151 66 29 Prop.
611 151 39 23 N:o
665 150 36 23 23.

172 215 110 23 lesiastik-
304 216 40 22 och
363 216 155 23 skolstaternas
538 219 57 20 samt
613 217 188 26 folkskollärarnes
816 217 62 22 enke-
893 217 39 22 och

172 251 151 28 pupillkassor,
345 251 113 22 inhemska
478 252 31 27 på
528 251 117 28 ömsesidig
664 251 143 28 ansvarighet
820 251 114 28 grundade

172 285 196 28 brandstodsbolag
382 286 39 21 och
436 285 133 28 föreningar,
584 285 299 29 sjöassuransföreningarna,
893 287 41 27 hy-

171 319 227 29 potheksföreningen,
414 319 202 28 lifränteanstalter,
630 321 189 26 postsparbanken,
830 321 105 27 sparban-

171 355 47 24 ker,
241 354 176 28 inqvarterings-,
436 355 126 28 byggnads-
581 355 49 22 med
650 354 54 22 flera
718 355 110 27 komitéer,
844 355 89 28 kyrkor,

173 389 79 28 lyceer,
272 389 78 27 skolor,
365 389 125 28 hospitaler,
505 389 143 28 fattigvårds-
664 389 40 22 och
718 389 216 28 pensionsinrättnin-

172 430 47 21 gar,
235 423 158 28 hushällnings-
407 424 40 21 och
457 423 161 27 bibelsällskap,
629 423 102 22 samfand
740 423 35 22 för
785 423 148 28 befrämjande

172 457 26 22 af
209 457 118 28 litteratur,
342 458 119 28 vetenskap
477 458 40 22 och
532 458 54 22 skön
601 458 71 27 konst,
689 458 148 22 fakulteterna
852 458 38 22 och
900 457 34 22 af-

173 492 143 28 delningarna
324 492 38 22 vid
372 492 308 27 Alexanders-Universitetet,
692 492 74 28 adliga
773 492 161 28 jungfrustifts-

172 526 150 28 inrättningen
337 526 8 22 i
359 526 93 22 Finland
467 529 57 19 samt
534 527 86 21 sockne-
631 527 40 21 och
682 526 252 28 understödsmagasiner

174 561 111 23 äfvensom
300 561 90 22 fromma
404 561 111 27 stiftelser,
530 561 68 22 likväl
613 561 79 22 endast
702 562 58 21 hvad
771 562 14 21 å
796 562 62 21 dessa
867 562 67 22 verks

172 596 40 22 och
234 596 158 28 inrättningars
414 598 84 26 vägnar
520 596 104 22 inlemnas
647 596 53 21 eler
714 596 34 21 till
764 596 47 22 dem
826 596 107 22 utfärdas.

171 630 63 22 Dock
256 631 70 27 gäller
344 630 71 22 denna
432 630 101 22 befrielse
548 630 47 22 icke
610 630 36 22 för
660 630 65 28 köpe-
740 631 53 21 eller
807 631 55 21 salu-
876 632 57 20 samt

171 665 73 28 bytes-
260 666 39 21 och
314 664 117 28 gåfvobref
444 666 14 21 å
472 665 45 21 fast
532 665 114 27 egendom;

243 702 54 20 19:0.
319 700 47 22 Allt
387 700 57 22 hvad
466 700 8 21 i
495 700 76 27 frågor
589 699 93 22 rörande
697 701 113 26 pensioner
824 706 26 15 ur
864 700 70 28 krigs-

173 734 188 27 manshusfonden,
384 734 55 22 eller
461 734 39 22 ock
518 734 35 22 för
572 734 68 22 enkor
659 734 39 21 och
713 734 55 22 barn
783 734 56 22 efter
853 734 80 22 aflidne

173 769 91 21 embets-
284 769 38 21 och
341 769 131 27 tjenstemän
491 768 50 22 från
556 768 109 22 allmänna
680 770 66 20 stats-
761 769 39 21 och
814 768 121 22 militieme-

173 803 35 22 del
227 805 57 20 samt
302 803 44 21 alla
360 803 90 27 publika
465 804 39 20 och
519 803 99 21 enskilda
632 803 65 21 enke-
712 803 40 21 och
767 803 143 27 pupillkassor
924 803 9 21 i

171 838 76 22 landet
262 838 94 27 ingifves
372 838 40 21 och
426 837 108 27 utfärdas;

242 874 55 20 20:0.
319 872 66 22 Bevis
403 872 39 22 och
460 872 142 26 vittnesbörd,
618 872 49 21 dem
682 871 64 27 lycei-
761 872 39 21 och
816 872 119 21 skolrekto-

172 912 42 22 rer,
237 906 151 22 föreståndare
410 906 34 22 för
463 906 213 28 navigationsskolor
694 906 39 22 och
744 903 64 31 lägre
823 906 111 22 undervis-

172 941 172 28 ningsanstalter
364 942 58 20 samt
440 941 88 26 privata
546 940 70 21 lärare
632 940 40 21 och
688 940 246 27 undervisningsinrätt-

171 975 81 28 ningar
273 975 34 22 till
326 975 72 22 elever
413 974 95 28 utfärda,
524 974 111 22 äfvensom
652 974 149 28 ansökningar
815 974 19 27 ej
850 974 83 22 mindre

173 1015 33 16 om
220 1009 88 22 inträde
322 1009 8 21 i
345 1009 80 22 allmän
439 1009 135 27 läroanstalt,
590 1011 28 19 än
634 1009 85 21 sådana
734 1009 75 22 hvilka
824 1008 25 22 af
860 1009 74 21 stude-

171 1043 69 22 rande
257 1043 37 22 vid
312 1043 306 27 Alexanders-Universitetet,
639 1043 8 21 i
665 1043 40 21 och
723 1042 35 23 för
772 1043 123 22 undfående
910 1041 34 28 af.

171 1078 127 28 stipendier,
313 1078 34 22 till
360 1077 170 23 Universitetets
544 1077 155 22 konsistorium
714 1077 40 22 och
768 1077 119 22 fakulteter
901 1077 33 22 in-

171 1112 82 29 gifvas;

240 1149 56 20 21:0.
318 1146 214 22 Permissionssedlar
545 1146 35 22 för
595 1152 104 22 personer
713 1146 96 22 hörande
820 1146 33 21 till
862 1146 73 21 finska

171 1181 109 22 militären
294 1181 40 22 och
348 1181 306 27 arbetskommenderingarna
668 1180 8 22 i
691 1180 85 27 landet;

240 1218 56 19 22:0.
320 1215 161 28 Redogörelser
502 1215 41 22 och
564 1215 147 27 uträkningar
734 1215 61 22 öfver
817 1214 117 28 omyndiga

172 1251 66 21 barns
252 1250 70 22 medel
337 1250 49 21 med
401 1250 72 21 dertill
488 1250 96 21 hörande
599 1250 95 27 bilagor;

241 1286 56 20 23:0.
319 1284 139 22 Testamente
473 1284 33 21 till
521 1285 69 26 make,
605 1283 131 28 skyldemän
750 1283 9 22 i
773 1285 47 20 rätt
832 1290 52 21 upp-
894 1283 40 22 och

171 1318 146 29 nedstigande
338 1319 37 21 led
396 1319 53 21 eller
470 1319 87 27 syskon,
577 1317 112 23 äfvensom
707 1318 34 21 till
759 1317 175 28 undervisnings-

172 1353 88 28 anstalt,
276 1352 164 28 vetenskapligt
454 1353 102 21 ändamål
570 1353 54 22 eller
637 1352 56 22 from
702 1352 101 27 stiftelse,
812 1352 67 27 jemte
889 1352 45 21 alla

172 1387 72 28 öfriga
258 1389 152 25 testamenten,
425 1387 140 28 hvarigenom
581 1387 114 28 egendom,
705 1393 46 15 som
761 1386 9 22 i
779 1387 92 21 kontant
881 1386 55 22 eller

171 1422 69 23 värde
259 1421 20 28 ej
299 1421 87 28 uppgår
400 1421 36 22 till
451 1421 117 22 etthundra
582 1421 70 27 mark,
668 1421 74 27 någon
756 1420 109 28 tillägges.
895 1419 40 23 Sä-

172 1457 54 22 dant
244 1457 132 21 testamente
395 1456 40 21 bör
454 1455 62 28 dock,
535 1458 41 19 när
594 1455 38 22 det
647 1455 37 22 vid
700 1455 91 21 domstol
805 1454 130 23 företes.till

240 1495 218 23 Bevillningsutskottets
470 1495 116 19 betänkande
598 1496 38 17 N:o
648 1496 17 16 4.
