1009 1739
201 151 27 19 52
409 149 24 24 U.
450 150 68 22 B..—
533 151 65 28 Prop.
614 151 39 22 N:o
668 149 34 23 23.

172 213 76 24 hvilka
263 214 124 29 afgifterne,
402 215 8 22 i
426 216 107 22 anseende
549 215 33 23 till
597 215 117 28 fattigdom
730 215 52 23 eller
798 222 70 15 annan
881 215 53 28 laga

173 249 70 28 orsak,
260 249 19 28 ej
295 250 84 21 kunnat
393 250 39 22 hos
445 251 123 27 sakegaren
583 250 65 22 utfås.

522 314 13 26 8
551 315 34 20 40.

241 353 122 22 Förefaller
384 353 149 28 misskrifning
556 353 38 23 vid
608 354 78 22 kartas
702 353 142 23 användande
860 353 24 22 af
897 360 36 15 en-

171 386 57 22 skild
243 394 77 21 person
336 388 52 22 eller
402 389 40 21 har
456 389 74 27 nägon
544 388 26 22 af
583 389 122 26 uppenbart
719 388 91 27 misstag
820 388 112 27 begagnat

172 422 68 27 högre
257 422 71 27 karta,
344 425 29 19 än
387 422 141 22 föreskrifvet
542 425 31 25 är,
590 423 36 21 mä
641 422 100 22 tillstånd
756 422 34 22 till
806 423 48 21 dess
870 422 63 27 utby-

172 456 66 22 tande
260 456 64 22 sökas
344 457 38 21 hos
400 457 141 22 Guvernören
556 457 7 21 i
579 457 65 27 länet,
662 458 14 20 å
690 457 66 22 hvars
770 456 162 22 bestämmande

172 491 80 21 sådant
266 491 8 21 i
289 491 76 27 hvarje
380 491 39 22 fall
434 492 133 26 ankommer;
584 492 55 21 dock
654 492 34 21 må
704 491 8 21 i
725 491 102 22 afseende
838 492 14 20 å
861 490 70 22 sådan

171 526 71 26 karta,
265 532 45 15 som
329 526 122 27 begagnats
470 526 35 22 till
520 525 238 28 rättegängsfallmakt,
774 525 80 28 inlaga,
870 525 61 23 bevis

172 560 52 22 eller
247 566 72 16 annan
341 560 65 22 skrift
428 560 25 22 af
471 560 115 22 enahanda
601 560 155 27 beskaffenhet,
773 560 67 27 något
854 560 77 27 utbyte

171 594 48 22 icke
234 594 90 22 tillåtas.

240 629 49 22 Den
311 629 129 28 delegarene
461 629 9 22 i
488 629 108 22 Finlands
613 628 223 28 hypotheksförening
853 634 78 22 genom

170 663 83 28 nådiga
275 664 181 22 cirkulärbrefvet
478 664 26 22 af
524 664 42 22 den
588 666 25 19 19
630 663 52 22 Juni
699 665 55 20 1860
770 663 93 28 tillagda
877 664 52 27 rätt,

171 700 33 20 att
220 698 29 22 då
264 698 34 22 till
312 698 127 28 föreningen
452 698 58 22 stäld
520 698 130 28 skuldsedel,
661 698 35 22 för
705 698 89 22 hvilken
804 698 127 27 inteckning

170 732 74 22 blifvit
262 732 119 28 meddelad,
404 733 25 22 af
448 740 28 15 en
495 733 53 22 eller
567 739 72 16 annan
658 733 65 21 orsak
742 732 122 22 sedermera
881 732 49 22 icke

170 767 96 22 kommer
286 769 35 20 att
342 767 118 28 begagnas,
479 767 126 28 utgifvaren
625 769 25 19 är
665 766 127 28 berättigad
807 768 33 20 att
855 766 72 22 återfå

170 802 42 22 den
227 802 91 28 erlagda
332 802 262 28 kartasigillataafgiften,
609 802 96 22 kommer
720 801 34 22 för
769 801 116 22 framtiden
895 802 35 20 att

169 836 127 28 bibehållas,
318 836 67 28 jemte
407 837 37 21 det
466 837 115 21 enahanda
599 836 85 22 förmån
703 836 141 22 tillerkännes
859 836 71 21 lånsö-

168 870 73 22 kande
256 871 8 21 i
278 871 105 22 Finlands
398 872 64 21 Bank
477 872 39 21 och
528 871 106 22 Finlands
645 871 140 22 Statskontor
794 871 56 21 samt
860 869 69 22 andra

169 905 109 22 allmänna
291 906 82 27 kassor,
389 906 28 22 då
433 906 38 22 det
484 906 44 26 lån,
544 906 69 22 hvarå
627 905 125 22 skuldsedel
766 905 115 27 utfärdats,
896 911 33 14 se-

170 940 94 21 dermera
282 941 27 26 af
320 948 24 13 en
359 941 47 20 eller
422 948 72 14 annan
510 941 120 26 anledning,
647 940 87 21 oaktadt
748 939 118 26 inteckning
881 938 49 21 der-

168 975 35 26 för
222 975 70 26 blifvit
310 975 114 27 meddelad,
440 975 68 22 likväl
523 974 49 22 icke
586 974 103 28 beviljas;
706 973 96 22 börande
817 973 54 22 dock
885 971 45 23 för-

168 1008 112 23 hällandet
297 1009 37 22 vid
352 1009 76 28 hvarje
445 1009 87 22 tillfälle
551 1011 59 26 vara'
624 1008 119 28 behörigen
758 1007 100 28 bestyrkt
872 1008 57 21 samt

168 1043 92 22 ärendet
274 1043 34 22 till
322 1043 163 22 vederbörande
500 1043 126 22 Guvernörs
642 1042 121 28 afgörande
779 1041 149 23 öfverlemnas.

518 1105 13 29 8
546 1108 35 19 41.

236 1146 176 23 Landskontoret
430 1147 8 22 i
456 1147 76 27 hvarje
547 1146 37 22 län
602 1152 54 22 eger
670 1152 34 15 om
719 1145 95 22 kronans
828 1146 46 20 rätt
889 1144 40 22 och

166 1180 64 23 bästa
245 1181 132 22 härutinnan
391 1181 67 29 hafva
472 1187 115 21 noggrann
597 1181 41 21 och
647 1180 153 27 uppmärksam
811 1179 63 26 vård;
888 1179 41 22 och

166 1215 86 28 åligger
269 1215 101 22 kontoret
386 1215 60 28 förty
465 1217 34 20 att
518 1215 48 22 föra
581 1215 109 27 ordentlig
706 1213 186 28 anteckningsbok
907 1213 21 27 ej

164 1249 84 22 mindre
263 1249 49 23 med
326 1250 167 22 landtränteriet
508 1249 62 23 öfver
580 1250 38 21 der
628 1249 110 28 befintligt
748 1248 118 27 stämpladt
875 1254 54 21 pap-

164 1289 40 22 per
224 1284 41 21 och
286 1284 188 28 stämpelmärken,
495 1286 29 20 än
546 1284 49 22 med
613 1283 235 28 försäljningsmännen
866 1281 63 23 öfver

164 1317 58 23 hvad
237 1318 29 22 de
280 1318 34 22 till
328 1318 130 28 försäljning
472 1318 70 22 utfått
556 1319 40 21 och
611 1318 50 21 med
676 1317 54 27 dem,
746 1323 45 16 som
806 1317 82 22 sådana
898 1316 30 27 på

163 1351 74 23 kredit
252 1353 93 27 erhållit,
360 1355 57 20 samt
431 1353 59 22 hvad
505 1353 25 21 af
544 1353 47 22 dem
607 1352 8 22 i
630 1352 115 27 vetalning
758 1351 87 27 influtit,
856 1351 72 21 såsom

164 1387 40 22 ock
215 1388 34 20 att
259 1389 111 26 emottaga
380 1387 40 22 och
429 1387 90 22 förvara
528 1386 176 23 vederbörandes
714 1385 120 22 aflemnade
841 1385 88 26 borges-

163 1420 91 23 skrifter
268 1421 40 22 och
323 1421 152 27 förbindelser;
490 1421 40 22 och
544 1421 58 22 skall
616 1421 205 22 landskamreraren
835 1424 94 17 ansvara

162 1454 36 23 för
212 1455 43 22 den
269 1455 78 22 förlust
361 1455 84 23 kronan
460 1456 45 21 kan
520 1455 131 27 tillskyndas
668 1455 124 27 derigenom
807 1455 34 20 att
855 1453 49 27 han,
920 1452 8 22 i

232 1495 218 23 Bevillningsutskottets
463 1494 117 18 betänkande
593 1495 37 17 N:o
642 1495 16 17 4.
