1009 1739
252 155 78 22 Ständ.
347 156 35 23 Sv.
400 169 28 2 —
443 156 69 28 Prop.
530 157 39 22 N:o
584 157 32 21 23.
762 157 27 21 35

200 218 71 20 sädan
293 218 96 27 stämpel,
414 225 44 14 som
482 218 30 27 af
522 219 159 21 vederbörande
696 219 65 20 äskas
778 219 39 20 och

201 251 87 21 betalas.
320 251 34 21 På
369 252 105 20 anmälan
484 251 38 21 hos
534 252 237 27 Finansexpeditionen
780 252 38 20 och

200 285 46 20 med
261 285 48 20 dess
325 285 101 22 tillstånd
441 286 35 20 mä
486 286 84 27 jemväl
586 285 120 21 blanketter
722 286 35 21 till
769 292 46 14 vex-

200 319 42 26 lar,
258 319 149 27 anvisningar,
424 319 186 21 konnässementer
628 319 39 20 med
682 315 54 36 flera
749 319 67 27 skrif-

201 354 32 19 ter
256 353 111 20 derstädes
390 353 99 27 undergä
513 353 71 20 sädan
605 353 128 27 stämpling,
748 353 68 20 som
803 349 15 36 i

200 385 74 29 hvarje
292 387 48 26 fall
362 386 44 21 kan
428 386 69 21 äskas.
528 387 17 20 I
558 387 101 20 händelse
674 387 48 20 med
738 387 26 20 de
774 387 43 26 för

199 420 174 27 stämpelpapper
387 420 39 20 och
442 420 88 20 märken
547 420 109 21 bestämda
672 421 84 20 valörer
771 420 45 20 icke

200 452 43 21 kan
267 455 168 19 sammansättas
459 454 40 20 den
521 460 89 20 summa,
626 460 46 14 som
687 454 9 20 i
706 453 111 27 förekom-

200 488 76 20 mande
294 487 47 27 fall
364 488 113 26 ästundas,
501 488 35 20 mä
552 488 264 27 kartasigillatakontoret

195 520 64 26 förse
274 521 26 21 de
314 520 88 29 ingifna
412 521 166 28 handlingarna
588 522 47 20 med
645 523 99 19 närmast
755 522 61 27 lägre

199 555 177 28 stämpelbelopp.

476 618 16 27 $
508 619 34 20 11.

268 662 36 21 Då
320 662 84 21 enskild
418 662 143 28 afhandling,
568 662 136 28 förbindelse
714 663 54 20 eller
778 669 37 13 an-

200 703 44 13 nan
266 696 68 23 skrift
356 696 38 21 hos
419 696 99 26 domstol,
544 696 102 21 exekutor
667 696 53 21 eller
742 703 75 14 annan

202 730 124 28 myndighet
344 730 90 28 företes,
452 730 85 28 äligger
552 731 35 20 det
602 730 161 21 vederbörande
779 730 36 20 do-

201 771 65 19 mare,
294 764 138 21 embetsverks
454 764 133 21 sekreterare
610 764 52 21 eller
686 764 130 27 tjensteman

201 798 61 26 tillse,
282 800 32 19 att
329 798 65 21 karta
410 798 35 21 till
460 798 36 20 det
512 798 74 28 belopp
602 805 44 14 som
668 797 148 28 tilläfventyrs

202 832 83 26 brister,
302 832 29 27 af
342 832 122 28 sakegaren
480 832 120 28 anskaffas.

268 866 117 28 Begagnas
402 866 74 21 dervid
492 866 121 28 stämpladt
624 861 93 33 papper,
727 866 37 20 bör
773 866 43 20 det-

201 907 82 15 samma
305 900 47 21 med
376 900 48 20 lack
448 900 38 20 och
505 900 139 27 embetssigill
665 900 37 20 vid
722 899 94 27 skriften

197 934 82 27 fästas,
295 934 110 27 äfvensom
418 934 32 27 pä
466 934 25 20 de
508 934 94 27 tillagda
617 934 117 20 kartornas
750 935 64 19 stäm-

199 969 54 26 plar
276 968 118 27 korteligen
418 967 116 22 antecknas
558 968 35 20 till
608 967 86 21 hvilken
710 967 107 26 handling

202 1003 25 20 de
243 1002 66 26 höra;
324 1002 38 21 och
377 1003 35 20 mä
428 1002 88 21 domare
532 1002 36 21 och
579 1002 69 21 andre
658 1001 160 21 vederbörande

198 1036 42 27 för
254 1037 38 20 sitt
308 1036 74 21 besvär
397 1037 48 20 med
461 1036 157 27 beläggningen
629 1035 36 21 och
676 1036 8 19 i
695 1035 123 26 ersättning

198 1071 40 27 för
253 1070 116 21 kartornas
384 1070 141 27 vidfästande
540 1069 100 28 uppbära
655 1070 8 19 i
678 1071 30 19 ett
722 1069 37 25 för
776 1069 41 20 allt

203 1105 63 26 tjugu
278 1104 72 27 penni.

271 1138 114 27 Begagnas
400 1139 173 26 stämpelmärke,
590 1138 38 21 bör
642 1138 119 21 detsamma
772 1137 46 27 fin-

203 1179 41 14 nas
266 1172 87 27 häftadt
376 1173 14 20 &
413 1172 107 27 skriftens
531 1172 77 27 första
622 1173 49 20 sida
688 1171 42 27 och,
748 1172 70 20 derest

198 1207 61 26 flera
274 1207 73 20 skilda
362 1207 184 26 stämpelmärken
561 1207 119 24 användas,
697 1206 76 21 vidare
789 1207 29 19 ut-

204 1241 46 20 med
272 1240 99 21 brädden
389 1240 31 27 af
430 1240 95 28 skriften
537 1242 31 26 pä
583 1241 80 20 sådant
678 1242 50 24 sätt,
746 1241 32 19 att
794 1239 26 20 de

204 1275 20 26 ej
247 1275 76 20 kunna
340 1275 58 26 från
422 1275 163 27 afhandlingen
607 1275 84 27 skiljas,
715 1276 55 18 utan
786 1275 33 19 att

204 1309 172 26 värdestämpelm
406 1309 124 26 derigenom
552 1309 87 20 skadas.
678 1308 85 21 Saknas
786 1309 34 18 ut-

204 1350 79 20 rymme
307 1343 13 20 å
330 1343 76 25 första
421 1343 72 26 sidan,
510 1343 36 20 mä
560 1342 166 28 stämpelmärke
738 1341 83 28 jemväl

201 1378 31 26 pä
252 1377 124 27 frånsidan
401 1377 128 27 anbringas.
569 1376 42 21 Och
636 1376 57 21 skall
718 1376 102 27 derjemte

204 1413 64 20 hvart
290 1411 37 21 och
350 1413 29 19 ett
401 1411 31 27 af
444 1411 25 20 de
484 1411 124 27 begagnade
623 1409 197 28 stämpelmärkena

204 1445 125 21 makuleras
344 1444 106 27 antingen
465 1444 88 20 medelst
561 1443 147 28 påtryckning
720 1442 28 29 af
755 1444 64 19 stäm-
