1009 1739
314 147 59 20 U.:;B.
390 155 17 6 +
419 147 64 24 Prop.
494 147 40 20 N:o
546 148 30 19 19.
776 148 22 18 17

68 206 97 21 behållas
181 205 69 22 såsom
266 207 32 20 ett
310 205 204 27 jordlägenheterna
528 205 112 28 äliggande
648 205 128 28 lönebidrag
787 205 33 24 till

70 239 166 28 presterskapet,
249 241 61 20 samt
328 240 74 21 dervid
421 240 100 27 erinrats,
539 240 101 23 hurusom
657 240 9 22 i
678 240 90 23 motsatt
782 239 39 24 fall

70 274 29 21 all
118 280 70 15 annan
206 273 207 28 spanmälsaflöning,
432 280 46 15 som
498 275 7 20 i
522 275 71 26 grund
612 274 24 22 af
652 274 122 27 föreningar
792 280 29 16 nu

70 308 86 23 tillfölle
174 308 178 28 kyrkoherdarne,
372 310 26 19 än
418 309 205 26 tiopdespanmälen,
641 308 85 23 komme
740 310 32 21 att
783 308 38 23 vid

71 343 135 27 regleringen
224 342 106 26 bortfalla,
350 343 136 27 hvarigenom
505 343 171 27 presterskapets
694 343 126 22 löneförmo-

71 383 45 20 ner,
135 383 45 16 som
199 378 7 21 i
224 377 52 22 flere
290 377 149 27 församlingar
454 377 32 22 till
504 379 79 20 största
598 377 62 22 delen
676 377 109 27 utgjordes
799 376 24 23 af

72 412 68 22 denne
155 418 17 15 s.
187 412 22 20 k.
223 411 213 27 föreningsspanmäl,
448 411 86 21 komme
546 413 32 19 att
589 411 95 27 undergä
695 411 125 27 minskning.

71 440 19 27 Ä
108 446 67 21 andra
193 446 60 20 sidan
272 445 38 21 har
329 447 56 19 emot
403 446 70 21 denna
488 445 61 27 äsigt,
566 452 44 14 som
626 445 112 27 uppburits
752 445 24 21 af
788 447 34 21 ut-

71 474 91 28 sköttets
177 480 115 26 minoritet,
303 479 135 25 framhållits,
450 482 32 19 att
494 480 12 27 $
520 480 120 26 egentligen
651 479 81 28 åsyftar
742 481 32 20 att
785 480 36 21 be-

70 516 98 24 stämma,
187 514 85 21 hvilken
292 514 34 21 del
345 513 23 21 af
384 514 172 27 presterskapets
575 514 92 27 aflöning
682 514 98 27 utgjorde
795 520 27 16 en

71 548 56 22 ifrån
144 548 77 27 jorden
240 548 104 27 utgående
364 548 72 27 afgäld
456 548 54 22 eller
526 548 113 27 jordskatt,
657 554 49 17 men
717 550 35 21 att
766 548 56 21 före-

72 582 184 28 ningsspanmålen
273 582 115 22 omfattade
404 582 145 27 hvarjehanda
564 583 65 21 andre
644 582 92 27 afgifter,
750 582 72 22 hvilka

72 623 51 15 vore
138 616 23 22 af
175 623 58 15 mera
247 616 98 28 personel
361 616 147 22 beskaffenhet
523 617 38 21 och
573 616 55 28 förty
639 616 47 22 icke
697 617 65 22 borde
773 616 49 23 med

71 651 196 27 tiondespanmålen
279 650 130 22 förblandas.
425 651 11 21 I
447 651 53 27 följd
513 651 63 21 häraf
585 651 39 21 och
635 651 27 22 då
673 652 11 20 1
694 651 9 27 $
712 650 110 28 uttryckli-

73 691 40 21 gen
128 685 144 21 tillförsäkrar
287 685 160 27 presterskapet
461 685 161 21 bibehållandet
636 685 24 21 af
671 685 33 21 sin
714 685 55 22 ifrån
780 684 42 22 för-

73 720 117 26 samlingen
206 719 105 27 utgående
327 719 92 27 aflöning
434 720 35 20 vid
481 719 155 22 oförminskadt
647 720 83 26 belopp,
742 719 81 21 hvilket

74 754 117 26 stadgande
209 753 108 27 sjelffallet
336 753 98 21 omfattar
453 753 63 21 äfven
532 754 236 27 föreningsspanmålen,
784 753 39 23 har

73 787 105 22 utskottet
196 789 70 20 ansett
281 787 139 22 förevarande
436 788 12 27 &
464 788 54 21 böra
532 788 6 21 i
555 788 127 21 oförändrad
697 788 81 27 lydelse
787 787 37 23 hi-

73 822 103 22 behållas.

142 856 11 28 8
172 856 13 22 8
204 856 118 26 förordnar,
341 858 31 19 att
391 856 28 21 all
438 862 69 15 annan
524 856 72 22 tionde
610 856 33 21 till
658 856 164 27 presterskapet,

73 896 51 16 vare
139 890 33 27 sig
186 892 73 25 smör-,
274 890 50 22 fisk-
340 890 52 22 eller
407 890 137 27 qvicktionde
559 890 107 22 äfvensom
682 891 40 21 den
738 890 7 21 i
758 890 65 26 någre

75 925 59 21 delar
149 925 23 21 af
185 925 73 21 landet
272 925 6 21 i
294 925 66 21 andra
375 925 131 21 naturalster
522 927 27 19 än
564 925 94 27 spanmål
673 924 106 27 utgående
793 924 31 21 af-

74 958 40 27 gift
136 959 32 21 till
191 959 129 26 kapellaner,
343 959 138 26 predikanter
500 959 40 21 och
556 959 190 27 sockneadjunkter
763 958 61 27 utby-

72 995 34 20 tes
122 995 56 20 emot
192 993 110 21 bestämde
318 993 66 27 årlige
400 993 93 26 afgifter.
520 993 48 21 Men
584 999 44 15 som
644 993 78 22 sådane
737 993 87 26 afgifter

74 1028 6 20 i
96 1027 67 22 andra
177 1027 129 22 naturalster
322 1029 25 19 än
365 1027 96 27 spanmål
478 1027 40 22 här
532 1027 39 21 och
586 1027 52 21 hvar
646 1027 79 27 jemväl
736 1029 88 24 utgöras

73 1061 33 22 till
124 1061 180 28 kyrkoherdarne,
324 1062 38 20 har
378 1062 110 26 utskottet,
505 1061 34 22 för
554 1064 31 19 att
599 1061 115 28 förebygga
729 1061 95 22 missför-

73 1095 69 27 stånd,
161 1096 7 20 i
184 1096 73 21 stället
271 1095 33 22 för
320 1096 65 21 orden
402 1096 142 27 ,kapellaner,
559 1096 137 27 predikanter
711 1095 38 22 och
764 1095 60 22 sock-

74 1130 158 27 neadjunkter*,
251 1130 65 21 insatt
335 1131 108 26 uttrycket
462 1131 188 27 ,presterskapet*.
678 1130 13 21 I
707 1129 65 27 öfrigt
786 1129 39 21 har

73 1164 105 22 utskottet
192 1164 111 21 bibehållit
315 1165 67 21 denne
396 1165 12 27 &
420 1165 136 25 oförändrad,
569 1165 72 21 såvida
652 1164 115 22 utskottets
776 1163 49 23 fler-

73 1198 29 21 tal
123 1198 47 21 icke
188 1198 81 22 kunnat
287 1199 84 21 ansluta
390 1199 33 26 sig
440 1199 33 21 till
490 1205 27 15 en
532 1199 6 21 i
555 1199 103 21 utskottet
672 1198 82 21 uttalad
769 1197 57 28 åsigt

72 1234 39 24 att,
127 1232 89 21 emedan
231 1233 68 21 under
315 1234 122 20 nuvarände
453 1233 104 27 aflönings
572 1233 147 22 förhållanden
732 1233 94 26 prester-

73 1267 87 26 skapets
175 1267 119 21 inkomster
305 1273 77 21 genom
400 1267 146 22 smörtionden
561 1267 89 21 faktiskt
664 1273 50 15 vore
729 1267 76 21 stadde
818 1266 8 21 i

74 1301 103 26 stigande,
192 1301 35 20 vid
238 1301 137 27 regleringen
392 1302 66 21 borde
474 1301 69 22 fästas
559 1301 79 26 skäligt
648 1301 102 21 afseende
760 1301 14 21 å
783 1301 42 22 den

74 1334 128 27 förhöjning,
220 1341 48 15 som
288 1336 6 21 i
313 1336 91 21 nämnde
419 1335 64 27 afgift
498 1335 84 22 komme
597 1337 32 19 att
643 1335 32 22 till
690 1335 53 26 följd
759 1335 23 22 af
795 1335 31 21 la-

74 1369 192 26 dugärdskötselns
280 1369 126 27 fortgäende
421 1369 124 28 utveckling
560 1369 110 22 efterhand
686 1369 90 27 inträffa,
792 1375 34 17 om

74 1403 122 22 nuvarande
211 1403 171 28 aflöningssättet
397 1404 70 22 skulle
482 1404 127 26 bibehällas,
624 1403 86 22 hvilken
724 1403 57 28 äsigt
794 1405 33 19 ut-

73 1437 94 22 skottets
184 1437 110 27 pluralitet
311 1437 47 22 icke
377 1439 71 20 ansett
465 1438 73 22 kunna
556 1438 7 21 i
582 1437 11 28 &
610 1437 22 22 få
646 1443 53 20 rum,
716 1437 88 22 emedan
814 1437 13 24 ;i

141 1476 46 22 Lag-
199 1477 30 17 och
241 1477 169 17 Ekonomiutskottets
420 1478 107 16 betänkande
538 1478 34 16 N:o
585 1478 17 16 5.

746 1499 11 18 2
