1009 1739
193 137 12 20 8
397 135 24 22 U.
437 135 23 23 B.
477 147 27 4 —
520 136 66 29 Prop.
601 136 39 23 N:o
655 135 35 23 25.

522 213 11 28 8
550 215 18 20 6.

232 259 42 22 Vid
290 259 122 23 beredande
428 259 22 22 af
463 260 122 27 maltdryck
600 260 35 21 mä
650 261 100 27 surrogat
765 259 35 28 för
814 260 53 22 malt
882 259 44 23 icke

165 293 121 22 användas.

520 358 14 26 8
550 359 18 20 7.

233 403 71 26 Egare
320 403 53 21 eller
388 403 138 22 innehafvare
542 403 23 22 af
578 403 106 28 bryggeri,
701 403 71 22 afsedt
787 403 33 22 för
830 403 95 22 tillverk-

164 436 50 28 ning
230 436 22 22 af
265 437 144 27 maltdrycker
424 437 32 21 till
472 437 133 28 försäljning,
622 444 49 15 vare
688 437 84 27 skyldig
787 439 33 20 att
834 438 7 20 i
861 438 63 27 bryg-

164 472 69 26 geriet
256 472 53 21 eller
332 472 128 22 dithörande
482 472 100 27 byggnad
605 472 111 27 uppställa
738 472 40 22 och
802 472 94 22 derefter
918 472 6 21 i

164 506 62 21 skick
248 506 59 21 hålla
329 512 27 16 en
378 506 50 22 med
450 507 132 21 automatisk
598 507 135 21 maltmätare
751 506 88 22 försedd
858 513 66 20 gvarn

164 540 52 22 eller
234 540 70 26 kross,
324 547 52 20 som,
393 540 55 22 efter
464 540 99 23 deröfver
578 541 108 22 inlemnad
702 540 137 28 beskrifning,
856 541 69 22 blifvit

164 574 22 22 af
200 574 141 23 Guvernören
357 576 6 20 i
379 576 59 21 länet
454 576 106 26 godkänd.
592 576 125 26 Ansökning
732 576 75 21 härom
819 576 38 21 bör
867 576 57 21 inom

163 610 37 21 två
222 610 80 21 veckor
322 610 54 21 efter
396 610 49 22 dess
461 610 137 22 inlemnande
614 610 23 22 af
652 610 111 22 Guvernör
778 610 32 21 till
825 605 99 32 pröfning

163 646 115 25 upptagas.

232 678 60 27 Malt,
316 684 46 16 som
385 679 32 21 till
438 679 68 27 brygd
527 679 56 21 skall
602 679 116 26 användas,
735 679 35 22 må
784 679 47 21 icke
848 685 76 16 annor-

163 712 74 22 städes
261 713 92 27 skrotas,
374 715 28 19 än
422 714 7 20 i
444 714 136 27 bryggeriets
596 720 62 20 egen,
675 713 49 22 med
740 713 68 22 sådan
825 714 99 21 maltmä-

163 750 47 19 tare
226 747 102 22 försedda
344 754 66 20 qvarn
426 748 52 22 eller
493 748 71 21 kross.

231 776 19 27 Å
266 782 106 22 Senatens
388 783 271 27 Ekonomiedepartement
672 782 124 22 ankommer
806 782 65 22 likväl
884 784 38 25 att,

162 816 39 22 der
223 816 25 22 så
270 817 76 26 nödigt
369 816 93 28 pröfvas,
483 817 29 27 på
532 817 122 26 ansökning
673 817 79 27 bevilja
768 817 91 21 anstånd
874 818 49 20 med

161 851 153 27 uppställande
338 851 22 21 af
382 851 61 22 ofvan
467 851 129 22 föreskrifna
615 851 207 27 mätningsapparat
840 853 56 19 samt
915 852 9 20 i

162 885 58 22 detta
238 885 48 28 fall,
305 885 110 22 äfverisom
432 886 27 21 dä
474 886 138 22 maltmätare
628 886 55 26 tagit
700 886 67 21 skada
782 886 40 21 och
838 886 32 21 för
885 886 37 21 nå-

161 926 42 20 gon
220 920 33 21 tid
265 920 68 27 gjorts
350 920 115 27 obrukbar,
481 921 101 21 meddela
594 920 139 26 erforderliga
743 920 134 22 föreskrifter
890 926 34 16 om

160 954 136 22 kontrollens
312 954 173 22 handhafvande.

519 1023 48 26 88

229 1068 32 21 Pä
280 1068 150 21 tillverkarens
452 1075 77 15 ansvar
548 1069 40 21 och
604 1068 70 21 under
689 1067 133 28 förpligtelse
837 1067 33 22 för
884 1067 38 22 ho-

159 1108 50 15 nom
232 1104 40 25 att,
296 1102 28 22 dä
348 1103 78 21 sädant
446 1103 70 27 yrkas,
538 1103 92 26 beediga
650 1102 147 27 uppgifternas
813 1102 109 27 riktighet,

159 1137 56 21 skall
236 1137 13 21 &
270 1137 73 27 hvarje
364 1137 99 28 bryggeri
483 1137 58 22 föras
558 1143 25 15 en
598 1137 92 27 journal,
708 1137 137 27 upptagande
860 1136 62 21 malt-

158 1173 112 19 mätarens
290 1171 70 22 siffror
378 1171 7 21 i
401 1172 41 21 den
458 1172 97 27 ordning,
573 1172 27 21 de
616 1172 12 21 å
644 1171 125 22 densamma
784 1171 138 26 förekomma,

158 1205 48 22 från
229 1207 88 20 venster
339 1205 33 22 till
394 1206 74 27 höger,
488 1206 34 21 för
542 1206 74 27 hvarje
636 1206 43 26 dag
693 1205 55 22 efter
764 1205 71 22 slutad
849 1205 73 21 kross-

158 1239 57 28 ning,
236 1239 68 28 jemte
328 1239 38 22 det
385 1240 78 27 belopp
482 1241 61 25 malt,
564 1246 46 15 som
626 1240 69 21 under
710 1245 82 16 samma
807 1239 32 21 tid
854 1239 68 22 blifvit

157 1274 110 27 krossadt,
287 1276 72 20 utsatt
374 1275 6 20 i
395 1275 88 26 lispund
499 1275 53 21 eller
568 1275 37 21 det
620 1274 100 27 vigtslag,
736 1273 108 22 hvarefter
859 1273 63 21 malt-

157 1310 97 20 mätaren
278 1309 70 22 blifvit
366 1309 107 27 justerad,
497 1309 70 27 dagen
590 1309 32 22 för
643 1309 74 26 hvarje
738 1308 68 27 brygd
826 1308 41 21 och
886 1307 36 22 det

156 1342 80 28 belopp
260 1343 59 26 malt,
343 1349 47 16 som
411 1343 33 22 till
462 1344 75 27 hvarje
558 1343 68 22 sådan
642 1343 73 28 blifvit
727 1342 100 26 användt,
850 1341 72 22 äfven-

156 1383 49 15 som
228 1377 43 22 den
294 1377 78 27 mängd
396 1378 121 27 maltdryck
540 1378 7 21 i
562 1377 96 27 kanntal,
674 1377 87 22 hvilken
781 1376 97 22 erhållits
902 1375 22 21 af

156 1411 75 27 hvarje
255 1411 74 28 brygd,
354 1412 36 21 det
410 1412 134 27 svagdricka,
564 1412 83 22 hvilket
666 1411 71 22 såsom
756 1410 118 28 biprodukt
889 1415 32 16 er-

155 1445 81 26 hållits,
258 1445 48 21 häri
324 1445 56 22 dock
399 1446 49 21 icke
463 1446 129 27 inbegripet.
624 1445 88 22 Sådana
725 1445 111 28 journaler
851 1444 69 26 skola,

226 1484 218 23 Bevillningsutskottets
457 1485 117 17 betänkande
587 1485 36 17 N:o
636 1486 17 16 1.
