1009 1739
216 143 13 20 2
375 140 80 23 Ständ.
471 141 38 23 Sv.
525 153 27 3 —
568 141 71 28 Prop.
656 141 39 22 N:o
710 141 35 22 28.

189 204 83 28 nädiga
294 204 136 28 proposition
453 204 33 22 till
510 205 104 27 pröfning
633 204 95 22 förehaft
743 203 144 23 omförmälda
902 210 41 15 an-

190 239 143 28 slagsfrägor,
356 239 39 21 har
410 239 37 22 det
462 239 6 21 i
484 239 93 22 främsta
592 241 92 19 rummet
698 238 34 22 för
747 238 125 22 Ständerna
887 238 56 22 varit

190 275 24 21 af
228 274 72 22 nöden
317 276 31 19 att
364 273 52 28 ingä
431 273 8 22 i
454 273 168 28 undersökning
638 274 23 21 af
675 273 145 22 statsverkets
832 273 110 22 ordinarie

190 309 119 27 tillgångar
320 307 69 22 under
398 307 198 23 nästinstundande
605 307 154 28 finansperiod.
783 307 85 22 Härvid
878 308 65 21 hafva

190 343 126 22 Ständerna
331 342 6 21 i
354 342 124 21 hufvudsak
503 343 49 27 följt
574 342 26 21 de
623 342 30 21 uti
679 341 56 22 1885
751 341 36 22 års
804 342 140 27 statsförslag

191 377 40 22 och
248 383 25 15 en
290 376 123 22 Ständerna
424 376 112 26 delgifven
547 376 162 28 approximativ
720 375 78 28 kalkyl
809 375 60 22 öfver
881 378 63 19 stats-

190 411 93 22 fondens
306 411 120 27 tillgångar
441 411 41 21 och
498 411 66 21 behof
578 410 68 22 under
662 411 54 20 åren
734 410 140 22 1886—1888
891 417 53 20 upp-

190 448 68 25 tagna
274 445 154 28 beräkningar,
446 445 77 21 hvilka
538 444 57 22 dock
611 444 7 22 i
634 444 165 22 nedanstäende
810 444 62 22 delar
881 447 62 24 synts

191 480 125 22 Ständerna
332 480 54 21 böra
400 479 99 28 undergå
515 479 100 27 ändring.

326 566 26 20 A.
383 566 119 20 Allmänna
520 565 155 27 Statsfondens
689 564 123 22 inkomster.

260 620 9 19 I
285 618 97 26 enlighet
404 618 48 21 med
477 618 41 21 den
538 618 33 21 till
586 617 126 22 Ständerva
728 616 163 22 öfverlemnade
907 618 38 20 nä-

193 654 52 26 diga
261 652 163 28 propositionen
441 652 115 27 angäende
567 652 180 28 jordskatternas
762 651 9 20 i
790 650 97 28 Wiborgs
908 652 36 20 län

192 687 135 27 erläggande
350 686 54 22 efter
427 686 41 21 den
485 693 51 21 nya,
553 692 90 15 numera
658 685 109 22 slutförda
783 686 162 27 skattläggnin-

192 729 43 21 gen
251 722 7 21 i
274 722 64 25 länet,
354 721 7 21 i
378 721 87 21 hvilken
482 720 136 28 proposition
636 720 230 27 skatteförändringen
878 722 24 19 är
913 720 31 21 fö-

191 756 103 26 reslagen
311 758 31 18 att
357 756 82 20 införas
454 755 48 21 frän
520 755 39 21 och
575 756 33 20 för
625 755 23 21 &r
665 755 62 25 1886,
743 756 25 19 är
777 754 40 22 den
827 754 118 28 tillökning

192 792 6 20 i
216 790 149 22 statsfondens
385 790 129 26 inkomster,
530 796 47 14 som
594 789 128 27 derigenom
738 789 102 25 erhölles,
856 790 30 20 uti
903 789 41 21 den

193 824 177 28 approximativa
392 824 106 27 kalkylen
522 823 134 23 observerad
673 824 49 20 med
739 824 77 25 52,000
834 824 62 20 mark
912 824 33 21 för

191 859 77 27 hvarje
292 859 22 21 af
333 859 51 21 åren
409 859 147 21 1886—1888.
587 858 72 21 Sedan
681 857 125 21 Ständerna
821 858 123 22 emellertid

191 893 96 25 beslutit,
304 896 31 18 att
350 892 27 22 de
392 899 44 21 nya
452 892 115 21 skatterna
582 892 64 21 skola
663 892 51 26 utgä
731 892 55 20 först
800 892 48 20 frän
860 892 40 21 och
912 892 33 21 för

192 928 24 21 är
241 928 62 26 1889,
326 929 57 19 samt
405 926 43 22 den
472 926 127 21 nuvarande
615 926 168 27 beskattningen
801 926 97 21 kommer
914 928 32 19 att

192 961 108 21 derintills
316 960 130 27 bibehållas,
463 960 66 21 hafva
545 959 125 22 Ständerna
686 959 49 22 låtit
752 959 149 28 nyssnämnda
920 959 30 26 af

192 995 256 27 Finans-Expeditionen
472 997 113 25 upptagna
604 993 134 28 förhöjning
758 993 30 28 af
799 993 146 22 inkomsterna

192 1030 114 27 bortfalla.

261 1065 249 27 Mantalspenningarne
526 1065 64 20 bafva
606 1064 6 20 i
629 1064 55 21 1885
701 1063 36 21 års
754 1063 140 28 statsförslag
911 1063 34 22 be-

192 1099 94 21 räknäts
309 1099 34 22 till
366 1099 113 26 1,520,000
501 1098 62 21 mark
586 1097 39 22 och
641 1100 110 25 upptages
765 1103 86 15 samma
866 1097 80 28 belopp

190 1133 85 28 jemväl
290 1133 33 21 för
338 1132 27 22 de
382 1133 97 27 följande
495 1133 59 20 ären.
584 1132 35 21 Dä
634 1131 98 22 nämnda
748 1131 60 22 skatt
824 1131 122 22 emellertid

193 1167 112 27 inbringat
332 1167 68 21 under
424 1167 52 21 ären
500 1167 62 25 1880,
586 1167 53 20 1881
663 1166 42 21 och
730 1167 54 19 1882
808 1172 58 21 resp.
889 1165 57 22 Fmk

192 1202 120 25 1,457,434:
335 1202 35 25 28,
393 1201 119 26 1,498,113:
528 1201 27 21 02
571 1200 40 22 och
629 1200 118 27 1,564,661:
763 1201 27 20 82
806 1202 56 19 samt
877 1200 69 27 enligt

192 1235 28 22 de
244 1235 147 22 summariska
413 1235 128 27 räkningar,
565 1235 73 21 hvilka
660 1235 52 26 ingä
728 1234 31 21 uti
774 1234 120 21 relationen
912 1241 34 14 om

193 1270 146 21 statsverkets
362 1270 108 26 tillstånd,
486 1270 34 21 för
536 1270 24 20 är
576 1271 54 19 1883
646 1269 54 21 Fmk
720 1269 118 26 1,548,438:
854 1269 35 24 40,
906 1268 40 21 och

194 1304 72 21 denna
290 1305 60 20 skatt
372 1303 111 22 dessutom
507 1304 69 21 mäste
600 1305 94 25 antagas
714 1302 68 22 under
799 1302 90 27 vanliga
904 1301 42 22 för-

193 1338 118 21 hällanden
334 1338 54 21 böra
410 1339 66 26 stiga,
498 1337 66 22 hafva
586 1337 124 22 Ständerna
732 1339 73 19 ansett
820 1336 126 21 densamma

192 1372 34 21 för
237 1372 183 22 nästkommande
430 1371 148 28 finansperiod
587 1372 76 21 kunna
671 1371 113 21 beräknas
793 1370 32 21 till
834 1371 113 25 1,550,000

194 1406 62 21 mark
280 1413 34 14 om
338 1407 47 20 året
408 1406 54 21 eller
485 1407 35 20 till
542 1407 76 24 30,000
642 1405 63 21 mark
727 1411 45 15 mer
787 1406 29 19 än
831 1404 8 21 i
855 1403 90 22 berörda

193 1440 148 28 statsförslag.
