1009 1739
206 159 24 18 2
432 157 23 19 U.
467 157 23 19 B.
502 167 22 4 —
534 157 64 23 Prop.
611 157 37 18 N:o
661 155 31 19 19.

184 216 118 27 stadgande
316 216 80 26 derom,
412 217 31 19 att
462 214 161 27 vedergällning
638 213 34 22 för
690 213 67 22 sådan
776 219 48 16 resa
842 212 93 23 tillkom-

184 255 46 18 mer
245 251 77 21 homom
338 250 67 27 enligt
419 249 99 27 gällande
534 249 187 26 resereglemente.

252 285 11 22 I
278 285 100 21 afseende
394 284 14 21 &
421 284 12 27 $
449 284 33 26 12,
498 283 64 21 hvars
577 283 132 27 stadganden
721 288 34 15 om
766 283 64 20 sättet
840 281 33 22 för
883 287 52 22 upp-

184 319 81 22 börden
283 319 105 21 utskottet
402 319 71 20 ansett
487 317 53 28 utgå
554 317 47 22 från
616 323 26 15 en
657 317 66 26 riktig
738 316 56 27 äsigt
808 322 34 15 om
856 315 79 22 förhäl-

184 354 74 21 landet
275 353 91 22 emellan
384 352 165 27 presterskapet,
569 351 70 22 säsom
659 351 117 26 löntagare,
792 351 40 21 och
846 350 89 21 försam-

184 388 142 27 lingsboerne,
349 387 70 21 såsom
441 386 125 27 löngifvare,
589 385 38 22 har
650 385 105 21 utskottet
773 385 55 21 blott
846 384 90 27 vidtagit

185 428 26 16 en
233 422 67 21 sådan
321 420 249 26 redaktionsförändring
592 421 32 19 att
646 419 91 21 emellan
759 419 66 21 orden
848 418 86 28 ,kyrko-

185 456 101 22 stämma"
302 456 39 21 och
356 455 128 28 ,granskad*
500 454 28 27 på
542 456 48 19 näst
605 454 53 21 sista
674 454 65 21 raden
749 454 6 20 i
766 453 67 21 första
843 458 92 16 momen-

184 492 32 20 tet
226 490 77 21 insatts
315 490 65 21 orden
392 490 7 20 i
412 489 111 27 ,afseende
536 488 12 22 å
558 488 148 27 riktigheten”,
717 488 143 26 hvarigenom,
869 487 67 26 enligt

184 524 116 22 utskottets
316 524 92 26 mening,
423 524 105 26 tydligare
544 522 96 28 angifves
652 522 171 28 kyrkostämmas
834 522 101 27 befogen-

184 558 37 22 het
235 558 7 22 i
257 558 135 22 förenämndt
407 558 107 21 afseende.
953 582 5 6 N

252 593 12 21 I
278 592 12 28 $
307 592 26 22 13
348 592 39 21 har
402 592 105 21 utskottet
521 592 73 21 tillåtit
609 592 33 26 sig
657 593 33 19 att
704 593 52 25 göra
770 597 26 15 en
810 593 81 20 smärre
902 597 32 16 re-

185 627 229 27 daktionsförändring.

253 662 11 27 8
282 662 26 21 15
322 661 39 21 har
376 661 46 21 icke
438 661 94 27 erbjudit
547 660 105 22 utskottet
666 660 48 22 skäl
729 660 33 21 till
778 660 108 27 grundade
899 666 36 16 an-

184 696 144 27 märkningar.
357 695 111 21 Utskottet
482 695 40 21 har
537 695 104 26 nemligen
657 695 7 21 i
680 696 89 20 motsats
784 694 34 22 till
833 694 65 27 nägre
912 694 25 22 af

185 730 45 22 sine
248 730 139 21 medlemmar
406 732 76 23 ansett,
500 731 32 19 att
547 730 40 20 den
602 729 6 20 i
624 729 12 27 8
652 728 122 27 föreslagna
788 730 147 20 sammansätt-

184 764 78 26 ningen
284 764 23 21 af
324 764 250 26 regleringskomit&erne
593 763 82 21 lemnar
694 762 39 22 full
751 763 82 27 garanti
852 763 32 21 för
903 764 32 20 att

184 798 74 27 hvarje
280 798 130 27 berättigadt
432 799 92 20 intresse
546 798 41 20 blir
608 798 35 20 vid
667 797 134 27 regleringen
820 797 114 27 behörigen

184 832 172 28 representeradt
371 832 38 21 och
425 832 145 27 tillgodosedt.

252 866 96 22 Emedan
367 866 106 22 utskottet
491 868 70 20 ansett
579 866 11 28 $
607 866 25 22 18
649 866 53 21 böra
716 866 86 26 bringas
816 866 7 21 i
838 868 97 19 närmare

184 900 221 22 öfverensstämmelse
424 901 48 21 med
491 901 147 21 motsvarande
660 901 132 25 stadganden
812 901 8 21 i
839 900 11 28 $
870 901 26 21 15
913 900 24 22 af

184 935 142 27 Kyrkolagen,
344 935 40 20 har
403 935 105 21 utskottet
523 935 22 20 ät
560 935 52 21 sista
627 935 113 26 meningen
755 934 23 21 af
792 934 11 28 $
818 934 61 27 gifvit
893 934 42 21 för-

184 968 81 21 ändrad
281 969 87 27 lydelse.

252 1003 11 21 I
278 1002 11 26 &
304 1003 28 21 20
347 1003 39 21 har
399 1003 111 26 utskottet,
526 1003 33 20 för
574 1005 31 19 att
618 1003 146 21 åstadkomma
776 1003 109 27 tydlighet,
896 1009 38 15 an-

184 1039 42 19 sett
245 1037 75 26 nödigt
338 1037 70 21 införa
423 1039 31 19 ett
469 1037 75 26 tillägg
560 1038 6 20 i
582 1037 36 21 det
633 1037 62 28 syfte,
712 1039 31 19 att
758 1037 40 21 den
813 1037 7 21 i
835 1037 11 28 $
863 1038 25 21 11
904 1037 31 21 ia-

184 1073 66 24 tagna
268 1073 56 24 taxa,
340 1071 121 21 oberoende
477 1071 23 21 af
515 1071 182 27 löneregleringen
713 1071 55 21 skall
783 1073 75 25 genast
872 1071 64 21 lända

183 1105 34 21 till
236 1105 144 22 efterrättelse
396 1106 6 20 i
418 1105 26 21 de
460 1105 156 27 församlingar,
632 1105 88 22 hvarest
734 1105 46 22 icke
796 1105 139 27 expeditions-

182 1140 62 20 taxor
268 1139 32 22 för
322 1139 160 27 presterskapet
500 1139 68 22 finnas
587 1140 137 21 härförinnan
743 1139 126 26 fastställda,
887 1145 48 16 men

184 1173 7 21 i
206 1173 70 27 öfriga
290 1173 150 27 församlingar
455 1175 55 20 först
526 1174 63 21 sedan
606 1174 135 26 regleringen
756 1173 118 27 försiggätt.

251 1207 11 22 I
280 1207 221 31 öfverensstämmelse
522 1208 46 21 med
587 1208 55 21 hvad
661 1208 105 21 utskottet
780 1208 7 21 i
802 1207 36 22 det
851 1207 84 28 föregä-

184 1241 52 22 ende
252 1242 46 21 haft
312 1244 63 24 äran.
382 1237 79 40 gmföra,
478 1242 33 21 får
526 1242 102 21 utskottet
644 1242 64 21 alltså
723 1242 108 21 vördsamt
846 1241 87 22 föreslå:

347 1288 43 12 ibn

421 1312 30 19 att
462 1310 80 22 landets
553 1310 109 27 höglofliga
673 1310 92 22 Ständer
774 1310 46 21 ville
828 1311 8 20 i
843 1311 37 20 sitt
886 1317 48 14 svar

389 1345 14 20 å
422 1345 40 20 den
479 1345 79 26 nådiga
574 1345 159 26 propositionen
747 1345 9 20 i
770 1344 165 28 underdånighet

388 1379 92 26 anmäla,
504 1381 30 18 att
552 1379 121 21 densamma
691 1378 43 21 icke
752 1378 79 21 kunnat
848 1379 86 26 oförän-

388 1413 56 21 drad
456 1413 124 27 godkännas
594 1413 23 26 af
632 1413 128 27 Ständerna,
776 1412 68 22 hvilka
855 1413 36 26 för
899 1413 36 21 sin

388 1447 32 21 del
435 1447 83 22 beslutit
532 1447 36 21 och
582 1448 80 27 antagit
678 1454 25 14 en
717 1447 127 28 sålydande:

252 1487 44 22 Lag-
309 1488 29 18 och
352 1487 169 17 Ekonomiutskottets
532 1488 103 16 betänkande
647 1487 37 17 N:o
696 1488 18 16 5.
