1009 1739
173 156 25 20 10
376 152 24 23 U.
416 151 24 23 B.
455 165 28 3 —
498 153 66 29 Prop.
580 153 38 23 N:o
633 152 30 23 31.

139 226 38 16 om
199 218 150 23 kvalificeradt
371 218 52 23 eller
444 219 90 22 svårare
555 219 107 28 tillgrepp,
686 221 12 20 2
722 224 62 17 mom.
801 219 47 22 åter
863 225 35 16 om

139 253 77 23 enkelt
231 253 107 28 tillgrepp.

211 289 33 21 De
263 288 152 27 hänvisningar
432 288 34 21 till
481 288 79 22 allmän
574 289 42 26 lag,
632 294 46 16 som
692 287 134 23 förekomma
840 288 8 21 i
862 288 38 22 det

143 323 164 28 ifrägavarande
320 322 146 28 lagförslaget,
481 323 50 22 leda
546 323 86 22 säledes
648 323 33 22 till
695 323 79 27 mänga
783 323 116 26 motsägel-

143 364 37 16 ser
202 357 41 22 och
266 357 80 22 luckor.
378 357 46 22 Och
447 358 67 21 dessa
535 357 140 28 olägenheter
695 357 63 22 skola
777 357 121 28 ingalunda,

140 393 78 21 såsom
237 392 109 22 utskottet
364 398 63 21 synes
442 392 124 27 förutsätta,
581 392 138 27 fullständigt
733 391 75 23 häfvas
824 397 76 22 genom

144 426 124 22 införandet
290 426 21 22 af
331 432 28 22 ny
374 427 79 21 allmän
468 426 104 28 strafflag.
602 427 43 21 För
660 428 33 20 att
708 427 62 21 detta
785 427 55 21 skall
854 427 46 25 ske,

144 461 68 22 borde
235 460 41 22 den
299 467 41 21 nya
357 460 124 28 strafflagen
496 460 66 23 blifva
573 461 47 27 just
634 461 69 21 sådan
718 466 48 16 som
780 461 40 21 här
833 460 67 22 förut-

145 497 77 20 sättes.
250 495 50 21 Men
323 497 33 20 ett
378 495 68 28 dylikt
460 496 122 27 antagande
597 497 31 25 är,
644 496 72 22 såsom
729 495 67 22 redan
806 495 93 25 nämdes,

141 530 157 27 -oberättigadt.

214 564 34 22 Dä
271 564 72 22 härtill
364 564 97 23 kommer
483 567 39 24 att,
546 564 84 23 oafsedt
653 565 71 22 denna
742 565 55 22 brist
812 565 28 27 pä
854 564 46 22 inre

147 598 229 28 Ofverensstämmelse,
400 599 42 22 den
464 606 42 21 nya
521 599 124 28 strafilagen
659 600 34 21 för
706 599 107 22 militären
827 599 7 21 i
849 598 51 22 flere

145 632 106 23 afseende
273 633 83 22 komme
379 635 33 20 att
433 633 72 22 afvika
527 633 47 23 frän
596 634 27 22 de
643 634 101 27 grunder,
764 634 80 26 hvarpä
859 634 41 21 den

144 667 110 22 allmänna
276 667 123 28 strafflagen
421 670 24 20 är
466 668 64 28 bygd,
553 670 57 20 samt
624 668 62 22 äfven
706 668 7 21 i
729 667 69 28 öfrigt,
813 668 29 27 pä
856 669 46 21 sätt

146 702 146 27 lagutskottet
305 702 36 22 vid
358 704 53 20 1882
427 703 35 21 års
477 703 104 27 landtdag
595 702 106 27 framhöll,
717 708 53 16 vore
784 702 8 22 i
806 702 66 22 behof
880 702 22 22 af

145 737 157 27 omarbetning,
319 737 69 21 skulle
404 737 38 22 det
456 739 53 20 utan
524 737 73 22 tvifvel
612 744 52 15 vara
678 739 58 20 mest
746 737 106 27 sakenligt
861 738 39 25 att,

146 772 73 22 säsom
242 771 62 23 ofvan
325 772 111 28 antyddes,
452 772 46 22 läta
515 772 161 28 lagstiftningen
695 772 30 27 pä
740 772 60 22 detta
815 772 86 22 omräde

146 807 58 21 hvila
226 806 34 22 till
282 806 50 22 dess
354 813 28 21 ny
404 806 78 22 allmän
501 806 97 28 strafflag
612 806 78 22 hunnit
706 806 115 22 utkomma.
851 807 50 21 Men

147 841 91 22 emedan
252 841 52 22 flere
320 841 81 27 vigtiga
416 841 47 22 skäl
478 842 76 26 tyckas
570 842 44 21 tala
628 841 34 23 för
676 841 150 27 lagförslagets
843 843 59 20 anta-

148 876 70 27 gande
238 876 67 21 redan
321 875 35 22 vid
372 876 70 21 denna
456 876 111 27 landtdag,
583 876 40 22 har
635 876 39 27 jag
688 876 50 22 icke
753 876 58 22 velat
824 875 81 22 föreslä

147 916 28 16 en
191 911 68 21 sädan
274 912 72 25 utväg.

216 945 74 21 Under
315 945 82 21 sädana
418 944 149 22 förhällanden
583 946 24 20 är
630 945 37 22 det
690 944 68 27 enligt
781 944 43 21 min
840 944 64 21 tanke

150 979 173 28 oundgängligen
344 979 138 27 nödvändigt,
498 985 35 16 om
552 979 37 22 det
603 979 148 27 föreliggande
766 978 139 27 lagförslaget

147 1014 58 22 skall
220 1014 23 21 af
257 1014 117 21 ständerna
389 1016 97 25 antagas,
502 1016 34 19 att
551 1014 169 27 destadganden
730 1013 8 21 i
748 1013 60 22 detta
818 1012 86 27 förslag,

149 1049 79 26 hvilka,
251 1048 33 22 för
307 1050 33 20 att
360 1049 74 21 kunna
455 1049 109 27 tillämpas
578 1050 54 20 utan
649 1050 33 20 att
697 1048 54 21 räka
766 1048 7 21 i
788 1047 54 22 strid
857 1047 49 22 med

148 1084 69 21 andra
233 1083 141 26 stadganden,
390 1083 117 22 förutsätta
523 1090 27 15 en
564 1089 27 22 ny
606 1083 79 22 allmän
700 1082 104 27 strafflag,
815 1082 92 21 sälunda

148 1118 125 22 omarbetas
294 1119 32 20 att
345 1118 61 21 detta
420 1118 64 21 deras
500 1118 109 21 beroende
624 1117 24 22 af
661 1117 39 22 det
714 1117 108 21 allmänna
837 1115 70 23 strafi-

149 1152 152 28 lagsförslaget
315 1152 91 27 upphör.
428 1153 34 21 En
477 1153 58 27 dylik
545 1153 149 25 omarbetning
706 1153 24 20 är
740 1151 41 22 lätt
791 1150 116 28 värkstäld,

150 1188 44 21 och
217 1187 42 22 den
281 1187 73 22 träffas
377 1187 48 22 icke
445 1187 23 22 af
481 1187 27 22 de
523 1187 102 27 politiska
640 1186 181 27 betänkligheter,
836 1185 72 22 hvilka

153 1222 109 22 föranledt
280 1221 109 22 utskottet
408 1223 33 20 att
455 1223 7 20 i
478 1222 65 27 öfrigt
557 1221 108 28 tillstyrka
679 1221 153 27 lagförslagets
848 1222 60 20 anta-

153 1257 70 26 gande
246 1256 146 27 oförändradt,
415 1258 23 25 ty
459 1257 39 20 här
520 1256 70 21 skulle
605 1257 37 20 det
657 1255 181 26 hufvudsakligen
852 1255 56 21 blott

152 1291 59 28 gälla
226 1297 27 16 en
269 1291 105 27 ätergäng
388 1291 33 21 till
436 1291 42 21 den
493 1290 140 28 ständpunkt,
650 1296 47 16 som
713 1290 71 27 intogs
800 1289 22 22 af
833 1295 75 22 propo-

150 1326 95 21 sitionen
262 1325 32 22 till
311 1327 54 20 1882
382 1325 35 21 ärs
433 1325 109 27 landtdag.

222 1360 43 27 Jag
279 1359 33 22 fär
327 1359 72 22 därför
412 1359 112 22 vördsamt
539 1358 89 23 föreslä:

292 1431 32 19 att
344 1428 82 22 landets
448 1428 117 27 höglofliga
584 1427 94 22 Ständer
694 1427 48 22 ville
761 1426 151 22 äterremittera

257 1463 139 21 betänkandet
411 1463 32 21 till
457 1462 134 28 lagutskottet
600 1463 34 26 för
645 1464 32 20 att
688 1461 118 22 omarbetas
815 1461 9 21 i
833 1461 80 21 sådant

222 1502 142 24 Lagutskottets
377 1502 117 18 betänkande
506 1502 37 18 N:o
555 1503 15 17 4.
