1009 1739
213 153 25 20 18
520 153 38 23 N:o
574 153 30 22 17.

184 218 96 23 tokollen
294 225 51 16 vara
360 221 88 26 uppsatt
464 221 57 20 samt
536 220 22 21 af
572 219 141 23 ordföranden
730 219 41 22 och
786 219 147 23 sekreteraren

183 253 164 23 underskrifvet.
377 255 66 22 Detta
458 255 151 27 sammandrag
626 255 53 22 skall
694 255 109 21 innehålla
818 255 18 27 ej
852 255 82 22 mindre

184 288 27 22 de
226 288 82 23 fattade
322 289 98 22 besluten
434 290 68 27 jemte
518 290 84 28 uppgift
616 290 29 28 på
660 289 81 22 antalet
754 289 123 28 ledamöter,
889 295 45 16 som

182 321 8 21 i
208 323 74 28 hvarje
297 324 71 22 beslut
383 324 96 28 deltagit,
496 325 47 27 och,
560 325 38 22 der
613 324 132 28 omröstning
761 326 36 25 egt
812 331 52 20 rum,
879 324 55 21 huru

183 358 77 27 många
275 364 45 16 som
336 360 68 21 röstat
418 359 32 22 för
466 359 41 22 och
522 360 55 21 huru
592 360 77 27 många
685 361 63 25 emot,
765 361 27 20 än
808 359 39 22 ock
862 365 26 16 en
904 359 30 22 öf-

182 393 82 27 versigt
284 393 22 22 af
326 393 27 22 de
374 393 32 23 för
428 395 36 22 det
483 395 178 22 nästkommande
679 395 48 21 året
742 394 112 22 beslutade
870 393 63 27 utgif-

182 430 62 20 terna
266 428 40 22 och
328 428 122 23 beräknade
475 429 153 27 inkomsterna,
654 429 110 22 äfvensom
787 428 84 28 angifva
894 429 39 20 den

182 469 89 21 summa,
292 469 45 16 som
352 464 54 22 skall
422 464 39 22 hos
477 464 215 28 länstingsområdets
708 465 102 21 invånare
825 465 108 20 uttaxeras

180 498 41 22 och
236 498 97 28 grunden
347 498 33 23 för
395 500 134 22 densammas
544 500 126 28 fördelning.
694 499 176 27 Sammandraget
880 498 54 22 skall

182 533 172 28 skyndsamligen
372 535 86 27 tryckas
474 535 41 22 och
532 535 80 22 enhvar
626 534 24 22 af
662 534 162 23 vederbörande
838 534 96 21 kommu-

180 574 39 16 ner
234 568 7 22 i
260 568 65 22 minst
339 568 29 23 tio
384 570 108 27 exemplar
507 570 119 26 tillsändas,
643 569 32 23 för
690 571 33 20 att
738 569 132 22 omedelbart
888 568 46 22 der-

182 603 54 23 efter
258 604 4 20 i
279 603 140 23 kommunens
434 604 68 28 kyrka
517 605 108 27 kungöras
642 604 109 22 äfvensom
766 604 7 21 i
787 604 73 27 hvarje
874 604 59 21 kom-

180 644 51 16 mun
246 638 69 22 hållas
330 638 129 29 tillgängligt
474 640 69 22 under
558 646 26 16 en
600 640 31 21 tid
642 639 22 22 af
673 639 80 27 fjorton
764 639 67 27 dagar
841 638 13 22 ä
864 638 68 26 ställe,

181 679 46 16 som
249 673 118 28 magistrat,
392 674 148 28 ordningsrätt
562 674 52 23 eller
632 674 128 22 ordförande
779 674 7 21 i
802 673 131 23 kommunal-

181 709 91 21 stämma
288 708 71 22 dertill
375 710 65 22 utser.

473 784 54 22 IV
544 784 102 28 Kap.

224 846 37 23 Om
277 846 221 30 länstingsområdets
513 847 125 29 utskylder,
654 846 65 23 deras
735 845 99 30 uppbörd
849 845 39 23 och

482 882 150 28 redovisning.

524 946 11 25 8
551 947 34 20 42.

247 985 12 22 I
280 985 62 28 fråga
359 991 35 16 om
411 986 85 27 företag
515 986 53 22 eller
586 986 106 27 åtgärder,
712 985 34 22 för
760 984 72 22 hvilka
848 983 84 28 afgifter

180 1020 52 22 eller
255 1020 149 28 arbetsbidrag
421 1021 53 21 böra
493 1020 67 27 enligt
575 1020 35 27 lag
626 1020 77 22 endast
717 1019 46 22 från
779 1019 98 22 hemman
893 1018 39 22 och

179 1054 128 28 fastigheter
329 1055 59 27 utgä,
412 1055 52 22 eller
486 1055 7 21 i
516 1055 102 22 afseende
639 1055 12 21 &
670 1054 74 22 hvilka
759 1054 67 21 andra
841 1053 92 28 grunder

178 1089 34 22 för
233 1089 158 22 kostnadernas
414 1090 124 27 uttaxering
560 1091 37 20 äro
618 1089 122 26 bestämda,
761 1089 62 21 ställe
841 1088 92 27 länsting

179 1124 34 27 sig
227 1124 33 21 till
276 1124 146 22 efterrätteise
437 1124 56 22 hvad
508 1124 7 21 i
530 1126 23 25 ty
568 1123 37 22 fall
621 1126 24 19 är
660 1123 109 28 stadgadt.

247 1159 10 21 I
280 1158 64 28 öfrigt
362 1159 107 22 bestridas
492 1158 117 28 utgifterna
631 1158 21 23 af
665 1159 154 21 kommunerna
834 1157 7 22 i
855 1157 77 22 förhäl-

178 1193 64 22 lande
265 1193 32 22 till
320 1194 163 27 sammanlagda
505 1193 103 28 beloppet
630 1193 22 22 af
670 1193 27 22 de
716 1192 216 27 mantalspenningar,

179 1234 45 16 som
247 1227 69 23 under
333 1228 151 22 nästförflutna
502 1228 25 21 är
545 1227 69 23 blifvit
629 1227 73 28 hvarje
718 1227 100 22 kommun
834 1226 98 27 päförda;

177 1263 95 26 länsting
288 1263 55 22 dock
358 1263 103 28 obetaget
476 1264 33 21 att
524 1269 34 16 om
574 1269 69 15 annan
659 1262 70 27 grund
744 1261 33 22 för
787 1261 144 27 fördelningen

177 1297 92 22 besluta.

245 1332 44 21 Det
311 1331 157 28 skattebidrag,
487 1338 47 16 som
552 1332 33 21 till
605 1331 52 28 följd
676 1331 64 22 häraf
754 1331 39 22 bör
808 1331 87 26 utgöras
912 1329 22 22 af

177 1367 74 27 hvarje
266 1366 108 27 kommun,
395 1367 183 27 sammanbringas
594 1373 76 20 genom
687 1366 123 26 uttaxering
825 1365 65 26 enligt
906 1364 26 21 de

177 1401 99 28 grunder,
300 1407 47 15 som
370 1400 34 22 för
425 1401 221 28 kommunaltaxering
666 1403 38 20 äro
724 1400 99 22 fastälda.
854 1399 78 22 Derest

176 1435 96 28 länsting
294 1435 86 22 erhällit
403 1436 76 27 anslag
501 1436 24 22 af
544 1436 106 22 allmänna
671 1435 72 22 medel
763 1435 52 22 eller
830 1434 66 22 andra
911 1433 23 22 af

176 1470 150 27 uttaxeringen
354 1470 122 22 oberoende
498 1471 122 27 tillgångar,
643 1470 63 22 skola
728 1469 65 22 dessa
814 1469 7 21 i
843 1468 89 22 främsta
