1009 1739
340 137 20 22 U.
376 135 19 23 B.
411 149 29 2 —
455 135 55 30 Prep,
526 135 32 24 N:o
574 135 34 24 28.

374 449 161 25 Statsutskottets
564 447 258 31 sammanjemkningsförslag
845 446 7 24 i

306 483 98 29 anledning
425 483 21 24 af
466 483 92 25 Ständens
578 482 114 31 skiljaktiga
707 481 61 25 beslot
783 481 69 24 beträf-

304 518 54 24 fande
382 517 108 25 Utskottets
517 517 117 25 betänkande
658 516 31 25 N:o
713 516 20 24 16
758 515 93 29 angående

305 552 89 30 samtliga
416 552 21 24 de
459 552 30 24 vid
512 551 115 29 landtdagen
643 551 45 24 1885
703 550 69 24 äskade
786 549 67 29 anslag

306 586 33 24 och
354 586 104 29 utvägarne
473 586 31 24 till
520 586 55 24 deras
590 584 126 26 bestridande.

168 695 42 22 Vid
224 695 128 27 behandling
366 695 23 21 af
402 695 92 21 berörda
509 695 135 21 betänkande
659 694 46 22 blef
718 695 117 21 detsamma

169 730 23 21 af
204 729 158 27 Ridderskapet
378 729 38 21 och
431 730 71 20 Adeln
518 729 115 27 godkändt,
645 731 59 19 utom
720 728 33 22 för
768 728 23 22 så
806 729 44 21 vidt

100 763 75 28 angår:

168 798 22 27 a)
212 798 99 26 kalkylen
336 798 12 21 &
362 798 39 21 sid.
419 798 25 20 13
461 798 58 21 öfver
535 798 119 26 disponibla
670 798 114 26 tillgångar
799 797 6 21 i
821 797 30 21 öf-

99 832 325 25 verskottsstatsmedelsfonden,
440 832 7 20 i
463 832 86 21 hvilken
564 832 41 21 den
620 832 68 27 tredje
697 833 75 25 posten
783 831 67 21 skulle

99 866 111 22 nedsättas
226 867 33 21 till
278 867 83 25 96,912:
376 867 28 21 43
419 866 36 22 mk
478 866 40 21 och
543 867 42 21 5:te
601 868 75 25 posten
692 866 45 22 helt
753 866 38 21 och
806 865 45 21 häl-

99 901 30 21 let
144 901 60 27 utgä;

167 935 23 26 b)
215 934 99 27 kalkylen
336 934 13 21 &
367 935 39 21 sid.
427 936 25 21 18
471 935 110 26 angående
596 936 118 25 utvägarne
729 936 32 19 att
775 934 75 21 bestri-

100 969 27 21 da
148 969 26 21 de
197 969 13 21 å
231 969 38 21 sid.
286 969 25 21 17
331 969 139 21 omförmälda
486 969 182 27 utgiftsposterna,
684 975 26 15 ur
725 968 85 21 hvilken
825 967 25 22 de

99 1003 31 21 uti
145 1003 47 21 4:de
208 1003 39 21 och
262 1003 42 21 5:te
319 1005 120 19 momenten
454 1005 110 25 upptagna
578 1003 105 26 beloppen
698 1009 54 20 resp.
762 1002 90 23 744,000

99 1036 39 21 och
152 1037 112 26 2,100,000
275 1037 61 21 mark
344 1037 68 22 skulle
420 1037 106 22 uteslutas
534 1037 39 22 och
588 1037 78 22 efteråt
681 1037 80 21 införas
776 1037 76 20 endast

99 1069 69 22 såsom
183 1071 111 21 eventuela
308 1071 123 27 tillgångar;

167 1105 19 26 c)
212 1105 104 21 klämmen
341 1105 13 21 &
376 1105 59 22 sidan
458 1105 35 26 21,
514 1105 85 22 hvilken
614 1105 124 27 godkändes
753 1104 47 21 med
816 1104 36 21 det

98 1139 74 27 tillägg
187 1141 38 24 att,
244 1139 3 21 i
262 1139 100 22 händelse
378 1139 45 22 deri
438 1139 140 27 uppräknade
593 1139 115 28 tillgångar
724 1139 46 22 icke
785 1138 66 22 förslå

97 1173 33 21 till
154 1173 124 27 utgifternas
302 1173 144 27 bestridande,
471 1174 71 21 medel
560 1174 33 21 till
610 1174 92 21 bristens
716 1173 133 22 betäckande

96 1206 56 28 finge
174 1207 84 22 anvisas
278 1207 14 22 å
316 1208 36 21 det
376 1208 125 26 öfverskott,
524 1214 46 15 som
590 1208 118 21 beräknats
723 1207 77 27 uppstå
815 1207 35 21 vid

97 1241 149 27 konvertering
261 1242 23 21 af
298 1242 54 21 1862
368 1242 34 21 års
418 1241 46 27 lån;

164 1275 24 22 af
209 1275 161 22 Presteständet
393 1277 6 20 i
420 1276 69 27 öfriga
512 1277 59 20 delar
594 1278 87 25 antaget
696 1278 59 20 utom
771 1276 78 21 beträf-

96 1309 63 22 fande
181 1309 121 22 Utskottets
325 1310 13 21 å
352 1317 47 20 pag.
415 1311 25 20 21
457 1311 127 21 framstälda
598 1311 81 27 förslag
694 1310 109 27 angående
818 1311 31 20 in-

96 1344 223 27 komstbevillningens
334 1344 138 27 upphörande
487 1345 34 21 för
533 1345 52 21 åren
602 1345 60 26 1886,
672 1345 54 22 1887
738 1344 39 21 och
789 1345 59 26 1888,

96 1378 7 21 i
118 1378 85 21 hvilken
216 1379 34 20 del
268 1379 159 21 Presteståndet
442 1379 71 21 beslöt
528 1380 38 25 att,
581 1380 49 20 med
645 1379 113 28 afböjande
774 1379 24 21 af
810 1379 39 21 Ut-

96 1412 92 21 skottets
209 1412 87 27 förslag,
321 1413 90 21 omfatta
426 1413 40 21 den
491 1413 24 21 af
528 1413 106 27 professor
650 1414 88 21 Donner
754 1418 94 16 reserva-
870 1409 3 5 '

96 1446 88 21 tionsvis
204 1447 118 26 framlagda
340 1447 134 27 hemställan,
490 1449 33 19 att
538 1447 120 22 Ständerna
673 1448 49 21 ville
738 1447 65 27 åtaga
818 1448 31 27 sig

164 1492 148 18 Statsutskottets
324 1492 115 18 betänkande
451 1494 35 16 N:o
499 1492 30 18 16.
