1009 1739
328 188 22 18 U.
364 188 23 18 B.
400 197 22 3 —
434 187 62 23 Prop.
509 187 38 18 N:o
560 186 28 19 17.
788 185 22 18 51

58 253 2 2 *
76 245 115 22 utskottets
196 245 88 27 ;flertal,
304 245 89 21 likasom
410 244 37 26 jag
462 244 18 27 ej
496 244 68 21 heller
583 243 93 27 bidragit
694 243 32 21 till
741 243 92 21 beslutet

77 285 34 14 om
133 281 32 19 att
187 278 249 27 länstingsinstitutionen
455 278 50 25 icke'
514 278 75 21 skulle
604 277 110 26 samtidigt
727 276 108 27 införas?
824 272 15 37 i

76 313 48 21 hela
147 313 77 26 landet,
245 315 51 18 utan
310 312 132 26 smäningom
457 312 85 20 komma
558 311 32 21 till
606 311 61 21 ständ
684 311 27 27 pä
726 311 67 26 grund
811 310 23 21 af

77 346 25 21 de
118 346 32 21 till
165 346 217 27 länstingsomrädena
397 345 95 21 hörande
502 345 165 22 kommunernas
678 345 76 21 beslut.
782 344 50 21 Men

78 379 27 21 dä
120 380 26 21 de
161 380 57 21 förra
236 382 36 18 äro
288 380 22 20 af
321 379 152 27 jemförelsevis
489 379 82 21 mindre
588 379 44 26 vigt
648 379 40 20 och
703 379 27 20 dä
745 379 40 20 den
802 378 32 21 fö-

77 414 98 26 reslagna
192 413 276 27 öfvergängsförfattningen
483 413 107 21 mähända
604 413 43 21 kan
662 413 124 25 möjliggöra
803 413 29 20 la-

78 454 51 20 gens
152 448 118 26 antagande
292 448 35 20 vid
349 447 70 21 denna
441 447 108 26 landtdag,
572 460 26 3 —
612 447 82 21 hvilket
708 446 66 27 enligt
788 446 44 21 min

79 481 65 21 tanke
165 488 50 14 vore
237 482 110 28 högeligen
366 481 122 25 önskvärdt,
509 494 27 2 —
552 480 125 22 inskränker
690 480 37 26 jag
742 480 42 26 mig
799 480 32 20 till

80 516 32 20 att
126 515 173 21 reservationsvis
314 515 86 21 föreslä:

320 556 30 18 att
364 554 80 21 landets
459 551 111 29 höglojliga
584 554 86 20 ständer
685 554 63 20 måtte
758 554 74 24 antaga

287 588 14 27 $
317 590 15 18 2
348 589 7 19 i
368 588 157 27 propositionen
541 588 137 26 oförändrad.

520 638 67 22 Ernst
602 638 128 22 Rönnbäck.

150 702 9 20 I
174 702 150 21 ofvanstående
339 702 109 21 uttalande
464 702 40 20 och
520 702 78 26 förslag
614 702 113 20 instämma

183 753 22 21 T.
222 753 19 33 J.
258 752 96 22 Aminoff.
568 753 22 21 F.
606 752 124 28 Stjernvall.

184 786 23 22 E.
224 781 86 27 Öhman.

150 854 37 22 Uti
201 855 131 21 förestående
348 856 135 25 reservation,
500 856 70 20 såvidt
583 852 123 24 densamma
716 853 65 27 angår
792 853 40 20 den

82 888 22 21 af
113 888 106 22 utskottet
229 889 117 27 föreslagna
357 890 93 26 lydelsen
463 890 23 20 af
495 890 11 26 &
519 890 13 21 2
545 890 6 20 i
559 890 142 26 lagförslaget,
710 889 123 20 instämma:

186 946 22 20 K.
226 946 79 21 Antell,
328 961 4 4 .
490 946 73 21 Alexis
580 946 142 27 Gripenberg.

284 1510 95 17 Helsingfors,
390 1510 13 14 J.
414 1511 15 13 C.
440 1511 76 13 Frenckell
527 1512 11 12 &
548 1513 32 15 Son
591 1513 36 12 1885.
