1009 1739
207 153 26 21 58
499 154 35 21 N:o
550 154 35 21 31.

177 221 108 34 fängelset
307 222 102 21 inseende
432 222 82 28 hafver,
538 223 73 21 hvilka
634 223 36 21 det
690 222 82 27 åligger
789 224 31 19 att
837 223 48 20 dem
900 222 33 21 till

177 251 248 32 Öfverkrigsdomstolen
441 257 155 27 ofördröjligen
612 257 98 22 insända.
741 257 45 21 Och
802 257 39 21 bör
853 257 80 21 Guver-

176 293 68 19 nören
268 291 53 22 eller
344 292 48 27 den,
415 298 46 15 som
478 292 59 21 öfver
552 292 108 27 fängelset
675 292 74 27 tillsyn
765 292 81 27 hafver,
862 292 72 21 ombe-

177 326 65 27 sörja,
265 328 33 19 att
321 327 40 20 den
384 309 94 39 häktade
501 327 19 27 ej
544 328 36 20 må
603 327 67 21 sakna
692 327 77 26 nödigt
791 326 84 21 biträde
898 327 35 20 vid

176 360 194 21 besvärsskriftens
381 361 139 21 författande.

248 395 139 21 Försummar
407 396 41 21 den
464 396 119 27 missnöjde
599 396 56 21 hvad
671 396 6 21 i
694 396 155 21 ofvanstående
865 396 67 20 måtto

176 429 152 25 föreskrifvits,
344 436 52 15 vare
412 430 33 20 sin
462 431 59 20 talan
537 432 58 19 emot
610 431 96 26 utslaget
721 430 108 26 förlustig.

516 500 10 26 8
546 500 45 20 185.

247 534 71 26 Äskar
333 541 49 25 part
398 540 122 27 Krigsrätts
537 540 107 26 protokoll
660 540 53 21 eller
729 540 78 27 utslag,
823 540 39 20 bör
872 539 60 21 audi-

174 575 70 26 tören,
268 574 35 20 vid
326 574 44 21 vite
393 574 23 21 af
436 574 76 22 femtio
528 575 68 27 mark,
620 574 56 22 inom
693 576 47 19 åtta
756 574 66 26 dagar
838 574 94 21 derefter

174 608 46 22 låta
235 609 78 21 honom
333 609 37 21 det
385 609 66 21 undfå
467 610 27 26 på
511 609 79 27 stället,
607 610 38 20 der
661 609 139 27 Krigsrätten
816 608 46 22 haft
877 615 55 15 sam-

175 644 121 27 manträde,
313 644 91 20 såframt
419 646 77 24 parten
514 644 70 21 denna
600 644 33 21 sin
650 644 108 21 åstundan
774 644 82 20 anmält
867 643 64 21 innan

175 678 114 21 auditören
313 678 95 21 derifrån
431 678 103 22 bortrest.
568 674 30 25 Är
621 680 49 25 part
693 678 88 27 häktad,
804 678 127 21 föranstalte

174 712 121 27 auditören,
312 714 32 20 att
360 713 36 21 det
411 713 96 27 begärda
518 713 130 27 protokollet
659 713 53 21 eller
724 713 94 26 utslaget
830 713 34 20 må
875 712 56 21 inom

174 746 92 22 berörde
282 747 32 21 tid
329 747 78 22 honom
423 748 198 21 tillhandakomma.

484 834 40 22 21
542 834 80 28 Kap.

175 902 35 22 Om
228 902 108 28 rättegång
352 903 30 21 vid
400 898 230 32 Öfverkrigsdomstolen
646 903 54 22 samt
717 903 73 21 besvär
808 903 56 21 öfver
882 902 48 22 dess

517 944 75 26 utslag.

516 1007 11 26 8
545 1007 45 20 186.

246 1041 248 32 Öfverkrigsdomstolen
510 1047 80 26 träder,
607 1048 27 25 pä
645 1046 91 21 kallelse
748 1045 23 22 af
780 1045 150 28 ordföranden,

172 1079 145 22 tillsammans
340 1081 24 20 sä
387 1081 44 20 ofta
454 1081 110 21 ärendena
588 1081 36 21 det
642 1081 81 21 fordra.
754 1079 95 22 Infinner
864 1079 32 28 sig
912 1080 18 27 ej

173 1114 145 21 ordföranden
342 1115 53 21 eller
418 1115 95 21 ledamot
536 1116 27 25 pä
586 1117 70 19 utsatt
675 1114 43 26 tid;
741 1114 65 21 varde
824 1114 71 21 derför
910 1114 23 21 af

172 1148 154 27 krigsfiskalen
342 1149 96 21 tilltalad
453 1149 40 21 och
509 1149 50 22 böte
575 1149 49 21 frän
640 1149 39 21 och
696 1149 49 21 med
760 1148 76 21 trettio
847 1148 33 21 till
892 1149 39 20 och

173 1183 49 20 med
238 1183 70 21 sextio
324 1184 68 27 mark,
410 1184 38 21 der
464 1184 50 27 laga
529 1184 73 21 förfall
618 1184 18 27 ej
653 1183 58 22 visas
727 1183 50 21 kan.

515 1253 11 26 $
544 1253 46 20 187.

245 1292 10 21 I
279 1287 249 32 Öfverkrigsdomstolen
544 1293 126 26 föredragas
687 1291 72 22 mälen
775 1291 119 27 muntligen
910 1291 22 21 af

171 1326 183 28 Ofverauditören,
371 1327 40 21 och
426 1329 52 25 säge
494 1327 50 27 han,
560 1327 28 21 dä
604 1327 71 21 beslut
691 1326 56 21 skall
759 1326 72 25 fattas,
844 1325 32 22 sin
887 1332 43 15 me-

171 1361 53 27 ning
247 1361 65 26 först;
336 1368 50 15 men
402 1362 7 21 i
425 1362 67 27 öfrigt
515 1362 39 21 bör
569 1362 36 21 vid
620 1362 84 21 mälens
720 1360 162 27 handläggning
897 1360 33 21 till

172 1395 148 22 efterrättelse
342 1396 73 27 lända,
438 1396 33 21 uti
486 1396 130 27 tillämpliga
632 1396 66 25 delar,
715 1395 56 21 hvad
787 1401 34 15 om
836 1394 94 21 behand-

170 1429 74 27 lingen
261 1430 23 21 af
298 1431 43 20 mäl
356 1431 34 20 för
405 1431 89 21 Hofrätt
510 1431 7 20 i
533 1431 80 21 allmän
629 1431 36 26 lag
681 1430 104 27 stadgadt
795 1429 76 27 finnes,
883 1429 47 21 med

171 1463 142 28 iakttagande
330 1465 24 21 af
367 1465 56 21 hvad
439 1465 40 21 här
495 1466 70 20 nedan
582 1467 69 25 säges.
