1009 1739
418 166 29 18 N:o
460 166 27 18 28.
792 165 13 21 5

396 235 122 26 Transport
533 235 93 27 830,000
634 246 28 3 —

119 281 39 22 och
174 281 188 21 stadskommuner
402 297 5 5 .
438 297 6 4 .
475 297 5 4 .
526 280 136 27 400,000:—

499 321 120 27 1,230,000:
635 332 29 4 —

77 351 149 27 Öfverskottet
244 355 98 22 tillfaller
360 355 122 21 kommuni-

118 390 168 23 kationsfonden
301 390 49 21 med
371 405 5 6 .
408 405 4 5 .
442 406 4 4 .
480 389 138 28 .3,835,000:
634 401 27 3 —
678 394 120 28 5,065,000:
809 406 26 3 —

322 441 58 27 Ären
398 447 55 21 1887
471 446 40 22 och
529 447 64 21 1888:

77 482 126 22 Beräknadt
218 481 238 28 tillverkningsbelopp,
480 482 115 27 4,000,000
610 481 53 21 kan-

120 523 46 21 nor,
182 516 112 27 inbringar
309 516 13 21 å
338 517 10 20 1
366 516 62 21 mark
444 516 28 21 40
486 516 67 27 penni
588 532 4 5 .
624 532 4 4 .
659 514 139 28 .5,600,000:
808 525 27 5 —

76 551 226 27 Utskänkningsskatt
335 566 5 5 .
371 567 4 5 .
406 567 5 5 .
443 566 3 4 .
479 567 5 4 2
516 566 112 5 00
716 550 120 26 30,000:—

681 590 155 28 5,630,000:
818 585 23 37 —

181 620 75 27 Afgär:

78 654 181 27 Ofvanupptagna
275 654 75 56 v
361 655 13 20 å
384 660 108 15 samman-

121 690 83 26 lagdt
200 685 14 35 .
236 705 4 5 .
270 705 5 5 .
306 705 4 5 .
376 705 4 4 2
412 705 6 5 <
448 705 4 4 +
484 705 4 5 +
507 689 120 27 1,230,000:
638 701 27 3 —

80 724 49 21 med
143 724 77 26 tillägg
236 724 30 20 af:

122 758 78 27 bidrag
214 758 34 21 till
264 758 123 27 länstingen
411 774 4 5 .
447 774 4 4 .
483 774 5 5 .
527 758 138 31 200,000:—
683 762 118 28 1,430,000:
811 773 26 3 —

81 800 148 26 Öfverskottet
270 820 4 5 =.
305 820 4 4 .
341 821 4 4 .
522 819 4 5 +
558 821 5 5 ov
595 820 4 5 2
632 820 4 4 +
681 803 119 28 4,200,000:
810 814 27 3 —

79 838 99 22 tillfaller
193 816 296 54 kominunikationsfonden:

149 913 80 21 Derest
244 912 122 22 Ständerna
388 913 77 21 bifalla
488 913 36 21 till
547 913 26 21 de
598 912 89 28 förslag,
708 918 44 15 som
768 910 72 22 blifvit

82 948 128 21 framstälda
230 948 6 20 i
256 948 60 21 Hans
335 948 123 27 Kejserliga
478 948 116 27 Majestäts
610 947 80 27 nådiga
704 945 135 28 proposition

82 982 111 27 angående
209 982 77 27 anslag
300 982 34 21 till
348 982 216 27 jernvägsbygnader
582 983 56 20 samt
649 981 58 22 vissa
717 979 122 23 förändrin-

82 1023 39 20 gar
136 1017 8 20 i
158 1017 192 27 bestämningarna
366 1023 33 15 om
415 1017 290 27 kommunikationsfonden,
716 1015 38 22 och
770 1015 70 21 under

81 1051 121 27 antagande
226 1053 32 19 att
281 1052 36 21 det
340 1051 46 22 deri
409 1051 145 22 omförmälda
576 1051 60 22 lånet
651 1051 70 22 blefve
736 1050 105 27 upptaget

82 1086 68 21 redan
169 1085 7 21 i
195 1085 77 28 början
295 1086 23 21 af
339 1087 24 20 år
387 1087 61 26 1886,
472 1086 78 21 ställer
570 1086 40 27 sig,
633 1086 49 21 med
704 1083 138 28 tillämpning

81 1120 23 21 af
125 1120 155 22 ofvanstående
300 1121 99 27 kalkyler
418 1121 96 20 rörande
530 1120 199 27 bränvinsskatten,
744 1119 97 21 kommu-

81 1155 203 22 nikationsfondens
306 1155 82 27 budget
410 1155 34 21 för
467 1155 149 22 instundande
632 1153 147 28 finansperiod
795 1159 46 15 som

81 1189 72 27 följer:

406 1217 112 22 Inkomst:

81 1257 115 22 Beräknad
211 1258 126 27 behållning
352 1258 48 21 från
416 1259 25 20 år
459 1258 56 21 1885
556 1275 4 3 .
592 1274 4 5 .
628 1274 5 5 .
707 1257 136 27 952,000:
826 1252 21 36 —

81 1292 29 21 Af
123 1292 192 23 bränvinsskatten
331 1294 25 20 är
373 1293 53 21 1886
450 1309 5 4 .
488 1309 4 4 .
525 1309 4 4 .
560 1309 4 4 .
596 1308 4 5 .
631 1308 5 5 .
687 1291 156 27 3,835,000:—

81 1323 39 37 D:o
191 1328 33 21 d:o
330 1329 52 20 åren
400 1329 54 20 1887
470 1328 43 21 och
531 1328 67 21 1888.
629 1344 5 4 .
686 1326 157 29 8,400,000:
826 1322 20 38 —

81 1361 66 22 Netto
170 1362 95 21 inkomst
290 1362 49 21 frän
362 1361 274 28 Helsingfors--Tavaste-

124 1396 103 21 hus—$:t
237 1396 133 27 Petersburg
383 1397 93 26 jernväg
492 1395 14 22 ä
522 1397 114 27 2,300,000

124 1431 62 21 mark
201 1437 39 20 per
256 1432 31 27 är,
303 1431 34 21 för
352 1433 34 19 tre
402 1431 24 20 år
448 1447 4 5 .
485 1445 5 5 .
523 1446 5 5 .
560 1447 4 5 .
596 1447 4 4 .
631 1446 4 5 +»
688 1429 157 28 6,900,000:—

515 1471 121 26 Transport
655 1465 14 37 =
672 1469 136 28 20,087,000:
818 1479 27 3 —
