1009 1739
209 154 27 21 18
415 152 24 23 U.
455 153 23 22 B.
494 166 29 3 —
539 153 61 29 Prop.
616 152 37 23 N:o
671 152 33 23 18.

179 219 100 28 omtalas,
304 220 24 21 sä
343 219 42 22 kan
401 226 51 15 man
467 220 44 21 lätt
526 219 60 22 sluta
601 221 34 20 att
650 219 50 22 med
716 219 92 28 ,sättet*
824 218 34 22 för
873 218 58 22 valet

176 254 48 27 just
246 255 58 22 afses
327 255 107 22 huruvida
450 255 38 22 det
503 255 57 21 skall
577 255 39 22 ske
632 254 136 23 omedelbart
784 254 54 22 eller
852 260 79 21 genom

178 290 115 23 elektorer.
324 291 150 28 ,Ordningen*
498 292 48 21 åter
569 291 79 21 hänför
663 291 34 26 sig
712 290 46 22 helt
773 290 108 27 naturligt
896 289 34 22 till

178 327 42 22 den
235 329 59 25 yttre
306 327 111 28 procedyr,
434 333 47 16 som
496 327 38 21 vid
549 327 64 22 valen
629 327 39 21 bör
684 326 117 27 iakttagas.
820 326 110 21 Attdetta

177 363 88 27 uttryck
281 364 80 27 ,sättet
381 363 40 21 och
437 363 133 27 ordningen"
587 363 19 27 ej
623 363 43 21 kan
682 362 111 27 tillämpas
808 363 29 26 pä
852 361 78 28 själfva

177 398 202 27 röstberäkningen,
395 399 75 21 därom
486 398 70 28 gifver
564 398 64 22 äfven
636 399 42 21 den
687 398 49 21 näd.
744 404 62 21 prop.
815 397 35 22 till
858 397 71 22 denna

177 434 106 26 landtdag
306 435 32 20 ett
361 434 95 22 indirekt
480 434 128 22 vitnesbörd
624 440 78 21 genom
721 435 34 20 att
771 433 6 21 i
794 432 77 28 själfva
887 432 41 22 den

177 469 124 27 föreslagna
323 476 42 20 nya
387 470 110 27 lagtexten
514 468 75 30 (mom.
605 469 25 29 4)
645 469 100 27 begagna
760 469 68 27 sagda
842 468 88 27 uttryck

178 506 7 20 i
208 506 33 20 ett
264 506 162 27 sammanhang,
446 512 47 15 som
510 505 90 21 alldeles
617 505 107 21 utesluter
739 504 141 28 möjligheten
896 505 34 20 att

178 541 110 21 därunder
303 541 113 27 inbegripa
432 541 63 22 äfven
511 541 203 27 röstberäkningen.

251 577 142 27 Riktigheten
409 577 23 22 af
447 578 42 21 den
505 577 101 27 tolkning
619 578 39 26 jag
673 577 39 21 här
724 578 50 20 sökt
784 579 52 25 göra
846 576 82 28 gällan-

178 614 27 21 de
223 613 113 22 bekräftas
352 613 74 22 vidare
442 613 24 21 af
480 613 109 27 exemplet
604 613 48 21 frän
669 612 95 28 Sverige,
780 613 40 21 där
835 614 94 20 motsva-

178 649 67 21 rande
260 648 166 22 bestämmelser
442 649 63 21 äfven
523 649 82 21 tolkats
621 650 29 26 pä
666 649 114 21 enahanda
791 650 50 20 sätt.
866 648 63 22 Stad-

177 685 81 27 gandet
278 685 75 21 härom
375 684 7 22 i
406 685 28 21 14
454 685 12 27 &
487 684 24 22 af
530 685 58 21 1810
604 686 36 20 års
656 684 203 28 Riksdagsordning
874 684 56 21 hade

177 720 47 22 före
244 720 119 28 riksdagen
385 720 147 22 1856—1858
552 720 95 28 följande
663 720 91 27 lydelse:
772 720 80 28 ,Valen
868 720 62 21 skola

177 756 38 22 ske
237 756 57 21 inför
313 756 161 22 vederbörande
494 756 124 27 Magistrat,
638 755 55 27 efter
713 756 34 20 det
768 756 14 20 å
802 755 75 27 hvarje
898 756 33 20 ort

177 790 66 29 öfliga
264 791 85 27 valsätt,
371 792 71 21 deruti
463 792 67 21 likväl
552 792 92 26 ändring
662 792 44 20 kan
722 798 40 20 ega
777 798 55 20 rum,
849 792 28 21 dä
892 798 38 14 an-

179 828 75 26 tingen
273 829 71 25 nägon
368 828 68 27 stadsi
452 828 173 26 valberättigade
650 828 110 26 invänare,
780 827 53 21 eller
848 828 40 20 ock
904 834 27 15 en

177 863 53 22 eller
250 862 53 23 flere
321 863 84 22 klasser
420 863 67 22 bland
503 864 57 26 dem,
578 870 34 15 om
629 864 68 21 sådan
714 863 92 27 ändring
822 863 108 22 öfverens-

176 899 94 27 komma,
287 899 40 21 och
342 899 128 27 Konungen,
486 899 57 22 efter
560 899 174 22 vederbörandes
747 899 103 27 hörande,
862 898 68 22 finner

178 934 47 21 skäl
242 935 128 20 densamma
385 934 118 22 fastställa.
529 935 34 21 Då
579 935 62 21 valen
653 935 103 20 förrättas
768 934 23 21 af
800 935 131 27 Borgerska-

177 972 37 25 pet
230 970 111 27 samfäldt,
358 970 39 21 och
413 970 48 22 icke
477 970 24 21 af
512 970 122 27 Elektorer,
646 970 108 21 beräknas
765 972 99 20 rösterna
875 970 55 22 efter

177 1006 57 21 hvad
254 1006 54 21 hvar
329 1006 40 21 och
385 1013 26 14 en
428 1006 24 21 af
467 1006 26 21 de
510 1006 100 27 väljande
626 1006 35 21 till
677 1006 132 21 kommunen
826 1006 104 21 skattar.*

176 1041 10 21 I
208 1041 118 28 anledning
347 1041 23 22 af
389 1042 61 21 detta
472 1042 121 27 stadgande
613 1044 63 25 säger
696 1041 56 22 1851
770 1043 35 20 ärs
821 1042 109 21 konstitu-

176 1077 147 22 tionsutskott
345 1077 7 21 i
369 1077 39 21 sitt
424 1077 114 22 memorial
554 1077 39 22 N:o
611 1078 35 27 18,
664 1077 55 22 efter
734 1079 34 20 att
783 1077 64 22 hafva
863 1077 65 22 fram-

176 1112 65 21 hällit
257 1113 37 21 det
310 1112 89 27 obilliga
415 1113 7 21 i
438 1119 28 15 en
477 1113 136 26 obegränsad
624 1113 117 26 röstskala,
752 1113 29 21 bl.
793 1119 19 15 a.
824 1113 104 27 följande:

176 1164 10 11 »
188 1148 41 27 Väl
244 1148 85 21 tillåter
343 1148 135 27 grundlagen
489 1149 115 21 städernas
615 1148 173 27 valberättigade
799 1149 131 21 innevånare

176 1185 33 20 att
228 1185 50 20 med
296 1184 128 27 konungens
440 1185 111 26 samtycke
568 1184 70 21 införa
654 1183 125 28 ändringar
794 1184 8 21 i
818 1184 112 27 valsättet;

176 1226 50 15 men
247 1220 140 22 föreskriften
409 1223 33 19 att
461 1222 107 25 rösterna,
584 1221 8 20 i
608 1221 26 21 de
650 1220 39 21 fall
706 1221 28 20 då
748 1220 63 22 valen
827 1221 103 21 förrättas

174 1255 105 22 samfäldt
294 1256 39 21 och
350 1256 47 21 icke
414 1256 23 21 af
451 1257 115 26 elektorer,
582 1256 54 22 böra
651 1256 109 21 beräknas
776 1256 56 21 efter
848 1257 26 22 de
893 1259 34 19 rö-

175 1291 91 22 standes
282 1291 112 22 skattören
411 1294 24 19 är
450 1292 68 21 likväl
534 1292 116 27 ovilkorlig
666 1292 40 21 och
716 1292 75 27 lägger
801 1292 85 22 således
897 1295 33 19 ett

174 1326 79 22 hinder
274 1327 34 21 för
328 1328 142 26 uppgörande
490 1327 25 22 af
533 1334 43 21 nya
596 1327 155 27 valordningar
766 1333 77 21 genom
860 1328 69 22 öfver-

174 1361 167 28 enskommelse,
358 1364 24 20 så
398 1365 62 19 snart
475 1363 62 27 fråga
553 1363 71 22 blefve
640 1369 35 16 om
692 1363 123 27 antagande
833 1363 24 22 af
874 1371 54 14 ome-

174 1397 88 22 delbara
284 1398 54 21 val.<
372 1398 48 21 Den
444 1399 7 20 i
475 1399 38 21 det
536 1399 91 21 anförda
647 1399 132 26 stadgandet
799 1399 129 22 valmännen

173 1433 113 27 medgifna
305 1433 133 28 rättigheten
460 1435 34 20 att
510 1435 49 20 med
575 1435 129 26 konungens
719 1433 128 28 begifvande
863 1435 66 21 vinna

172 1469 95 27 ändring
282 1469 7 21 i
305 1469 105 21 valsättet
425 1471 79 25 ansågs
520 1469 58 27 förty
594 1470 48 20 icke
653 1469 105 22 innebära
768 1471 71 25 någon
850 1470 78 27 rättig-

172 1503 38 22 het
226 1505 35 21 att
276 1505 28 26 på
316 1504 62 22 detta
388 1506 46 20 sätt
444 1505 93 21 utvärka
547 1511 42 21 nya
600 1505 162 27 valordningar,
772 1505 74 21 hvilka
857 1506 71 22 skulle

247 1544 165 29 Lagutskottets
428 1545 135 23 betänkande
578 1546 43 22 N:o
637 1546 20 21 5.
