1009 1739
198 163 14 20 2
365 165 77 23 Ständ.
460 166 36 23 Sv.
513 178 27 3 —
556 166 70 28 Prop.
642 167 40 22 N:o
697 166 35 21 27.

172 225 93 23 drabbar
280 229 27 20 de
323 228 58 22 olika
400 235 124 22 grupperna
539 229 25 21 af
576 229 177 27 skattdragande,
769 231 53 19 utan
838 228 62 22 äfven
915 226 8 21 i

171 259 136 24 förhållande
330 263 33 21 till
386 264 36 21 det
444 263 78 28 belopp
544 265 41 20 den
604 264 111 27 inbringar
730 265 24 19 är
770 263 89 22 förenad
874 261 50 22 med

172 296 204 28 oproportionerligt
400 300 58 19 stora
478 297 159 22 omkostnader.
668 298 64 21 Hvad
747 299 95 20 deremot
858 297 68 27 angår

174 330 41 21 den
234 331 210 28 näringsbevillning,
460 339 46 14 som
522 332 24 21 af
560 332 116 21 utländske
694 332 124 21 handlande
833 331 40 22 och
888 337 39 15 an-

174 365 37 20 dre
227 365 163 28 näringsidkare
406 367 92 28 utgjorts
514 367 7 20 i
536 367 36 21 två
588 367 71 21 skilda
674 367 129 27 kategorier,
819 366 66 27 enligt
899 366 27 20 de

174 398 166 29 bestämningar,
364 408 45 14 som
431 401 121 21 innehållas
570 401 7 21 i
593 403 23 25 $$
632 403 12 20 6
660 401 41 21 och
716 402 28 21 30
759 401 24 21 af
796 400 128 27 åberopade,

174 440 29 14 nu
218 433 102 27 gällande
335 434 211 28 bevillningsstadga,
563 435 65 22 hafva
638 436 123 21 Ständerna
771 434 71 22 funnit
853 435 71 21 denna

174 467 139 29 beskattning
335 469 133 22 fortfarande
488 477 52 15 vara
556 470 24 21 af
593 470 213 26 omständigheterna
822 468 104 28 påkallad

174 502 40 21 och
230 502 71 22 derför
316 503 112 22 bibehållit
443 505 131 21 densamma.
604 505 9 20 I
629 504 54 27 följd
699 504 63 21 deraf
775 505 37 19 äro
824 503 40 21 ock
874 502 50 22 ifrå-

174 538 123 26 gavarande
320 539 134 26 stadganden
474 538 33 22 till
522 546 27 14 en
565 538 92 22 särskild
680 538 124 27 förordning
820 544 111 16 samman-.

175 570 68 27 förda,
258 574 54 19 utan
334 574 69 20 andra
425 573 151 28 förändringar
592 575 28 19 än
636 574 42 20 den
694 580 46 14 som
755 572 25 22 af
792 572 135 28 paragrafer-

175 612 40 15 nas
229 606 130 28 utbrytande
374 615 26 13 ur
415 608 42 21 den
469 608 111 21 allmänna
590 608 154 26 förordningen
755 607 39 21 och
803 608 62 20 deras
873 612 57 16 ome-

176 640 88 22 delbara
286 642 125 27 anslutning
432 642 33 21 till
486 642 123 22 hvarandra
624 642 106 27 betingas.
759 642 33 20 En
808 642 66 20 sådan
891 641 37 20 nä-

176 675 178 28 ringsbevillning
376 676 46 26 har,
444 678 50 20 med
518 678 48 20 stöd
584 677 24 21 af
622 676 119 22 resultaten
757 676 67 21 under
840 676 26 20 de
882 676 46 20 när-

176 712 56 20 mast
247 710 103 22 förflutna
366 712 57 25 åren,
438 711 120 21 beräknats
573 711 61 21 skola
650 710 33 22 för
698 710 74 28 hvarje
788 710 24 21 af
825 711 49 20 näst
888 709 40 22 föl-

176 745 66 28 jande
257 747 33 19 tre
306 746 24 21 år
345 745 100 27 inbringa
459 746 7 20 i
482 746 101 20 medeltal
600 746 79 25 30,000
695 744 68 22 mark.

246 780 106 22 Finlands
375 780 91 22 Ständer
483 780 28 26 få,
527 780 7 21 i
550 780 96 28 enlighet
661 780 49 20 med
726 780 36 20 det
778 779 96 27 anförda,
890 785 40 14 un-

179 815 125 27 derdånigst
319 815 88 21 anmäla

384 862 34 20 att
431 860 133 27 Ständerna,
580 862 46 21 med
636 861 118 27 afböjande
765 861 27 27 af
798 861 42 21 den
850 860 83 27 nådiga

312 895 165 27 propositionen
492 896 71 22 såvidt
577 896 41 22 den
634 896 72 28 angår
720 895 117 28 utförande
852 894 28 28 af
892 894 40 21 all-

316 932 54 19 män
384 930 211 29 inkomstbevillning
618 931 36 26 för
673 930 55 22 åren
742 930 64 25 1886,
822 930 61 20 1887
896 928 38 22 och

317 963 65 27 1888,
398 964 34 22 till
450 965 141 27 fortfarande
613 965 143 27 efterrättelse
776 963 105 29 godkänts
896 968 38 15 en-

317 999 50 20 dast
388 999 24 21 de
431 999 137 28 stadganden
582 1000 8 21 i
605 1006 33 15 nu
656 999 102 28 gällande
780 997 130 29 förordning
926 997 9 20 i

318 1035 79 24 ämnet,
418 1033 73 22 hvilka
507 1034 58 27 angå
579 1033 213 28 näringsbevillning
807 1033 27 26 af
846 1031 90 22 utländ-

318 1067 35 22 ske
373 1067 125 22 handlande
522 1068 36 21 och
580 1068 69 21 andre
668 1067 174 28 näringsidkare,
858 1067 8 20 i
881 1065 55 22 hvil-

318 1101 35 22 ket
367 1101 100 28 afseende
489 1102 127 22 Ständerna
639 1102 36 27 för
697 1102 36 21 sin
755 1101 33 22 del
808 1101 86 28 antagit
909 1106 28 15 en

321 1135 130 29 förordning
466 1136 28 27 af
505 1136 97 28 följande
618 1135 88 28 lydelse:

334 1187 142 34 Förordning,
496 1189 116 32 angående
631 1188 43 24 den
693 1187 123 32 bevillning,
835 1195 49 16 som
903 1185 29 26 af

358 1229 147 34 utländingar,
525 1230 74 24 hvilka
616 1230 10 24 i
642 1229 94 24 Finland
751 1228 51 25 idka
820 1227 83 26 handel

367 1271 56 24 eller
440 1279 76 17 annan
533 1271 86 33 näring,
639 1271 62 24 skall
716 1270 108 33 erläggas
841 1278 39 16 un-

409 1313 41 24 der
468 1315 56 23 ären
544 1313 69 27 1886,
635 1312 66 25 1887
720 1311 41 25 och
781 1311 70 24 1888.

606 1359 16 28 $
637 1359 19 21 1.

391 1400 85 29 Hvarje
498 1406 81 15 annan
601 1402 31 19 än
657 1399 58 27 finsk
736 1398 140 28 medborgare,
896 1402 46 16 som

323 1434 85 28 utöfver
424 1437 32 19 tre
470 1435 70 28 dagar
554 1435 67 21 vistas
636 1434 10 21 i
662 1433 73 22 landet
750 1433 37 21 och
802 1432 35 27 för
851 1438 52 22 egen
913 1431 29 22 el-

324 1469 36 26 ler,
378 1469 70 21 såsom
464 1469 118 26 utskickad,
598 1469 35 27 för
649 1474 92 15 annans
755 1467 97 27 räkning
867 1465 75 29 bjuder
