1009 1739
216 149 26 20 16
420 148 24 22 U.
459 149 25 22 B.
498 161 29 3 —
543 149 64 28 Prop.
622 149 38 22 N:o
677 147 34 24 23.

230 253 37 23 för
282 254 42 22 den
338 254 36 23 del
388 254 25 22 af
425 255 160 28 behållningen,
602 261 46 16 som
658 254 100 23 öfversti-

231 295 41 21 ger
287 290 91 26 100,000
393 290 61 21 mark
469 289 59 23 ända
542 289 34 22 till
592 291 11 20 1
620 289 82 22 million
716 306 5 5 .

231 325 57 20 samt
302 323 34 22 för
351 323 58 22 hvad
424 324 100 22 deröfver
539 324 41 28 går
606 341 5 5 .

261 358 157 28 Skyldigheten
426 360 33 21 att
466 359 91 22 kartera
561 337 197 55 boupptecknings-

231 392 131 23 instrument
376 393 33 22 till
420 400 28 15 nu
456 393 142 23 föreskrifvet
605 393 78 28 belopp
691 395 67 20 sträc-

231 427 41 22 ker
285 427 35 28 sig
335 428 77 22 endast
426 428 34 22 till
475 429 38 21 det
526 429 109 27 exemplar
645 427 26 23 af
680 428 78 22 instru-

231 464 89 26 mentet,
330 462 84 23 hvilket
424 463 57 22 skall
487 463 35 22 till
529 463 164 22 vederbörande
702 463 56 22 dom-

231 496 44 22 stol
289 496 113 28 aflemnas;
418 498 40 21 och
472 498 40 22 bör
527 498 14 21 å
556 498 38 22 det
608 498 70 21 andra
689 504 69 16 exem-

232 531 78 28 plaret,
321 532 85 22 hvilket
415 532 34 22 till
458 532 233 28 sterbhusdelegarene
701 533 57 21 åter-

232 566 82 28 ställes,
337 566 90 22 tecknas
449 566 69 28 intyg,
542 568 35 20 att
592 569 32 20 ett
639 567 119 27 behörigen

232 600 115 22 karteradt
355 602 108 27 exemplar
471 602 33 22 till
511 602 119 22 domstolen
634 602 123 22 inlemnats.

261 635 99 28 Ingifves
382 636 319 28 bouppteckningsinstrument
720 643 38 15 un-

233 669 39 22 der
293 670 126 28 försegling,
442 671 55 22 böra
519 671 239 27 förrättningsmännen

231 704 68 22 hafva
321 705 13 21 å
356 705 106 28 omslaget
487 706 135 21 antecknadt
646 706 41 21 och
709 705 49 22 med

231 738 49 22 sina
302 745 75 16 namns
399 740 135 22 underskrift
555 740 107 28 bestyrkt,
678 741 35 21 att
727 740 31 22 in-

231 775 130 21 strumentet
375 774 74 22 blifvit
464 775 118 27 behörigen
597 774 122 22 karteradt.

260 808 345 29 Bouppteckningsinstrumentet
612 810 100 21 karteras
723 816 35 15 en-

231 842 43 28 ligt
289 842 41 22 den
345 843 137 29 författning,
498 850 46 16 som
558 844 98 28 gäller
641 833 12 44 &
666 844 42 22 den
718 837 39 34 tid,

232 876 29 22 då
277 877 37 22 det
328 878 35 21 till
378 878 91 22 domstol
482 878 102 28 ingifves.

260 911 48 22 Har
322 912 79 22 afliden
415 919 78 21 person
507 914 29 26 på
551 913 53 22 flera
619 914 59 20 orter
693 912 65 23 efter-

231 946 82 21 lemnat
336 947 110 28 egendom,
467 947 117 22 hvaröfver
598 947 110 22 särskilda
722 948 36 21 bo-

230 981 175 28 uppteckningar
419 981 74 23 blifvit
502 981 129 28 förrättade,
639 981 57 22 skall
704 987 54 16 sam-

230 1015 149 22 manräknade
394 1016 159 28 behållningen,
564 1016 70 28 enligt
648 1016 64 22 dessa
722 1016 36 21 bo-

231 1049 180 28 uppteckningar,
427 1052 65 26 tagas
507 1051 33 21 till
555 1051 71 27 grund
636 1050 36 22 för
681 1050 77 22 beräk-

230 1083 82 28 ningen
327 1084 25 22 af
364 1085 199 28 stämpelbeloppet,
576 1085 86 22 hvilket
675 1085 39 22 bör
724 1085 34 21 för

230 1118 103 28 samtliga
358 1119 230 28 bouppteckningarna
612 1119 145 22 kontrolleras

230 1151 39 23 vid
284 1152 42 22 den
341 1153 97 28 domstol,
455 1153 33 22 dit
502 1154 27 22 de
543 1154 102 27 ingifvas.

204 1185 110 28 Certifikat
328 1187 53 30 eller
396 1188 180 28 ursprungsbevis
591 1188 35 22 för
639 1194 65 17 varor
716 1205 4 4 .

203 1219 110 29 Certifikat
328 1221 34 22 för
376 1221 82 29 fartyg,
474 1229 24 16 se
513 1222 82 23 fribref.

200 1254 104 28 Diplom:

231 1291 34 20 1:0
280 1290 14 21 å
310 1290 60 28 adlig
384 1291 118 28 värdighet

280 1325 15 21 &
309 1324 112 29 friherrlig
432 1326 34 22 d:o

280 1359 14 21 å
309 1359 80 28 greflig
414 1355 10 37 =
434 1361 35 21 d:o

280 1393 14 22 ä
309 1400 72 21 vapen
396 1395 40 21 och
450 1373 201 54 vapenföränäring
752 1411 5 5 s

230 1429 34 20 2:0
280 1428 14 21 å
310 1428 152 29 doktorsgrad,
472 1429 57 22 efter
538 1429 92 28 aflagda
640 1429 118 28 specimina

280 1463 14 20 å
309 1463 93 22 honorär
418 1464 158 27 doktorsgrad
566 1459 14 36 .
717 1480 41 5 PI

252 1502 217 24 Bevillningsutskottets
481 1504 116 18 betänkande
608 1504 39 18 N:o
660 1504 16 17 4.

822 1293 42 20 500

801 1327 63 27 1,000

800 1362 64 27 2,000

824 1396 40 20 150

823 1465 42 19 200

899 290 28 21 30

898 325 27 20 40
