1009 1739
407 173 35 21 N:o
458 173 31 21 31.
772 173 26 20 35

378 257 40 22 13
434 257 87 29 Kap.

70 310 34 21 Om
120 310 104 21 skadande
240 310 49 21 eller
304 310 137 27 förskingring
458 311 21 20 af
490 310 141 27 beklädnads-,
642 310 118 27 bevärings-
776 310 50 21 eller

69 345 226 27 utredningspersedlar
315 344 55 21 samt
389 350 65 16 annan
476 345 21 21 åt
513 345 102 27 krigsman
632 345 117 22 anförtrodd
766 349 60 22 egen-

69 379 56 27 dom;
144 379 26 22 så
188 379 38 22 ock
244 384 32 16 om
294 379 135 26 försnillning,
449 379 108 27 bedrägeri
577 380 38 21 och
635 379 119 27 oredlighet,
771 379 55 22 samt

265 413 53 21 stöld
335 413 37 21 och
389 413 87 22 snatteri
493 414 5 20 i
515 414 57 21 vissa
587 415 43 20 fall.

410 476 12 27 8
441 478 46 19 114.

142 516 66 26 Hvar,
225 522 46 15 som
286 517 138 26 uppsåtligen
441 517 81 21 skadar
538 518 52 20 eller
606 517 87 26 förstör,
710 518 53 20 eller
776 517 53 21 olof-

71 551 57 26 ligen
152 551 71 27 säljer,
246 553 123 24 pantsätter
390 551 52 21 eller
458 552 129 20 annorledes
603 552 136 26 förskingrar
755 552 22 20 ät
793 552 37 20 ho-

70 592 49 14 nom
143 585 32 21 till
195 585 54 21 bruk
266 586 97 20 lemnade
380 586 150 26 beklädnads-,
548 586 124 26 bevärings-
689 586 53 21 eller
757 586 73 20 utred-

70 620 182 27 ningspersedlar,
276 620 49 20 häst
346 620 52 21 eller
414 620 50 21 dess
480 621 129 26 mundering
626 621 52 21 eller
694 621 68 25 foder,
778 620 52 21 eller

71 655 147 25 ammunition,
242 655 52 20 eller
318 661 69 14 annan
411 655 68 21 sädan
502 656 83 20 kronan
606 656 96 26 tillhörig
718 655 112 27 egendom,

71 689 73 21 dömes
168 689 33 21 till
218 689 172 26 förafskedande,
410 690 52 20 eller
478 690 97 26 fängelse
591 690 33 21 till
640 690 38 21 och
695 690 49 21 med
760 691 30 19 ett
806 690 24 20 är

71 724 53 20 eller
139 724 171 26 ordningsstraff.

411 753 11 27 8
441 754 46 20 115.

143 792 41 21 Till
204 792 132 27 krigsstaten
353 793 96 21 hörande
466 799 85 21 person,
568 800 46 14 som
630 793 23 21 af
667 793 73 21 soldat
755 792 74 27 köper,

72 827 52 21 eller
148 827 72 21 säsom
242 829 52 24 pant
318 828 52 20 eller
393 828 130 20 annorledes
546 830 120 24 emottager
684 833 76 21 vapen,
778 827 52 21 eller

72 861 50 21 häst
144 862 52 20 eller
212 863 65 19 annat
292 862 78 20 sädant
386 862 60 26 gods,
464 868 47 14 som
527 862 41 20 han
585 862 42 20 kan
642 861 121 21 misstänka
778 867 52 15 vara

71 896 82 20 kronan
176 896 112 26 tillhörigt,
313 896 62 26 skall,
399 896 38 21 der
456 896 101 26 behörigt
575 896 98 21 tillstånd
689 896 33 21 till
740 896 91 20 öfverlä-

71 930 68 21 telsen
163 930 95 25 saknats,
281 931 78 26 godset
382 932 77 24 genast
482 933 52 19 utan
558 931 60 21 lösen
642 930 119 26 äterställa,
778 930 52 21 eller

71 964 53 21 fulla
146 965 76 20 värdet
245 965 70 26 gälda,
332 965 39 20 och
388 965 111 20 dessutom
516 965 74 20 dömas
607 965 32 20 till
656 964 174 27 ordningsstraff.

142 999 73 21 Visste
231 999 41 21 han
288 1001 33 18 att
336 999 78 26 godset
432 1000 103 21 tillhörde
550 999 90 26 kronan,
658 999 111 21 äterställe
785 999 46 20 det-

72 1039 81 15 samma
170 1034 52 20 eller
237 1033 62 26 gälde
315 1033 53 22 fulla
384 1034 84 26 värdet,
486 1034 39 21 och
542 1034 84 21 straffes
643 1035 105 26 derjemte
759 1033 72 21 säsom

70 1067 7 21 i
97 1068 11 27 8
131 1069 39 20 114
190 1070 70 24 säges,
280 1068 39 21 der
338 1068 18 27 ej
378 1068 24 21 sä
417 1070 25 19 är
458 1070 34 19 att
507 1069 42 20 han
566 1075 75 20 genom
658 1069 89 26 godsets
763 1069 67 20 emot-

70 1103 94 25 tagande
178 1103 59 26 gjort
252 1103 34 26 sig
301 1102 100 21 förfallen
421 1103 33 20 till
472 1102 64 22 straff
550 1103 34 21 för
599 1103 135 26 delaktighet
748 1102 7 21 i
767 1102 64 21 stöld.

412 1166 11 27 $
442 1167 47 20 116.

142 1205 115 28 Tillgriper
273 1206 53 21 eller
339 1205 137 27 förskingrar
486 1206 70 27 nägon
567 1207 7 20 i
585 1207 149 26 militärtjenst
745 1205 86 21 anstäld

70 1246 78 20 person
172 1240 82 21 kronan
278 1241 52 20 eller
353 1247 71 14 annan
447 1241 112 26 tillhöriga
581 1241 106 20 kontanta
702 1241 128 26 penningar,

71 1275 149 26 värdepapper
243 1275 52 20 eller
318 1277 66 18 annat
401 1275 62 26 gods,
481 1281 46 15 som
544 1275 40 21 han
601 1275 13 21 &
628 1275 107 27 tjenstens
751 1276 81 25 vägnar

72 1309 52 21 eller
139 1309 67 26 enligt
222 1309 90 21 befälets
329 1310 147 25 anordnande,
492 1310 34 21 till
542 1310 138 26 förvaltning,
691 1309 140 26 redovisning

72 1344 52 21 eller
146 1344 128 21 förvarande
298 1344 124 26 emottagit;
448 1344 75 21 dömes
538 1344 34 21 för
588 1344 42 21 slik
644 1343 138 26 försnillning
798 1343 34 21 till

72 1377 119 28 afsättning
215 1378 51 21 eller
286 1378 174 26 förafskedande,
486 1379 52 20 eller
561 1378 96 27 fängelse
672 1379 54 21 eller
742 1377 90 22 tukthus

72 1412 33 21 till
122 1413 39 20 och
176 1413 49 20 med
240 1413 36 20 tvä
292 1413 30 26 är,
340 1419 54 20 men,
411 1419 35 14 om
462 1413 78 26 godset
555 1413 78 21 honom
646 1413 119 26 veterligen
776 1413 57 20 varit

71 1446 71 21 afsedt
162 1447 34 21 för
212 1447 72 27 sjukes
300 1447 53 21 eller
370 1447 89 21 särades
476 1447 66 21 behof
556 1449 57 19 samt
628 1453 76 21 genom
722 1447 110 20 saknaden

72 1480 62 21 deraf
148 1481 78 21 vällats
242 1481 83 26 störing
342 1481 6 20 i
365 1481 63 21 deras
444 1480 115 22 förseende
575 1482 48 20 med
634 1480 144 27 erforderliga
788 1480 44 21 för-
