1009 1739
404 146 40 25 N:o
460 147 38 23 23.

151 248 94 28 Ingifves
268 247 322 29 bouppteckningsinstrument
609 254 37 15 un-

122 283 39 22 der
183 283 125 27 försegling,
333 283 54 22 böra
411 283 235 26 förrättningsmännen

121 317 65 23 hafva
209 318 13 21 å
244 317 107 27 omslaget
373 317 134 22 antecknadt
532 317 41 22 och
598 317 48 21 med

122 353 48 21 sina
192 358 76 16 namns
290 351 136 22 underskrift
440 351 107 28 bestyrkt,
567 353 33 20 att
614 351 32 21 in-

122 388 130 21 strumentet
267 385 69 23 blifvit
352 386 120 27 behörigen
488 386 120 21 karteradt.

150 420 346 28 Bouppteckningsinstrumentet
504 421 99 21 karteras
609 426 37 15 en-

120 455 42 27 ligt
177 456 41 20 den
233 454 132 27 författning,
382 461 46 15 som
444 454 70 28 gäller
528 455 14 21 å
555 454 42 22 den
606 450 39 49 tid,

122 490 28 21 då
166 489 37 22 det
219 488 33 22 till
268 468 97 53 domstol
376 488 97 28 ingifves.

150 524 46 21 Har
211 522 78 23 afliden
303 530 79 20 person
397 524 28 26 på
440 523 53 22 flera
509 525 59 20 orter
583 522 63 22 efter-

121 558 81 22 lemnat
224 558 112 26 egendom,
357 557 115 22 hvaröfver
486 558 108 21 särskilda
609 558 38 20 bo-

121 592 172 27 uppteckningar
306 592 70 22 blifvit
385 592 127 26 förrättade,
524 592 55 22 skall
590 598 56 15 sam-

122 626 146 22 manräknade
283 626 157 27 behållningen,
457 627 66 25 enligt
533 627 65 21 dessa
608 626 38 21 bo-

121 660 179 28 uppteckningar,
316 663 62 25 tagas
394 661 33 21 till
442 661 70 27 grund
523 660 33 22 för
567 660 78 22 beräk-

120 695 80 27 ningen
216 694 23 22 af
252 695 204 27 stämpelbeloppet,
471 695 83 21 hvilket
564 695 40 21 bör
613 694 33 22 för

122 730 100 26 samtliga
246 729 229 27 bouppteckningarne
500 729 145 22 kontrolleras

122 764 37 21 vid
174 764 42 21 den
232 764 100 26 domstol,
349 763 31 22 dit
396 764 27 21 de
439 763 99 27 ingifvas.

95 797 109 27 Certifikat
218 798 54 21 eller
286 798 181 27 ursprungsbevis
482 798 34 22 för
531 804 78 16 varor
597 793 16 36 .

95 831 109 28 Certifikat
218 832 34 22 för
266 832 76 27 fartyg,
359 838 23 16 se
398 832 79 22 fribref.

92 865 102 28 Diplom:

124 902 34 20 1:0
174 900 13 22 å
202 900 58 28 adlig
275 900 113 28 värdighet

173 936 13 20 &
200 935 108 26 friherrlig
324 935 34 21 d:o

172 969 14 21 &
200 969 74 27 greflig
300 965 12 36 =
324 969 33 22 d:o

172 1003 13 22 ä
200 1009 69 21 vapen
285 1003 41 21 och
340 986 197 45 vapenförändring

123 1039 35 20 2:0
174 1037 13 21 &
202 1037 150 27 doktorsgrad,
367 1037 55 22 efter
432 1037 86 28 aflagda
528 1020 118 45 specimina

174 1071 13 22 å
201 1071 95 22 honorär
312 1071 144 28 doktorsgrad
568 1088 77 5 ee.

172 1107 14 21 ä
200 1106 157 27 magistergrad

94 1140 146 27 Doktorsbref,
257 1146 24 16 se
297 1141 86 26 diplom.

93 1175 173 27 Donationsbref
284 1175 54 22 eller
359 1175 119 22 resolution
501 1175 15 22 &
532 1175 113 28 förläning,

123 1209 95 27 eftergift
234 1209 12 21 ä
260 1209 36 22 län
312 1209 41 22 och
368 1209 126 26 understöd,
512 1215 46 16 som
574 1209 22 22 af
609 1210 37 21 all-

122 1245 78 20 männa
215 1243 71 22 medel
301 1244 97 27 beviljas,
415 1246 39 19 när
470 1243 76 28 gäfvan
562 1244 8 21 i
580 1245 66 21 värde

123 1277 128 28 öfverstiger
266 1279 42 20 200
324 1278 66 27 mark,
402 1278 91 22 skrifves
505 1279 14 21 ä
529 1279 118 27 stämpladt

122 1318 82 21 papper
219 1312 32 21 till
268 1314 31 20 ett
314 1313 78 27 belopp
408 1312 23 22 af
444 1312 46 28 fyra
504 1315 98 25 procent.

93 1346 238 28 Fartygsförpassning,
347 1353 24 16 se
385 1353 59 21 pass.

93 1380 116 27 Fastebref
225 1381 91 22 skrifves
334 1381 30 28 pä
383 1381 117 28 stämpladt
515 1387 84 22 papper
614 1381 33 22 för

123 1416 33 21 ett
175 1415 183 27 egendomsvärde
381 1414 24 23 af
425 1415 33 22 till
481 1415 41 22 och
538 1415 50 22 med
604 1416 42 21 250

122 1445 58 37 mark
206 1465 6 4 .
314 1466 5 5 +
334 1446 30 36 os
386 1466 5 5 x
422 1467 5 4 m
458 1466 6 5 8
495 1466 43 6 wn
568 1467 5 4 a
604 1446 12 36 MN

786 1451 26 20 25
