1009 1739
202 162 26 21 30
411 161 23 22 U.
451 161 23 22 B.
493 173 24 2 —
535 160 64 29 Prop.
615 160 40 23 N:o
670 158 34 23 23.

219 267 59 21 teras
299 266 47 22 lika
364 266 49 23 med
427 266 115 28 köpebref;
557 267 41 21 och
612 266 41 21 bör
666 265 78 22 värdet

218 300 26 22 af
264 300 42 22 den
328 301 110 28 egendom,
458 307 45 16 som
519 301 51 28 gått
584 301 8 21 i
607 301 60 27 byte,
681 299 63 22 alltid

218 334 34 22 uti
271 335 149 27 bytesbrefvet
433 335 8 22 i
456 335 122 28 penningar
592 336 103 25 utsättas,
710 333 34 22 sä-
758 334 1 12 |

219 367 67 23 framt
306 369 83 27 lagfart
411 369 52 22 derä
483 369 59 22 skall
554 369 76 22 kunna
644 367 99 28 beviljas,

218 404 58 20 samt
294 403 127 28 mellangift,
442 404 28 21 dä
485 403 70 22 sädan
570 409 53 22 eger
637 409 53 20 rum,
706 401 38 23 vid

218 436 172 23 bestämmandet
402 437 36 22 'af
458 437 122 28 stämplade
602 438 93 26 pappret
712 436 32 22 in-
758 433 1 15 |

218 471 114 22 beräknas.

192 504 117 28 Certeparti
337 506 52 22 eller
418 507 102 27 fraktslut
544 512 34 16 om
603 506 81 27 fartyg,
709 505 49 22 för
750 500 11 38 :

218 540 76 28 hvarje
311 542 40 20 100
365 541 63 22 mark
442 541 24 22 af
479 541 158 22 fraktsumman

758 239 2 17 |

758 266 1 27 |

758 297 1 21 |

189 574 195 26 Depositionsbevis
398 575 99 22 karteras
512 576 70 21 säsom
592 574 150 28 förskrifning.
756 580 2 23 ;

190 608 212 28 Fideikommissbref
411 610 101 21 karteras
524 610 71 21 såsom
605 610 137 21 testamente.

189 642 129 28 Fraktsedel,
334 650 24 15 se
372 644 172 22 konnässement.

189 676 90 28 Förord,
294 684 24 15 se
333 678 213 28 äktenskapsförord.

190 710 149 29 Förskrifning
366 711 52 23 eller
440 712 131 28 skuldsedel,
593 712 70 27 vexel,
686 713 57 25 post-

218 745 144 28 remissvexel,
382 746 116 28 anvisning
517 746 39 22 och
570 746 135 28 assignation
720 745 25 22 af
756 748 2 17 :

218 779 44 22 alla
276 780 50 28 slag
339 780 100 22 karteras
454 780 57 22 efter
525 780 198 28 kapitalbeloppet:

246 813 36 23 till
296 814 40 22 och
350 814 49 22 med
414 816 41 20 200
470 815 62 22 mark

246 850 57 20 samt
325 848 125 23 derutöfver
472 849 34 22 för
527 849 77 28 hvarje
626 830 55 40 fulla
700 829 42 41 200

275 883 62 22 mark
352 883 34 22 till
401 884 40 21 och
455 884 49 21 med
520 886 63 25 1,000
598 883 64 22 mark

246 917 88 23 utöfver
348 919 64 26 1,000
426 918 62 22 mark
502 918 35 22 för
550 918 76 27 hvarje
636 917 54 22 fulla
701 918 41 20 100

275 952 62 21 mark
352 951 26 22 af
385 952 49 21 hela
444 952 38 21 det
490 952 172 27 kapitalbelopp,
672 951 70 22 hvarå
756 955 2 4 '

274 985 172 28 förskrifningen
460 993 27 15 m.
503 993 27 15 m.
544 986 62 27 lyder
629 1003 4 4 .

245 1019 79 22 Derest
339 1020 112 28 betalning
466 1021 14 21 å
489 1020 109 28 kapitalet
607 1020 59 22 förut
676 998 66 55 skett,

217 1053 108 23 beräknas
334 1055 194 27 stämpelbeloppet
535 1055 78 22 endast
620 1054 57 22 efter
684 1053 58 23 hvad

216 1088 8 21 i
238 1088 86 27 kapital
339 1089 101 22 återstår.

245 1122 154 29 Förskrifning
420 1129 28 16 m.
468 1130 34 21 m.,
518 1129 45 16 som
578 1123 33 22 uti
626 1122 94 27 original
734 1121 8 22 i

216 1157 104 22 konkurs-
338 1157 53 22 eller
406 1157 192 28 årsproklamamål
612 1157 36 22 till
663 1156 79 23 bevak-
756 1178 2 4 |

216 1191 54 28 ning
284 1191 88 27 företes,
386 1192 101 21 karteras
501 1193 72 21 säsom
588 1192 80 27 bilaga.

244 1225 154 28 Förskrifning
422 1226 40 21 och
483 1232 73 15 annan
578 1225 132 22 förbindelse
729 1224 8 21 &
757 1248 1 10 |

216 1259 38 22 län
280 1259 50 22 frän
354 1259 90 28 kronan,
469 1259 106 22 Finlands
599 1259 142 26 statskontor,

215 1293 309 28 Alexanders-Universitetet,
540 1294 63 21 enke-
617 1293 40 22 och
667 1293 75 27 pupill-

215 1328 106 21 kassorna
336 1330 56 19 samt
407 1328 69 21 andra
490 1329 109 21 allmänna
613 1328 77 21 fonder
703 1327 39 22 och

215 1362 83 27 kassor,
320 1362 49 21 med
392 1362 113 27 undantag
527 1362 78 22 endast
619 1361 26 22 af
658 1361 27 22 de
700 1361 43 22 för-

216 1396 116 27 bindelser,
352 1402 44 15 som
416 1396 33 21 uti
467 1397 13 26 &
496 1398 28 19 14
538 1398 117 20 momentet
671 1398 11 19 6
698 1397 45 20 sär-

216 1430 69 22 skildt
300 1432 132 26 omnämnas,
449 1431 101 22 karteras
564 1431 71 28 såsom
650 1430 92 27 bilagor.

245 1465 52 21 Men
314 1465 19 26 &
348 1465 82 21 mindre
445 1464 139 22 såbeskaffad
598 1463 145 27 förskrifning

238 1504 218 22 Bevillningsutskottets
470 1504 118 18 betänkande
601 1506 37 16 N:o
651 1505 16 17 4.

888 540 28 20 25
