1009 1739
252 169 80 22 Ständ.
348 171 35 21 Sv.
402 183 22 2 —
443 171 70 27 Prop.
529 171 41 21 N:o
586 171 31 21 19.
764 171 26 21 13

203 239 42 21 gen
260 234 64 27 säges.
350 233 52 22 Har
412 235 67 26 prest,
492 233 32 28 pä
540 233 100 28 begäran,
651 233 112 22 verkställt
772 241 47 14 resa

203 268 9 21 i
234 268 36 21 och
290 268 35 27 för
339 268 70 21 sådan
424 268 86 27 kyrklig
524 268 145 28 förrättning,
685 275 51 14 vare
751 268 68 21 berät-

205 303 57 28 tigad
284 304 34 20 att
338 302 28 27 af
378 303 48 26 den,
442 310 43 14 som
501 303 76 21 honom
594 303 92 26 anlitar,
702 302 72 27 unafä
788 302 32 27 fri

204 337 68 28 skjuts
294 337 58 28 fram
374 337 37 21 och
433 337 47 21 äter
502 338 62 24 samt,
580 338 60 19 utom
654 337 36 27 för
704 336 114 28 sjukbesök,

201 373 80 29 jemväl
296 379 79 15 annan
388 371 130 29 godtgörelse
536 371 54 28 efter
605 371 213 28 öfverenskommelse.

480 441 15 27 $
511 440 31 21 11.

272 481 46 21 För
332 481 175 21 nedannämnda
522 480 140 28 embetsbetyg,
674 487 43 14 som
728 479 28 27 af
759 480 61 26 prest

204 516 8 22 i
234 516 48 21 stad
304 516 52 21 eller
374 516 31 26 pä
421 516 74 21 landet
511 515 33 21 till
558 515 98 21 enskilda
672 514 148 28 församlings-

204 550 136 22 medlemmar
354 550 108 27 utfärdas,
480 550 128 21 tillkommer
622 550 77 20 honom
716 548 56 22 lösen
783 554 36 15 en-

204 585 39 28 ligt
257 584 97 28 följande
371 586 63 20 taxa:

708 647 1 17 |

708 686 3 35 |

222 746 32 22 1:o
268 746 194 28 Flyttningsattest
488 746 110 27 äfvensom
623 730 87 44 trejde-|

272 781 38 21 och
326 780 151 28 lefnadsbetyg,
494 788 44 14 som
554 781 34 27 för
603 775 107 27 enskilda

273 815 177 28 angelägenheter
464 815 113 27 erfordras
592 827 104 4 --------
709 792 1 42 |

222 850 33 21 2:o
270 850 70 26 Bevis,
356 857 44 14 som
410 850 118 28 berättigar
538 850 33 20 till
581 850 119 27 uttagande

272 884 28 27 af
312 884 88 28 lysning
416 884 34 21 till
458 884 126 27 äktenskap,
594 884 34 27 för
636 884 65 22 hvar-

272 919 51 21 dera
338 919 160 21 kontrahenten
507 930 189 5 --------------
710 921 1 30 |

222 953 34 20 3:0
271 953 167 28 Lysningssedel
455 953 33 21 till
504 953 118 27 äktenskap
636 965 61 4 -----
710 952 1 24 |

222 987 36 21 4:o
273 987 63 21 Bevis
354 987 59 28 öfver
428 987 121 28 afkunnad
564 988 88 27 lysning
668 987 34 21 till

273 1022 116 27 äktenskap
401 1022 65 27 jemte
480 1022 64 27 intyg
560 1029 32 14 om
602 1022 100 21 hinders-

273 1056 65 21 löshet
353 1057 33 20 till
401 1057 192 28 sammanvigning
608 1068 89 5 -------

222 1090 33 21 5:0
275 1090 81 29 Utdrag
371 1098 29 14 ur
414 1091 49 27 dop-
480 1091 37 21 och
532 1091 150 28 dödslängder-
693 1102 4 5 -
710 1115 2 3 |

224 1124 32 21 6:0
270 1125 64 21 Bevis
348 1125 36 27 för
398 1125 52 26 dem,
466 1133 45 13 som
526 1125 51 22 söka
592 1126 87 21 inträde
693 1126 9 20 i

273 1159 84 22 allmän
373 1160 65 27 tjenst
450 1172 248 4 <=wss+
537 1148 50 43 sons:
596 1148 60 43 sun
666 1148 36 43 se

272 1193 70 27 Bevis,
358 1201 44 14 som
416 1194 112 27 erfordras
536 1195 35 20 vid
579 1194 123 28 ansökning
711 1222 1 3 |

274 1235 34 14 om
330 1228 82 28 lagfart
434 1229 14 20 å
462 1229 79 21 skatte-
556 1229 51 21 eller
622 1226 90 24 immis-!

272 1263 48 20 sion
343 1263 9 20 i
373 1263 173 21 kronohemman
561 1271 26 13 m.
604 1271 26 13 m.
648 1265 56 20 samt

274 1297 113 22 innehålla
412 1297 122 28 utredning
557 1298 59 27 öfver
638 1298 65 27 slägt-

274 1331 229 28 skapsförhållanden:

302 1366 28 20 då
345 1365 75 22 beviset
434 1366 127 27 innefattar
572 1366 34 21 till
613 1366 37 21 och
657 1366 47 21 med

275 1400 35 21 två
324 1400 88 27 slägtled
422 1412 18 4 se
451 1412 248 5 s+s«+s
554 1389 48 42 scr:
614 1389 35 42 000
666 1389 36 42 090

303 1434 35 27 för
353 1435 74 27 hvarje
443 1435 32 21 led
490 1435 124 27 derutöfver
623 1447 75 4 ------

225 1193 19 21 7:

246 1201 10 14 S
