1009 1739
316 151 25 22 T.
356 150 24 23 B.
394 163 29 3 —
438 150 66 29 Prop.
520 151 38 22 N:o
572 149 34 24 27.

322 462 329 29 Bevillningsutskottets
666 460 172 24 betänkande

290 496 38 23 N:o
344 496 19 28 5,
382 496 8 22 i
408 496 122 29 anledning
545 496 26 23 af
582 496 59 23 Hans
656 496 126 30 Kejserliga
796 495 42 23 Ma-

288 531 82 29 jestäts
385 530 83 30 nådiga
483 531 145 29 proposition,
648 530 115 30 angående
777 530 61 28 utgö-

290 566 69 22 rande
379 565 26 23 af
421 566 220 28 inkomstbevillning
660 566 37 22 för
712 565 54 23 åren
780 563 58 29 1886,

290 600 50 22 1887
354 600 42 22 och
410 600 59 23 1888.

154 664 58 22 Enär
235 670 26 15 en
283 664 122 27 bevillning,
422 664 100 26 grundad
536 664 28 27 pä
580 664 70 21 direkt
664 664 98 27 taxering
777 662 23 22 af
814 663 25 21 de

87 698 165 28 skattskyldiges
270 698 120 28 tillgängar,
409 698 117 27 befunnits,
542 698 84 22 utöfver
642 698 26 22 de
683 698 105 22 särskilda
802 704 38 15 an-

88 734 39 20 dra
140 733 142 27 bevillningar
296 733 120 21 Ständerna
430 733 36 21 vid
483 733 56 21 1882
553 732 35 22 ärs
603 733 103 27 landtdag
722 732 67 28 ätagit
801 732 38 26 sig,

88 768 65 27 nödig
175 767 62 22 äfven
251 767 33 21 för
299 768 145 21 instundande
458 768 153 27 finansperiod,
627 768 39 21 har
682 768 59 21 Hans
756 767 84 27 Kejser-

88 802 44 28 liga
154 802 101 27 Majestät
277 802 30 22 uti
326 802 64 27 nädig
406 803 142 27 proposition,
565 802 79 22 afläten
658 802 35 22 till
708 808 29 15 nu
751 801 89 21 försam-

88 837 48 21 lade
159 837 96 26 Ständer,
277 836 57 22 velat
355 836 81 22 föreslä
456 838 34 20 att
506 837 60 21 desse
581 836 66 22 mätte
663 836 33 22 för
712 836 50 21 ären
779 836 61 26 1886,

90 871 53 22 1887
167 871 39 21 och
230 871 54 21 1888
307 870 63 28 ätaga
391 872 32 26 sig
441 871 213 28 inkomstbevillning
668 872 8 20 i
691 870 150 26 hufvudsaklig

90 905 216 22 öfverensstämmelse
328 906 48 21 med
397 906 193 27 bestämningarna
607 906 7 21 i
634 907 73 21 senast
728 904 113 22 utfärdade

88 940 203 27 evillningsstadga
312 940 23 21 af
356 940 41 21 den
414 940 26 21 15
454 940 91 21 Januari
562 940 62 21 1883.
655 941 77 21 Denna
746 939 95 27 proposi-

88 974 46 21 tion
148 976 24 19 är
188 974 23 21 af
224 974 99 27 samtliga
338 974 89 21 ständen
443 975 127 21 remitterad
585 975 33 21 till
633 975 68 21 Stats-
715 973 40 22 och
764 973 78 22 Bevill-

89 1008 173 27 ningsutskottet,
285 1009 117 27 hvarjämte
424 1008 50 22 frän
496 1009 105 27 Borgare-
624 1009 39 21 och
678 1007 164 23 Bondeständen

90 1043 78 27 bilagts
182 1043 77 28 utdrag
272 1049 26 15 ur
314 1044 36 21 det
363 1043 36 22 vid
413 1044 105 21 remissen
528 1044 62 21 förda
600 1042 242 27 diskussionsprotokol-

88 1077 37 21 let.
154 1077 38 21 Uti
206 1077 123 32 Kejserliga
339 1078 93 21 Senaten
446 1078 30 21 ha
491 1079 103 26 deremot,
610 1078 67 27 enligt
686 1077 57 22 hvad
753 1077 89 21 Utskot-

90 1113 32 20 tet
136 1111 110 28 inhemtat,
261 1111 66 28 nägra
342 1112 106 22 särskilda
462 1113 131 27 handlingar
607 1113 47 21 icke
668 1112 124 22 tillkommit
807 1112 35 21 vid

90 1142 98 36 ärendets
198 1146 127 27 "beredning,
340 1146 45 21 lika
400 1146 24 21 sä
438 1147 50 21 litet
503 1153 47 15 som
564 1147 71 27 någon
650 1147 132 26 omröstning
796 1147 46 21 der-

90 1180 36 21 vid
140 1180 108 22 förefallit.

165 1215 103 27 Samtliga
293 1215 35 22 vid
356 1215 181 22 remissdebatten
552 1217 7 20 i
581 1216 181 27 Borgareständet
787 1215 56 21 före-

90 1249 82 21 komna.
182 1249 125 22 uttalanden
322 1249 27 28 gå
363 1251 24 20 ut
402 1249 28 28 pä
445 1251 34 20 att
494 1251 89 21 förorda
595 1250 249 26 inkomstbevillningens

91 1283 138 28 afskaffande,
253 1284 185 28 hufvudsakligast
459 1284 30 28 pä
512 1285 94 27 följande
628 1285 104 28 grunder:
757 1286 32 19 1:0
812 1285 32 20 att

92 1318 122 21 densamma
228 1325 67 21 synes,
311 1319 7 21 i
333 1319 143 22 betraktande
492 1319 25 22 af
531 1320 143 21 Statsverkets
689 1325 72 16 vunna
776 1319 68 22 ökade

90 1352 121 28 tillgångar,
227 1353 33 21 för
275 1353 36 22 det
325 1353 134 22 närvarande
474 1354 119 27 umbärlig;
608 1355 34 21 2:0
659 1356 33 19 att
706 1354 66 21 denna
787 1353 58 22 skatt

92 1387 134 27 synnerligen
248 1388 86 27 ojämnt,
356 1387 71 22 säsom
449 1395 80 20 genom
551 1389 105 22 särskilda
678 1387 167 28 sifferuppgifter

90 1421 90 28 visades,
196 1421 92 22 drabbar
304 1422 25 22 de
344 1422 58 21 olika
416 1429 126 21 grupperna
552 1423 23 22 af
583 1423 179 28 skattdragande;
777 1423 67 21 samt:

91 1455 35 21 3:0
148 1457 33 20 att
202 1456 116 27 utgifterna
339 1456 33 21 för
394 1457 129 27 taxeringen
540 1458 108 21 äfvensom
663 1457 37 22 det
716 1457 73 21 arbete
805 1456 39 21 och

158 1495 214 23 Bevillningsutskottets
385 1495 120 20 betänkande
518 1498 36 17 N:o
566 1498 16 18 5.
