1009 1739
265 155 82 23 Ständ.
362 156 38 23 Sv.
416 169 28 2 —
460 156 70 27 Prop.
548 156 41 22 N:o
604 155 32 22 19.
791 157 13 20 3

77 219 47 21 Och
140 226 45 14 som
201 219 41 21 den
258 219 79 27 nådiga
352 219 164 28 propositionen
532 221 60 26 synts
607 220 71 26 egnad
694 220 32 20 att
738 218 98 27 aflägsna

78 254 96 21 nämnda
189 253 209 26 missförhållanden,
414 253 66 23 hafva
496 254 124 21 Ständerna
632 253 82 28 jemväl
728 253 8 21 i
744 253 90 21 hufvud-

78 288 40 21 sak
133 287 97 28 godkänt
246 289 129 24 densamma,
391 295 49 14 men
456 289 37 21 vid
508 288 161 27 granskningen
686 287 24 22 af
722 287 112 27 lagförsla-

78 325 36 24 get
136 322 8 21 i
167 323 48 20 dess
231 322 90 27 detaljer
336 322 56 21 dock
406 322 73 21 funnit
495 323 33 26 sig
543 323 53 20 böra
611 323 88 26 vidtaga
715 322 67 27 några
797 322 37 20 än-

80 356 93 28 dringar,
189 356 33 21 för
238 356 72 21 hvilka
326 356 119 22 Ständerna
462 357 91 27 utbedja
568 357 32 27 sig
616 359 32 19 att
663 357 23 20 få
700 356 40 21 här
755 356 81 21 nedan-

78 391 34 21 för
127 392 111 26 redogöra.

147 425 33 21 Då
203 425 129 27 stadgandet
354 425 8 21 i
377 427 11 25 $
405 427 10 19 1
433 425 24 21 af
470 426 172 27 propositionen,
658 427 33 19 att
706 425 73 27 hvarje
794 425 43 21 för-

78 460 92 26 samling
192 466 49 14 vore
256 459 76 27 pligtig
348 461 31 19 att
394 459 57 22 förse
467 460 38 20 sitt
521 459 139 28 presterskap
676 460 50 20 med
741 466 25 14 en
782 458 55 22 efter

79 493 205 28 embetsbefattning
307 494 39 21 och
370 494 87 21 dermed
483 494 104 22 förenade
604 494 129 27 äligganden
748 494 90 26 lämpad

79 528 101 27 aflöning,
202 528 48 22 icke
272 535 62 21 synes
349 528 95 22 utesluta
460 529 140 27 möjligheten
616 528 24 22 af
654 536 26 14 en
696 529 68 20 sädan
779 528 57 21 tolk-

82 563 58 27 ning,
163 565 33 19 att
218 563 36 21 vid
276 563 136 27 regleringen
434 563 70 21 skulle
520 566 62 24 tagas
597 563 8 21 i
620 563 158 27 öfvervägande
794 563 42 20 den

81 604 43 14 ena
148 597 52 21 eller
226 598 69 20 andra
322 601 98 24 prestens
448 597 206 27 embetsbefattning
684 597 39 21 och
750 596 87 22 dermed

82 631 104 22 förenade
201 632 129 27 åligganden
346 634 53 19 utan
415 632 103 21 afseende
534 633 12 20 å
561 632 57 21 hvad
634 632 122 27 aflöningen
771 630 66 22 tillfö-

83 673 51 15 rene
156 666 87 28 utgjort,
266 666 64 22 hafva
349 666 121 22 Ständerna
485 666 35 22 till
534 666 160 29 förebyggande
710 666 24 22 af
748 665 89 28 otydlig-

83 700 38 21 bet
136 702 92 20 rörande
243 701 145 27 regleringens
404 702 109 26 ändamål,
530 708 46 15 som
590 702 24 27 ju
625 700 180 27 hufvudsakligen
814 701 25 20 är

83 734 188 28 uppbördssättets
291 736 121 26 förenkling
428 738 55 19 samt
499 736 135 27 aflöningens
646 736 98 27 jemnare
759 734 79 22 fördel-

84 770 52 27 ning
151 771 49 20 med
215 770 82 28 hänsyn
313 770 32 21 till
360 770 59 22 såväl
434 770 120 27 löngifvare
570 778 46 14 som
632 770 118 27 löntagare,
766 771 72 19 ansett

83 804 38 21 det
136 804 53 22 böra
204 804 143 28 uttryckligen
363 804 138 26 bestämmas,
518 807 32 19 att
566 805 161 27 presterskapet
742 804 8 21 i
764 801 82 29 hvarje

85 838 125 28 församling
226 839 54 21 skall
295 839 33 21 för
343 839 115 21 framtiden
474 846 54 15 vara
543 840 101 27 tryggadt
659 839 36 21 vid
710 838 129 28 åtnjutande

84 873 26 21 af
130 874 94 26 aflöning
240 874 47 20 från
302 874 161 27 församlingen,
479 874 35 21 till
529 874 78 27 belopp
623 874 49 21 fullt
688 872 152 22 motsvarande

85 908 58 21 hvad
157 908 107 21 härintills
280 908 84 28 erlagts.
394 909 10 20 I
421 908 53 28 följd
490 908 67 22 häraf
569 908 65 22 hafva
650 908 128 26 Ständerna,
794 913 46 15 som

85 942 64 21 äfven
172 942 62 21 hållit
256 942 52 26 före,
331 946 32 17 att
386 944 132 25 stadgandet
540 950 35 14 om
590 942 202 27 lönefördelningen
806 940 35 22 för

85 977 37 20 det
137 976 43 27 fall,
198 977 26 20 dä
240 977 7 20 i
262 984 82 14 samma
358 977 126 27 församling
500 977 53 21 eller
569 979 97 25 pastorat
682 977 37 21 tvä
727 976 51 21 eller
788 977 52 20 flere

80 1011 110 21 ordinarie
206 1014 83 24 prester
304 1013 37 20 äro
357 1011 105 26 anstälde,
479 1011 129 28 lämpligare
624 1011 74 21 kunde
713 1011 51 27 ingä
778 1011 7 20 i
800 1010 40 21 föl-

79 1044 69 28 jande
172 1047 17 25 8,
214 1046 96 21 uteslutit
325 1046 167 27 ifrågavarande
507 1049 96 18 moment
619 1046 40 21 och
663 1040 14 37 i
697 1045 72 22 stället
784 1044 56 22 ifrån

82 1081 42 20 den
146 1079 33 22 till
205 1080 121 21 Ständerna
352 1081 36 20 vid
414 1081 55 20 1567
507 1081 38 20 års
573 1081 105 26 landtdag
701 1080 81 21 aflätna
804 1079 38 21 nä-

81 1115 53 26 diga
149 1115 162 27 propositionen
327 1115 101 27 upptagit
437 1116 49 20 dess
504 1117 10 19 1
532 1117 17 25 &,
565 1122 45 14 som
618 1115 121 21 innehäller
746 1113 95 28 uttryck-

82 1149 40 27 ligt
140 1149 120 27 stadgande
276 1150 73 20 derom
364 1152 32 18 att
412 1149 152 28 ifrägakomna
579 1150 107 27 reglering
701 1149 48 21 icke
760 1148 82 28 äsyftar

82 1190 28 15 en
134 1183 123 28 minskning
279 1184 32 21 uti
333 1185 40 20 den
397 1184 47 21 frän
460 1184 157 27 församlingen
632 1184 34 21 till
681 1183 161 28 presterskapet

83 1218 110 27 utgäende
216 1218 128 27 aflöningen.
376 1218 60 21 Dock
459 1219 67 21 hafva
542 1219 122 21 Ständerna
679 1220 72 20 ansett
767 1220 33 19 att
816 1223 27 15 en

83 1252 77 21 rättvis
183 1253 115 21 reduktion
322 1253 23 21 af
366 1254 42 20 den
431 1253 7 21 i
455 1248 140 27 Österbotten
611 1253 39 21 och
667 1253 29 27 pä
711 1247 72 26 Äland
798 1251 45 28 gäl-

84 1286 64 21 lande
172 1286 146 22 skafttionden
340 1287 39 21 bör
402 1287 165 28 ifrägakomma,
590 1290 56 19 samt
661 1287 34 22 för
710 1289 33 19 att
758 1286 85 28 möjlig-

81 1322 55 25 göra
152 1321 125 22 densamma
292 1321 70 28 tillagt
378 1329 28 14 en
421 1321 139 28 bestämning
575 1322 75 21 härom
665 1321 32 22 uti
706 1320 137 29 paragrafen.

154 1355 41 22 Vid
217 1355 160 28 granskningen
401 1356 24 21 af
446 1358 10 25 $
480 1357 14 20 2
510 1357 66 21 hafva
592 1357 122 21 Ständerna
729 1355 44 22 fäst
788 1362 56 21 upp-

83 1389 149 22 märksamhet
254 1391 35 21 vid
312 1391 36 21 det
372 1391 126 21 obestämda
522 1391 20 28 ej
566 1391 83 22 mindre
665 1391 33 21 uti
713 1390 131 27 stadgandet

82 1424 69 27 enligt
174 1426 11 25 $
211 1426 7 18 1
244 1425 7 20 i
266 1425 162 27 propositionen
444 1426 82 25 derom,
542 1428 32 19 att
590 1425 150 27 fördelningen
756 1425 23 20 af
794 1424 53 22 aflö-

82 1458 81 27 ningen
187 1459 91 21 emellan
302 1459 165 27 församlingens
483 1462 86 25 prester
585 1459 69 22 skulle
669 1459 133 22 verkställas
819 1457 29 22 ef-
