<?xml version="1.0" encoding="UTF-8"?>
<alto xmlns="http://www.loc.gov/standards/alto/ns-v3#" xmlns:xlink="http://www.w3.org/1999/xlink" xmlns:xsi="http://www.w3.org/2001/XMLSchema-instance" xsi:schemaLocation="http://www.loc.gov/standards/alto/ns-v3# http://www.loc.gov/alto/v3/alto-3-0.xsd">
	<Description>
		<MeasurementUnit>pixel</MeasurementUnit>
		<sourceImageInformation>
			<fileName>/tmp/tess_tknfi1pz_input.PNG</fileName>
		</sourceImageInformation>
		<OCRProcessing ID="OCR_0">
			<ocrProcessingStep>
				<processingSoftware>
					<softwareName>tesseract 5.3.4</softwareName>
				</processingSoftware>
			</ocrProcessingStep>
		</OCRProcessing>
	</Description>
	<Layout>
		<Page WIDTH="1009" HEIGHT="1739" PHYSICAL_IMG_NR="0" ID="page_0">
			<PrintSpace HPOS="0" VPOS="0" WIDTH="1009" HEIGHT="1739">
				<ComposedBlock ID="cblock_0" HPOS="316" VPOS="161" WIDTH="484" HEIGHT="24">
					<TextBlock ID="block_0" HPOS="316" VPOS="161" WIDTH="484" HEIGHT="24">
						<TextLine ID="line_0" HPOS="316" VPOS="161" WIDTH="484" HEIGHT="24">
							<String ID="string_0" HPOS="316" VPOS="161" WIDTH="23" HEIGHT="20" WC="0.92" CONTENT="U."/><SP WIDTH="12" VPOS="161" HPOS="339"/>
							<String ID="string_1" HPOS="351" VPOS="162" WIDTH="23" HEIGHT="19" WC="0.89" CONTENT="B."/><SP WIDTH="12" VPOS="162" HPOS="374"/>
							<String ID="string_2" HPOS="386" VPOS="162" WIDTH="21" HEIGHT="13" WC="0.89" CONTENT="—"/><SP WIDTH="13" VPOS="162" HPOS="407"/>
							<String ID="string_3" HPOS="420" VPOS="161" WIDTH="62" HEIGHT="24" WC="0.95" CONTENT="Prop."/><SP WIDTH="14" VPOS="161" HPOS="482"/>
							<String ID="string_4" HPOS="496" VPOS="162" WIDTH="38" HEIGHT="18" WC="0.96" CONTENT="N:o"/><SP WIDTH="11" VPOS="162" HPOS="534"/>
							<String ID="string_5" HPOS="545" VPOS="161" WIDTH="31" HEIGHT="19" WC="0.96" CONTENT="19."/><SP WIDTH="202" VPOS="161" HPOS="576"/>
							<String ID="string_6" HPOS="778" VPOS="161" WIDTH="22" HEIGHT="18" WC="0.95" CONTENT="19"/>
						</TextLine>
					</TextBlock>
				</ComposedBlock>
				<ComposedBlock ID="cblock_1" HPOS="70" VPOS="219" WIDTH="756" HEIGHT="1295">
					<TextBlock ID="block_1" HPOS="70" VPOS="219" WIDTH="753" HEIGHT="571">
						<TextLine ID="line_1" HPOS="70" VPOS="219" WIDTH="753" HEIGHT="28">
							<String ID="string_7" HPOS="70" VPOS="223" WIDTH="64" HEIGHT="19" WC="0.96" CONTENT="taxan"/><SP WIDTH="15" VPOS="223" HPOS="134"/>
							<String ID="string_8" HPOS="149" VPOS="221" WIDTH="68" HEIGHT="26" WC="0.96" CONTENT="gäller"/><SP WIDTH="15" VPOS="221" HPOS="217"/>
							<String ID="string_9" HPOS="232" VPOS="220" WIDTH="32" HEIGHT="21" WC="0.93" CONTENT="för"/><SP WIDTH="16" VPOS="220" HPOS="264"/>
							<String ID="string_10" HPOS="280" VPOS="220" WIDTH="151" HEIGHT="27" WC="0.92" CONTENT="embetsbetyg,"/><SP WIDTH="12" VPOS="220" HPOS="431"/>
							<String ID="string_11" HPOS="443" VPOS="225" WIDTH="46" HEIGHT="16" WC="0.95" CONTENT="som"/><SP WIDTH="17" VPOS="225" HPOS="489"/>
							<String ID="string_12" HPOS="506" VPOS="219" WIDTH="23" HEIGHT="22" WC="0.93" CONTENT="af"/><SP WIDTH="13" VPOS="219" HPOS="529"/>
							<String ID="string_13" HPOS="542" VPOS="221" WIDTH="59" HEIGHT="26" WC="0.91" CONTENT="prest"/><SP WIDTH="15" VPOS="221" HPOS="601"/>
							<String ID="string_14" HPOS="616" VPOS="219" WIDTH="24" HEIGHT="22" WC="0.96" CONTENT="så"/><SP WIDTH="14" VPOS="219" HPOS="640"/>
							<String ID="string_15" HPOS="654" VPOS="219" WIDTH="7" HEIGHT="22" WC="0.96" CONTENT="i"/><SP WIDTH="15" VPOS="219" HPOS="661"/>
							<String ID="string_16" HPOS="676" VPOS="219" WIDTH="48" HEIGHT="22" WC="0.96" CONTENT="stad"/><SP WIDTH="14" VPOS="219" HPOS="724"/>
							<String ID="string_17" HPOS="738" VPOS="225" WIDTH="45" HEIGHT="15" WC="0.96" CONTENT="som"/><SP WIDTH="12" VPOS="225" HPOS="783"/>
							<String ID="string_18" HPOS="795" VPOS="219" WIDTH="28" HEIGHT="27" WC="0.96" CONTENT="på"/>
						</TextLine>
						<TextLine ID="line_2" HPOS="70" VPOS="253" WIDTH="751" HEIGHT="28">
							<String ID="string_19" HPOS="70" VPOS="255" WIDTH="73" HEIGHT="21" WC="0.96" CONTENT="landet"/><SP WIDTH="24" VPOS="255" HPOS="143"/>
							<String ID="string_20" HPOS="167" VPOS="255" WIDTH="33" HEIGHT="21" WC="0.96" CONTENT="till"/><SP WIDTH="26" VPOS="255" HPOS="200"/>
							<String ID="string_21" HPOS="226" VPOS="254" WIDTH="95" HEIGHT="22" WC="0.93" CONTENT="enskilde"/><SP WIDTH="25" VPOS="254" HPOS="321"/>
							<String ID="string_22" HPOS="346" VPOS="253" WIDTH="276" HEIGHT="28" WC="0.92" CONTENT="församlingsmedlemmar"/><SP WIDTH="27" VPOS="253" HPOS="622"/>
							<String ID="string_23" HPOS="649" VPOS="253" WIDTH="104" HEIGHT="22" WC="0.87" CONTENT="utfärdas:"/><SP WIDTH="28" VPOS="253" HPOS="753"/>
							<String ID="string_24" HPOS="781" VPOS="254" WIDTH="40" HEIGHT="21" WC="0.89" CONTENT="Be-"/>
						</TextLine>
						<TextLine ID="line_3" HPOS="71" VPOS="288" WIDTH="751" HEIGHT="27">
							<String ID="string_25" HPOS="71" VPOS="289" WIDTH="104" HEIGHT="22" WC="0.96" CONTENT="träffande"/><SP WIDTH="14" VPOS="289" HPOS="175"/>
							<String ID="string_26" HPOS="189" VPOS="295" WIDTH="29" HEIGHT="15" WC="0.96" CONTENT="nu"/><SP WIDTH="19" VPOS="295" HPOS="218"/>
							<String ID="string_27" HPOS="237" VPOS="289" WIDTH="67" HEIGHT="26" WC="0.95" CONTENT="sagda"/><SP WIDTH="18" VPOS="289" HPOS="304"/>
							<String ID="string_28" HPOS="322" VPOS="290" WIDTH="55" HEIGHT="24" WC="0.96" CONTENT="taxa,"/><SP WIDTH="16" VPOS="290" HPOS="377"/>
							<String ID="string_29" HPOS="393" VPOS="289" WIDTH="39" HEIGHT="20" WC="0.96" CONTENT="har"/><SP WIDTH="14" VPOS="289" HPOS="432"/>
							<String ID="string_30" HPOS="446" VPOS="289" WIDTH="112" HEIGHT="26" WC="0.96" CONTENT="utskottet,"/><SP WIDTH="20" VPOS="289" HPOS="558"/>
							<String ID="string_31" HPOS="578" VPOS="289" WIDTH="48" HEIGHT="21" WC="0.96" CONTENT="med"/><SP WIDTH="18" VPOS="289" HPOS="626"/>
							<String ID="string_32" HPOS="644" VPOS="288" WIDTH="80" HEIGHT="27" WC="0.91" CONTENT="hänsyn"/><SP WIDTH="20" VPOS="288" HPOS="724"/>
							<String ID="string_33" HPOS="744" VPOS="288" WIDTH="78" HEIGHT="27" WC="0.91" CONTENT="dertill,"/>
						</TextLine>
						<TextLine ID="line_4" HPOS="72" VPOS="323" WIDTH="749" HEIGHT="28">
							<String ID="string_34" HPOS="72" VPOS="325" WIDTH="32" HEIGHT="20" WC="0.96" CONTENT="att"/><SP WIDTH="10" VPOS="325" HPOS="104"/>
							<String ID="string_35" HPOS="114" VPOS="323" WIDTH="66" HEIGHT="27" WC="0.93" CONTENT="enligt"/><SP WIDTH="10" VPOS="323" HPOS="180"/>
							<String ID="string_36" HPOS="190" VPOS="323" WIDTH="11" HEIGHT="28" WC="0.72" CONTENT="$"/><SP WIDTH="12" VPOS="323" HPOS="201"/>
							<String ID="string_37" HPOS="213" VPOS="324" WIDTH="33" HEIGHT="25" WC="0.96" CONTENT="10,"/><SP WIDTH="12" VPOS="324" HPOS="246"/>
							<String ID="string_38" HPOS="258" VPOS="323" WIDTH="65" HEIGHT="21" WC="0.96" CONTENT="sådan"/><SP WIDTH="11" VPOS="323" HPOS="323"/>
							<String ID="string_39" HPOS="334" VPOS="323" WIDTH="40" HEIGHT="21" WC="0.96" CONTENT="den"/><SP WIDTH="14" VPOS="323" HPOS="374"/>
							<String ID="string_40" HPOS="388" VPOS="323" WIDTH="24" HEIGHT="21" WC="0.96" CONTENT="af"/><SP WIDTH="8" VPOS="323" HPOS="412"/>
							<String ID="string_41" HPOS="420" VPOS="323" WIDTH="106" HEIGHT="21" WC="0.96" CONTENT="utskottet"/><SP WIDTH="9" VPOS="323" HPOS="526"/>
							<String ID="string_42" HPOS="535" VPOS="325" WIDTH="25" HEIGHT="18" WC="0.96" CONTENT="är"/><SP WIDTH="13" VPOS="325" HPOS="560"/>
							<String ID="string_43" HPOS="573" VPOS="323" WIDTH="129" HEIGHT="26" WC="0.93" CONTENT="föreslagen,"/><SP WIDTH="14" VPOS="323" HPOS="702"/>
							<String ID="string_44" HPOS="716" VPOS="323" WIDTH="105" HEIGHT="21" WC="0.92" CONTENT="särskilde"/>
						</TextLine>
						<TextLine ID="line_5" HPOS="72" VPOS="357" WIDTH="750" HEIGHT="28">
							<String ID="string_45" HPOS="72" VPOS="357" WIDTH="98" HEIGHT="28" WC="0.87" CONTENT="sportler,"/><SP WIDTH="11" VPOS="357" HPOS="170"/>
							<String ID="string_46" HPOS="181" VPOS="364" WIDTH="45" HEIGHT="15" WC="0.96" CONTENT="som"/><SP WIDTH="10" VPOS="364" HPOS="226"/>
							<String ID="string_47" HPOS="236" VPOS="357" WIDTH="75" HEIGHT="21" WC="0.93" CONTENT="hittills"/><SP WIDTH="11" VPOS="357" HPOS="311"/>
							<String ID="string_48" HPOS="322" VPOS="357" WIDTH="90" HEIGHT="21" WC="0.91" CONTENT="tillfallit"/><SP WIDTH="11" VPOS="357" HPOS="412"/>
							<String ID="string_49" HPOS="423" VPOS="357" WIDTH="168" HEIGHT="27" WC="0.91" CONTENT="presterskapet,"/><SP WIDTH="9" VPOS="357" HPOS="591"/>
							<String ID="string_50" HPOS="600" VPOS="357" WIDTH="95" HEIGHT="27" WC="0.90" CONTENT="frångått"/><SP WIDTH="10" VPOS="357" HPOS="695"/>
							<String ID="string_51" HPOS="705" VPOS="357" WIDTH="117" HEIGHT="22" WC="0.95" CONTENT="detsamma"/>
						</TextLine>
						<TextLine ID="line_6" HPOS="72" VPOS="391" WIDTH="750" HEIGHT="28">
							<String ID="string_52" HPOS="72" VPOS="392" WIDTH="39" HEIGHT="21" WC="0.96" CONTENT="och"/><SP WIDTH="19" VPOS="392" HPOS="111"/>
							<String ID="string_53" HPOS="130" VPOS="392" WIDTH="48" HEIGHT="21" WC="0.96" CONTENT="med"/><SP WIDTH="17" VPOS="392" HPOS="178"/>
							<String ID="string_54" HPOS="195" VPOS="391" WIDTH="100" HEIGHT="22" WC="0.93" CONTENT="afseende"/><SP WIDTH="16" VPOS="391" HPOS="295"/>
							<String ID="string_55" HPOS="311" VPOS="391" WIDTH="57" HEIGHT="26" WC="0.92" CONTENT="derå,"/><SP WIDTH="16" VPOS="391" HPOS="368"/>
							<String ID="string_56" HPOS="384" VPOS="393" WIDTH="32" HEIGHT="19" WC="0.96" CONTENT="att"/><SP WIDTH="14" VPOS="393" HPOS="416"/>
							<String ID="string_57" HPOS="430" VPOS="391" WIDTH="107" HEIGHT="22" WC="0.96" CONTENT="utskottet"/><SP WIDTH="14" VPOS="391" HPOS="537"/>
							<String ID="string_58" HPOS="551" VPOS="391" WIDTH="105" HEIGHT="27" WC="0.96" CONTENT="betydligt"/><SP WIDTH="14" VPOS="391" HPOS="656"/>
							<String ID="string_59" HPOS="670" VPOS="391" WIDTH="96" HEIGHT="28" WC="0.92" CONTENT="utvidgat"/><SP WIDTH="12" VPOS="391" HPOS="766"/>
							<String ID="string_60" HPOS="778" VPOS="397" WIDTH="44" HEIGHT="16" WC="0.92" CONTENT="om-"/>
						</TextLine>
						<TextLine ID="line_7" HPOS="71" VPOS="425" WIDTH="751" HEIGHT="27">
							<String ID="string_61" HPOS="71" VPOS="427" WIDTH="68" HEIGHT="25" WC="0.96" CONTENT="rådet,"/><SP WIDTH="15" VPOS="427" HPOS="139"/>
							<String ID="string_62" HPOS="154" VPOS="427" WIDTH="57" HEIGHT="20" WC="0.96" CONTENT="inom"/><SP WIDTH="15" VPOS="427" HPOS="211"/>
							<String ID="string_63" HPOS="226" VPOS="425" WIDTH="80" HEIGHT="21" WC="0.93" CONTENT="hvilket"/><SP WIDTH="14" VPOS="425" HPOS="306"/>
							<String ID="string_64" HPOS="320" VPOS="425" WIDTH="146" HEIGHT="27" WC="0.91" CONTENT="embetsbetyg"/><SP WIDTH="15" VPOS="425" HPOS="466"/>
							<String ID="string_65" HPOS="481" VPOS="425" WIDTH="53" HEIGHT="27" WC="0.96" CONTENT="utgå"/><SP WIDTH="14" VPOS="425" HPOS="534"/>
							<String ID="string_66" HPOS="548" VPOS="427" WIDTH="49" HEIGHT="19" WC="0.96" CONTENT="utan"/><SP WIDTH="16" VPOS="427" HPOS="597"/>
							<String ID="string_67" HPOS="613" VPOS="426" WIDTH="67" HEIGHT="25" WC="0.96" CONTENT="lösen,"/><SP WIDTH="11" VPOS="426" HPOS="680"/>
							<String ID="string_68" HPOS="691" VPOS="425" WIDTH="69" HEIGHT="21" WC="0.93" CONTENT="funnit"/><SP WIDTH="14" VPOS="425" HPOS="760"/>
							<String ID="string_69" HPOS="774" VPOS="426" WIDTH="48" HEIGHT="20" WC="0.92" CONTENT="skä-"/>
						</TextLine>
						<TextLine ID="line_8" HPOS="72" VPOS="459" WIDTH="750" HEIGHT="29">
							<String ID="string_70" HPOS="72" VPOS="461" WIDTH="46" HEIGHT="27" WC="0.96" CONTENT="ligt,"/><SP WIDTH="16" VPOS="461" HPOS="118"/>
							<String ID="string_71" HPOS="134" VPOS="462" WIDTH="32" HEIGHT="20" WC="0.96" CONTENT="att"/><SP WIDTH="14" VPOS="462" HPOS="166"/>
							<String ID="string_72" HPOS="180" VPOS="460" WIDTH="33" HEIGHT="21" WC="0.96" CONTENT="för"/><SP WIDTH="16" VPOS="460" HPOS="213"/>
							<String ID="string_73" HPOS="229" VPOS="460" WIDTH="25" HEIGHT="20" WC="0.96" CONTENT="de"/><SP WIDTH="19" VPOS="460" HPOS="254"/>
							<String ID="string_74" HPOS="273" VPOS="460" WIDTH="3" HEIGHT="20" WC="0.96" CONTENT="i"/><SP WIDTH="17" VPOS="460" HPOS="276"/>
							<String ID="string_75" HPOS="293" VPOS="465" WIDTH="61" HEIGHT="15" WC="0.93" CONTENT="mom."/><SP WIDTH="17" VPOS="465" HPOS="354"/>
							<String ID="string_76" HPOS="371" VPOS="460" WIDTH="32" HEIGHT="20" WC="0.77" CONTENT="1:0"/><SP WIDTH="17" VPOS="460" HPOS="403"/>
							<String ID="string_77" HPOS="420" VPOS="460" WIDTH="128" HEIGHT="20" WC="0.96" CONTENT="omnämnda"/><SP WIDTH="15" VPOS="460" HPOS="548"/>
							<String ID="string_78" HPOS="563" VPOS="460" WIDTH="71" HEIGHT="26" WC="0.93" CONTENT="betyg,"/><SP WIDTH="16" VPOS="460" HPOS="634"/>
							<String ID="string_79" HPOS="650" VPOS="459" WIDTH="104" HEIGHT="27" WC="0.92" CONTENT="nemligen"/><SP WIDTH="12" VPOS="459" HPOS="754"/>
							<String ID="string_80" HPOS="766" VPOS="459" WIDTH="56" HEIGHT="27" WC="0.92" CONTENT="flytt-"/>
						</TextLine>
						<TextLine ID="line_9" HPOS="72" VPOS="493" WIDTH="750" HEIGHT="28">
							<String ID="string_81" HPOS="72" VPOS="495" WIDTH="134" HEIGHT="26" WC="0.92" CONTENT="ningsattest,"/><SP WIDTH="16" VPOS="495" HPOS="206"/>
							<String ID="string_82" HPOS="222" VPOS="493" WIDTH="107" HEIGHT="21" WC="0.92" CONTENT="äfvensom"/><SP WIDTH="15" VPOS="493" HPOS="329"/>
							<String ID="string_83" HPOS="344" VPOS="493" WIDTH="78" HEIGHT="27" WC="0.92" CONTENT="frejde-"/><SP WIDTH="19" VPOS="493" HPOS="422"/>
							<String ID="string_84" HPOS="441" VPOS="494" WIDTH="40" HEIGHT="21" WC="0.93" CONTENT="och"/><SP WIDTH="18" VPOS="494" HPOS="481"/>
							<String ID="string_85" HPOS="499" VPOS="493" WIDTH="155" HEIGHT="27" WC="0.92" CONTENT="lefnadsbetyg,"/><SP WIDTH="21" VPOS="493" HPOS="654"/>
							<String ID="string_86" HPOS="675" VPOS="499" WIDTH="45" HEIGHT="15" WC="0.96" CONTENT="som"/><SP WIDTH="19" VPOS="499" HPOS="720"/>
							<String ID="string_87" HPOS="739" VPOS="493" WIDTH="33" HEIGHT="21" WC="0.92" CONTENT="för"/><SP WIDTH="16" VPOS="493" HPOS="772"/>
							<String ID="string_88" HPOS="788" VPOS="500" WIDTH="34" HEIGHT="14" WC="0.91" CONTENT="en-"/>
						</TextLine>
						<TextLine ID="line_10" HPOS="72" VPOS="528" WIDTH="750" HEIGHT="27">
							<String ID="string_89" HPOS="72" VPOS="528" WIDTH="70" HEIGHT="22" WC="0.91" CONTENT="skilda"/><SP WIDTH="15" VPOS="528" HPOS="142"/>
							<String ID="string_90" HPOS="157" VPOS="528" WIDTH="177" HEIGHT="27" WC="0.91" CONTENT="angelägenheter"/><SP WIDTH="16" VPOS="528" HPOS="334"/>
							<String ID="string_91" HPOS="350" VPOS="528" WIDTH="114" HEIGHT="26" WC="0.92" CONTENT="erfordras,"/><SP WIDTH="20" VPOS="528" HPOS="464"/>
							<String ID="string_92" HPOS="484" VPOS="528" WIDTH="67" HEIGHT="26" WC="0.90" CONTENT="lösen,"/><SP WIDTH="17" VPOS="528" HPOS="551"/>
							<String ID="string_93" HPOS="568" VPOS="534" WIDTH="44" HEIGHT="15" WC="0.96" CONTENT="som"/><SP WIDTH="19" VPOS="534" HPOS="612"/>
							<String ID="string_94" HPOS="631" VPOS="528" WIDTH="7" HEIGHT="20" WC="0.93" CONTENT="i"/><SP WIDTH="16" VPOS="528" HPOS="638"/>
							<String ID="string_95" HPOS="654" VPOS="528" WIDTH="77" HEIGHT="26" WC="0.91" CONTENT="nädiga"/><SP WIDTH="15" VPOS="528" HPOS="731"/>
							<String ID="string_96" HPOS="746" VPOS="533" WIDTH="76" HEIGHT="21" WC="0.92" CONTENT="propo-"/>
						</TextLine>
						<TextLine ID="line_11" HPOS="73" VPOS="562" WIDTH="750" HEIGHT="27">
							<String ID="string_97" HPOS="73" VPOS="563" WIDTH="91" HEIGHT="21" WC="0.93" CONTENT="sitionen"/><SP WIDTH="15" VPOS="563" HPOS="164"/>
							<String ID="string_98" HPOS="179" VPOS="565" WIDTH="24" HEIGHT="18" WC="0.93" CONTENT="är"/><SP WIDTH="15" VPOS="565" HPOS="203"/>
							<String ID="string_99" HPOS="218" VPOS="562" WIDTH="119" HEIGHT="27" WC="0.95" CONTENT="föreslagen"/><SP WIDTH="16" VPOS="562" HPOS="337"/>
							<String ID="string_100" HPOS="353" VPOS="562" WIDTH="32" HEIGHT="21" WC="0.95" CONTENT="till"/><SP WIDTH="19" VPOS="562" HPOS="385"/>
							<String ID="string_101" HPOS="404" VPOS="562" WIDTH="28" HEIGHT="22" WC="0.96" CONTENT="25"/><SP WIDTH="14" VPOS="562" HPOS="432"/>
							<String ID="string_102" HPOS="446" VPOS="562" WIDTH="72" HEIGHT="27" WC="0.93" CONTENT="penni,"/><SP WIDTH="15" VPOS="562" HPOS="518"/>
							<String ID="string_103" HPOS="533" VPOS="562" WIDTH="60" HEIGHT="27" WC="0.93" CONTENT="höjes"/><SP WIDTH="21" VPOS="562" HPOS="593"/>
							<String ID="string_104" HPOS="614" VPOS="562" WIDTH="34" HEIGHT="21" WC="0.96" CONTENT="till"/><SP WIDTH="18" VPOS="562" HPOS="648"/>
							<String ID="string_105" HPOS="666" VPOS="562" WIDTH="29" HEIGHT="22" WC="0.96" CONTENT="50"/><SP WIDTH="17" VPOS="562" HPOS="695"/>
							<String ID="string_106" HPOS="712" VPOS="562" WIDTH="70" HEIGHT="27" WC="0.96" CONTENT="penni."/><SP WIDTH="30" VPOS="562" HPOS="782"/>
							<String ID="string_107" HPOS="812" VPOS="562" WIDTH="11" HEIGHT="20" WC="0.96" CONTENT="I"/>
						</TextLine>
						<TextLine ID="line_12" HPOS="74" VPOS="596" WIDTH="748" HEIGHT="28">
							<String ID="string_108" HPOS="74" VPOS="603" WIDTH="61" HEIGHT="15" WC="0.93" CONTENT="mom."/><SP WIDTH="17" VPOS="603" HPOS="135"/>
							<String ID="string_109" HPOS="152" VPOS="598" WIDTH="34" HEIGHT="20" WC="0.60" CONTENT="3:o"/><SP WIDTH="15" VPOS="598" HPOS="186"/>
							<String ID="string_110" HPOS="201" VPOS="596" WIDTH="23" HEIGHT="22" WC="0.93" CONTENT="af"/><SP WIDTH="14" VPOS="596" HPOS="224"/>
							<String ID="string_111" HPOS="238" VPOS="599" WIDTH="61" HEIGHT="19" WC="0.95" CONTENT="taxan"/><SP WIDTH="20" VPOS="599" HPOS="299"/>
							<String ID="string_112" HPOS="319" VPOS="598" WIDTH="23" HEIGHT="20" WC="0.93" CONTENT="är"/><SP WIDTH="18" VPOS="598" HPOS="342"/>
							<String ID="string_113" HPOS="360" VPOS="596" WIDTH="60" HEIGHT="22" WC="0.96" CONTENT="lösen"/><SP WIDTH="18" VPOS="596" HPOS="420"/>
							<String ID="string_114" HPOS="438" VPOS="596" WIDTH="34" HEIGHT="21" WC="0.93" CONTENT="för"/><SP WIDTH="18" VPOS="596" HPOS="472"/>
							<String ID="string_115" HPOS="490" VPOS="596" WIDTH="154" HEIGHT="28" WC="0.92" CONTENT="lysningssedel"/><SP WIDTH="20" VPOS="596" HPOS="644"/>
							<String ID="string_116" HPOS="664" VPOS="598" WIDTH="106" HEIGHT="25" WC="0.92" CONTENT="upptagen"/><SP WIDTH="19" VPOS="598" HPOS="770"/>
							<String ID="string_117" HPOS="789" VPOS="596" WIDTH="33" HEIGHT="21" WC="0.96" CONTENT="till"/>
						</TextLine>
						<TextLine ID="line_13" HPOS="73" VPOS="630" WIDTH="749" HEIGHT="27">
							<String ID="string_118" HPOS="73" VPOS="632" WIDTH="13" HEIGHT="21" WC="0.96" CONTENT="2"/><SP WIDTH="15" VPOS="632" HPOS="86"/>
							<String ID="string_119" HPOS="101" VPOS="631" WIDTH="67" HEIGHT="22" WC="0.92" CONTENT="mark."/><SP WIDTH="31" VPOS="631" HPOS="168"/>
							<String ID="string_120" HPOS="199" VPOS="631" WIDTH="33" HEIGHT="21" WC="0.92" CONTENT="Dä"/><SP WIDTH="15" VPOS="631" HPOS="232"/>
							<String ID="string_121" HPOS="247" VPOS="631" WIDTH="37" HEIGHT="21" WC="0.93" CONTENT="det"/><SP WIDTH="14" VPOS="631" HPOS="284"/>
							<String ID="string_122" HPOS="298" VPOS="631" WIDTH="63" HEIGHT="21" WC="0.91" CONTENT="likväl"/><SP WIDTH="15" VPOS="631" HPOS="361"/>
							<String ID="string_123" HPOS="376" VPOS="632" WIDTH="8" HEIGHT="20" WC="0.93" CONTENT="i"/><SP WIDTH="15" VPOS="632" HPOS="384"/>
							<String ID="string_124" HPOS="399" VPOS="631" WIDTH="106" HEIGHT="21" WC="0.92" CONTENT="utskottet"/><SP WIDTH="15" VPOS="631" HPOS="505"/>
							<String ID="string_125" HPOS="520" VPOS="631" WIDTH="69" HEIGHT="21" WC="0.92" CONTENT="blifvit"/><SP WIDTH="16" VPOS="631" HPOS="589"/>
							<String ID="string_126" HPOS="605" VPOS="631" WIDTH="85" HEIGHT="26" WC="0.92" CONTENT="bekant,"/><SP WIDTH="16" VPOS="631" HPOS="690"/>
							<String ID="string_127" HPOS="706" VPOS="632" WIDTH="31" HEIGHT="20" WC="0.93" CONTENT="att"/><SP WIDTH="11" VPOS="632" HPOS="737"/>
							<String ID="string_128" HPOS="748" VPOS="630" WIDTH="13" HEIGHT="21" WC="0.92" CONTENT="&amp;"/><SP WIDTH="10" VPOS="630" HPOS="761"/>
							<String ID="string_129" HPOS="771" VPOS="630" WIDTH="51" HEIGHT="22" WC="0.93" CONTENT="flere"/>
						</TextLine>
						<TextLine ID="line_14" HPOS="74" VPOS="665" WIDTH="748" HEIGHT="27">
							<String ID="string_130" HPOS="74" VPOS="668" WIDTH="57" HEIGHT="19" WC="0.92" CONTENT="orter"/><SP WIDTH="15" VPOS="668" HPOS="131"/>
							<String ID="string_131" HPOS="146" VPOS="666" WIDTH="7" HEIGHT="20" WC="0.95" CONTENT="i"/><SP WIDTH="16" VPOS="666" HPOS="153"/>
							<String ID="string_132" HPOS="169" VPOS="666" WIDTH="73" HEIGHT="20" WC="0.96" CONTENT="landet"/><SP WIDTH="14" VPOS="666" HPOS="242"/>
							<String ID="string_133" HPOS="256" VPOS="666" WIDTH="68" HEIGHT="20" WC="0.93" CONTENT="denne"/><SP WIDTH="15" VPOS="666" HPOS="324"/>
							<String ID="string_134" HPOS="339" VPOS="665" WIDTH="67" HEIGHT="27" WC="0.92" CONTENT="afgift,"/><SP WIDTH="17" VPOS="665" HPOS="406"/>
							<String ID="string_135" HPOS="423" VPOS="666" WIDTH="67" HEIGHT="26" WC="0.93" CONTENT="enligt"/><SP WIDTH="18" VPOS="666" HPOS="490"/>
							<String ID="string_136" HPOS="508" VPOS="665" WIDTH="106" HEIGHT="27" WC="0.91" CONTENT="ingängna"/><SP WIDTH="19" VPOS="665" HPOS="614"/>
							<String ID="string_137" HPOS="633" VPOS="665" WIDTH="123" HEIGHT="26" WC="0.92" CONTENT="föreningar"/><SP WIDTH="14" VPOS="665" HPOS="756"/>
							<String ID="string_138" HPOS="770" VPOS="665" WIDTH="52" HEIGHT="21" WC="0.97" CONTENT="eller"/>
						</TextLine>
						<TextLine ID="line_15" HPOS="74" VPOS="699" WIDTH="748" HEIGHT="28">
							<String ID="string_139" HPOS="74" VPOS="700" WIDTH="90" HEIGHT="27" WC="0.93" CONTENT="gammal"/><SP WIDTH="16" VPOS="700" HPOS="164"/>
							<String ID="string_140" HPOS="180" VPOS="699" WIDTH="94" HEIGHT="27" WC="0.92" CONTENT="plägsed,"/><SP WIDTH="16" VPOS="699" HPOS="274"/>
							<String ID="string_141" HPOS="290" VPOS="699" WIDTH="60" HEIGHT="27" WC="0.96" CONTENT="utgår"/><SP WIDTH="15" VPOS="699" HPOS="350"/>
							<String ID="string_142" HPOS="365" VPOS="700" WIDTH="48" HEIGHT="20" WC="0.96" CONTENT="med"/><SP WIDTH="19" VPOS="700" HPOS="413"/>
							<String ID="string_143" HPOS="432" VPOS="700" WIDTH="105" HEIGHT="26" WC="0.96" CONTENT="betydligt"/><SP WIDTH="19" VPOS="700" HPOS="537"/>
							<String ID="string_144" HPOS="556" VPOS="700" WIDTH="66" HEIGHT="26" WC="0.93" CONTENT="högre"/><SP WIDTH="15" VPOS="700" HPOS="622"/>
							<String ID="string_145" HPOS="637" VPOS="700" WIDTH="83" HEIGHT="26" WC="0.96" CONTENT="belopp,"/><SP WIDTH="15" VPOS="700" HPOS="720"/>
							<String ID="string_146" HPOS="735" VPOS="699" WIDTH="40" HEIGHT="21" WC="0.93" CONTENT="har"/><SP WIDTH="14" VPOS="699" HPOS="775"/>
							<String ID="string_147" HPOS="789" VPOS="700" WIDTH="33" HEIGHT="20" WC="0.92" CONTENT="ut-"/>
						</TextLine>
						<TextLine ID="line_16" HPOS="74" VPOS="734" WIDTH="748" HEIGHT="27">
							<String ID="string_148" HPOS="74" VPOS="735" WIDTH="80" HEIGHT="21" WC="0.93" CONTENT="skottet"/><SP WIDTH="15" VPOS="735" HPOS="154"/>
							<String ID="string_149" HPOS="169" VPOS="736" WIDTH="53" HEIGHT="19" WC="0.93" CONTENT="trott"/><SP WIDTH="15" VPOS="736" HPOS="222"/>
							<String ID="string_150" HPOS="237" VPOS="734" WIDTH="32" HEIGHT="26" WC="0.93" CONTENT="sig"/><SP WIDTH="15" VPOS="734" HPOS="269"/>
							<String ID="string_151" HPOS="284" VPOS="734" WIDTH="51" HEIGHT="21" WC="0.93" CONTENT="böra"/><SP WIDTH="19" VPOS="734" HPOS="335"/>
							<String ID="string_152" HPOS="354" VPOS="734" WIDTH="86" HEIGHT="20" WC="0.92" CONTENT="förorda"/><SP WIDTH="20" VPOS="734" HPOS="440"/>
							<String ID="string_153" HPOS="460" VPOS="734" WIDTH="70" HEIGHT="21" WC="0.93" CONTENT="denne"/><SP WIDTH="18" VPOS="734" HPOS="530"/>
							<String ID="string_154" HPOS="548" VPOS="734" WIDTH="70" HEIGHT="21" WC="0.92" CONTENT="lösens"/><SP WIDTH="20" VPOS="734" HPOS="618"/>
							<String ID="string_155" HPOS="638" VPOS="734" WIDTH="90" HEIGHT="27" WC="0.92" CONTENT="höjande"/><SP WIDTH="14" VPOS="734" HPOS="728"/>
							<String ID="string_156" HPOS="742" VPOS="734" WIDTH="32" HEIGHT="20" WC="0.96" CONTENT="till"/><SP WIDTH="16" VPOS="734" HPOS="774"/>
							<String ID="string_157" HPOS="790" VPOS="735" WIDTH="32" HEIGHT="19" WC="0.96" CONTENT="tre"/>
						</TextLine>
						<TextLine ID="line_17" HPOS="74" VPOS="768" WIDTH="66" HEIGHT="22">
							<String ID="string_158" HPOS="74" VPOS="768" WIDTH="66" HEIGHT="22" WC="0.96" CONTENT="mark."/>
						</TextLine>
					</TextBlock>
					<TextBlock ID="block_2" HPOS="72" VPOS="802" WIDTH="754" HEIGHT="507">
						<TextLine ID="line_18" HPOS="142" VPOS="802" WIDTH="680" HEIGHT="27">
							<String ID="string_159" HPOS="142" VPOS="802" WIDTH="100" HEIGHT="22" WC="0.91" CONTENT="Likasom"/><SP WIDTH="14" VPOS="802" HPOS="242"/>
							<String ID="string_160" HPOS="256" VPOS="802" WIDTH="7" HEIGHT="21" WC="0.93" CONTENT="i"/><SP WIDTH="15" VPOS="802" HPOS="263"/>
							<String ID="string_161" HPOS="278" VPOS="802" WIDTH="77" HEIGHT="27" WC="0.92" CONTENT="nädiga"/><SP WIDTH="15" VPOS="802" HPOS="355"/>
							<String ID="string_162" HPOS="370" VPOS="802" WIDTH="160" HEIGHT="27" WC="0.96" CONTENT="propositionen"/><SP WIDTH="20" VPOS="802" HPOS="530"/>
							<String ID="string_163" HPOS="550" VPOS="804" WIDTH="24" HEIGHT="19" WC="0.93" CONTENT="är"/><SP WIDTH="18" VPOS="804" HPOS="574"/>
							<String ID="string_164" HPOS="592" VPOS="802" WIDTH="122" HEIGHT="26" WC="0.92" CONTENT="föreslaget,"/><SP WIDTH="18" VPOS="802" HPOS="714"/>
							<String ID="string_165" HPOS="732" VPOS="802" WIDTH="40" HEIGHT="20" WC="0.93" CONTENT="har"/><SP WIDTH="17" VPOS="802" HPOS="772"/>
							<String ID="string_166" HPOS="789" VPOS="803" WIDTH="33" HEIGHT="19" WC="0.91" CONTENT="ut-"/>
						</TextLine>
						<TextLine ID="line_19" HPOS="74" VPOS="831" WIDTH="748" HEIGHT="32">
							<String ID="string_167" HPOS="74" VPOS="837" WIDTH="80" HEIGHT="21" WC="0.96" CONTENT="skottet"/><SP WIDTH="15" VPOS="837" HPOS="154"/>
							<String ID="string_168" HPOS="169" VPOS="838" WIDTH="75" HEIGHT="24" WC="0.96" CONTENT="ansett,"/><SP WIDTH="16" VPOS="838" HPOS="244"/>
							<String ID="string_169" HPOS="260" VPOS="831" WIDTH="32" HEIGHT="26" WC="0.93" CONTENT="att"/><SP WIDTH="14" VPOS="831" HPOS="292"/>
							<String ID="string_170" HPOS="306" VPOS="836" WIDTH="60" HEIGHT="22" WC="0.96" CONTENT="lösen"/><SP WIDTH="14" VPOS="836" HPOS="366"/>
							<String ID="string_171" HPOS="380" VPOS="836" WIDTH="46" HEIGHT="21" WC="0.96" CONTENT="icke"/><SP WIDTH="16" VPOS="836" HPOS="426"/>
							<String ID="string_172" HPOS="442" VPOS="836" WIDTH="68" HEIGHT="22" WC="0.93" CONTENT="borde"/><SP WIDTH="19" VPOS="836" HPOS="510"/>
							<String ID="string_173" HPOS="529" VPOS="837" WIDTH="97" HEIGHT="26" WC="0.96" CONTENT="erläggas"/><SP WIDTH="16" VPOS="837" HPOS="626"/>
							<String ID="string_174" HPOS="642" VPOS="836" WIDTH="33" HEIGHT="21" WC="0.93" CONTENT="för"/><SP WIDTH="15" VPOS="836" HPOS="675"/>
							<String ID="string_175" HPOS="690" VPOS="836" WIDTH="70" HEIGHT="27" WC="0.96" CONTENT="betyg,"/><SP WIDTH="17" VPOS="836" HPOS="760"/>
							<String ID="string_176" HPOS="777" VPOS="842" WIDTH="45" HEIGHT="14" WC="0.96" CONTENT="som"/>
						</TextLine>
						<TextLine ID="line_20" HPOS="73" VPOS="870" WIDTH="749" HEIGHT="27">
							<String ID="string_177" HPOS="73" VPOS="871" WIDTH="107" HEIGHT="21" WC="0.96" CONTENT="erfordras"/><SP WIDTH="15" VPOS="871" HPOS="180"/>
							<String ID="string_178" HPOS="195" VPOS="870" WIDTH="33" HEIGHT="22" WC="0.96" CONTENT="för"/><SP WIDTH="15" VPOS="870" HPOS="228"/>
							<String ID="string_179" HPOS="243" VPOS="871" WIDTH="81" HEIGHT="21" WC="0.92" CONTENT="elevers"/><SP WIDTH="15" VPOS="871" HPOS="324"/>
							<String ID="string_180" HPOS="339" VPOS="871" WIDTH="109" HEIGHT="26" WC="0.91" CONTENT="intagning"/><SP WIDTH="15" VPOS="871" HPOS="448"/>
							<String ID="string_181" HPOS="463" VPOS="871" WIDTH="7" HEIGHT="20" WC="0.96" CONTENT="i"/><SP WIDTH="16" VPOS="871" HPOS="470"/>
							<String ID="string_182" HPOS="486" VPOS="870" WIDTH="106" HEIGHT="26" WC="0.95" CONTENT="läroverk,"/><SP WIDTH="16" VPOS="870" HPOS="592"/>
							<String ID="string_183" HPOS="608" VPOS="870" WIDTH="46" HEIGHT="22" WC="0.96" CONTENT="icke"/><SP WIDTH="14" VPOS="870" HPOS="654"/>
							<String ID="string_184" HPOS="668" VPOS="870" WIDTH="68" HEIGHT="22" WC="0.96" CONTENT="heller"/><SP WIDTH="16" VPOS="870" HPOS="736"/>
							<String ID="string_185" HPOS="752" VPOS="870" WIDTH="22" HEIGHT="20" WC="0.93" CONTENT="af"/><SP WIDTH="13" VPOS="870" HPOS="774"/>
							<String ID="string_186" HPOS="787" VPOS="876" WIDTH="35" HEIGHT="15" WC="0.90" CONTENT="ve-"/>
						</TextLine>
						<TextLine ID="line_21" HPOS="73" VPOS="904" WIDTH="750" HEIGHT="28">
							<String ID="string_187" HPOS="73" VPOS="905" WIDTH="89" HEIGHT="27" WC="0.90" CONTENT="terligen"/><SP WIDTH="19" VPOS="905" HPOS="162"/>
							<String ID="string_188" HPOS="181" VPOS="905" WIDTH="102" HEIGHT="21" WC="0.92" CONTENT="medellös"/><SP WIDTH="20" VPOS="905" HPOS="283"/>
							<String ID="string_189" HPOS="303" VPOS="911" WIDTH="81" HEIGHT="20" WC="0.93" CONTENT="person."/><SP WIDTH="30" VPOS="911" HPOS="384"/>
							<String ID="string_190" HPOS="414" VPOS="905" WIDTH="104" HEIGHT="21" WC="0.92" CONTENT="Deremot"/><SP WIDTH="15" VPOS="905" HPOS="518"/>
							<String ID="string_191" HPOS="533" VPOS="905" WIDTH="38" HEIGHT="21" WC="0.96" CONTENT="har"/><SP WIDTH="15" VPOS="905" HPOS="571"/>
							<String ID="string_192" HPOS="586" VPOS="905" WIDTH="110" HEIGHT="26" WC="0.96" CONTENT="utskottet,"/><SP WIDTH="16" VPOS="905" HPOS="696"/>
							<String ID="string_193" HPOS="712" VPOS="904" WIDTH="55" HEIGHT="21" WC="0.93" CONTENT="hvad"/><SP WIDTH="20" VPOS="904" HPOS="767"/>
							<String ID="string_194" HPOS="787" VPOS="910" WIDTH="36" HEIGHT="15" WC="0.92" CONTENT="an-"/>
						</TextLine>
						<TextLine ID="line_22" HPOS="72" VPOS="938" WIDTH="751" HEIGHT="28">
							<String ID="string_195" HPOS="72" VPOS="940" WIDTH="39" HEIGHT="26" WC="0.96" CONTENT="går"/><SP WIDTH="14" VPOS="940" HPOS="111"/>
							<String ID="string_196" HPOS="125" VPOS="940" WIDTH="32" HEIGHT="20" WC="0.96" CONTENT="uti"/><SP WIDTH="19" VPOS="940" HPOS="157"/>
							<String ID="string_197" HPOS="176" VPOS="945" WIDTH="62" HEIGHT="15" WC="0.93" CONTENT="mom."/><SP WIDTH="18" VPOS="945" HPOS="238"/>
							<String ID="string_198" HPOS="256" VPOS="940" WIDTH="34" HEIGHT="20" WC="0.73" CONTENT="2:0"/><SP WIDTH="18" VPOS="940" HPOS="290"/>
							<String ID="string_199" HPOS="308" VPOS="940" WIDTH="6" HEIGHT="19" WC="0.96" CONTENT="i"/><SP WIDTH="20" VPOS="940" HPOS="314"/>
							<String ID="string_200" HPOS="334" VPOS="946" WIDTH="54" HEIGHT="13" WC="0.95" CONTENT="anm."/><SP WIDTH="18" VPOS="946" HPOS="388"/>
							<String ID="string_201" HPOS="406" VPOS="940" WIDTH="33" HEIGHT="19" WC="0.96" CONTENT="till"/><SP WIDTH="20" VPOS="940" HPOS="439"/>
							<String ID="string_202" HPOS="459" VPOS="940" WIDTH="69" HEIGHT="20" WC="0.93" CONTENT="denne"/><SP WIDTH="19" VPOS="940" HPOS="528"/>
							<String ID="string_203" HPOS="547" VPOS="939" WIDTH="11" HEIGHT="27" WC="0.88" CONTENT="&amp;"/><SP WIDTH="20" VPOS="939" HPOS="558"/>
							<String ID="string_204" HPOS="578" VPOS="939" WIDTH="126" HEIGHT="21" WC="0.95" CONTENT="omnämnda"/><SP WIDTH="18" VPOS="939" HPOS="704"/>
							<String ID="string_205" HPOS="722" VPOS="938" WIDTH="101" HEIGHT="21" WC="0.95" CONTENT="befrielse"/>
						</TextLine>
						<TextLine ID="line_23" HPOS="73" VPOS="973" WIDTH="750" HEIGHT="27">
							<String ID="string_206" HPOS="73" VPOS="973" WIDTH="47" HEIGHT="22" WC="0.96" CONTENT="från"/><SP WIDTH="19" VPOS="973" HPOS="120"/>
							<String ID="string_207" HPOS="139" VPOS="974" WIDTH="59" HEIGHT="20" WC="0.96" CONTENT="lösen"/><SP WIDTH="19" VPOS="974" HPOS="198"/>
							<String ID="string_208" HPOS="217" VPOS="973" WIDTH="27" HEIGHT="26" WC="0.96" CONTENT="på"/><SP WIDTH="18" VPOS="973" HPOS="244"/>
							<String ID="string_209" HPOS="262" VPOS="973" WIDTH="53" HEIGHT="25" WC="0.95" CONTENT="skäl,"/><SP WIDTH="19" VPOS="973" HPOS="315"/>
							<String ID="string_210" HPOS="334" VPOS="979" WIDTH="44" HEIGHT="15" WC="0.96" CONTENT="som"/><SP WIDTH="20" VPOS="979" HPOS="378"/>
							<String ID="string_211" HPOS="398" VPOS="974" WIDTH="40" HEIGHT="20" WC="0.96" CONTENT="lätt"/><SP WIDTH="18" VPOS="974" HPOS="438"/>
							<String ID="string_212" HPOS="456" VPOS="973" WIDTH="74" HEIGHT="21" WC="0.96" CONTENT="falla"/><SP WIDTH="-4" VPOS="973" HPOS="530"/>
							<String ID="string_213" HPOS="526" VPOS="969" WIDTH="12" HEIGHT="35" WC="0.96" CONTENT="i"/><SP WIDTH="9" VPOS="969" HPOS="538"/>
							<String ID="string_214" HPOS="547" VPOS="975" WIDTH="87" HEIGHT="25" WC="0.96" CONTENT="ögonen,"/><SP WIDTH="18" VPOS="975" HPOS="634"/>
							<String ID="string_215" HPOS="652" VPOS="973" WIDTH="105" HEIGHT="21" WC="0.93" CONTENT="utsträckt"/><SP WIDTH="16" VPOS="973" HPOS="757"/>
							<String ID="string_216" HPOS="773" VPOS="973" WIDTH="50" HEIGHT="20" WC="0.92" CONTENT="den-"/>
						</TextLine>
						<TextLine ID="line_24" HPOS="74" VPOS="1007" WIDTH="750" HEIGHT="27">
							<String ID="string_217" HPOS="74" VPOS="1013" WIDTH="80" HEIGHT="16" WC="0.96" CONTENT="samma"/><SP WIDTH="14" VPOS="1013" HPOS="154"/>
							<String ID="string_218" HPOS="168" VPOS="1007" WIDTH="33" HEIGHT="21" WC="0.96" CONTENT="till"/><SP WIDTH="16" VPOS="1007" HPOS="201"/>
							<String ID="string_219" HPOS="217" VPOS="1007" WIDTH="43" HEIGHT="21" WC="0.95" CONTENT="alla"/><SP WIDTH="14" VPOS="1007" HPOS="260"/>
							<String ID="string_220" HPOS="274" VPOS="1007" WIDTH="79" HEIGHT="21" WC="0.96" CONTENT="sådana"/><SP WIDTH="15" VPOS="1007" HPOS="353"/>
							<String ID="string_221" HPOS="368" VPOS="1008" WIDTH="69" HEIGHT="26" WC="0.96" CONTENT="betyg,"/><SP WIDTH="17" VPOS="1008" HPOS="437"/>
							<String ID="string_222" HPOS="454" VPOS="1014" WIDTH="45" HEIGHT="14" WC="0.96" CONTENT="som"/><SP WIDTH="17" VPOS="1014" HPOS="499"/>
							<String ID="string_223" HPOS="516" VPOS="1007" WIDTH="95" HEIGHT="22" WC="0.96" CONTENT="utfärdas"/><SP WIDTH="15" VPOS="1007" HPOS="611"/>
							<String ID="string_224" HPOS="626" VPOS="1008" WIDTH="7" HEIGHT="20" WC="0.96" CONTENT="i"/><SP WIDTH="15" VPOS="1008" HPOS="633"/>
							<String ID="string_225" HPOS="648" VPOS="1007" WIDTH="100" HEIGHT="21" WC="0.93" CONTENT="afseende"/><SP WIDTH="17" VPOS="1007" HPOS="748"/>
							<String ID="string_226" HPOS="765" VPOS="1007" WIDTH="12" HEIGHT="20" WC="0.91" CONTENT="å"/><SP WIDTH="11" VPOS="1007" HPOS="777"/>
							<String ID="string_227" HPOS="788" VPOS="1013" WIDTH="36" HEIGHT="14" WC="0.91" CONTENT="an-"/>
						</TextLine>
						<TextLine ID="line_25" HPOS="74" VPOS="1040" WIDTH="752" HEIGHT="29">
							<String ID="string_228" HPOS="74" VPOS="1042" WIDTH="89" HEIGHT="26" WC="0.96" CONTENT="sökning"/><SP WIDTH="15" VPOS="1042" HPOS="163"/>
							<String ID="string_229" HPOS="178" VPOS="1047" WIDTH="34" HEIGHT="15" WC="0.93" CONTENT="om"/><SP WIDTH="16" VPOS="1047" HPOS="212"/>
							<String ID="string_230" HPOS="228" VPOS="1041" WIDTH="66" HEIGHT="21" WC="0.90" CONTENT="nådår"/><SP WIDTH="19" VPOS="1041" HPOS="294"/>
							<String ID="string_231" HPOS="313" VPOS="1044" WIDTH="54" HEIGHT="18" WC="0.96" CONTENT="samt"/><SP WIDTH="18" VPOS="1044" HPOS="367"/>
							<String ID="string_232" HPOS="385" VPOS="1041" WIDTH="33" HEIGHT="21" WC="0.96" CONTENT="för"/><SP WIDTH="19" VPOS="1041" HPOS="418"/>
							<String ID="string_233" HPOS="437" VPOS="1042" WIDTH="119" HEIGHT="26" WC="0.96" CONTENT="ansökning"/><SP WIDTH="20" VPOS="1042" HPOS="556"/>
							<String ID="string_234" HPOS="576" VPOS="1048" WIDTH="33" HEIGHT="14" WC="0.95" CONTENT="om"/><SP WIDTH="20" VPOS="1048" HPOS="609"/>
							<String ID="string_235" HPOS="629" VPOS="1041" WIDTH="38" HEIGHT="22" WC="0.93" CONTENT="och"/><SP WIDTH="20" VPOS="1041" HPOS="667"/>
							<String ID="string_236" HPOS="687" VPOS="1041" WIDTH="96" HEIGHT="28" WC="0.90" CONTENT="lyftande"/><SP WIDTH="19" VPOS="1041" HPOS="783"/>
							<String ID="string_237" HPOS="802" VPOS="1040" WIDTH="24" HEIGHT="21" WC="0.96" CONTENT="af"/>
						</TextLine>
						<TextLine ID="line_26" HPOS="72" VPOS="1075" WIDTH="751" HEIGHT="28">
							<String ID="string_238" HPOS="72" VPOS="1076" WIDTH="88" HEIGHT="27" WC="0.96" CONTENT="pension"/><SP WIDTH="19" VPOS="1076" HPOS="160"/>
							<String ID="string_239" HPOS="179" VPOS="1076" WIDTH="53" HEIGHT="21" WC="0.96" CONTENT="eller"/><SP WIDTH="19" VPOS="1076" HPOS="232"/>
							<String ID="string_240" HPOS="251" VPOS="1076" WIDTH="115" HEIGHT="21" WC="0.96" CONTENT="understöd"/><SP WIDTH="18" VPOS="1076" HPOS="366"/>
							<String ID="string_241" HPOS="384" VPOS="1082" WIDTH="25" HEIGHT="14" WC="0.96" CONTENT="ur"/><SP WIDTH="22" VPOS="1082" HPOS="409"/>
							<String ID="string_242" HPOS="431" VPOS="1076" WIDTH="109" HEIGHT="21" WC="0.96" CONTENT="allmänna"/><SP WIDTH="18" VPOS="1076" HPOS="540"/>
							<String ID="string_243" HPOS="558" VPOS="1076" WIDTH="68" HEIGHT="21" WC="0.96" CONTENT="medel"/><SP WIDTH="20" VPOS="1076" HPOS="626"/>
							<String ID="string_244" HPOS="646" VPOS="1076" WIDTH="54" HEIGHT="21" WC="0.96" CONTENT="eller"/><SP WIDTH="18" VPOS="1076" HPOS="700"/>
							<String ID="string_245" HPOS="718" VPOS="1075" WIDTH="48" HEIGHT="21" WC="0.91" CONTENT="från"/><SP WIDTH="19" VPOS="1075" HPOS="766"/>
							<String ID="string_246" HPOS="785" VPOS="1081" WIDTH="38" HEIGHT="20" WC="0.91" CONTENT="pu-"/>
						</TextLine>
						<TextLine ID="line_27" HPOS="74" VPOS="1109" WIDTH="750" HEIGHT="28">
							<String ID="string_247" HPOS="74" VPOS="1110" WIDTH="57" HEIGHT="21" WC="0.92" CONTENT="blika"/><SP WIDTH="22" VPOS="1110" HPOS="131"/>
							<String ID="string_248" HPOS="153" VPOS="1110" WIDTH="53" HEIGHT="21" WC="0.96" CONTENT="eller"/><SP WIDTH="19" VPOS="1110" HPOS="206"/>
							<String ID="string_249" HPOS="225" VPOS="1109" WIDTH="96" HEIGHT="22" WC="0.93" CONTENT="enskilda"/><SP WIDTH="20" VPOS="1109" HPOS="321"/>
							<String ID="string_250" HPOS="341" VPOS="1110" WIDTH="109" HEIGHT="27" WC="0.91" CONTENT="pensions-"/><SP WIDTH="24" VPOS="1110" HPOS="450"/>
							<String ID="string_251" HPOS="474" VPOS="1110" WIDTH="41" HEIGHT="21" WC="0.93" CONTENT="och"/><SP WIDTH="22" VPOS="1110" HPOS="515"/>
							<String ID="string_252" HPOS="537" VPOS="1110" WIDTH="210" HEIGHT="25" WC="0.91" CONTENT="understödskassor,"/><SP WIDTH="21" VPOS="1110" HPOS="747"/>
							<String ID="string_253" HPOS="768" VPOS="1110" WIDTH="56" HEIGHT="20" WC="0.96" CONTENT="samt"/>
						</TextLine>
						<TextLine ID="line_28" HPOS="74" VPOS="1143" WIDTH="750" HEIGHT="28">
							<String ID="string_254" HPOS="74" VPOS="1145" WIDTH="61" HEIGHT="20" WC="0.92" CONTENT="äfven"/><SP WIDTH="16" VPOS="1145" HPOS="135"/>
							<String ID="string_255" HPOS="151" VPOS="1144" WIDTH="33" HEIGHT="21" WC="0.93" CONTENT="till"/><SP WIDTH="14" VPOS="1144" HPOS="184"/>
							<String ID="string_256" HPOS="198" VPOS="1144" WIDTH="70" HEIGHT="27" WC="0.93" CONTENT="betyg,"/><SP WIDTH="16" VPOS="1144" HPOS="268"/>
							<String ID="string_257" HPOS="284" VPOS="1150" WIDTH="44" HEIGHT="15" WC="0.93" CONTENT="som"/><SP WIDTH="16" VPOS="1150" HPOS="328"/>
							<String ID="string_258" HPOS="344" VPOS="1146" WIDTH="36" HEIGHT="19" WC="0.92" CONTENT="äro"/><SP WIDTH="16" VPOS="1146" HPOS="380"/>
							<String ID="string_259" HPOS="396" VPOS="1144" WIDTH="107" HEIGHT="27" WC="0.91" CONTENT="behöfliga"/><SP WIDTH="16" VPOS="1144" HPOS="503"/>
							<String ID="string_260" HPOS="519" VPOS="1144" WIDTH="33" HEIGHT="21" WC="0.93" CONTENT="för"/><SP WIDTH="14" VPOS="1144" HPOS="552"/>
							<String ID="string_261" HPOS="566" VPOS="1144" WIDTH="72" HEIGHT="27" WC="0.93" CONTENT="sjukes"/><SP WIDTH="16" VPOS="1144" HPOS="638"/>
							<String ID="string_262" HPOS="654" VPOS="1144" WIDTH="38" HEIGHT="21" WC="0.93" CONTENT="och"/><SP WIDTH="16" VPOS="1144" HPOS="692"/>
							<String ID="string_263" HPOS="708" VPOS="1143" WIDTH="74" HEIGHT="21" WC="0.91" CONTENT="därars"/><SP WIDTH="10" VPOS="1143" HPOS="782"/>
							<String ID="string_264" HPOS="792" VPOS="1143" WIDTH="32" HEIGHT="20" WC="0.91" CONTENT="in-"/>
						</TextLine>
						<TextLine ID="line_29" HPOS="73" VPOS="1177" WIDTH="751" HEIGHT="28">
							<String ID="string_265" HPOS="73" VPOS="1179" WIDTH="87" HEIGHT="26" WC="0.92" CONTENT="tagning"/><SP WIDTH="19" VPOS="1179" HPOS="160"/>
							<String ID="string_266" HPOS="179" VPOS="1179" WIDTH="7" HEIGHT="20" WC="0.96" CONTENT="i"/><SP WIDTH="19" VPOS="1179" HPOS="186"/>
							<String ID="string_267" HPOS="205" VPOS="1178" WIDTH="89" HEIGHT="27" WC="0.96" CONTENT="sjukhus"/><SP WIDTH="18" VPOS="1178" HPOS="294"/>
							<String ID="string_268" HPOS="312" VPOS="1179" WIDTH="53" HEIGHT="21" WC="0.93" CONTENT="eller"/><SP WIDTH="19" VPOS="1179" HPOS="365"/>
							<String ID="string_269" HPOS="384" VPOS="1179" WIDTH="215" HEIGHT="26" WC="0.92" CONTENT="därvärdsanstalter,"/><SP WIDTH="20" VPOS="1179" HPOS="599"/>
							<String ID="string_270" HPOS="619" VPOS="1179" WIDTH="52" HEIGHT="21" WC="0.89" CONTENT="eller"/><SP WIDTH="20" VPOS="1179" HPOS="671"/>
							<String ID="string_271" HPOS="691" VPOS="1177" WIDTH="107" HEIGHT="22" WC="0.92" CONTENT="erfordras"/><SP WIDTH="18" VPOS="1177" HPOS="798"/>
							<String ID="string_272" HPOS="816" VPOS="1177" WIDTH="8" HEIGHT="20" WC="0.96" CONTENT="i"/>
						</TextLine>
						<TextLine ID="line_30" HPOS="74" VPOS="1211" WIDTH="750" HEIGHT="29">
							<String ID="string_273" HPOS="74" VPOS="1213" WIDTH="99" HEIGHT="23" WC="0.96" CONTENT="ärenden,"/><SP WIDTH="20" VPOS="1213" HPOS="173"/>
							<String ID="string_274" HPOS="193" VPOS="1219" WIDTH="44" HEIGHT="15" WC="0.90" CONTENT="som"/><SP WIDTH="25" VPOS="1219" HPOS="237"/>
							<String ID="string_275" HPOS="262" VPOS="1213" WIDTH="54" HEIGHT="27" WC="0.90" CONTENT="angä"/><SP WIDTH="17" VPOS="1213" HPOS="316"/>
							<String ID="string_276" HPOS="333" VPOS="1213" WIDTH="125" HEIGHT="26" WC="0.92" CONTENT="värnepligt,"/><SP WIDTH="22" VPOS="1213" HPOS="458"/>
							<String ID="string_277" HPOS="480" VPOS="1213" WIDTH="54" HEIGHT="21" WC="0.93" CONTENT="eller"/><SP WIDTH="18" VPOS="1213" HPOS="534"/>
							<String ID="string_278" HPOS="552" VPOS="1212" WIDTH="120" HEIGHT="25" WC="0.18" CONTENT="utfärdug&#39;i"/><SP WIDTH="20" VPOS="1212" HPOS="672"/>
							<String ID="string_279" HPOS="692" VPOS="1212" WIDTH="100" HEIGHT="21" WC="0.93" CONTENT="afseende"/><SP WIDTH="20" VPOS="1212" HPOS="792"/>
							<String ID="string_280" HPOS="812" VPOS="1211" WIDTH="12" HEIGHT="21" WC="0.89" CONTENT="&amp;"/>
						</TextLine>
						<TextLine ID="line_31" HPOS="73" VPOS="1246" WIDTH="751" HEIGHT="29">
							<String ID="string_281" HPOS="73" VPOS="1247" WIDTH="128" HEIGHT="27" WC="0.93" CONTENT="inskrifning"/><SP WIDTH="14" VPOS="1247" HPOS="201"/>
							<String ID="string_282" HPOS="215" VPOS="1248" WIDTH="8" HEIGHT="21" WC="0.93" CONTENT="i"/><SP WIDTH="15" VPOS="1248" HPOS="223"/>
							<String ID="string_283" HPOS="238" VPOS="1247" WIDTH="90" HEIGHT="28" WC="0.92" CONTENT="kapital-"/><SP WIDTH="15" VPOS="1247" HPOS="328"/>
							<String ID="string_284" HPOS="343" VPOS="1247" WIDTH="38" HEIGHT="22" WC="0.93" CONTENT="och"/><SP WIDTH="16" VPOS="1247" HPOS="381"/>
							<String ID="string_285" HPOS="397" VPOS="1247" WIDTH="191" HEIGHT="21" WC="0.92" CONTENT="lifränteanstalter"/><SP WIDTH="16" VPOS="1247" HPOS="588"/>
							<String ID="string_286" HPOS="604" VPOS="1247" WIDTH="137" HEIGHT="26" WC="0.25" CONTENT="&amp;Net&#39;Sandra"/><SP WIDTH="18" VPOS="1247" HPOS="741"/>
							<String ID="string_287" HPOS="759" VPOS="1246" WIDTH="65" HEIGHT="21" WC="0.93" CONTENT="likar-"/>
						</TextLine>
						<TextLine ID="line_32" HPOS="73" VPOS="1281" WIDTH="715" HEIGHT="28">
							<String ID="string_288" HPOS="73" VPOS="1282" WIDTH="49" HEIGHT="21" WC="0.92" CONTENT="tade"/><SP WIDTH="16" VPOS="1282" HPOS="122"/>
							<String ID="string_289" HPOS="138" VPOS="1281" WIDTH="146" HEIGHT="28" WC="0.89" CONTENT="inrättningar,"/><SP WIDTH="16" VPOS="1281" HPOS="284"/>
							<String ID="string_290" HPOS="300" VPOS="1288" WIDTH="45" HEIGHT="15" WC="0.93" CONTENT="som"/><SP WIDTH="15" VPOS="1288" HPOS="345"/>
							<String ID="string_291" HPOS="360" VPOS="1281" WIDTH="46" HEIGHT="22" WC="0.92" CONTENT="afse"/><SP WIDTH="15" VPOS="1281" HPOS="406"/>
							<String ID="string_292" HPOS="421" VPOS="1281" WIDTH="147" HEIGHT="28" WC="0.93" CONTENT="befrämjande"/><SP WIDTH="16" VPOS="1281" HPOS="568"/>
							<String ID="string_293" HPOS="584" VPOS="1281" WIDTH="22" HEIGHT="22" WC="0.93" CONTENT="af"/><SP WIDTH="14" VPOS="1281" HPOS="606"/>
							<String ID="string_294" HPOS="620" VPOS="1281" WIDTH="168" HEIGHT="27" WC="0.92" CONTENT="sparsamheten."/>
						</TextLine>
					</TextBlock>
					<TextBlock ID="block_3" HPOS="74" VPOS="1315" WIDTH="751" HEIGHT="164">
						<TextLine ID="line_33" HPOS="141" VPOS="1315" WIDTH="683" HEIGHT="28">
							<String ID="string_295" HPOS="141" VPOS="1316" WIDTH="10" HEIGHT="21" WC="0.96" CONTENT="I"/><SP WIDTH="11" VPOS="1316" HPOS="151"/>
							<String ID="string_296" HPOS="162" VPOS="1315" WIDTH="65" HEIGHT="28" WC="0.96" CONTENT="öfrigt"/><SP WIDTH="11" VPOS="1315" HPOS="227"/>
							<String ID="string_297" HPOS="238" VPOS="1316" WIDTH="38" HEIGHT="21" WC="0.96" CONTENT="och"/><SP WIDTH="11" VPOS="1316" HPOS="276"/>
							<String ID="string_298" HPOS="287" VPOS="1322" WIDTH="44" HEIGHT="15" WC="0.93" CONTENT="som"/><SP WIDTH="10" VPOS="1322" HPOS="331"/>
							<String ID="string_299" HPOS="341" VPOS="1316" WIDTH="53" HEIGHT="21" WC="0.96" CONTENT="intet"/><SP WIDTH="10" VPOS="1316" HPOS="394"/>
							<String ID="string_300" HPOS="404" VPOS="1316" WIDTH="78" HEIGHT="27" WC="0.93" CONTENT="tydligt"/><SP WIDTH="10" VPOS="1316" HPOS="482"/>
							<String ID="string_301" HPOS="492" VPOS="1316" WIDTH="118" HEIGHT="27" WC="0.93" CONTENT="stadgande"/><SP WIDTH="10" VPOS="1316" HPOS="610"/>
							<String ID="string_302" HPOS="620" VPOS="1315" WIDTH="114" HEIGHT="22" WC="0.91" CONTENT="förefinnes"/><SP WIDTH="9" VPOS="1315" HPOS="734"/>
							<String ID="string_303" HPOS="743" VPOS="1315" WIDTH="81" HEIGHT="24" WC="0.96" CONTENT="derom,"/>
						</TextLine>
						<TextLine ID="line_34" HPOS="74" VPOS="1349" WIDTH="750" HEIGHT="28">
							<String ID="string_304" HPOS="74" VPOS="1352" WIDTH="31" HEIGHT="19" WC="0.93" CONTENT="att"/><SP WIDTH="13" VPOS="1352" HPOS="105"/>
							<String ID="string_305" HPOS="118" VPOS="1352" WIDTH="60" HEIGHT="25" WC="0.91" CONTENT="prest"/><SP WIDTH="14" VPOS="1352" HPOS="178"/>
							<String ID="string_306" HPOS="192" VPOS="1350" WIDTH="34" HEIGHT="21" WC="0.93" CONTENT="för"/><SP WIDTH="14" VPOS="1350" HPOS="226"/>
							<String ID="string_307" HPOS="240" VPOS="1351" WIDTH="132" HEIGHT="26" WC="0.90" CONTENT="tjensteresa,"/><SP WIDTH="16" VPOS="1351" HPOS="372"/>
							<String ID="string_308" HPOS="388" VPOS="1356" WIDTH="44" HEIGHT="15" WC="0.96" CONTENT="som"/><SP WIDTH="16" VPOS="1356" HPOS="432"/>
							<String ID="string_309" HPOS="448" VPOS="1350" WIDTH="42" HEIGHT="21" WC="0.96" CONTENT="han"/><SP WIDTH="17" VPOS="1350" HPOS="490"/>
							<String ID="string_310" HPOS="507" VPOS="1350" WIDTH="27" HEIGHT="27" WC="0.96" CONTENT="på"/><SP WIDTH="18" VPOS="1350" HPOS="534"/>
							<String ID="string_311" HPOS="552" VPOS="1350" WIDTH="68" HEIGHT="27" WC="0.96" CONTENT="grund"/><SP WIDTH="18" VPOS="1350" HPOS="620"/>
							<String ID="string_312" HPOS="638" VPOS="1349" WIDTH="23" HEIGHT="22" WC="0.96" CONTENT="af"/><SP WIDTH="17" VPOS="1349" HPOS="661"/>
							<String ID="string_313" HPOS="678" VPOS="1349" WIDTH="146" HEIGHT="26" WC="0.96" CONTENT="vederbörligt"/>
						</TextLine>
						<TextLine ID="line_35" HPOS="74" VPOS="1383" WIDTH="750" HEIGHT="28">
							<String ID="string_314" HPOS="74" VPOS="1384" WIDTH="144" HEIGHT="21" WC="0.95" CONTENT="förordnande"/><SP WIDTH="16" VPOS="1384" HPOS="218"/>
							<String ID="string_315" HPOS="234" VPOS="1385" WIDTH="126" HEIGHT="20" WC="0.96" CONTENT="verkställer"/><SP WIDTH="15" VPOS="1385" HPOS="360"/>
							<String ID="string_316" HPOS="375" VPOS="1386" WIDTH="57" HEIGHT="19" WC="0.96" CONTENT="utom"/><SP WIDTH="18" VPOS="1386" HPOS="432"/>
							<String ID="string_317" HPOS="450" VPOS="1391" WIDTH="54" HEIGHT="20" WC="0.96" CONTENT="egen"/><SP WIDTH="20" VPOS="1391" HPOS="504"/>
							<String ID="string_318" HPOS="524" VPOS="1384" WIDTH="130" HEIGHT="27" WC="0.96" CONTENT="församling,"/><SP WIDTH="19" VPOS="1384" HPOS="654"/>
							<String ID="string_319" HPOS="673" VPOS="1389" WIDTH="51" HEIGHT="21" WC="0.96" CONTENT="eger"/><SP WIDTH="18" VPOS="1389" HPOS="724"/>
							<String ID="string_320" HPOS="742" VPOS="1383" WIDTH="82" HEIGHT="26" WC="0.96" CONTENT="åtnjuta"/>
						</TextLine>
						<TextLine ID="line_36" HPOS="74" VPOS="1417" WIDTH="751" HEIGHT="28">
							<String ID="string_321" HPOS="74" VPOS="1418" WIDTH="142" HEIGHT="27" WC="0.91" CONTENT="godtgörelse,"/><SP WIDTH="16" VPOS="1418" HPOS="216"/>
							<String ID="string_322" HPOS="232" VPOS="1419" WIDTH="39" HEIGHT="20" WC="0.96" CONTENT="har"/><SP WIDTH="15" VPOS="1419" HPOS="271"/>
							<String ID="string_323" HPOS="286" VPOS="1419" WIDTH="36" HEIGHT="20" WC="0.96" CONTENT="det"/><SP WIDTH="15" VPOS="1419" HPOS="322"/>
							<String ID="string_324" HPOS="337" VPOS="1421" WIDTH="58" HEIGHT="24" WC="0.96" CONTENT="synts"/><SP WIDTH="18" VPOS="1421" HPOS="395"/>
							<String ID="string_325" HPOS="413" VPOS="1419" WIDTH="113" HEIGHT="25" WC="0.96" CONTENT="utskottet,"/><SP WIDTH="20" VPOS="1419" HPOS="526"/>
							<String ID="string_326" HPOS="546" VPOS="1425" WIDTH="44" HEIGHT="14" WC="0.96" CONTENT="som"/><SP WIDTH="19" VPOS="1425" HPOS="590"/>
							<String ID="string_327" HPOS="609" VPOS="1419" WIDTH="46" HEIGHT="20" WC="0.96" CONTENT="icke"/><SP WIDTH="18" VPOS="1419" HPOS="655"/>
							<String ID="string_328" HPOS="673" VPOS="1419" WIDTH="44" HEIGHT="20" WC="0.96" CONTENT="satt"/><SP WIDTH="19" VPOS="1419" HPOS="717"/>
							<String ID="string_329" HPOS="736" VPOS="1417" WIDTH="6" HEIGHT="20" WC="0.96" CONTENT="i"/><SP WIDTH="21" VPOS="1417" HPOS="742"/>
							<String ID="string_330" HPOS="763" VPOS="1417" WIDTH="62" HEIGHT="26" WC="0.96" CONTENT="fråga"/>
						</TextLine>
						<TextLine ID="line_37" HPOS="74" VPOS="1451" WIDTH="750" HEIGHT="28">
							<String ID="string_331" HPOS="74" VPOS="1454" WIDTH="97" HEIGHT="25" WC="0.90" CONTENT="prestens"/><SP WIDTH="15" VPOS="1454" HPOS="171"/>
							<String ID="string_332" HPOS="186" VPOS="1455" WIDTH="44" HEIGHT="19" WC="0.96" CONTENT="rätt"/><SP WIDTH="14" VPOS="1455" HPOS="230"/>
							<String ID="string_333" HPOS="244" VPOS="1453" WIDTH="32" HEIGHT="20" WC="0.96" CONTENT="till"/><SP WIDTH="16" VPOS="1453" HPOS="276"/>
							<String ID="string_334" HPOS="292" VPOS="1453" WIDTH="65" HEIGHT="21" WC="0.93" CONTENT="sådan"/><SP WIDTH="15" VPOS="1453" HPOS="357"/>
							<String ID="string_335" HPOS="372" VPOS="1453" WIDTH="145" HEIGHT="26" WC="0.91" CONTENT="godtgörelse,"/><SP WIDTH="15" VPOS="1453" HPOS="517"/>
							<String ID="string_336" HPOS="532" VPOS="1452" WIDTH="96" HEIGHT="27" WC="0.96" CONTENT="lämpligt"/><SP WIDTH="15" VPOS="1452" HPOS="628"/>
							<String ID="string_337" HPOS="643" VPOS="1453" WIDTH="31" HEIGHT="20" WC="0.96" CONTENT="att"/><SP WIDTH="15" VPOS="1453" HPOS="674"/>
							<String ID="string_338" HPOS="689" VPOS="1452" WIDTH="39" HEIGHT="21" WC="0.93" CONTENT="här"/><SP WIDTH="12" VPOS="1452" HPOS="728"/>
							<String ID="string_339" HPOS="740" VPOS="1451" WIDTH="84" HEIGHT="26" WC="0.92" CONTENT="intoges"/>
						</TextLine>
					</TextBlock>
					<TextBlock ID="block_4" HPOS="142" VPOS="1492" WIDTH="462" HEIGHT="22">
						<TextLine ID="line_38" HPOS="142" VPOS="1492" WIDTH="462" HEIGHT="22">
							<String ID="string_340" HPOS="142" VPOS="1492" WIDTH="46" HEIGHT="22" WC="0.85" CONTENT="Lag-"/><SP WIDTH="13" VPOS="1492" HPOS="188"/>
							<String ID="string_341" HPOS="201" VPOS="1493" WIDTH="29" HEIGHT="17" WC="0.93" CONTENT="och"/><SP WIDTH="13" VPOS="1493" HPOS="230"/>
							<String ID="string_342" HPOS="243" VPOS="1493" WIDTH="167" HEIGHT="17" WC="0.92" CONTENT="Ekonomiutskottets"/><SP WIDTH="12" VPOS="1493" HPOS="410"/>
							<String ID="string_343" HPOS="422" VPOS="1492" WIDTH="106" HEIGHT="18" WC="0.96" CONTENT="betänkande"/><SP WIDTH="11" VPOS="1492" HPOS="528"/>
							<String ID="string_344" HPOS="539" VPOS="1492" WIDTH="34" HEIGHT="17" WC="0.96" CONTENT="N:o"/><SP WIDTH="13" VPOS="1492" HPOS="573"/>
							<String ID="string_345" HPOS="586" VPOS="1493" WIDTH="18" HEIGHT="16" WC="0.96" CONTENT="5."/>
						</TextLine>
					</TextBlock>
				</ComposedBlock>
				<GraphicalElement ID="cblock_2" HPOS="1001" VPOS="23" WIDTH="8" HEIGHT="961"></GraphicalElement >
			</PrintSpace>
		</Page>
	</Layout>
</alto>
