1009 1739
263 163 79 22 Ständ.
359 164 35 21 Sv.
411 175 27 3 —
454 163 71 27 Prop.
542 163 39 21 N:o
596 162 32 21 27.

346 464 118 22 Finlands
490 464 126 21 Ständers
642 463 180 27 underdåniga

278 510 56 16 svar
350 505 5 20 i
372 504 109 27 anledning
498 504 20 22 af
530 505 54 21 Hans
595 504 112 27 Kejserliga
718 504 104 26 Majestäts

278 545 73 27 nådiga
367 545 132 27 proposition,
515 544 106 28 angående
638 544 110 27 utgörande
763 544 59 21 afin-

278 585 174 27 komstbevillning
468 585 32 21 för
516 585 48 21 åren
579 584 62 28 1886,
651 584 54 22 1887
716 585 36 20 och
762 584 61 21 1888.

137 649 213 27 Stormäktigste,
365 648 199 27 Allernådigste
581 648 113 27 Kejsare
710 647 49 21 och

374 682 160 22 Storfurste!

144 741 58 21 Enär
224 741 100 21 behofvet
347 741 24 21 af
387 741 77 26 medel,
486 740 188 26 hufvudsakligast
692 740 33 20 för
739 740 85 20 landets

75 776 181 23 militärväsende,
279 776 47 20 icke
349 778 81 19 ansetts
453 775 76 21 kunna
551 775 62 27 fyllas
634 774 89 22 medelst
746 775 26 19 de
789 774 36 20 vid

75 811 111 27 pågående
209 810 104 27 landtdag
336 810 122 27 föreslagna
480 809 245 27 bevillningsafgifterna
740 808 32 21 för
787 808 38 20 im-

75 845 101 27 porterad
200 844 66 21 tobak
284 846 56 19 samt
356 844 146 27 tilllverkning
519 844 24 21 af
555 844 143 27 maltdrycker
714 843 38 21 och
769 842 55 27 spel-

74 879 49 21 kort
138 878 111 21 äfvensom
264 878 245 28 stämpelbevillningen,
524 880 53 19 utan
593 885 26 14 en
630 878 122 26 bevillning,
761 884 63 20 grun-

74 914 40 20 dad
132 914 28 26 på
176 912 71 22 direkt
262 913 99 27 taxering
376 913 25 21 af
414 914 26 20 de
456 913 168 27 skattskyldiges
639 912 123 24 inkomster,
779 912 47 20 der-

74 948 84 20 utöfver
178 948 83 19 funnits
283 947 65 27 nödig
370 947 63 21 äfven
455 947 34 21 för
507 948 147 20 instundande
672 946 152 27 finansperiod,

72 982 40 21 har
128 981 88 21 Eders
231 981 146 28 Kejserliga
391 981 124 28 Majestät
530 981 7 21 i
552 981 65 27 nådig
627 981 132 27 proposition
771 979 54 21 före-

75 1015 69 27 slagit,
164 1017 32 19 att
212 1015 85 21 landets
320 1015 92 22 Ständer
433 1016 69 20 måtte
522 1015 33 21 för
570 1016 51 20 åren
637 1016 61 24 1886,
715 1015 53 20 1887
785 1014 41 21 och

75 1050 54 21 1888
153 1051 65 25 åtaga
240 1049 32 27 sig
294 1049 214 28 inkomstbevillning
523 1050 7 20 i
545 1049 152 27 hufvudsaklig
720 1049 106 20 öfverens-

75 1084 122 21 stämmelse
220 1085 50 20 med
292 1084 192 27 bestämningarna
498 1085 8 20 i
522 1086 72 19 senast
616 1083 114 22 utfärdade
753 1082 73 21 bevill-

76 1119 141 26 ningsstadga
232 1119 25 20 af
270 1119 41 20 den
329 1119 25 21 15
370 1118 91 21 Januari
485 1119 63 25 1883,
570 1118 86 21 hvilken
675 1118 49 21 med
739 1117 87 21 inneva-

76 1153 66 21 rande
158 1153 34 20 års
208 1153 82 26 utgång
304 1153 86 26 upphör
405 1155 32 18 att
452 1159 53 14 vara
520 1153 106 26 gällande.

142 1187 33 20 Då
190 1187 126 25 emellertid,
340 1187 28 27 på
390 1188 44 20 sätt
454 1187 96 27 framgår
564 1187 24 21 af
601 1187 132 21 Ständernas
748 1186 78 20 under-

75 1221 78 26 dåniga
175 1227 49 15 svar
240 1221 29 27 på
288 1221 88 20 Eders
400 1221 156 28 Kejserliga
578 1221 146 27 Majestäts
746 1219 80 27 nådiga

75 1255 133 27 proposition
238 1255 113 27 angående
381 1255 100 27 samtliga
507 1256 27 20 de
558 1255 36 21 vid
615 1255 132 27 landtdagen
771 1253 55 22 1885

75 1289 79 21 äskade
170 1289 76 27 anslag
262 1289 39 21 och
317 1290 123 26 utvägarne
450 1289 34 21 till
500 1289 65 21 deras
580 1289 144 24 bestridande,
740 1289 36 20 det
792 1287 35 22 be-

74 1323 58 28 lopp,
150 1330 45 14 som
211 1323 111 21 allmänna
336 1323 242 28 inkomsthevillningen
593 1323 116 21 beräknats
719 1322 107 27 inbringa,

73 1357 47 21 icke
136 1358 77 20 varder
228 1357 34 21 för
277 1357 95 28 fyllande
388 1357 25 21 af
426 1357 162 22 statsbehofven
611 1359 68 19 under
694 1357 132 21 nästinstun-

74 1392 70 21 dande
168 1391 148 28 skatteperiod
331 1391 132 27 erforderlig,
479 1391 67 22 hafva
561 1392 122 21 Ständerna
696 1391 48 21 icke
760 1390 67 21 heller

72 1425 72 21 funnit
163 1425 47 21 skäl
230 1428 34 19 att
286 1425 100 22 åhvälfva
408 1426 87 21 landets
518 1426 103 21 invånare
640 1432 26 15 en
685 1424 141 27 beskattning

73 1460 67 20 sådan
164 1467 45 13 som
232 1461 78 23 denna,
332 1459 86 21 hvilken
441 1459 47 21 icke
512 1459 56 21 blott
591 1459 134 28 synnerligen
745 1459 81 26 ojemnt
