1009 1739
381 147 54 24 N:o
450 146 57 23 80.

341 429 69 23 Hans
436 428 157 30 Kejserliga
618 428 142 29 Majestäts
789 426 37 26 nå-

274 463 50 29 diga
346 464 132 28 proposition
501 464 32 23 till
560 463 100 23 Finlands
680 463 94 25 Ständer,
790 468 37 18 an-

272 495 83 31 gående
370 498 116 29 ändringar
502 498 24 24 af
538 498 39 24 och
588 498 78 29 tillägg
677 498 33 24 till
721 497 107 24 särskilda

274 532 155 29 stadganden”i
448 532 204 30 värnepligtslagen.

139 597 10 21 I
165 596 222 22 öfverensstämmelse
407 597 49 21 med
476 597 130 26 stadgandet
620 597 7 21 i
644 598 11 20 7
672 597 11 27 $
700 596 24 22 af
738 597 41 21 den
795 596 34 22 för

69 631 206 22 Storfurstendömet
296 631 102 27 gällande
417 631 169 27 värnepligtslag
602 631 24 21 af
640 632 41 20 den
696 632 26 20 27
739 631 89 21 Decem-

68 666 38 21 ber
124 667 53 20 1878
193 668 38 19 äro
247 665 131 22 invänarene
394 666 7 20 i
416 666 164 26 Lappmarkens
596 666 68 20 härad
676 666 24 21 af
708 666 120 26 Uleäborgs

69 700 43 26 län,
136 700 47 22 med
204 700 36 21 det
255 700 111 27 undantag
381 700 93 21 nämnde
490 700 11 27 $
518 702 100 19 närmare
634 700 125 26 innehåller,
775 700 53 21 tills-

70 734 74 21 vidare
167 735 39 21 och
226 735 56 21 intill
298 735 48 21 dess
362 734 73 22 derom
452 734 136 22 annorlunda
603 734 115 22 förordnas
733 734 96 22 befriade

70 768 48 22 från
140 769 158 27 värnepligtens
322 769 120 27 utgörande
467 769 40 21 och
531 769 93 21 inkallas
647 769 57 27 förty
727 769 48 21 icke
798 768 32 21 till

70 803 100 27 lottning.
825 825 6 6 ,

143 838 97 21 Emedan
260 838 126 27 Kuolajärvi
406 838 85 27 socken,
516 839 72 20 säsom
603 838 97 21 hörande
716 838 33 21 till
764 839 67 19 annat

71 872 77 26 härad,
168 872 47 22 icke
230 872 70 22 blifvit
316 872 96 27 delaktig
430 872 24 21 af
468 872 72 21 denna
554 872 106 26 befrielse,
676 872 66 21 hafva
757 872 73 27 inbyg-

72 913 80 20 garene
168 907 117 27 derstädes,
305 907 66 27 jemte
386 906 108 22 förmälan
511 908 32 19 att
558 907 66 26 sagde
640 907 80 21 socken
735 906 96 22 hvarken

72 942 6 19 i
96 941 131 27 geografiskt
242 942 52 21 eller
309 941 172 27 klimatologiskt
496 942 123 20 hänseende
636 944 24 18 är
671 942 71 20 bättre
753 941 77 25 lottad,

73 978 28 19 än
120 976 155 21 kommunerna
291 976 5 21 i
313 976 163 27 Lappmarkens
492 976 77 27 härad,
585 975 7 22 i
608 976 171 27 underdånighet
795 982 37 14 an-

74 1010 48 22 sökt
145 1017 34 14 om
202 1011 114 20 enahanda
338 1010 85 21 förmån
447 1010 7 21 i
478 1010 101 21 afseende
600 1010 13 21 å
628 1010 148 27 värnepligten
792 1009 39 22 och

74 1045 75 22 dervid
162 1045 79 27 jemväl
257 1045 124 27 framhållit,
398 1047 32 19 att
446 1045 156 27 värnepligtige
618 1045 47 21 från
682 1045 100 25 socknen,
798 1043 34 22 för

74 1080 130 27 deltagande
219 1080 7 20 i
242 1079 106 27 uppbåds-
365 1079 40 22 och
420 1081 152 25 reservmöten,
589 1079 68 22 måste
668 1079 166 28 tillryggalägga

74 1121 28 14 en
119 1114 120 27 vägalängd
255 1114 23 21 af
287 1114 98 26 omkring
396 1114 204 21 tvåhundraåttatio
612 1116 64 24 verst,
687 1114 146 27 hvarigenom,

76 1149 84 21 oafsedt
183 1149 25 21 de
232 1149 137 26 betungande
394 1149 154 21 omkostnader
562 1149 34 21 för
612 1149 41 21 den
668 1149 103 24 enskilde,
788 1154 45 15 som

74 1184 49 21 med
146 1183 64 22 dessa
233 1189 60 16 resor
316 1185 38 19 äro
378 1183 109 26 förenade,
511 1183 143 27 välbehöfliga
676 1182 158 22 arbetskrafter

75 1218 68 21 under
157 1217 50 27 lång
218 1218 30 20 tid
261 1217 23 21 af
293 1219 47 19 året
350 1217 154 27 undandroges
513 1217 223 28 jordbruksnäringen
747 1217 7 21 i
765 1217 71 20 denna

75 1252 62 21 äfven
160 1253 62 26 eljest
244 1253 54 26 glest
321 1251 113 22 befolkade
464 1252 35 21 del
520 1251 22 22 af
558 1252 76 21 landet.
670 1252 50 21 Med
736 1251 99 21 afseende

75 1287 55 21 härå
146 1287 39 20 och
201 1286 27 21 då
239 1287 126 26 Kuolajärvi
376 1287 86 25 söcken,
476 1287 69 20 ehuru
556 1287 47 21 icke
614 1287 96 21 hörande
721 1286 34 21 till
765 1286 71 26 Lapp-

76 1321 101 21 markens
192 1321 76 27 härad,
284 1321 65 21 likväl
365 1322 72 20 såsom
453 1321 23 21 af
492 1321 60 21 ålder
563 1321 84 21 räknad
658 1321 31 21 till
700 1320 135 27 lappmarks-

77 1356 127 25 socknarne,
224 1356 56 21 varit
298 1355 125 27 inbegripen
438 1356 7 20 i
461 1355 141 22 härförinnan
618 1356 102 26 vidtagna
736 1355 100 26 styrelse-

76 1390 108 27 åtgärder,
207 1397 76 20 genom
303 1390 74 21 hvilka
392 1390 112 21 särskilda
519 1389 90 22 friheter
624 1390 100 27 beviljats
740 1389 99 21 kommu-

73 1431 69 14 nerna
158 1425 5 20 i
180 1424 157 27 Lappmarken,
361 1425 41 20 har
422 1425 62 20 Hans
504 1424 122 27 Kejserliga
644 1424 106 27 Majestät
764 1423 74 21 funnit

72 1459 49 20 med
144 1459 98 27 billighet
264 1459 236 21 öfverensstämmande
520 1460 32 20 att
571 1458 130 22 invånarene
717 1459 7 19 i
740 1457 94 21 nämnda
