1009 1739
268 156 82 23 Ständ.
366 157 37 23 Sv.
421 170 23 3 —
462 159 72 27 Prop.
551 159 41 22 N:o
607 159 35 22 19.
776 162 24 21 17

214 219 132 28 ordförande
368 221 51 21 eller
441 222 127 27 någondera
584 223 28 27 af
623 223 24 21 de
662 223 98 28 ständige
772 224 56 21 leda-

212 255 94 20 möterne
322 257 27 19 är
363 255 93 27 medlem,
473 256 52 21 eller
539 257 28 21 dä
582 257 57 21 desse
654 257 75 27 finnas
744 258 28 27 af
784 258 44 27 för-

210 290 42 27 fall
272 290 106 22 hindrade
393 292 35 19 att
441 290 9 21 i
464 291 106 21 komitens
584 291 140 29 förrättning
738 292 90 28 deltaga,

212 324 58 22 skola
285 325 9 21 i
309 325 63 21 deras
387 325 62 21 ställe
463 325 35 21 uti
514 325 94 22 komitön
623 326 97 22 inträda.

282 358 154 28 Ordföranden
459 359 37 21 och
519 360 25 21 de
567 360 35 21 två
624 361 98 27 ständige
739 360 89 22 ledamö-

212 394 63 20 terne'
298 400 38 21 ega
358 393 36 22 vid
416 393 59 22 dessa
494 393 166 29 förrättningar
674 395 28 27 af
714 395 116 22 allmänna

212 427 66 21 medel
294 427 89 28 ätnjuta
398 427 124 28 ersättning
537 428 35 27 för
580 428 137 22 resekostnad
724 429 38 21 och
770 429 60 21 trak-

215 462 99 25 tamente,
338 461 148 27 ordföranden
510 462 68 28 enligt
594 462 41 21 5:te
650 462 85 22 klassen
750 463 37 21 och
803 462 27 22 le-

216 496 124 21 damöterne
362 495 68 28 enligt
453 495 45 21 7:de
520 496 86 21 klassen
620 496 28 27 af
658 496 102 28 gällande
776 504 53 14 vese-

212 530 131 28 reglemente.

488 592 16 27 8
519 592 33 20 16.

281 634 80 21 Innan
376 634 106 28 reglering
498 634 9 22 i
522 636 30 20 ett
562 637 102 25 pastorat
674 635 111 28 företages,
795 634 36 21 bör

214 668 160 27 kyrkostämma
396 668 112 28 derstädes,
528 670 32 26 på
582 669 158 28 Domkapitlets
754 669 76 27 föran-

216 702 114 27 staltande,
347 703 27 27 af
387 703 80 28 ojäfvig
479 705 115 25 prestman
609 704 71 21 hållas
694 705 57 20 samt
758 703 74 21 dervid

214 737 126 28 tillförlitlig
362 738 86 28 uppgift
470 745 32 13 om
526 738 42 21 den
591 738 58 21 inom
660 739 123 26 pastoratet
796 739 34 19 ut-

213 772 82 27 gående
320 772 196 28 prestaflöningen,
546 772 100 22 behållna
671 772 159 28 afkastningen

214 806 54 27 från
279 806 122 27 prestbolen
416 806 46 21 deri
474 806 143 26 inberäknad,
626 806 120 28 anskaffas,
756 806 75 27 äfven-

214 847 43 15 som
276 842 132 26 pastoratets
430 840 138 22 medlemmar
591 841 81 21 lemnas
696 840 87 28 tillfälle
799 841 33 20 att

214 874 79 28 föreslå
322 875 220 28 aflöningsbeloppens
574 875 125 28 fördelning
717 875 32 27 på
771 874 61 22 såväl

214 909 112 28 löntagare
349 916 43 14 som
416 909 126 28 löngifvare.
573 910 131 21 Protokollet
725 909 59 27 öfver
799 909 33 21 sä-

215 943 46 21 dan
282 945 92 20 stämma
396 943 104 22 insändes
516 944 152 27 ofördröjligen
684 944 28 27 af
724 944 45 20 dess
784 943 47 20 ord-

214 977 92 27 förande
322 977 34 22 till
363 977 213 28 regleringskomitén
584 978 36 21 och
628 978 41 21 den
678 978 46 21 med
732 979 98 20 stämmo-

216 1011 87 22 beslutet
324 1012 114 27 missnöjde
460 1013 90 21 anvisas
575 1014 34 20 att
630 1012 97 27 deröfver
750 1011 80 27 anföra

214 1046 74 21 besvär
309 1047 37 20 hos
369 1046 149 21 Guvernören.
549 1047 68 21 Föres
639 1047 8 20 i
668 1047 102 20 besvären
785 1045 46 22 kla-

211 1087 46 21 gan
273 1081 103 27 deröfver,
393 1082 33 20 att
441 1081 89 21 beslutet
544 1081 44 21 icke
602 1081 9 21 i
627 1081 49 28 laga
684 1081 95 27 ordning
788 1079 42 22 till-

212 1114 94 27 kommit,
330 1115 55 21 skall
408 1115 144 22 Guvernören
573 1117 77 26 genast
663 1115 73 22 derom
750 1114 80 21 under-

212 1151 60 20 rätta
295 1149 99 26 komitén,
418 1149 87 21 hvilken
528 1149 44 22 icke
591 1150 36 21 må
641 1149 37 22 sin
692 1148 139 28 förrättning

213 1183 60 21 inom
284 1185 124 26 pastoratet
423 1183 95 28 vidtaga,
534 1183 75 22 innan
624 1183 24 22 så
663 1183 121 27 beskaffade
799 1182 31 21 be-

212 1219 51 20 svär
280 1220 39 19 äro
334 1218 101 27 slutligen
446 1217 113 28 pröfvade.
590 1217 89 27 Besvär,
695 1217 74 22 hvilka
784 1216 46 27 afse

214 1251 93 28 beloppet
328 1252 51 21 eller
400 1252 155 28 fördelningen
578 1252 27 27 af
616 1252 24 21 de
656 1251 126 28 föreslagna
797 1250 33 27 af-

209 1286 105 28 gifterna,
328 1286 58 21 skola
402 1287 92 20 deremot
509 1287 28 27 af
550 1287 143 21 Guvernören
706 1287 79 27 genast
800 1284 31 27 öf-

213 1321 120 21 verlemnas
356 1321 34 20 till
412 1321 102 26 komitén,
537 1321 35 27 för
587 1322 33 20 att
636 1323 60 25 tagas
710 1321 9 20 i
734 1319 96 28 öfvervä-

215 1355 71 28 gande
308 1355 36 21 vid
358 1355 150 28 uppgörandet
522 1355 28 27 af
562 1355 45 21 dess
621 1354 82 29 förslag
718 1354 34 21 till
766 1353 64 28 regle-

214 1389 52 28 ring
288 1391 56 20 samt
366 1391 33 19 att
413 1389 120 21 sedermera
548 1389 9 21 i
572 1389 160 27 sammanhang
747 1387 85 22 dermed

212 1423 74 22 vidare
302 1423 130 21 skärskådas
447 1423 35 21 och
499 1422 101 22 bedömas.
