<?xml version="1.0" encoding="UTF-8"?>
<alto xmlns="http://www.loc.gov/standards/alto/ns-v3#" xmlns:xlink="http://www.w3.org/1999/xlink" xmlns:xsi="http://www.w3.org/2001/XMLSchema-instance" xsi:schemaLocation="http://www.loc.gov/standards/alto/ns-v3# http://www.loc.gov/alto/v3/alto-3-0.xsd">
	<Description>
		<MeasurementUnit>pixel</MeasurementUnit>
		<sourceImageInformation>
			<fileName>/tmp/tess_ndowyrxj_input.PNG</fileName>
		</sourceImageInformation>
		<OCRProcessing ID="OCR_0">
			<ocrProcessingStep>
				<processingSoftware>
					<softwareName>tesseract 5.3.4</softwareName>
				</processingSoftware>
			</ocrProcessingStep>
		</OCRProcessing>
	</Description>
	<Layout>
		<Page WIDTH="1009" HEIGHT="1739" PHYSICAL_IMG_NR="0" ID="page_0">
			<PrintSpace HPOS="0" VPOS="0" WIDTH="1009" HEIGHT="1739">
				<GraphicalElement ID="cblock_0" HPOS="0" VPOS="158" WIDTH="7" HEIGHT="839"></GraphicalElement >
				<ComposedBlock ID="cblock_1" HPOS="194" VPOS="153" WIDTH="393" HEIGHT="22">
					<TextBlock ID="block_0" HPOS="194" VPOS="153" WIDTH="393" HEIGHT="22">
						<TextLine ID="line_0" HPOS="194" VPOS="153" WIDTH="393" HEIGHT="22">
							<String ID="string_0" HPOS="194" VPOS="153" WIDTH="12" HEIGHT="20" WC="0.95" CONTENT="2"/><SP WIDTH="294" VPOS="153" HPOS="206"/>
							<String ID="string_1" HPOS="500" VPOS="153" WIDTH="36" HEIGHT="22" WC="0.95" CONTENT="N:o"/><SP WIDTH="15" VPOS="153" HPOS="536"/>
							<String ID="string_2" HPOS="551" VPOS="153" WIDTH="36" HEIGHT="22" WC="0.95" CONTENT="22."/>
						</TextLine>
					</TextBlock>
				</ComposedBlock>
				<ComposedBlock ID="cblock_2" HPOS="165" VPOS="221" WIDTH="762" HEIGHT="91">
					<TextBlock ID="block_1" HPOS="165" VPOS="221" WIDTH="762" HEIGHT="91">
						<TextLine ID="line_1" HPOS="165" VPOS="221" WIDTH="761" HEIGHT="28">
							<String ID="string_3" HPOS="165" VPOS="221" WIDTH="35" HEIGHT="21" WC="0.96" CONTENT="vid"/><SP WIDTH="19" VPOS="221" HPOS="200"/>
							<String ID="string_4" HPOS="219" VPOS="221" WIDTH="56" HEIGHT="22" WC="0.96" CONTENT="1885"/><SP WIDTH="18" VPOS="221" HPOS="275"/>
							<String ID="string_5" HPOS="293" VPOS="221" WIDTH="35" HEIGHT="21" WC="0.96" CONTENT="års"/><SP WIDTH="21" VPOS="221" HPOS="328"/>
							<String ID="string_6" HPOS="349" VPOS="221" WIDTH="81" HEIGHT="27" WC="0.96" CONTENT="utgång"/><SP WIDTH="24" VPOS="221" HPOS="430"/>
							<String ID="string_7" HPOS="454" VPOS="229" WIDTH="26" HEIGHT="14" WC="0.95" CONTENT="en"/><SP WIDTH="21" VPOS="229" HPOS="480"/>
							<String ID="string_8" HPOS="501" VPOS="223" WIDTH="56" HEIGHT="20" WC="0.95" CONTENT="brist"/><SP WIDTH="21" VPOS="223" HPOS="557"/>
							<String ID="string_9" HPOS="578" VPOS="222" WIDTH="23" HEIGHT="21" WC="0.96" CONTENT="af"/><SP WIDTH="19" VPOS="222" HPOS="601"/>
							<String ID="string_10" HPOS="620" VPOS="223" WIDTH="92" HEIGHT="25" WC="0.91" CONTENT="254,506"/><SP WIDTH="21" VPOS="223" HPOS="712"/>
							<String ID="string_11" HPOS="733" VPOS="222" WIDTH="61" HEIGHT="21" WC="0.96" CONTENT="mark"/><SP WIDTH="21" VPOS="222" HPOS="794"/>
							<String ID="string_12" HPOS="815" VPOS="223" WIDTH="27" HEIGHT="20" WC="0.96" CONTENT="25"/><SP WIDTH="20" VPOS="223" HPOS="842"/>
							<String ID="string_13" HPOS="862" VPOS="222" WIDTH="64" HEIGHT="27" WC="0.96" CONTENT="penni"/>
						</TextLine>
						<TextLine ID="line_2" HPOS="166" VPOS="255" WIDTH="761" HEIGHT="28">
							<String ID="string_14" HPOS="166" VPOS="255" WIDTH="118" HEIGHT="22" WC="0.96" CONTENT="beräknats"/><SP WIDTH="24" VPOS="255" HPOS="284"/>
							<String ID="string_15" HPOS="308" VPOS="256" WIDTH="85" HEIGHT="27" WC="0.95" CONTENT="uppstå,"/><SP WIDTH="25" VPOS="256" HPOS="393"/>
							<String ID="string_16" HPOS="418" VPOS="256" WIDTH="86" HEIGHT="21" WC="0.96" CONTENT="hvilken"/><SP WIDTH="18" VPOS="256" HPOS="504"/>
							<String ID="string_17" HPOS="522" VPOS="258" WIDTH="24" HEIGHT="19" WC="0.93" CONTENT="är"/><SP WIDTH="16" VPOS="258" HPOS="546"/>
							<String ID="string_18" HPOS="562" VPOS="257" WIDTH="75" HEIGHT="20" WC="0.91" CONTENT="afsedd"/><SP WIDTH="17" VPOS="257" HPOS="637"/>
							<String ID="string_19" HPOS="654" VPOS="257" WIDTH="32" HEIGHT="20" WC="0.93" CONTENT="att"/><SP WIDTH="16" VPOS="257" HPOS="686"/>
							<String ID="string_20" HPOS="702" VPOS="256" WIDTH="102" HEIGHT="21" WC="0.91" CONTENT="betäckas"/><SP WIDTH="17" VPOS="256" HPOS="804"/>
							<String ID="string_21" HPOS="821" VPOS="256" WIDTH="47" HEIGHT="21" WC="0.91" CONTENT="med"/><SP WIDTH="16" VPOS="256" HPOS="868"/>
							<String ID="string_22" HPOS="884" VPOS="256" WIDTH="43" HEIGHT="21" WC="0.92" CONTENT="för-"/>
						</TextLine>
						<TextLine ID="line_3" HPOS="166" VPOS="290" WIDTH="377" HEIGHT="22">
							<String ID="string_23" HPOS="166" VPOS="290" WIDTH="60" HEIGHT="21" WC="0.96" CONTENT="skott"/><SP WIDTH="17" VPOS="290" HPOS="226"/>
							<String ID="string_24" HPOS="243" VPOS="297" WIDTH="26" HEIGHT="14" WC="0.93" CONTENT="ur"/><SP WIDTH="16" VPOS="297" HPOS="269"/>
							<String ID="string_25" HPOS="285" VPOS="291" WIDTH="258" HEIGHT="21" WC="0.91" CONTENT="militieboställskassan."/>
						</TextLine>
					</TextBlock>
				</ComposedBlock>
				<ComposedBlock ID="cblock_3" HPOS="167" VPOS="330" WIDTH="763" HEIGHT="335">
					<TextBlock ID="block_2" HPOS="167" VPOS="330" WIDTH="763" HEIGHT="335">
						<TextLine ID="line_4" HPOS="236" VPOS="330" WIDTH="692" HEIGHT="28">
							<String ID="string_26" HPOS="236" VPOS="331" WIDTH="40" HEIGHT="20" WC="0.96" CONTENT="Att"/><SP WIDTH="15" VPOS="331" HPOS="276"/>
							<String ID="string_27" HPOS="291" VPOS="330" WIDTH="119" HEIGHT="27" WC="0.96" CONTENT="utgifterna"/><SP WIDTH="16" VPOS="330" HPOS="410"/>
							<String ID="string_28" HPOS="426" VPOS="331" WIDTH="68" HEIGHT="21" WC="0.93" CONTENT="under"/><SP WIDTH="17" VPOS="331" HPOS="494"/>
							<String ID="string_29" HPOS="511" VPOS="331" WIDTH="175" HEIGHT="27" WC="0.90" CONTENT="finansperioden"/><SP WIDTH="17" VPOS="331" HPOS="686"/>
							<String ID="string_30" HPOS="703" VPOS="332" WIDTH="140" HEIGHT="20" WC="0.92" CONTENT="1883—1885"/><SP WIDTH="12" VPOS="332" HPOS="843"/>
							<String ID="string_31" HPOS="855" VPOS="331" WIDTH="73" HEIGHT="26" WC="0.96" CONTENT="uppgå"/>
						</TextLine>
						<TextLine ID="line_5" HPOS="167" VPOS="365" WIDTH="760" HEIGHT="27">
							<String ID="string_32" HPOS="167" VPOS="365" WIDTH="33" HEIGHT="20" WC="0.90" CONTENT="till"/><SP WIDTH="26" VPOS="365" HPOS="200"/>
							<String ID="string_33" HPOS="226" VPOS="365" WIDTH="24" HEIGHT="21" WC="0.95" CONTENT="så"/><SP WIDTH="21" VPOS="365" HPOS="250"/>
							<String ID="string_34" HPOS="271" VPOS="365" WIDTH="109" HEIGHT="26" WC="0.96" CONTENT="betydliga"/><SP WIDTH="19" VPOS="365" HPOS="380"/>
							<String ID="string_35" HPOS="399" VPOS="365" WIDTH="85" HEIGHT="27" WC="0.96" CONTENT="belopp,"/><SP WIDTH="17" VPOS="365" HPOS="484"/>
							<String ID="string_36" HPOS="501" VPOS="366" WIDTH="77" HEIGHT="21" WC="0.91" CONTENT="härrör"/><SP WIDTH="16" VPOS="366" HPOS="578"/>
							<String ID="string_37" HPOS="594" VPOS="366" WIDTH="151" HEIGHT="26" WC="0.91" CONTENT="förnämligast"/><SP WIDTH="15" VPOS="366" HPOS="745"/>
							<String ID="string_38" HPOS="760" VPOS="365" WIDTH="66" HEIGHT="24" WC="0.96" CONTENT="deraf,"/><SP WIDTH="16" VPOS="365" HPOS="826"/>
							<String ID="string_39" HPOS="842" VPOS="367" WIDTH="32" HEIGHT="18" WC="0.93" CONTENT="att"/><SP WIDTH="16" VPOS="367" HPOS="874"/>
							<String ID="string_40" HPOS="890" VPOS="365" WIDTH="37" HEIGHT="20" WC="0.92" CONTENT="ka-"/>
						</TextLine>
						<TextLine ID="line_6" HPOS="167" VPOS="399" WIDTH="760" HEIGHT="28">
							<String ID="string_41" HPOS="167" VPOS="399" WIDTH="207" HEIGHT="26" WC="0.91" CONTENT="sernbyggnaderna"/><SP WIDTH="15" VPOS="399" HPOS="374"/>
							<String ID="string_42" HPOS="389" VPOS="399" WIDTH="33" HEIGHT="21" WC="0.96" CONTENT="för"/><SP WIDTH="17" VPOS="399" HPOS="422"/>
							<String ID="string_43" HPOS="439" VPOS="400" WIDTH="26" HEIGHT="21" WC="0.96" CONTENT="de"/><SP WIDTH="16" VPOS="400" HPOS="465"/>
							<String ID="string_44" HPOS="481" VPOS="401" WIDTH="75" HEIGHT="20" WC="0.93" CONTENT="aktiva"/><SP WIDTH="16" VPOS="401" HPOS="556"/>
							<String ID="string_45" HPOS="572" VPOS="401" WIDTH="156" HEIGHT="26" WC="0.92" CONTENT="bataljonerna,"/><SP WIDTH="12" VPOS="401" HPOS="728"/>
							<String ID="string_46" HPOS="740" VPOS="399" WIDTH="106" HEIGHT="22" WC="0.96" CONTENT="särskildt"/><SP WIDTH="11" VPOS="399" HPOS="846"/>
							<String ID="string_47" HPOS="857" VPOS="399" WIDTH="26" HEIGHT="20" WC="0.96" CONTENT="de"/><SP WIDTH="11" VPOS="399" HPOS="883"/>
							<String ID="string_48" HPOS="894" VPOS="399" WIDTH="33" HEIGHT="20" WC="0.96" CONTENT="för"/>
						</TextLine>
						<TextLine ID="line_7" HPOS="168" VPOS="433" WIDTH="759" HEIGHT="27">
							<String ID="string_49" HPOS="168" VPOS="433" WIDTH="98" HEIGHT="27" WC="0.96" CONTENT="Nylands"/><SP WIDTH="23" VPOS="433" HPOS="266"/>
							<String ID="string_50" HPOS="289" VPOS="434" WIDTH="103" HEIGHT="26" WC="0.93" CONTENT="bataljon,"/><SP WIDTH="20" VPOS="434" HPOS="392"/>
							<String ID="string_51" HPOS="412" VPOS="434" WIDTH="109" HEIGHT="21" WC="0.93" CONTENT="erfordrat"/><SP WIDTH="15" VPOS="434" HPOS="521"/>
							<String ID="string_52" HPOS="536" VPOS="441" WIDTH="26" HEIGHT="15" WC="0.96" CONTENT="en"/><SP WIDTH="16" VPOS="441" HPOS="562"/>
							<String ID="string_53" HPOS="578" VPOS="434" WIDTH="100" HEIGHT="26" WC="0.96" CONTENT="kostnad,"/><SP WIDTH="18" VPOS="434" HPOS="678"/>
							<String ID="string_54" HPOS="696" VPOS="440" WIDTH="46" HEIGHT="15" WC="0.96" CONTENT="som"/><SP WIDTH="15" VPOS="440" HPOS="742"/>
							<String ID="string_55" HPOS="757" VPOS="434" WIDTH="48" HEIGHT="21" WC="0.93" CONTENT="med"/><SP WIDTH="17" VPOS="434" HPOS="805"/>
							<String ID="string_56" HPOS="822" VPOS="439" WIDTH="105" HEIGHT="15" WC="0.92" CONTENT="samman-"/>
						</TextLine>
						<TextLine ID="line_8" HPOS="167" VPOS="467" WIDTH="760" HEIGHT="28">
							<String ID="string_57" HPOS="167" VPOS="468" WIDTH="61" HEIGHT="26" WC="0.92" CONTENT="lagdt"/><SP WIDTH="16" VPOS="468" HPOS="228"/>
							<String ID="string_58" HPOS="244" VPOS="468" WIDTH="100" HEIGHT="26" WC="0.92" CONTENT="omkring"/><SP WIDTH="11" VPOS="468" HPOS="344"/>
							<String ID="string_59" HPOS="355" VPOS="468" WIDTH="92" HEIGHT="27" WC="0.92" CONTENT="800,000"/><SP WIDTH="11" VPOS="468" HPOS="447"/>
							<String ID="string_60" HPOS="458" VPOS="468" WIDTH="61" HEIGHT="21" WC="0.92" CONTENT="mark"/><SP WIDTH="17" VPOS="468" HPOS="519"/>
							<String ID="string_61" HPOS="536" VPOS="468" WIDTH="129" HEIGHT="27" WC="0.92" CONTENT="öfverstiger"/><SP WIDTH="16" VPOS="468" HPOS="665"/>
							<String ID="string_62" HPOS="681" VPOS="468" WIDTH="27" HEIGHT="21" WC="0.96" CONTENT="de"/><SP WIDTH="15" VPOS="468" HPOS="708"/>
							<String ID="string_63" HPOS="723" VPOS="468" WIDTH="153" HEIGHT="26" WC="0.93" CONTENT="ursprungliga"/><SP WIDTH="16" VPOS="468" HPOS="876"/>
							<String ID="string_64" HPOS="892" VPOS="467" WIDTH="35" HEIGHT="21" WC="0.92" CONTENT="be-"/>
						</TextLine>
						<TextLine ID="line_9" HPOS="167" VPOS="502" WIDTH="760" HEIGHT="28">
							<String ID="string_65" HPOS="167" VPOS="502" WIDTH="97" HEIGHT="21" WC="0.96" CONTENT="räknade"/><SP WIDTH="17" VPOS="502" HPOS="264"/>
							<String ID="string_66" HPOS="281" VPOS="502" WIDTH="146" HEIGHT="22" WC="0.95" CONTENT="kostnaderna"/><SP WIDTH="17" VPOS="502" HPOS="427"/>
							<String ID="string_67" HPOS="444" VPOS="504" WIDTH="38" HEIGHT="20" WC="0.96" CONTENT="och"/><SP WIDTH="21" VPOS="504" HPOS="482"/>
							<String ID="string_68" HPOS="503" VPOS="504" WIDTH="140" HEIGHT="26" WC="0.95" CONTENT="uppgifterna"/><SP WIDTH="16" VPOS="504" HPOS="643"/>
							<String ID="string_69" HPOS="659" VPOS="503" WIDTH="33" HEIGHT="21" WC="0.96" CONTENT="till"/><SP WIDTH="17" VPOS="503" HPOS="692"/>
							<String ID="string_70" HPOS="709" VPOS="505" WIDTH="73" HEIGHT="19" WC="0.96" CONTENT="senast"/><SP WIDTH="16" VPOS="505" HPOS="782"/>
							<String ID="string_71" HPOS="798" VPOS="502" WIDTH="129" HEIGHT="21" WC="0.96" CONTENT="församlade"/>
						</TextLine>
						<TextLine ID="line_10" HPOS="169" VPOS="532" WIDTH="758" HEIGHT="32">
							<String ID="string_72" HPOS="169" VPOS="536" WIDTH="100" HEIGHT="22" WC="0.90" CONTENT="Ständer."/><SP WIDTH="18" VPOS="536" HPOS="269"/>
							<String ID="string_73" HPOS="287" VPOS="548" WIDTH="25" HEIGHT="3" WC="0.90" CONTENT="—"/><SP WIDTH="17" VPOS="548" HPOS="312"/>
							<String ID="string_74" HPOS="329" VPOS="532" WIDTH="68" HEIGHT="26" WC="0.93" CONTENT="Äfven"/><SP WIDTH="21" VPOS="532" HPOS="397"/>
							<String ID="string_75" HPOS="418" VPOS="538" WIDTH="269" HEIGHT="26" WC="0.92" CONTENT="reservmötesplatsernas"/><SP WIDTH="20" VPOS="538" HPOS="687"/>
							<String ID="string_76" HPOS="707" VPOS="537" WIDTH="113" HEIGHT="21" WC="0.90" CONTENT="inlösande"/><SP WIDTH="16" VPOS="537" HPOS="820"/>
							<String ID="string_77" HPOS="836" VPOS="537" WIDTH="39" HEIGHT="21" WC="0.93" CONTENT="och"/><SP WIDTH="16" VPOS="537" HPOS="875"/>
							<String ID="string_78" HPOS="891" VPOS="537" WIDTH="36" HEIGHT="20" WC="0.92" CONTENT="be-"/>
						</TextLine>
						<TextLine ID="line_11" HPOS="167" VPOS="570" WIDTH="760" HEIGHT="27">
							<String ID="string_79" HPOS="167" VPOS="570" WIDTH="115" HEIGHT="27" WC="0.95" CONTENT="byggande"/><SP WIDTH="15" VPOS="570" HPOS="282"/>
							<String ID="string_80" HPOS="297" VPOS="571" WIDTH="64" HEIGHT="21" WC="0.95" CONTENT="hafva"/><SP WIDTH="15" VPOS="571" HPOS="361"/>
							<String ID="string_81" HPOS="376" VPOS="572" WIDTH="58" HEIGHT="20" WC="0.96" CONTENT="kräft"/><SP WIDTH="17" VPOS="572" HPOS="434"/>
							<String ID="string_82" HPOS="451" VPOS="578" WIDTH="25" HEIGHT="14" WC="0.96" CONTENT="en"/><SP WIDTH="17" VPOS="578" HPOS="476"/>
							<String ID="string_83" HPOS="493" VPOS="572" WIDTH="100" HEIGHT="25" WC="0.96" CONTENT="kostnad,"/><SP WIDTH="17" VPOS="572" HPOS="593"/>
							<String ID="string_84" HPOS="610" VPOS="578" WIDTH="45" HEIGHT="14" WC="0.96" CONTENT="som"/><SP WIDTH="17" VPOS="578" HPOS="655"/>
							<String ID="string_85" HPOS="672" VPOS="572" WIDTH="47" HEIGHT="20" WC="0.96" CONTENT="med"/><SP WIDTH="17" VPOS="572" HPOS="719"/>
							<String ID="string_86" HPOS="736" VPOS="578" WIDTH="45" HEIGHT="14" WC="0.96" CONTENT="mer"/><SP WIDTH="16" VPOS="578" HPOS="781"/>
							<String ID="string_87" HPOS="797" VPOS="574" WIDTH="26" HEIGHT="18" WC="0.93" CONTENT="än"/><SP WIDTH="12" VPOS="574" HPOS="823"/>
							<String ID="string_88" HPOS="835" VPOS="572" WIDTH="92" HEIGHT="24" WC="0.90" CONTENT="600,000"/>
						</TextLine>
						<TextLine ID="line_12" HPOS="168" VPOS="605" WIDTH="762" HEIGHT="28">
							<String ID="string_89" HPOS="168" VPOS="605" WIDTH="62" HEIGHT="21" WC="0.88" CONTENT="mark"/><SP WIDTH="24" VPOS="605" HPOS="230"/>
							<String ID="string_90" HPOS="254" VPOS="606" WIDTH="145" HEIGHT="26" WC="0.88" CONTENT="öfverskjuter"/><SP WIDTH="23" VPOS="606" HPOS="399"/>
							<String ID="string_91" HPOS="422" VPOS="607" WIDTH="37" HEIGHT="20" WC="0.96" CONTENT="det"/><SP WIDTH="23" VPOS="607" HPOS="459"/>
							<String ID="string_92" HPOS="482" VPOS="607" WIDTH="34" HEIGHT="20" WC="0.96" CONTENT="för"/><SP WIDTH="24" VPOS="607" HPOS="516"/>
							<String ID="string_93" HPOS="540" VPOS="606" WIDTH="122" HEIGHT="21" WC="0.96" CONTENT="ändamålet"/><SP WIDTH="24" VPOS="606" HPOS="662"/>
							<String ID="string_94" HPOS="686" VPOS="608" WIDTH="110" HEIGHT="25" WC="0.96" CONTENT="upptagna"/><SP WIDTH="20" VPOS="608" HPOS="796"/>
							<String ID="string_95" HPOS="816" VPOS="606" WIDTH="74" HEIGHT="26" WC="0.96" CONTENT="anslag"/><SP WIDTH="16" VPOS="606" HPOS="890"/>
							<String ID="string_96" HPOS="906" VPOS="605" WIDTH="24" HEIGHT="21" WC="0.96" CONTENT="af"/>
						</TextLine>
						<TextLine ID="line_13" HPOS="170" VPOS="640" WIDTH="196" HEIGHT="25">
							<String ID="string_97" HPOS="170" VPOS="640" WIDTH="113" HEIGHT="25" WC="0.89" CONTENT="1,600,000"/><SP WIDTH="16" VPOS="640" HPOS="283"/>
							<String ID="string_98" HPOS="299" VPOS="640" WIDTH="67" HEIGHT="21" WC="0.96" CONTENT="mark."/>
						</TextLine>
					</TextBlock>
				</ComposedBlock>
				<ComposedBlock ID="cblock_4" HPOS="167" VPOS="680" WIDTH="768" HEIGHT="799">
					<TextBlock ID="block_3" HPOS="167" VPOS="680" WIDTH="764" HEIGHT="405">
						<TextLine ID="line_14" HPOS="237" VPOS="680" WIDTH="691" HEIGHT="29">
							<String ID="string_99" HPOS="237" VPOS="680" WIDTH="111" HEIGHT="29" WC="0.92" CONTENT="Derjemte"/><SP WIDTH="23" VPOS="680" HPOS="348"/>
							<String ID="string_100" HPOS="371" VPOS="681" WIDTH="134" HEIGHT="21" WC="0.96" CONTENT="förekomma"/><SP WIDTH="23" VPOS="681" HPOS="505"/>
							<String ID="string_101" HPOS="528" VPOS="682" WIDTH="111" HEIGHT="26" WC="0.96" CONTENT="betydliga"/><SP WIDTH="23" VPOS="682" HPOS="639"/>
							<String ID="string_102" HPOS="662" VPOS="680" WIDTH="90" HEIGHT="27" WC="0.96" CONTENT="utgifter"/><SP WIDTH="19" VPOS="680" HPOS="752"/>
							<String ID="string_103" HPOS="771" VPOS="680" WIDTH="69" HEIGHT="21" WC="0.96" CONTENT="under"/><SP WIDTH="19" VPOS="680" HPOS="840"/>
							<String ID="string_104" HPOS="859" VPOS="680" WIDTH="69" HEIGHT="20" WC="0.96" CONTENT="denna"/>
						</TextLine>
						<TextLine ID="line_15" HPOS="167" VPOS="714" WIDTH="760" HEIGHT="28">
							<String ID="string_105" HPOS="167" VPOS="714" WIDTH="84" HEIGHT="27" WC="0.94" CONTENT="period,"/><SP WIDTH="25" VPOS="714" HPOS="251"/>
							<String ID="string_106" HPOS="276" VPOS="714" WIDTH="33" HEIGHT="21" WC="0.96" CONTENT="för"/><SP WIDTH="23" VPOS="714" HPOS="309"/>
							<String ID="string_107" HPOS="332" VPOS="714" WIDTH="73" HEIGHT="22" WC="0.96" CONTENT="hvilka"/><SP WIDTH="22" VPOS="714" HPOS="405"/>
							<String ID="string_108" HPOS="427" VPOS="716" WIDTH="69" HEIGHT="26" WC="0.96" CONTENT="några"/><SP WIDTH="15" VPOS="716" HPOS="496"/>
							<String ID="string_109" HPOS="511" VPOS="716" WIDTH="76" HEIGHT="26" WC="0.96" CONTENT="anslag"/><SP WIDTH="16" VPOS="716" HPOS="587"/>
							<String ID="string_110" HPOS="603" VPOS="716" WIDTH="47" HEIGHT="20" WC="0.96" CONTENT="icke"/><SP WIDTH="16" VPOS="716" HPOS="650"/>
							<String ID="string_111" HPOS="666" VPOS="716" WIDTH="57" HEIGHT="20" WC="0.96" CONTENT="varit"/><SP WIDTH="16" VPOS="716" HPOS="723"/>
							<String ID="string_112" HPOS="739" VPOS="717" WIDTH="109" HEIGHT="25" WC="0.95" CONTENT="upptagna"/><SP WIDTH="16" VPOS="717" HPOS="848"/>
							<String ID="string_113" HPOS="864" VPOS="715" WIDTH="6" HEIGHT="20" WC="0.96" CONTENT="i"/><SP WIDTH="18" VPOS="715" HPOS="870"/>
							<String ID="string_114" HPOS="888" VPOS="715" WIDTH="39" HEIGHT="20" WC="0.96" CONTENT="den"/>
						</TextLine>
						<TextLine ID="line_16" HPOS="170" VPOS="748" WIDTH="758" HEIGHT="28">
							<String ID="string_115" HPOS="170" VPOS="748" WIDTH="122" HEIGHT="22" WC="0.91" CONTENT="Ständerna"/><SP WIDTH="25" VPOS="748" HPOS="292"/>
							<String ID="string_116" HPOS="317" VPOS="750" WIDTH="126" HEIGHT="21" WC="0.93" CONTENT="meddelade"/><SP WIDTH="26" VPOS="750" HPOS="443"/>
							<String ID="string_117" HPOS="469" VPOS="750" WIDTH="231" HEIGHT="26" WC="0.90" CONTENT="budgetberäkningen"/><SP WIDTH="27" VPOS="750" HPOS="700"/>
							<String ID="string_118" HPOS="727" VPOS="750" WIDTH="31" HEIGHT="21" WC="0.95" CONTENT="för"/><SP WIDTH="26" VPOS="750" HPOS="758"/>
							<String ID="string_119" HPOS="784" VPOS="749" WIDTH="144" HEIGHT="21" WC="0.95" CONTENT="innevarande"/>
						</TextLine>
						<TextLine ID="line_17" HPOS="168" VPOS="783" WIDTH="760" HEIGHT="27">
							<String ID="string_120" HPOS="168" VPOS="783" WIDTH="154" HEIGHT="27" WC="0.91" CONTENT="finansperiod."/><SP WIDTH="32" VPOS="783" HPOS="322"/>
							<String ID="string_121" HPOS="354" VPOS="784" WIDTH="32" HEIGHT="21" WC="0.96" CONTENT="De"/><SP WIDTH="23" VPOS="784" HPOS="386"/>
							<String ID="string_122" HPOS="409" VPOS="784" WIDTH="121" HEIGHT="22" WC="0.96" CONTENT="förnämsta"/><SP WIDTH="23" VPOS="784" HPOS="530"/>
							<String ID="string_123" HPOS="553" VPOS="785" WIDTH="65" HEIGHT="20" WC="0.96" CONTENT="bland"/><SP WIDTH="18" VPOS="785" HPOS="618"/>
							<String ID="string_124" HPOS="636" VPOS="784" WIDTH="64" HEIGHT="21" WC="0.96" CONTENT="dessa"/><SP WIDTH="15" VPOS="784" HPOS="700"/>
							<String ID="string_125" HPOS="715" VPOS="786" WIDTH="75" HEIGHT="24" WC="0.96" CONTENT="poster"/><SP WIDTH="16" VPOS="786" HPOS="790"/>
							<String ID="string_126" HPOS="806" VPOS="786" WIDTH="46" HEIGHT="18" WC="0.93" CONTENT="äro:"/><SP WIDTH="17" VPOS="786" HPOS="852"/>
							<String ID="string_127" HPOS="869" VPOS="784" WIDTH="59" HEIGHT="20" WC="0.92" CONTENT="kost-"/>
						</TextLine>
						<TextLine ID="line_18" HPOS="168" VPOS="818" WIDTH="762" HEIGHT="28">
							<String ID="string_128" HPOS="168" VPOS="818" WIDTH="70" HEIGHT="20" WC="0.96" CONTENT="naden"/><SP WIDTH="16" VPOS="818" HPOS="238"/>
							<String ID="string_129" HPOS="254" VPOS="818" WIDTH="34" HEIGHT="21" WC="0.93" CONTENT="för"/><SP WIDTH="16" VPOS="818" HPOS="288"/>
							<String ID="string_130" HPOS="304" VPOS="819" WIDTH="400" HEIGHT="27" WC="0.91" CONTENT="undervisningskommenderingarna"/><SP WIDTH="16" VPOS="819" HPOS="704"/>
							<String ID="string_131" HPOS="720" VPOS="819" WIDTH="34" HEIGHT="21" WC="0.96" CONTENT="för"/><SP WIDTH="15" VPOS="819" HPOS="754"/>
							<String ID="string_132" HPOS="769" VPOS="818" WIDTH="127" HEIGHT="21" WC="0.96" CONTENT="utbildande"/><SP WIDTH="11" VPOS="818" HPOS="896"/>
							<String ID="string_133" HPOS="907" VPOS="818" WIDTH="23" HEIGHT="20" WC="0.96" CONTENT="af"/>
						</TextLine>
						<TextLine ID="line_19" HPOS="169" VPOS="852" WIDTH="760" HEIGHT="27">
							<String ID="string_134" HPOS="169" VPOS="853" WIDTH="213" HEIGHT="26" WC="0.91" CONTENT="reservunderbefäl;"/><SP WIDTH="26" VPOS="853" HPOS="382"/>
							<String ID="string_135" HPOS="408" VPOS="854" WIDTH="124" HEIGHT="21" WC="0.94" CONTENT="inrättande"/><SP WIDTH="24" VPOS="854" HPOS="532"/>
							<String ID="string_136" HPOS="556" VPOS="854" WIDTH="22" HEIGHT="20" WC="0.96" CONTENT="af"/><SP WIDTH="23" VPOS="854" HPOS="578"/>
							<String ID="string_137" HPOS="601" VPOS="860" WIDTH="25" HEIGHT="14" WC="0.92" CONTENT="en"/><SP WIDTH="24" VPOS="860" HPOS="626"/>
							<String ID="string_138" HPOS="650" VPOS="853" WIDTH="220" HEIGHT="26" WC="0.92" CONTENT="undervisningskurs"/><SP WIDTH="24" VPOS="853" HPOS="870"/>
							<String ID="string_139" HPOS="894" VPOS="852" WIDTH="35" HEIGHT="21" WC="0.96" CONTENT="vid"/>
						</TextLine>
						<TextLine ID="line_20" HPOS="168" VPOS="886" WIDTH="762" HEIGHT="29">
							<String ID="string_140" HPOS="168" VPOS="886" WIDTH="70" HEIGHT="21" WC="0.93" CONTENT="finska"/><SP WIDTH="16" VPOS="886" HPOS="238"/>
							<String ID="string_141" HPOS="254" VPOS="887" WIDTH="143" HEIGHT="21" WC="0.92" CONTENT="kadettkåren"/><SP WIDTH="17" VPOS="887" HPOS="397"/>
							<String ID="string_142" HPOS="414" VPOS="888" WIDTH="34" HEIGHT="20" WC="0.93" CONTENT="för"/><SP WIDTH="16" VPOS="888" HPOS="448"/>
							<String ID="string_143" HPOS="464" VPOS="888" WIDTH="110" HEIGHT="27" WC="0.92" CONTENT="frivillige,"/><SP WIDTH="18" VPOS="888" HPOS="574"/>
							<String ID="string_144" HPOS="592" VPOS="894" WIDTH="44" HEIGHT="15" WC="0.96" CONTENT="som"/><SP WIDTH="18" VPOS="894" HPOS="636"/>
							<String ID="string_145" HPOS="654" VPOS="888" WIDTH="68" HEIGHT="20" WC="0.96" CONTENT="önska"/><SP WIDTH="16" VPOS="888" HPOS="722"/>
							<String ID="string_146" HPOS="738" VPOS="888" WIDTH="64" HEIGHT="20" WC="0.96" CONTENT="vinna"/><SP WIDTH="13" VPOS="888" HPOS="802"/>
							<String ID="string_147" HPOS="815" VPOS="888" WIDTH="115" HEIGHT="20" WC="0.96" CONTENT="befordran"/>
						</TextLine>
						<TextLine ID="line_21" HPOS="168" VPOS="920" WIDTH="762" HEIGHT="29">
							<String ID="string_148" HPOS="168" VPOS="921" WIDTH="34" HEIGHT="21" WC="0.95" CONTENT="till"/><SP WIDTH="17" VPOS="921" HPOS="202"/>
							<String ID="string_149" HPOS="219" VPOS="920" WIDTH="121" HEIGHT="27" WC="0.95" CONTENT="officerare;"/><SP WIDTH="17" VPOS="920" HPOS="340"/>
							<String ID="string_150" HPOS="357" VPOS="928" WIDTH="42" HEIGHT="20" WC="0.93" CONTENT="nya"/><SP WIDTH="15" VPOS="928" HPOS="399"/>
							<String ID="string_151" HPOS="414" VPOS="922" WIDTH="233" HEIGHT="27" WC="0.91" CONTENT="garnisonssjukhuset"/><SP WIDTH="15" VPOS="922" HPOS="647"/>
							<String ID="string_152" HPOS="662" VPOS="922" WIDTH="5" HEIGHT="20" WC="0.96" CONTENT="i"/><SP WIDTH="18" VPOS="922" HPOS="667"/>
							<String ID="string_153" HPOS="685" VPOS="922" WIDTH="146" HEIGHT="26" WC="0.93" CONTENT="Helsingfors;"/><SP WIDTH="13" VPOS="922" HPOS="831"/>
							<String ID="string_154" HPOS="844" VPOS="921" WIDTH="86" HEIGHT="21" WC="0.91" CONTENT="anskaf-"/>
						</TextLine>
						<TextLine ID="line_22" HPOS="169" VPOS="955" WIDTH="762" HEIGHT="28">
							<String ID="string_155" HPOS="169" VPOS="955" WIDTH="65" HEIGHT="21" WC="0.89" CONTENT="fande"/><SP WIDTH="25" VPOS="955" HPOS="234"/>
							<String ID="string_156" HPOS="259" VPOS="955" WIDTH="23" HEIGHT="21" WC="0.90" CONTENT="af"/><SP WIDTH="22" VPOS="955" HPOS="282"/>
							<String ID="string_157" HPOS="304" VPOS="956" WIDTH="181" HEIGHT="27" WC="0.90" CONTENT="persedelupplag"/><SP WIDTH="23" VPOS="956" HPOS="485"/>
							<String ID="string_158" HPOS="508" VPOS="957" WIDTH="34" HEIGHT="20" WC="0.96" CONTENT="för"/><SP WIDTH="23" VPOS="957" HPOS="542"/>
							<String ID="string_159" HPOS="565" VPOS="957" WIDTH="75" HEIGHT="20" WC="0.93" CONTENT="aktiva"/><SP WIDTH="16" VPOS="957" HPOS="640"/>
							<String ID="string_160" HPOS="656" VPOS="956" WIDTH="160" HEIGHT="26" WC="0.91" CONTENT="bataljonernas"/><SP WIDTH="15" VPOS="956" HPOS="816"/>
							<String ID="string_161" HPOS="831" VPOS="955" WIDTH="100" HEIGHT="26" WC="0.91" CONTENT="krigsnu-"/>
						</TextLine>
						<TextLine ID="line_23" HPOS="170" VPOS="989" WIDTH="761" HEIGHT="28">
							<String ID="string_162" HPOS="170" VPOS="991" WIDTH="80" HEIGHT="24" WC="0.91" CONTENT="merär;"/><SP WIDTH="20" VPOS="991" HPOS="250"/>
							<String ID="string_163" HPOS="270" VPOS="992" WIDTH="55" HEIGHT="19" WC="0.96" CONTENT="samt"/><SP WIDTH="15" VPOS="992" HPOS="325"/>
							<String ID="string_164" HPOS="340" VPOS="991" WIDTH="140" HEIGHT="20" WC="0.95" CONTENT="anordnande"/><SP WIDTH="16" VPOS="991" HPOS="480"/>
							<String ID="string_165" HPOS="496" VPOS="991" WIDTH="23" HEIGHT="20" WC="0.92" CONTENT="af"/><SP WIDTH="11" VPOS="991" HPOS="519"/>
							<String ID="string_166" HPOS="530" VPOS="991" WIDTH="119" HEIGHT="26" WC="0.92" CONTENT="lägermöte"/><SP WIDTH="12" VPOS="991" HPOS="649"/>
							<String ID="string_167" HPOS="661" VPOS="990" WIDTH="34" HEIGHT="21" WC="0.93" CONTENT="vid"/><SP WIDTH="11" VPOS="990" HPOS="695"/>
							<String ID="string_168" HPOS="706" VPOS="990" WIDTH="178" HEIGHT="21" WC="0.91" CONTENT="Willmanstrand"/><SP WIDTH="13" VPOS="990" HPOS="884"/>
							<String ID="string_169" HPOS="897" VPOS="989" WIDTH="34" HEIGHT="21" WC="0.96" CONTENT="för"/>
						</TextLine>
						<TextLine ID="line_24" HPOS="170" VPOS="1023" WIDTH="760" HEIGHT="28">
							<String ID="string_170" HPOS="170" VPOS="1023" WIDTH="103" HEIGHT="27" WC="0.96" CONTENT="samtliga"/><SP WIDTH="23" VPOS="1023" HPOS="273"/>
							<String ID="string_171" HPOS="296" VPOS="1023" WIDTH="69" HEIGHT="22" WC="0.96" CONTENT="finska"/><SP WIDTH="23" VPOS="1023" HPOS="365"/>
							<String ID="string_172" HPOS="388" VPOS="1027" WIDTH="100" HEIGHT="24" WC="0.95" CONTENT="trupper;"/><SP WIDTH="24" VPOS="1027" HPOS="488"/>
							<String ID="string_173" HPOS="512" VPOS="1025" WIDTH="74" HEIGHT="20" WC="0.96" CONTENT="hvilka"/><SP WIDTH="24" VPOS="1025" HPOS="586"/>
							<String ID="string_174" HPOS="610" VPOS="1024" WIDTH="91" HEIGHT="26" WC="0.96" CONTENT="utgifter"/><SP WIDTH="24" VPOS="1024" HPOS="701"/>
							<String ID="string_175" HPOS="725" VPOS="1024" WIDTH="85" HEIGHT="21" WC="0.96" CONTENT="komma"/><SP WIDTH="18" VPOS="1024" HPOS="810"/>
							<String ID="string_176" HPOS="828" VPOS="1025" WIDTH="32" HEIGHT="20" WC="0.93" CONTENT="att"/><SP WIDTH="16" VPOS="1025" HPOS="860"/>
							<String ID="string_177" HPOS="876" VPOS="1030" WIDTH="54" HEIGHT="14" WC="0.91" CONTENT="sam-"/>
						</TextLine>
						<TextLine ID="line_25" HPOS="173" VPOS="1058" WIDTH="443" HEIGHT="27">
							<String ID="string_178" HPOS="173" VPOS="1058" WIDTH="113" HEIGHT="26" WC="0.91" CONTENT="manlagdt"/><SP WIDTH="16" VPOS="1058" HPOS="286"/>
							<String ID="string_179" HPOS="302" VPOS="1058" WIDTH="118" HEIGHT="27" WC="0.90" CONTENT="öfverstiga"/><SP WIDTH="16" VPOS="1058" HPOS="420"/>
							<String ID="string_180" HPOS="436" VPOS="1060" WIDTH="93" HEIGHT="25" WC="0.90" CONTENT="900,000"/><SP WIDTH="20" VPOS="1060" HPOS="529"/>
							<String ID="string_181" HPOS="549" VPOS="1059" WIDTH="67" HEIGHT="21" WC="0.96" CONTENT="mark."/>
						</TextLine>
					</TextBlock>
					<TextBlock ID="block_4" HPOS="170" VPOS="1097" WIDTH="761" HEIGHT="62">
						<TextLine ID="line_26" HPOS="240" VPOS="1097" WIDTH="691" HEIGHT="28">
							<String ID="string_182" HPOS="240" VPOS="1097" WIDTH="44" HEIGHT="21" WC="0.96" CONTENT="För"/><SP WIDTH="23" VPOS="1097" HPOS="284"/>
							<String ID="string_183" HPOS="307" VPOS="1099" WIDTH="179" HEIGHT="21" WC="0.93" CONTENT="nästkommande"/><SP WIDTH="26" VPOS="1099" HPOS="486"/>
							<String ID="string_184" HPOS="512" VPOS="1099" WIDTH="147" HEIGHT="26" WC="0.89" CONTENT="finansperiod"/><SP WIDTH="25" VPOS="1099" HPOS="659"/>
							<String ID="string_185" HPOS="684" VPOS="1099" WIDTH="140" HEIGHT="20" WC="0.92" CONTENT="1886—1888"/><SP WIDTH="20" VPOS="1099" HPOS="824"/>
							<String ID="string_186" HPOS="844" VPOS="1100" WIDTH="37" HEIGHT="19" WC="0.93" CONTENT="äro"/><SP WIDTH="17" VPOS="1100" HPOS="881"/>
							<String ID="string_187" HPOS="898" VPOS="1099" WIDTH="33" HEIGHT="19" WC="0.92" CONTENT="ut-"/>
						</TextLine>
						<TextLine ID="line_27" HPOS="170" VPOS="1131" WIDTH="760" HEIGHT="28">
							<String ID="string_188" HPOS="170" VPOS="1131" WIDTH="94" HEIGHT="27" WC="0.96" CONTENT="gifterna"/><SP WIDTH="18" VPOS="1131" HPOS="264"/>
							<String ID="string_189" HPOS="282" VPOS="1132" WIDTH="123" HEIGHT="21" WC="0.93" CONTENT="beräknade"/><SP WIDTH="17" VPOS="1132" HPOS="405"/>
							<String ID="string_190" HPOS="422" VPOS="1133" WIDTH="32" HEIGHT="21" WC="0.93" CONTENT="till"/><SP WIDTH="18" VPOS="1133" HPOS="454"/>
							<String ID="string_191" HPOS="472" VPOS="1134" WIDTH="128" HEIGHT="25" WC="0.91" CONTENT="20,333,394"/><SP WIDTH="16" VPOS="1134" HPOS="600"/>
							<String ID="string_192" HPOS="616" VPOS="1133" WIDTH="62" HEIGHT="21" WC="0.96" CONTENT="mark"/><SP WIDTH="16" VPOS="1133" HPOS="678"/>
							<String ID="string_193" HPOS="694" VPOS="1134" WIDTH="27" HEIGHT="19" WC="0.96" CONTENT="25"/><SP WIDTH="16" VPOS="1134" HPOS="721"/>
							<String ID="string_194" HPOS="737" VPOS="1132" WIDTH="71" HEIGHT="27" WC="0.96" CONTENT="penni."/><SP WIDTH="18" VPOS="1132" HPOS="808"/>
							<String ID="string_195" HPOS="826" VPOS="1132" WIDTH="49" HEIGHT="27" WC="0.96" CONTENT="(Bil."/><SP WIDTH="17" VPOS="1132" HPOS="875"/>
							<String ID="string_196" HPOS="892" VPOS="1131" WIDTH="38" HEIGHT="27" WC="0.94" CONTENT="IL)"/>
						</TextLine>
					</TextBlock>
					<TextBlock ID="block_5" HPOS="170" VPOS="1171" WIDTH="762" HEIGHT="96">
						<TextLine ID="line_28" HPOS="240" VPOS="1171" WIDTH="692" HEIGHT="29">
							<String ID="string_197" HPOS="240" VPOS="1171" WIDTH="42" HEIGHT="22" WC="0.92" CONTENT="Vid"/><SP WIDTH="24" VPOS="1171" HPOS="282"/>
							<String ID="string_198" HPOS="306" VPOS="1173" WIDTH="148" HEIGHT="27" WC="0.92" CONTENT="beräkningen"/><SP WIDTH="24" VPOS="1173" HPOS="454"/>
							<String ID="string_199" HPOS="478" VPOS="1173" WIDTH="23" HEIGHT="21" WC="0.93" CONTENT="af"/><SP WIDTH="19" VPOS="1173" HPOS="501"/>
							<String ID="string_200" HPOS="520" VPOS="1173" WIDTH="186" HEIGHT="26" WC="0.92" CONTENT="utgiftsbeloppen"/><SP WIDTH="16" VPOS="1173" HPOS="706"/>
							<String ID="string_201" HPOS="722" VPOS="1173" WIDTH="39" HEIGHT="20" WC="0.96" CONTENT="har"/><SP WIDTH="17" VPOS="1173" HPOS="761"/>
							<String ID="string_202" HPOS="778" VPOS="1173" WIDTH="54" HEIGHT="20" WC="0.93" CONTENT="1885"/><SP WIDTH="17" VPOS="1173" HPOS="832"/>
							<String ID="string_203" HPOS="849" VPOS="1173" WIDTH="35" HEIGHT="20" WC="0.92" CONTENT="ärs"/><SP WIDTH="16" VPOS="1173" HPOS="884"/>
							<String ID="string_204" HPOS="900" VPOS="1173" WIDTH="32" HEIGHT="20" WC="0.91" CONTENT="ut-"/>
						</TextLine>
						<TextLine ID="line_29" HPOS="171" VPOS="1206" WIDTH="761" HEIGHT="28">
							<String ID="string_205" HPOS="171" VPOS="1206" WIDTH="101" HEIGHT="27" WC="0.90" CONTENT="giftsstat"/><SP WIDTH="15" VPOS="1206" HPOS="272"/>
							<String ID="string_206" HPOS="287" VPOS="1207" WIDTH="71" HEIGHT="20" WC="0.91" CONTENT="blifvit"/><SP WIDTH="20" VPOS="1207" HPOS="358"/>
							<String ID="string_207" HPOS="378" VPOS="1207" WIDTH="2" HEIGHT="20" WC="0.93" CONTENT="i"/><SP WIDTH="17" VPOS="1207" HPOS="380"/>
							<String ID="string_208" HPOS="397" VPOS="1207" WIDTH="123" HEIGHT="22" WC="0.92" CONTENT="hufvudsak"/><SP WIDTH="16" VPOS="1207" HPOS="520"/>
							<String ID="string_209" HPOS="536" VPOS="1208" WIDTH="59" HEIGHT="26" WC="0.93" CONTENT="följd."/><SP WIDTH="31" VPOS="1208" HPOS="595"/>
							<String ID="string_210" HPOS="626" VPOS="1207" WIDTH="110" HEIGHT="21" WC="0.92" CONTENT="Särskildt"/><SP WIDTH="16" VPOS="1207" HPOS="736"/>
							<String ID="string_211" HPOS="752" VPOS="1207" WIDTH="39" HEIGHT="21" WC="0.93" CONTENT="bör"/><SP WIDTH="16" VPOS="1207" HPOS="791"/>
							<String ID="string_212" HPOS="807" VPOS="1207" WIDTH="64" HEIGHT="20" WC="0.92" CONTENT="likväl"/><SP WIDTH="17" VPOS="1207" HPOS="871"/>
							<String ID="string_213" HPOS="888" VPOS="1213" WIDTH="44" HEIGHT="14" WC="0.91" CONTENT="om-"/>
						</TextLine>
						<TextLine ID="line_30" HPOS="170" VPOS="1241" WIDTH="212" HEIGHT="26">
							<String ID="string_214" HPOS="170" VPOS="1242" WIDTH="91" HEIGHT="19" WC="0.96" CONTENT="nämnas"/><SP WIDTH="17" VPOS="1242" HPOS="261"/>
							<String ID="string_215" HPOS="278" VPOS="1241" WIDTH="104" HEIGHT="26" WC="0.96" CONTENT="följande:"/>
						</TextLine>
					</TextBlock>
					<TextBlock ID="block_6" HPOS="170" VPOS="1280" WIDTH="765" HEIGHT="199">
						<TextLine ID="line_31" HPOS="242" VPOS="1280" WIDTH="691" HEIGHT="27">
							<String ID="string_216" HPOS="242" VPOS="1281" WIDTH="43" HEIGHT="25" WC="0.89" CONTENT="1:0)"/><SP WIDTH="17" VPOS="1281" HPOS="285"/>
							<String ID="string_217" HPOS="302" VPOS="1280" WIDTH="69" HEIGHT="22" WC="0.93" CONTENT="Sedan"/><SP WIDTH="17" VPOS="1280" HPOS="371"/>
							<String ID="string_218" HPOS="388" VPOS="1284" WIDTH="100" HEIGHT="19" WC="0.92" CONTENT="närmare"/><SP WIDTH="16" VPOS="1284" HPOS="488"/>
							<String ID="string_219" HPOS="504" VPOS="1282" WIDTH="124" HEIGHT="21" WC="0.93" CONTENT="erfarenhet"/><SP WIDTH="15" VPOS="1282" HPOS="628"/>
							<String ID="string_220" HPOS="643" VPOS="1281" WIDTH="86" HEIGHT="21" WC="0.92" CONTENT="vunnits"/><SP WIDTH="12" VPOS="1281" HPOS="729"/>
							<String ID="string_221" HPOS="741" VPOS="1287" WIDTH="33" HEIGHT="15" WC="0.92" CONTENT="om"/><SP WIDTH="12" VPOS="1287" HPOS="774"/>
							<String ID="string_222" HPOS="786" VPOS="1281" WIDTH="97" HEIGHT="26" WC="0.92" CONTENT="verkliga"/><SP WIDTH="12" VPOS="1281" HPOS="883"/>
							<String ID="string_223" HPOS="895" VPOS="1287" WIDTH="38" HEIGHT="14" WC="0.92" CONTENT="un-"/>
						</TextLine>
						<TextLine ID="line_32" HPOS="171" VPOS="1315" WIDTH="763" HEIGHT="27">
							<String ID="string_224" HPOS="171" VPOS="1315" WIDTH="245" HEIGHT="22" WC="0.92" CONTENT="derhällskostnaderna"/><SP WIDTH="26" VPOS="1315" HPOS="416"/>
							<String ID="string_225" HPOS="442" VPOS="1316" WIDTH="34" HEIGHT="21" WC="0.92" CONTENT="för"/><SP WIDTH="26" VPOS="1316" HPOS="476"/>
							<String ID="string_226" HPOS="502" VPOS="1317" WIDTH="74" HEIGHT="20" WC="0.91" CONTENT="aktiva"/><SP WIDTH="25" VPOS="1317" HPOS="576"/>
							<String ID="string_227" HPOS="601" VPOS="1316" WIDTH="157" HEIGHT="26" WC="0.91" CONTENT="bataljonerna,"/><SP WIDTH="24" VPOS="1316" HPOS="758"/>
							<String ID="string_228" HPOS="782" VPOS="1315" WIDTH="64" HEIGHT="21" WC="0.92" CONTENT="hafva"/><SP WIDTH="24" VPOS="1315" HPOS="846"/>
							<String ID="string_229" HPOS="870" VPOS="1316" WIDTH="64" HEIGHT="20" WC="0.95" CONTENT="dessa"/>
						</TextLine>
						<TextLine ID="line_33" HPOS="172" VPOS="1348" WIDTH="763" HEIGHT="29">
							<String ID="string_230" HPOS="172" VPOS="1348" WIDTH="120" HEIGHT="22" WC="0.96" CONTENT="kostnader"/><SP WIDTH="19" VPOS="1348" HPOS="292"/>
							<String ID="string_231" HPOS="311" VPOS="1349" WIDTH="7" HEIGHT="21" WC="0.93" CONTENT="i"/><SP WIDTH="20" VPOS="1349" HPOS="318"/>
							<String ID="string_232" HPOS="338" VPOS="1350" WIDTH="152" HEIGHT="26" WC="0.91" CONTENT="utgiftsstaten"/><SP WIDTH="20" VPOS="1350" HPOS="490"/>
							<String ID="string_233" HPOS="510" VPOS="1351" WIDTH="33" HEIGHT="20" WC="0.95" CONTENT="för"/><SP WIDTH="23" VPOS="1351" HPOS="543"/>
							<String ID="string_234" HPOS="566" VPOS="1351" WIDTH="24" HEIGHT="20" WC="0.91" CONTENT="är"/><SP WIDTH="25" VPOS="1351" HPOS="590"/>
							<String ID="string_235" HPOS="615" VPOS="1351" WIDTH="54" HEIGHT="20" WC="0.93" CONTENT="1885"/><SP WIDTH="20" VPOS="1351" HPOS="669"/>
							<String ID="string_236" HPOS="689" VPOS="1350" WIDTH="112" HEIGHT="27" WC="0.92" CONTENT="upptagits"/><SP WIDTH="19" VPOS="1350" HPOS="801"/>
							<String ID="string_237" HPOS="820" VPOS="1350" WIDTH="32" HEIGHT="21" WC="0.93" CONTENT="till"/><SP WIDTH="16" VPOS="1350" HPOS="852"/>
							<String ID="string_238" HPOS="868" VPOS="1350" WIDTH="67" HEIGHT="26" WC="0.93" CONTENT="nägot"/>
						</TextLine>
						<TextLine ID="line_34" HPOS="171" VPOS="1383" WIDTH="763" HEIGHT="28">
							<String ID="string_239" HPOS="171" VPOS="1383" WIDTH="99" HEIGHT="26" WC="0.54" CONTENT="förhöjdt"/><SP WIDTH="22" VPOS="1383" HPOS="270"/>
							<String ID="string_240" HPOS="292" VPOS="1383" WIDTH="78" HEIGHT="27" WC="0.96" CONTENT="belopp"/><SP WIDTH="25" VPOS="1383" HPOS="370"/>
							<String ID="string_241" HPOS="395" VPOS="1387" WIDTH="59" HEIGHT="18" WC="0.96" CONTENT="emot"/><SP WIDTH="23" VPOS="1387" HPOS="454"/>
							<String ID="string_242" HPOS="477" VPOS="1385" WIDTH="43" HEIGHT="26" WC="0.96" CONTENT="det,"/><SP WIDTH="16" VPOS="1385" HPOS="520"/>
							<String ID="string_243" HPOS="536" VPOS="1391" WIDTH="46" HEIGHT="14" WC="0.91" CONTENT="som"/><SP WIDTH="20" VPOS="1391" HPOS="582"/>
							<String ID="string_244" HPOS="602" VPOS="1384" WIDTH="140" HEIGHT="21" WC="0.91" CONTENT="härförinnan"/><SP WIDTH="21" VPOS="1384" HPOS="742"/>
							<String ID="string_245" HPOS="763" VPOS="1384" WIDTH="33" HEIGHT="21" WC="0.93" CONTENT="för"/><SP WIDTH="16" VPOS="1384" HPOS="796"/>
							<String ID="string_246" HPOS="812" VPOS="1383" WIDTH="122" HEIGHT="22" WC="0.96" CONTENT="ändamålet"/>
						</TextLine>
						<TextLine ID="line_35" HPOS="170" VPOS="1417" WIDTH="764" HEIGHT="28">
							<String ID="string_247" HPOS="170" VPOS="1419" WIDTH="86" HEIGHT="18" WC="0.90" CONTENT="ansetts"/><SP WIDTH="21" VPOS="1419" HPOS="256"/>
							<String ID="string_248" HPOS="277" VPOS="1417" WIDTH="149" HEIGHT="27" WC="0.90" CONTENT="erforderligt;"/><SP WIDTH="26" VPOS="1417" HPOS="426"/>
							<String ID="string_249" HPOS="452" VPOS="1419" WIDTH="38" HEIGHT="20" WC="0.95" CONTENT="och"/><SP WIDTH="17" VPOS="1419" HPOS="490"/>
							<String ID="string_250" HPOS="507" VPOS="1419" WIDTH="28" HEIGHT="20" WC="0.93" CONTENT="dä"/><SP WIDTH="16" VPOS="1419" HPOS="535"/>
							<String ID="string_251" HPOS="551" VPOS="1419" WIDTH="69" HEIGHT="26" WC="0.93" CONTENT="nägon"/><SP WIDTH="18" VPOS="1419" HPOS="620"/>
							<String ID="string_252" HPOS="638" VPOS="1418" WIDTH="115" HEIGHT="27" WC="0.93" CONTENT="tillökning"/><SP WIDTH="16" VPOS="1418" HPOS="753"/>
							<String ID="string_253" HPOS="769" VPOS="1419" WIDTH="6" HEIGHT="20" WC="0.93" CONTENT="i"/><SP WIDTH="17" VPOS="1419" HPOS="775"/>
							<String ID="string_254" HPOS="792" VPOS="1419" WIDTH="67" HEIGHT="26" WC="0.92" CONTENT="sagda"/><SP WIDTH="15" VPOS="1419" HPOS="859"/>
							<String ID="string_255" HPOS="874" VPOS="1418" WIDTH="60" HEIGHT="21" WC="0.93" CONTENT="kost-"/>
						</TextLine>
						<TextLine ID="line_36" HPOS="171" VPOS="1451" WIDTH="763" HEIGHT="28">
							<String ID="string_256" HPOS="171" VPOS="1451" WIDTH="67" HEIGHT="21" WC="0.93" CONTENT="nader"/><SP WIDTH="17" VPOS="1451" HPOS="238"/>
							<String ID="string_257" HPOS="255" VPOS="1451" WIDTH="111" HEIGHT="21" WC="0.93" CONTENT="sannolikt"/><SP WIDTH="20" VPOS="1451" HPOS="366"/>
							<String ID="string_258" HPOS="386" VPOS="1452" WIDTH="63" HEIGHT="21" WC="0.92" CONTENT="äfven"/><SP WIDTH="21" VPOS="1452" HPOS="449"/>
							<String ID="string_259" HPOS="470" VPOS="1453" WIDTH="116" HEIGHT="20" WC="0.92" CONTENT="framdeles"/><SP WIDTH="16" VPOS="1453" HPOS="586"/>
							<String ID="string_260" HPOS="602" VPOS="1453" WIDTH="57" HEIGHT="20" WC="0.96" CONTENT="skall"/><SP WIDTH="16" VPOS="1453" HPOS="659"/>
							<String ID="string_261" HPOS="675" VPOS="1452" WIDTH="86" HEIGHT="21" WC="0.96" CONTENT="komma"/><SP WIDTH="15" VPOS="1452" HPOS="761"/>
							<String ID="string_262" HPOS="776" VPOS="1454" WIDTH="32" HEIGHT="19" WC="0.93" CONTENT="att"/><SP WIDTH="17" VPOS="1454" HPOS="808"/>
							<String ID="string_263" HPOS="825" VPOS="1459" WIDTH="38" HEIGHT="19" WC="0.92" CONTENT="ega"/><SP WIDTH="17" VPOS="1459" HPOS="863"/>
							<String ID="string_264" HPOS="880" VPOS="1459" WIDTH="54" HEIGHT="20" WC="0.96" CONTENT="rum,"/>
						</TextLine>
					</TextBlock>
				</ComposedBlock>
			</PrintSpace>
		</Page>
	</Layout>
</alto>
