1009 1739
403 149 34 21 N:o
453 149 36 21 31.
771 149 26 21 79

415 217 11 27 $
444 218 33 20 34.

137 251 30 26 Är
178 257 154 26 landttruppen
344 257 33 21 för
388 259 68 19 annat
467 257 102 21 ändamål
585 263 34 15 om
634 257 55 22 bord
706 259 72 25 tagen,
794 260 34 18 ut-

68 291 60 21 öfvas
153 291 229 27 bestraffningsrätten
398 291 59 21 öfver
474 292 126 21 densamma
616 291 23 22 af
652 294 106 24 truppens
774 298 54 20 egen

67 325 155 21 befälhafvare.
247 325 41 21 För
304 325 122 26 förseelser,
444 332 45 15 som
507 327 71 26 någon
594 326 23 21 af
626 326 155 27 landttruppen
792 325 37 22 be-

70 361 39 25 går
125 361 57 20 emot
197 360 55 21 hvad
269 359 6 22 i
292 360 101 21 afseende
410 361 13 20 å
439 360 107 27 fartygets
563 361 102 21 säkerhet
682 361 39 21 och
735 360 93 21 rörelser

69 396 57 19 samt
142 394 120 27 ordningen
277 401 33 15 om
326 395 55 21 bord
397 395 23 20 af
429 395 163 26 fartygschefen
603 395 122 27 förordnas,
738 401 38 21 ege
789 395 40 21 ock

69 429 70 21 denne
163 429 108 21 anbefalla
290 430 40 20 den
346 429 98 21 felandes
460 429 151 27 bestraffning,
627 430 65 20 hvars
708 429 120 21 beskatfen-

68 463 38 21 ket
129 463 61 27 dock,
214 464 7 20 i
240 464 104 20 händelse
360 464 162 26 fartygschefen
538 466 25 18 är
580 464 22 20 af
616 464 61 27 lägre
693 464 136 27 tjenstegrad

69 500 27 18 än
113 498 166 26 landttruppens
291 498 154 27 befälhafvare,
458 498 23 21 af
490 498 42 21 den
544 498 135 22 sistnämnde
690 498 138 22 bestämmes.

69 532 155 27 Bestratfning,
240 538 45 15 som
302 532 23 21 af
339 533 168 26 landttruppens
523 532 149 22 befälhafvare
687 533 95 27 älägges,
794 534 34 20 mä

70 567 19 26 ej
113 567 130 21 verkställas
267 567 65 21 innan
355 567 162 27 fartygschefen
541 567 107 22 förklarat
663 568 78 20 hinder
757 567 72 21 derför

71 601 47 21 icke
134 603 64 19 möta.

140 636 10 21 I
166 636 26 21 de
208 636 44 27 fall,
269 636 27 21 då
312 636 155 27 landttruppen
484 637 48 21 icke
547 637 41 21 har
600 643 34 15 om
645 637 55 21 bord
711 638 13 20 å
735 636 94 27 fartyget

71 676 61 22 egen,
148 670 34 22 till
197 670 98 27 utöfning
306 670 23 22 af
338 671 190 27 straffmyndighet
539 671 123 27 berättigad
673 671 155 27 befälhafvare,

72 705 53 21 eller
146 712 26 14 en
188 706 68 20 sådan
271 704 75 28 finnes,
363 712 48 14 men
427 706 50 20 med
493 706 155 21 inskränktare
663 705 165 27 bestraffnings-

71 741 51 26 rätt,
139 742 27 18 än
184 740 41 20 den
241 740 113 27 begängna
370 740 118 21 förseelsen
500 741 107 27 päkallar,
618 742 36 20 mä
664 740 163 22 befälhafvaren

70 774 34 21 för
124 776 92 25 truppen
232 774 39 21 hos
287 775 161 27 fartygschefen
464 775 116 21 hemställa
596 782 34 14 om
646 775 182 26 bestraffningens

70 808 170 28 bestämmande,
265 809 39 22 och
328 816 39 20 ege
388 810 27 20 dä
431 810 69 21 denne
518 812 39 25 att,
575 810 56 20 inom
648 812 93 24 gränsen
758 809 23 21 af
795 808 33 22 sin

71 843 207 28 bestraffningsrätt,
294 844 86 21 straffet
395 844 33 21 för
445 844 41 21 den
502 844 87 22 felande
605 846 89 19 utsätta.

418 918 12 27 8
446 920 35 20 35.

144 957 42 21 Vid
202 964 122 21 gemensam
341 958 146 27 tjenstgöring
498 959 54 20 eller
562 959 106 26 tillfälligt
680 958 151 21 sammanträf-

71 992 65 21 fande
152 992 23 21 af
188 992 210 27 truppafdelningar,
412 993 27 20 dä
450 993 64 21 deras
526 993 131 27 ömsesidiga
668 993 162 27 tjensteförhäl-

71 1026 79 21 landen
174 1026 47 21 icke
244 1029 37 19 äro
304 1027 50 21 med
376 1028 152 26 noggrannhet
549 1028 119 25 bestämda,
686 1034 64 15 anses
766 1027 64 21 den
813 1022 19 37 i

71 1061 79 26 högsta
165 1062 81 26 graden
263 1062 69 21 äldste
349 1063 72 20 säsom
438 1062 156 27 befälhafvare,
610 1063 40 20 och
662 1063 98 26 ätnjuter
770 1062 7 21 i
788 1061 43 22 slik

72 1096 117 26 egenskap,
213 1096 6 21 i
242 1096 88 27 hänsigt
353 1096 33 21 till
402 1097 26 20 de
445 1097 77 27 öfrige,
538 1097 67 20 sädan
622 1097 209 26 bestratiningsrätt,

72 1136 46 15 som
134 1130 78 21 honom
228 1131 54 20 efter
298 1131 56 21 hans
370 1131 116 26 värdighet
502 1131 138 22 tillkommer.

420 1211 11 27 8
450 1212 35 21 36.

140 1250 152 22 Befälhafvare
308 1251 34 21 för
357 1251 52 21 vakt
425 1251 40 21 och
482 1251 76 27 dejour
572 1252 35 21 vid
618 1251 179 28 truppafdelning
808 1253 24 19 är

71 1285 125 27 berättigad
212 1287 39 25 att,
267 1285 33 22 för
316 1285 159 22 äterställande
491 1286 24 21 af
529 1287 61 20 störd
606 1287 98 26 ordning,
717 1286 45 21 läta
774 1292 58 14 arre-

72 1321 60 19 stera
147 1325 78 21 person
241 1319 23 22 af
278 1320 128 21 underbefäl
423 1320 40 21 och
480 1321 112 27 manskap,
608 1327 46 15 som
671 1321 64 27 eljest
750 1320 19 27 ej
787 1321 46 20 stär

71 1354 70 21 under
164 1354 54 21 hans
234 1354 63 21 befäl.
328 1354 58 21 Vare
403 1354 56 21 dock
475 1355 87 26 skyldig
577 1357 33 19 att
625 1361 34 15 om
674 1354 158 27 förbrytelsens

72 1387 149 22 beskaftenhet
236 1389 40 20 och
292 1389 42 20 den
349 1389 99 21 felandes
466 1390 153 21 arresterande
634 1390 130 21 underrätta
777 1389 55 20 hans

71 1422 65 27 befäl,
152 1429 46 14 som
214 1429 50 20 eger
280 1423 121 21 bestämma
416 1423 173 28 bestraffningen
605 1424 40 21 och
660 1424 89 26 vidtaga
761 1423 70 26 öfriga

72 1456 88 22 dermed
176 1457 212 27 sammanhängande
404 1459 112 25 åtgärder.
