1009 1739
361 142 80 22 Ständ.
456 143 37 22 Sv.
510 155 27 3 —
553 143 70 28 Prop.
640 143 40 22 N:o
694 143 34 21 25.

359 206 15 20 I
386 207 74 20 saknad
476 208 26 23 af
515 208 79 25 tillgång
609 208 30 19 till
653 208 89 19 vöternas
756 208 101 25 gäldande,
872 207 52 20 skall

302 247 30 13 om
354 241 58 20 deras
431 242 125 24 förvandling
570 242 59 25 gälla,
644 242 52 19 hvad
710 243 9 19 i
732 243 90 23 afseende
838 243 12 19 ä
864 242 56 20 vites-

302 275 52 20 böter
376 275 91 25 stadgadt
485 277 31 22 är,
534 277 43 19 med
592 277 98 24 undantag
704 277 27 24 af
742 277 58 24 böter,
818 283 40 14 som
874 277 46 19 ädö-

300 315 44 14 mas
358 310 57 25 enligt
429 311 17 24 $
460 311 24 19 14
500 311 34 19 och
548 311 66 19 hvilka
628 311 116 24 förvandlas
754 311 30 20 till
793 311 85 24 fängelse
890 311 34 19 vid

302 345 63 18 vatten
387 344 33 19 och
442 345 53 23 bröd,
519 346 137 19 motsvarande
679 352 21 13 en
719 345 92 24 tredjedel
825 346 25 23 af
863 345 59 19 bötes-

302 378 89 24 beloppet.

580 426 17 23 8
612 425 30 20 17.

360 463 119 25 Kontrollör,
504 470 41 14 som
566 466 53 23 gjort
640 465 30 24 sig
692 465 74 24 skyldig
789 465 31 19 till
838 464 84 24 försum-

302 497 56 20 melse
376 498 33 19 och
426 498 122 20 värdslöshet
568 499 45 19 eller
628 505 74 13 annars
716 500 53 18 visat
784 500 28 24 sig
827 505 49 13 vara
892 499 30 19 till

302 532 86 23 sysslans
403 532 123 20 bestridande
541 533 96 25 olämplig,
652 533 33 19 mä
700 535 47 17 utan
754 533 68 19 vidare
832 533 91 24 derifrän

302 566 73 24 skiljas.
410 566 74 20 Varder
507 567 38 19 han
567 574 31 12 om
613 568 101 24 bedrägeri
728 568 45 19 eller
788 574 64 13 annan
868 567 54 19 ored-

302 600 56 24 lighet
372 600 29 20 uti
415 601 80 23 tjensten
511 602 120 24 öfvertygad,
643 601 79 24 strajfes
732 602 58 23 enligt
800 602 71 19 allmän
883 602 37 23 lag.

584 660 16 22 8
615 659 32 19 18.

359 697 29 20 Pä
409 698 63 24 grund
494 699 27 23 af
540 699 22 19 de
577 699 103 24 uppgifter,
697 704 41 14 som
754 699 57 24 enligt
824 700 17 23 $
856 698 23 20 11
894 698 27 20 in-

302 732 78 24 sändas,
403 735 95 22 uppgöres
516 733 33 19 vid
565 733 122 24 länestyrelse
701 733 104 24 uträkning
820 733 53 23 öfver
890 732 31 19 det

302 767 182 25 bevillningsbelopp,
501 774 42 12 som
558 766 33 27 för
606 768 67 23 hvarje
688 768 78 24 gvartal
780 767 50 19 skall
845 767 25 23 af
883 766 36 20 till-

301 801 81 19 verkare
404 802 93 24 erläggas.
528 801 64 20 Sedan
617 802 104 18 debetsedel
742 802 9 18 i
772 802 147 23 öfverensstäm-

301 836 57 18 melse
378 836 77 19 dermed
472 842 67 18 genom
553 836 118 24 kronofogde
682 836 30 24 pä
727 835 64 20 landet
806 836 32 18 och
854 835 67 19 krono-

301 870 70 19 kassör
386 870 8 18 i
408 870 44 19 stad
468 870 64 24 blifvit
548 870 110 19 tillverkare
673 870 161 22 tillhandahällen,
850 870 72 24 åligger

302 904 31 19 det
352 904 58 19 denne
428 906 29 17 att
476 904 38 19 sist
532 904 32 19 två
578 904 95 20 månader
688 904 48 23 efter
750 904 68 24 hvarje
832 904 89 24 qvartals

301 938 71 23 utgång
396 938 85 24 beloppet
507 938 29 19 till
560 938 85 19 nämnda
673 938 109 24 myndighet
809 938 111 19 inleverera.

302 971 98 25 Bryggeri
418 972 34 19 och
468 972 120 24 tillverkning
604 973 35 18 äro
654 971 109 25 underpant
776 971 34 24 för
825 971 95 20 bevillnin-

301 1011 45 18 gens
361 1006 112 24 utgörande.

582 1062 16 25 $
612 1063 30 19 19.

359 1101 35 24 Af
407 1102 22 19 de
444 1103 66 22 medel,
526 1109 41 13 som
582 1102 84 20 sålunda
680 1103 74 24 inflyta,
770 1109 42 17 eger
822 1102 100 20 Guvernör

302 1135 110 20 utanordna
426 1136 162 20 kontrollörernes
604 1136 71 20 arvode
685 1137 118 24 gvartalsvis
813 1137 33 18 och
856 1137 65 24 öfriga

302 1169 43 20 med
359 1170 106 20 kontrollen
480 1169 94 27 förenade
588 1171 87 24 utgifter.

580 1229 18 23 $
612 1228 36 19 20.

363 1266 65 20 Yrkar
452 1267 116 23 tillverkare,
592 1269 29 18 att
639 1267 30 24 pä
688 1267 64 24 grund
767 1268 25 23 af
804 1267 64 20 andra
882 1273 38 13 mo-

301 1302 69 17 mentet
388 1301 8 18 i
413 1302 17 23 $
450 1301 12 19 3
482 1301 23 24 få
526 1301 195 25 bevillningsafgiften
740 1301 95 20 äterstäld
850 1301 34 24 för
899 1307 23 12 en

302 1334 30 19 del
354 1335 26 23 af
398 1334 36 20 den
456 1335 71 24 mängd
549 1336 54 23 malt,
624 1341 42 14 som
680 1336 34 23 för
729 1335 143 24 tillverkningen
887 1341 33 13 an-

301 1368 76 23 vändts,
398 1369 116 20 tillkommer
529 1369 31 20 det
574 1369 102 20 Guvernör
691 1371 30 18 att
734 1369 64 20 sädan
812 1369 109 20 restitution

302 1402 74 24 bevilja,
401 1403 63 20 derest
486 1403 110 20 tillverkare
617 1403 41 20 icke
680 1404 84 19 allenast
786 1403 83 23 utreder,
893 1405 30 17 att

301 1436 108 25 maltdryck
431 1437 65 24 blifvit
518 1437 117 25 exporterad
653 1437 45 20 eller
717 1437 107 24 förskämä,
840 1437 27 24 pä
882 1438 41 18 sätt
