1009 1739
300 155 24 24 U.
340 156 22 24 B.
378 168 30 5 —
424 157 62 28 Prop.
502 156 38 23 N:o
556 156 30 23 21.

274 481 268 27 Statsutskottets
564 484 182 25 betänkande
760 490 30 18 n:o
804 483 22 24 10

206 518 7 24 i
236 518 100 29 anledning
359 518 22 24 af
394 518 50 24 Hans
460 518 106 30 Kejserliga
580 518 100 30 Majestäts
702 518 70 29 nädiga
786 524 41 24 pro-

206 552 88 31 position,
320 552 95 29 angående
430 552 68 30 anslag
514 552 21 24 af
547 552 170 29 hevillningsmedel
731 551 30 25 för
779 551 48 25 folk-

207 586 98 24 skolornas
320 586 7 24 i
342 586 66 24 landet
422 586 105 24 underhåll.

140 654 103 27 Samtliga
258 654 62 21 ständ
336 654 65 21 hafva
415 654 122 21 remitterat
552 654 42 22 den
608 653 78 28 nädiga
701 653 127 27 propositio-

70 694 42 15 nen
134 688 34 21 till
190 688 129 27 behandling
342 688 24 21 af
382 688 174 27 Statsutskottet,
579 694 46 16 som
647 688 48 21 frän
710 687 118 27 Kejserliga

71 721 93 23 Senaten
179 722 41 22 fått
236 723 109 26 emottaga
360 728 27 16 en
401 722 36 21 vid
457 722 101 22 ärendets
579 722 118 27 beredning
719 721 110 22 derstädes

71 756 134 22 tillkommen
217 756 39 21 akt
270 756 109 21 äfvensom
394 756 140 22 meddelande
549 756 81 27 derom,
645 758 33 20 att
692 756 36 22 vid
742 756 86 26 frägans

71 789 130 28 behandling
215 790 8 21 i
238 790 93 21 Senaten
346 790 71 26 nägon
433 790 133 27 omröstning
584 790 47 22 icke
652 790 108 22 förefallit.
790 789 40 22 Ut-

71 824 83 22 skottet
176 824 40 21 har
238 824 102 27 derjemte
362 824 48 21 haft
432 826 32 20 att
479 824 61 28 tillgå
557 824 199 27 protokollsutdrag
770 823 60 22 öfver

72 858 42 21 den
129 858 127 26 diskussion,
278 864 45 16 som
338 858 8 21 i
361 858 27 22 de
403 858 108 22 särskilda
526 858 90 22 ständen
630 858 102 22 förefallit
746 858 36 22 vid
797 864 33 15 re-

71 892 52 21 miss
138 892 33 22 till
185 892 112 22 Utskottet
312 892 23 22 af
348 892 19 27 ej
381 892 82 22 mindre
485 892 140 22 förenämnda
646 892 134 28 proposition
802 894 28 19 än

72 926 41 22 ock
135 926 49 22 dei
198 926 146 22 betänkandet
358 927 73 21 nedan
445 927 89 33 intagna
548 927 120 27 petitioner,
684 926 92 22 hvarhos
791 926 39 22 Ut-

72 959 82 23 skottet
169 960 86 22 erhållit
270 961 34 21 del
318 961 24 21 af
355 967 27 15 en
396 961 40 21 hos
449 956 171 32 Öfverstyrelsen
634 961 33 21 för
674 960 156 23 skolväsendet

72 993 106 28 uppgjord
193 994 106 22 statistisk
314 995 136 26 redogörelse
466 995 34 21 för
518 995 83 22 landets
622 994 120 22 folkskolor
762 994 69 22 under

72 1027 93 22 läseäret
182 1029 146 22 1883—1884.

143 1197 82 23 Genom
250 1198 200 28 protokollsutdrag
474 1199 49 22 frän
547 1199 91 27 Preste-,
663 1200 105 27 Borgare-
793 1199 40 22 och

73 1231 167 22 Bondeständen
262 1233 39 20 har
316 1233 170 22 Statsutskottet
509 1233 42 22 fätt
569 1235 109 26 emottaga
692 1233 94 28 följande
800 1235 33 20 tre

74 1265 220 28 petitionsmemorial,
320 1267 104 21 affattade
440 1267 37 21 det
492 1267 70 22 första
576 1268 40 21 och
638 1267 68 28 tredje
722 1267 28 28 pä
766 1267 69 22 finska

74 1299 88 27 spräket
178 1300 36 21 det
228 1301 68 21 andra
311 1300 47 23 äter
372 1301 29 27 pä
416 1301 102 22 svenska:

448 1365 17 19 1.

257 1407 45 21 Till
318 1407 144 28 Högvördiga
476 1408 170 21 Presteständet.

144 1445 51 18 Utan
207 1445 69 19 tvifvel
288 1446 51 18 skall
354 1446 52 18 hvar
417 1446 37 18 och
466 1452 24 13 en
502 1447 100 23 medgifva
614 1449 29 16 att
653 1425 184 51 folkskolelärarene

75 1473 7 17 i
94 1473 91 18 städerna
202 1473 60 19 hafva
274 1476 28 16 ett
322 1475 42 17 lika
382 1475 79 23 vigtigt,
473 1475 40 17 lika
533 1475 170 24 maktpåliggande
715 1475 37 18 och
764 1475 39 18 lika
815 1475 22 17 så

145 1506 151 20 Statsutskottets
309 1508 117 18 betänkande
438 1507 38 19 N:o
490 1509 31 17 10.
