1009 1739
402 156 38 23 N:o
457 155 29 23 17.
767 158 23 20 13

412 223 13 26 8
441 224 34 20 26.

133 263 153 22 Sekreteraren
310 263 83 26 åligger
412 264 34 20 att
463 263 48 22 föra
532 262 132 28 protokollet
684 263 35 21 vid
734 262 88 22 länstin-

65 299 47 26 gets
128 297 178 26 sammanträden,
323 298 105 26 uppsätta
443 297 39 22 och
501 297 116 27 expediera
632 297 106 27 besluten,
750 296 72 23 ombe-

66 332 56 27 sörja
138 331 157 28 brefvexlingen
312 333 56 20 samt
382 331 67 22 vårda
465 331 89 22 arkivet.

408 400 11 27 &
435 402 34 20 27.

134 440 142 22 Kamreraren
299 440 81 27 åligger
402 442 33 19 att
457 440 47 22 föra
529 440 129 27 länstingets
678 440 146 28 räkenskaper

67 474 40 22 och
132 477 32 19 att
187 474 68 22 under
277 474 189 27 uppbördsmanna
488 481 80 15 ansvar
594 474 180 22 omhänderhafva
797 475 27 21 de

67 509 76 27 medel,
161 515 46 15 som
222 508 68 22 blifvit
305 509 79 21 honom
400 508 148 23 anförtrodda.

136 544 42 21 För
200 544 31 20 sin
254 542 128 28 förvaltning
404 544 76 21 ställer
501 544 139 21 kamreraren
658 544 42 21 den
716 543 107 27 säkerhet,

68 584 46 16 som
129 578 117 27 länstinget
260 578 68 22 finner
344 578 46 22 skäl
406 580 33 20 att
454 578 23 22 af
490 578 79 22 honom
585 578 79 22 fordra.

356 671 56 21 111
428 670 102 28 Kap.

182 739 37 22 Om
233 738 133 29 länstingets
381 739 135 29 befogenhet
532 740 41 22 och
588 738 129 24 arbetssätt.

413 802 11 28 8
440 805 34 19 28.

139 842 116 28 Länstings
270 843 84 27 uppgift
370 845 24 19 är
408 845 33 19 att
456 844 68 21 verka
533 843 33 22 för
576 842 206 28 länstingsområdes
793 848 36 21 ge-

72 883 132 15 mensamma
227 878 63 21 bästa
309 884 77 20 genom
402 878 102 26 åtgärder
520 878 83 27 egnade
620 878 38 26 att,
674 876 84 23 utöfver
773 876 57 22 hvad

72 913 73 20 staten
168 912 52 21 eller
242 912 26 21 de
291 912 70 21 skilda
380 912 156 22 kommunerna
554 912 7 21 i
577 912 78 21 sådant
670 911 101 22 afseende
787 910 43 22 till-

72 946 63 27 gjort,
155 946 101 21 befordra
271 946 139 27 jordbrukets
432 946 41 22 och
490 947 67 21 andra
571 946 113 27 näringars
700 947 57 20 samt
770 946 60 21 kom-

72 980 196 21 munikationernas
291 981 130 26 utveckling,
448 981 147 26 sparbankers
622 980 40 22 och
688 979 142 27 försäkrings-

73 1015 115 21 anstalters
209 1015 116 27 uppkomst
340 1015 39 22 och
396 1015 108 28 trygghet,
521 1015 121 26 helsovård,
659 1015 78 21 allmän
752 1013 78 22 under-

72 1048 84 27 visning
180 1049 39 22 och
240 1049 161 28 yrkesbildning
420 1052 56 19 samt
492 1050 91 27 ordning
599 1049 40 22 och
656 1049 102 22 säkerhet
773 1049 57 21 inom

74 1083 103 22 området.

142 1117 41 22 Till
198 1118 116 23 föremålen
329 1119 33 22 för
377 1119 107 26 länstings
500 1119 73 22 beslut
587 1119 54 21 höra
656 1117 104 23 särskildt
770 1117 61 22 äfven

73 1151 73 28 frågor
161 1159 34 15 om
844 1147 4 3 |

143 1187 123 23 inrättande
289 1188 21 21 af
328 1188 91 28 sjukhus
442 1188 42 22 och
508 1189 67 21 sådan
591 1185 240 30 tvångsarbetsanstalt,

74 1227 46 16 som
142 1222 8 21 i
195 1223 27 20 40
238 1223 22 21 af
272 1223 150 27 förordningen
439 1223 41 22 den
497 1225 25 19 17
539 1223 58 22 Mars
615 1224 53 20 1879
686 1220 146 27 omförmäles;

143 1255 81 29 förslag
240 1257 31 22 till
287 1257 67 22 sädan
372 1257 92 27 ändring
482 1257 23 22 af
517 1256 199 29 fridlysningstiden
730 1255 34 22 för
779 1255 53 22 vild-

74 1289 77 28 afveln,
176 1297 46 15 som
240 1292 7 21 i
266 1291 10 28 &
300 1293 24 20 11
349 1291 22 22 af
384 1291 155 28 förordningen
556 1291 41 22 den
614 1293 26 20 10
655 1290 105 23 Februari
777 1291 55 20 1868

75 1325 112 27 angående
200 1325 48 27 jagt
263 1326 39 22 och
319 1326 98 28 djurfäng
434 1329 135 24 omnämnes;

144 1359 127 28 torgdagars
286 1360 111 27 hållande;

144 1394 256 28 undsättningsätgärder
415 1395 35 22 vid
466 1395 115 28 missväxt;
598 1395 40 22 och

145 1429 101 26 ätgärder
261 1429 32 22 till
308 1429 92 28 rofdjurs
417 1430 106 22 dödande.

145 1463 87 27 Frågor,
250 1470 45 16 som
311 1464 55 27 angä
