1009 1739
294 151 24 23 U.
333 151 23 22 B.
372 165 29 2 —
416 151 62 30 Prop.
494 151 38 23 N:o
549 151 35 22 18.
767 154 27 21 11

244 218 48 26 den,
300 224 45 15 som
350 212 76 39 häftar
435 212 36 39 för
479 217 56 27 flere
542 219 31 21 än
580 217 181 30 nästföregäende
769 219 58 22 ärets

214 253 96 29 oguldna
325 253 179 28 stadsutskylder.

251 289 61 22 Valet
328 288 111 28 förrättas
461 289 63 28 inför
547 289 149 29 Magistraten
707 290 33 27 pä
754 289 72 23 dertill

213 325 70 28 utlyst
299 325 33 22 tid
346 324 48 22 med
409 325 73 22 sedlar
493 326 33 27 pä
541 327 43 20 sätt
599 325 38 22 och
652 325 10 22 i
676 326 43 22 den
726 326 100 28 ordning,

214 362 88 22 hvärom
317 361 26 22 de
358 360 170 29 valberättigade
543 361 48 22 med
605 361 143 29 iakttagande
761 356 26 38 af
789 361 38 28 fö-

211 396 149 28 reskrifterna
374 397 9 21 i
398 397 75 22 denna
487 397 228 29 Landtdagsordning
734 398 34 29 sig
777 397 50 28 för-

216 434 56 26 enat,
295 432 51 22 eller
369 432 15 22 å
406 434 93 20 stämma
522 432 63 28 inför
599 432 147 29 Magistraten
755 433 72 28 fram-

212 468 57 23 deles
284 467 189 29 öfverenskomma.

247 504 99 22 Rösträtt
368 504 128 22 tillkommer
519 504 26 22 de
567 503 169 30 valberättigade
759 505 68 28 enligt

212 540 72 22 sådan
305 540 81 28 grund,
402 541 33 20 att
450 547 27 15 en
493 540 61 27 hvar,
570 547 44 15 som
630 540 68 28 enligt
712 540 42 22 den
769 540 57 22 kom-

212 575 92 23 munala
318 575 130 29 taxeringen
464 578 27 19 är
506 575 134 29 uppskattad
655 576 35 22 till
698 576 66 22 minst
771 576 56 22 åtta-

213 612 89 22 hundra
326 611 75 22 marks
429 611 100 27 inkomst,
555 611 9 22 i
589 612 57 21 valet
671 612 96 28 deltager
786 611 42 28 för

212 647 98 22 nämnda
324 646 167 28 inkomstbelopp
506 647 49 22 med
570 654 27 15 en
612 649 51 25 röst,
678 649 57 21 samt
743 649 31 21 att
782 648 46 22 der-

212 682 84 28 utöfver
312 682 43 28 för
378 682 74 28 hvarje
468 682 178 29 öfverskjutande
661 683 165 28 inkomstbelopp

214 718 30 28 af
250 718 145 28 fyrahundra
409 718 65 22 mark
489 718 107 22 beräknas
612 726 28 14 en
654 720 46 20 röst
718 719 60 22 ända
792 719 36 21 till

213 754 39 22 och
273 754 47 22 med
343 754 107 28 tjugufem
473 756 77 25 röster,
566 754 80 22 hvilket
660 756 28 20 är
703 754 35 22 det
752 754 76 29 högsta

213 790 90 22 röstetal
318 790 74 28 någon
408 790 45 21 kan
468 789 131 28 innehafva.
629 790 31 28 Ej
674 790 37 22 må
726 790 52 22 dock
788 791 40 21 nä-

212 833 45 21 gon
272 826 37 21 vid
322 826 58 22 valet
394 825 77 27 utöfva
486 827 90 21 rösträtt
584 825 42 27 för
642 827 68 21 större
726 826 100 22 antalrö-

215 863 49 25 ster,
280 864 30 19 än
325 868 45 15 som
384 868 79 15 svarar
478 863 56 20 emot
550 868 27 15 en
586 860 156 28 femtiondedel
758 861 30 27 af
802 861 26 22 de

214 897 179 28 valberättigades
426 897 168 28 sammanlagda
627 896 117 29 röstbelopp
774 896 54 29 efter

214 932 145 28 röstlängden.

248 967 150 29 Röstlängden
420 967 57 23 skall
500 968 68 21 minst
582 968 49 21 åtta
646 968 70 28 dagar
725 967 53 28 före
793 975 27 15 va

216 1004 29 22 let
259 1004 71 22 hållas
345 1005 15 21 å
375 1003 119 29 kungjordt
510 1003 63 22 ställe
578 1003 115 29 framlagd
704 1004 34 21 till
746 1004 82 22 allmän

212 1039 147 29 granskning.
390 1039 158 28 Anmärkning
571 1041 53 20 emot
646 1039 124 23 densamma
793 1041 36 20 bör

216 1075 38 22 hos
264 1075 147 28 Magistraten
413 1075 145 27 framställas
565 1075 127 28 skriftligen
700 1075 52 22 eller
758 1077 71 20 munt-

218 1111 58 29 ligen
296 1113 74 20 senast
384 1111 72 28 dagen
465 1111 55 27 före
536 1111 62 22 valet.
631 1106 67 32 Öfver
710 1111 65 28 gjord
790 1117 39 16 an-

217 1147 119 28 märkning
352 1147 57 22 skall
423 1147 151 28 Magistraten
589 1147 14 21 å
618 1147 109 28 valdagen
732 1146 52 28 före
792 1153 37 15 va-

218 1183 29 22 let
270 1182 104 28 afkunna
396 1183 79 28 utslag,
498 1183 49 21 med
563 1182 119 29 anvisning
698 1184 34 20 att
747 1182 83 28 klagan

218 1218 99 28 deröfver
326 1218 44 27 får
386 1218 94 27 anföras
495 1218 10 22 i
520 1218 43 22 den
578 1218 100 28 ordning,
694 1225 44 15 som
752 1217 10 22 i
777 1217 28 22 16
814 1219 16 27 $

212 1253 157 28 föreskrifves;
384 1253 72 28 införe
471 1253 40 23 ock
524 1255 78 26 genast
617 1253 10 22 i
641 1253 141 28 röstlängden
797 1253 33 22 så-

218 1290 46 22 dan
278 1290 94 27 rättelse,
387 1297 45 14 som
448 1289 30 28 af
490 1289 94 28 utslaget
593 1289 137 27 föranledes.

149 1343 167 23 Reservationer
330 1343 107 28 biläggas.

149 1433 11 22 I
176 1433 61 22 detta
252 1433 92 22 ärendes
358 1432 136 28 behandling
509 1432 67 22 hafva
584 1432 92 27 deltagit
685 1431 147 22 ordföranden

75 1469 105 27 Idestam,
202 1468 148 22 ledamöterne
376 1468 136 22 friherrarne
531 1468 26 21 R.
573 1468 25 21 A.
610 1467 78 22 Wrede
705 1467 41 21 och
762 1466 26 22 G.
806 1466 26 20 A.

74 1503 168 29 Langenskiöld,
258 1503 92 27 Ekbom,
366 1502 26 23 G.
409 1503 133 27 Johansson,
559 1502 119 28 Grönberg,
688 1502 20 22 J.
716 1502 116 26 Forsman,

149 1544 162 29 Lagutskottets
327 1543 136 23 betänkande
478 1542 46 24 N:o
538 1544 21 22 5.
