1009 1739
264 151 80 23 Ständ.
360 151 37 23 Sv.
413 162 28 5 —
457 151 71 28 Prop.
543 151 41 22 N:o
598 151 34 22 28.
781 153 13 20 9

74 215 39 22 dre
136 214 66 28 årligt
224 215 122 21 öfverskott
368 216 28 20 än
420 214 59 22 hvad
501 215 66 21 ofvan
591 215 113 28 upptagits
720 215 49 22 icke
784 215 40 22 bör

72 250 136 21 förutsättas.
237 249 49 21 Den
308 248 38 22 vid
370 249 54 22 1883
447 249 37 22 års
500 249 84 28 utgång
599 249 127 22 beräknade
742 249 83 22 behåll-

73 283 80 27 ningen
174 283 22 21 af
210 283 102 27 omkring
327 285 13 18 4
356 283 102 26 miljoner
474 283 63 21 mark
553 283 14 21 å
582 283 112 22 allmänna
709 283 116 22 statsmed-

74 317 42 26 len,
139 317 55 22 efter
216 316 38 23 det
269 316 110 22 särskilda
394 317 67 21 ofvan
478 319 102 20 närmare
596 317 92 28 angifna
702 317 126 22 statsbehof

74 351 67 22 redan
164 351 150 28 tillgodosetts,
338 351 77 27 måste,
431 351 70 27 enligt
516 351 137 22 Ständernas
669 351 73 28 tanke,
758 357 67 16 anses

74 385 100 28 tillfylles
190 385 19 27 ej
227 385 83 22 mindre
325 385 35 22 för
375 385 144 22 bestridande
534 385 26 22 af
572 385 181 22 förekommande
769 386 56 21 oför-

74 419 93 23 utsedda
175 422 63 19 extra
248 419 90 27 utgifter
346 419 41 21 och
396 419 114 27 betalning
518 420 22 20 af
549 419 41 22 den
600 420 225 27 ersättningssumma,

74 461 47 15 som
143 454 72 22 finska
238 453 133 23 statsverket
393 459 53 21 eger
468 453 92 27 utgifva,
582 454 6 21 i
604 454 106 22 händelse
726 454 99 22 Eders

74 488 179 27 Kejserliga
271 488 145 26 Majestät
434 487 70 22 finner
520 488 75 27 godt
583 483 15 36 i
612 488 68 22 nåder
695 488 83 27 bifalla,
794 491 33 19 att

74 522 38 22 det
133 523 29 27 på
184 522 69 28 ryska
275 523 85 21 statens
383 522 125 21 bekostnad
532 522 98 27 anlagda
650 522 175 28 telegrafnätet
814 517 15 37 i

75 556 96 22 Finland
189 556 72 22 blefve
282 556 34 22 till
330 556 73 21 finska
418 558 72 19 staten
507 556 87 24 afträdt,
611 558 27 19 än
656 557 41 21 ock
713 556 33 22 för
761 556 66 29 utgif-

75 590 71 22 vande
162 590 23 22 af
200 590 26 22 de
241 591 29 27 på
284 593 88 19 senaste
388 590 107 22 Ständers
504 590 152 28 underdåniga
664 591 163 27 framställning

75 627 23 21 af
111 625 81 22 Eders
207 625 155 28 Kejserliga
373 624 127 27 Majestät
516 626 68 20 under
600 625 60 22 vissa
675 625 105 22 förbehåll
789 625 38 21 nå-

76 660 46 28 digt
131 660 109 27 beviljade
249 660 153 21 subventioner
411 659 33 21 för
454 659 26 21 de
489 659 132 27 ifrågasatta
630 660 198 28 jernvägsanlägg-

74 695 106 27 ningarne
188 694 33 21 till
230 694 135 27 Björneborg
373 693 40 21 och
422 694 80 21 Kotka.
529 693 35 21 Då
572 694 136 21 statsverket
716 694 110 27 slutligen,

75 730 93 20 förutom
176 728 65 22 ofvan
256 727 144 28 kalkylerade
416 727 129 29 behållning
560 728 37 20 vid
614 728 56 21 1885
686 728 35 22 års
736 728 92 28 utgång,

76 763 98 27 förfogar
188 762 63 22 såväl
267 762 60 22 öfver
343 769 26 14 en
385 762 132 22 reservfond
533 763 22 21 af
565 763 13 20 3
589 762 102 28 miljoner
701 762 70 26 mark,
780 768 48 16 som

76 800 26 19 är
124 797 78 22 afsedd
225 799 32 20 att
278 796 114 22 användas
415 796 69 22 under
504 797 62 26 tider,
583 796 29 22 då
628 796 106 22 särskildt
749 802 80 22 genom

76 831 178 22 tullintradernas
278 830 131 22 minskande
430 831 209 21 statsinkomsterna
654 831 92 27 nedgått
760 830 69 22 under

76 866 38 22 det
135 865 127 22 beräknade
276 865 110 28 beloppet,
402 872 47 14 som
464 865 131 27 ytterligare
611 865 61 22 öfver
687 872 26 15 en
730 865 98 21 undsätt-

76 899 118 28 ningsfond
210 900 24 21 af
246 900 13 20 3
275 899 100 27 miljoner
391 900 69 25 mark,
478 900 62 21 torde
552 900 58 21 förut
619 899 127 22 beräknade
758 899 71 27 årliga

76 934 122 21 öfverskott
213 934 7 20 i
235 934 111 21 allmänna
368 933 138 22 statsfonden
531 934 68 21 under
618 934 52 21 åren
688 933 140 22 1886—1888

77 968 50 21 icke
150 967 68 22 blifva
233 967 104 28 behöfligt
352 968 33 21 för
400 967 100 28 fyllande
516 967 23 22 af
554 967 146 22 statsverkets
716 967 112 22 ordinarie

78 1001 72 22 behof.

144 1036 36 21 Uti
196 1036 34 21 sin
246 1035 151 28 underdåniga
412 1036 185 21 svarsskrifvelse
608 1037 7 20 i
626 1036 120 27 anledning
758 1035 23 22 af
790 1035 39 22 nå-

77 1071 52 26 diga
150 1071 164 26 propositionen
331 1077 35 14 om
381 1070 79 27 anslag
476 1071 34 21 till
526 1070 113 22 särskilda
651 1069 179 29 jernvägsbygg-

77 1105 68 21 nader
160 1104 66 22 hafva
242 1104 122 22 Ständerna
380 1105 108 21 beräknat
503 1105 39 22 det
557 1105 102 26 tillskott,
668 1104 84 22 hvilket
759 1103 71 22 under

78 1139 196 22 nästinstundande
296 1139 146 27 finansperiod
466 1139 73 22 blefve
562 1140 33 21 för
611 1138 218 23 kommunakations-

77 1172 80 22 fonden
180 1173 134 30 erfordeligt,
334 1173 31 22 till
381 1173 115 26 4,658,140
512 1173 63 22 mark
592 1173 54 22 eller
661 1172 117 27 eventuelt,
794 1173 37 21 be-

78 1206 81 22 roende
181 1207 29 28 pä
229 1207 117 28 ifrågasatt
360 1207 136 28 öfverföring
513 1208 24 21 af
550 1210 75 20 räntor
640 1208 48 21 från
704 1207 126 22 amortisse-

77 1241 161 27 mentsfonden,
261 1243 113 25 3,914,140
396 1241 69 22 mark.
497 1242 36 21 Dä
556 1242 38 21 det
616 1242 65 21 ofvan
703 1240 128 23 beräknade

78 1275 125 28 disponibla
225 1275 145 23 öfverskottet
385 1276 7 21 i
407 1276 115 21 allmänna
544 1276 138 22 statsfonden
703 1275 129 28 lämpligast

78 1309 62 22 torde
158 1310 74 21 kanna
247 1311 115 21 användas
377 1311 33 20 för
426 1311 28 20 de
469 1310 119 22 tillernade
600 1310 231 28 jernvägsföretagen,

78 1344 23 21 få
123 1343 131 29 Ständerna,
276 1345 50 21 med
347 1344 163 22 framhällande
532 1345 24 21 af
572 1344 28 22 de
616 1344 136 28 synpunkter
766 1343 66 22 Stän-

77 1377 69 22 derna
168 1378 65 22 ofvan
256 1379 98 28 päpekat
368 1379 40 21 hos
424 1378 94 22 Eders
534 1379 180 27 Kejserliga
729 1377 102 28 Majes-

77 1413 65 20 täti
158 1412 176 28 underdänighet
348 1413 90 21 anhälla
