1009 1739
210 156 26 21 16
410 154 24 23 U.
450 155 24 22 B.
490 167 27 4 —
530 152 67 32 Prop.
612 155 39 23 N:o
666 153 34 24 27.

244 221 134 22 Protokollet
392 221 35 20 vid
442 221 108 22 komitens
564 221 157 22 sammanträde
737 221 57 22 föres
804 221 24 22 af
837 221 40 22 den
885 227 47 21 per-

176 262 47 21 son,
239 255 138 22 Guvernören
392 255 71 22 dertill
478 257 65 26 utser,
558 258 58 20 emot
631 255 126 28 ätnjutande
772 256 78 22 arvode
866 255 23 22 af
902 256 30 21 tio

177 290 62 22 mark
254 297 34 15 om
304 290 74 27 dagen.

246 325 74 21 Säsom
342 325 92 21 kronans
457 325 80 21 ombud
560 325 40 22 och
620 325 34 21 för
668 325 165 27 upplysningars
848 325 86 22 medde-

178 360 64 21 lande
257 359 80 27 äligger
352 359 216 28 Landskamreraren,
584 360 51 21 eller
650 359 42 22 den
707 359 139 22 Guvernören
860 360 7 21 i
880 360 54 21 hans

179 394 63 21 ställe
257 394 119 27 förordnar,
392 393 112 22 öfvervara
514 394 216 27 pröfningskomit6ns
738 394 195 26 sammankomster,

179 429 49 20 med
250 428 120 27 skyldighet
390 430 32 19 att
438 430 53 25 göra
507 429 25 20 de
548 429 166 26 anmärkningar
729 428 39 21 och
783 428 151 21 framställnin-

179 469 45 21 gar,
247 462 87 22 hvartill
352 462 43 22 han
413 462 34 21 för
462 462 138 28 iakttagande
616 462 23 22 af
652 462 96 22 kronans
762 464 45 20 rätt
821 462 68 22 finner
904 463 31 27 sig

180 503 40 21 ega
242 496 120 28 anledning.
393 496 138 22 Guvernören
552 504 51 15 vare
625 497 122 27 berättigad
768 498 38 26 att,
825 498 8 20 i
848 497 39 22 och
902 497 34 22 för

180 532 164 27 upplysningars
352 532 145 27 meddelande,
502 532 35 22 till
544 532 218 27 pröfningskomiténs
770 532 166 22 sammankomst

180 566 82 22 inkalla
281 566 26 22 de
322 566 148 22 kronoombud
484 567 7 21 i
506 567 269 27 bevillningskomitéerna,
791 566 82 22 hvilkas
888 568 48 20 när-

181 606 52 16 varo
248 607 62 15 anses
325 602 7 20 i
348 600 75 22 sådant
438 601 101 22 afseende
554 602 70 26 nödig.
650 601 25 27 Ej
692 601 82 21 mindre
790 601 60 21 desse
865 607 71 21 perso-

182 642 38 14 ner
243 637 27 19 än
292 636 143 21 ledamöterne
454 636 8 21 i
477 636 207 27 pröfningskomitén
699 642 39 20 ega
754 637 38 25 att,
808 635 28 21 då
850 636 25 20 de
891 636 45 20 icke

182 672 38 19 äro
239 670 7 21 i
261 670 221 22 läneresidensstaden
497 670 91 27 bosatte,
604 670 153 28 tillgodonjuta
772 670 118 27 ersättning
904 669 34 22 för

181 704 141 22 resekostnad
332 704 39 22 och
381 705 144 21 traktamente
535 706 7 20 i
551 705 63 27 sjette
621 705 87 21 klassen
716 704 24 22 af
745 704 191 27 resereglementet.

530 762 10 28 8
556 763 34 21 24.

250 808 47 21 Den
319 814 52 20 som,
394 808 27 27 på
444 810 43 20 sätt
506 808 7 21 i
528 808 12 27 $
555 809 28 21 20
598 810 68 25 säges,
682 807 48 22 med
746 806 102 28 skriftligt
862 807 76 21 andra-

183 842 69 27 gande
272 842 33 21 till
320 842 206 27 pröfningskomitén
540 842 120 27 inkommit,
676 842 96 21 meddele
788 842 94 20 komitén
897 842 43 20 alla

184 876 26 22 de
225 877 153 27 upplysningar
392 876 79 22 honom
486 876 34 22 stå
534 877 33 21 till
582 877 54 21 buds
646 876 92 22 rörande
749 876 53 21 hans
812 876 128 21 inkomsters

184 911 96 27 verkliga
302 911 84 27 belopp.
416 907 85 26 Önskar
519 912 43 20 han
580 912 8 20 i
608 911 78 22 sådant
700 910 100 22 afseende
814 910 66 21 blifva
894 916 46 21 per-

184 946 98 26 sonligen
297 946 61 26 hörd,
372 952 51 15 vare
439 946 73 21 dertill
522 946 126 27 berättigad.
676 944 94 22 Sålunda
780 944 96 27 frivilligt
883 944 57 21 med-

186 980 63 21 delad
270 980 84 27 uppgift
375 980 35 21 må
431 980 47 21 icke
495 982 54 19 utan
568 979 158 22 besvärandens
744 979 128 26 uttryckliga
887 985 54 14 sam-

185 1014 63 27 tycke
263 1015 7 20 i
285 1014 105 21 komiténs
405 1015 108 26 protokoll
528 1015 83 26 intagas
626 1014 53 21 eller
689 1013 24 22 af
721 1013 71 27 någon
799 1013 105 21 komiténs
912 1013 29 21 le-

187 1049 73 21 damot
274 1050 59 20 utom
347 1049 95 21 komitén
458 1049 96 26 omtalas,
571 1049 39 21 och
620 1048 56 22 skall
687 1048 48 26 den,
746 1047 66 22 sedan
822 1047 75 27 frågan
908 1053 34 15 om

186 1089 82 16 samma
290 1083 233 28 bevillningsskyldiges
545 1083 62 28 afgift
626 1083 72 21 blifvit
715 1082 91 27 afgjord,
820 1083 76 26 genast
910 1081 32 21 till

185 1117 79 22 honom
280 1117 120 22 återställas
415 1118 53 21 eller
482 1118 115 27 bevisligen
612 1118 105 21 förstöras
732 1117 24 20 af
769 1116 47 26 den,
832 1122 45 15 som
892 1115 50 22 den-

185 1158 83 15 samma
290 1152 118 27 emottagit.
438 1152 59 21 Utan
515 1152 75 21 hinder
606 1151 23 22 af
642 1151 106 21 uteblifna
763 1150 52 22 eller
831 1149 112 22 ofullstän-

185 1187 51 26 diga
258 1186 108 27 uppgifter
388 1186 55 21 skall
466 1187 55 21 dock
540 1185 208 28 pröfningskomitén
766 1184 75 28 påföra
856 1184 40 21 den
911 1185 31 20 in-

186 1220 194 27 komstbevillning,
400 1227 46 15 som
465 1221 96 27 skäligen
579 1227 62 14 anses
656 1220 54 21 böra
724 1219 24 21 af
759 1218 184 28 bevillningsskyl-

187 1255 36 27 dig
238 1257 94 25 utgöras.

536 1313 12 27 $
563 1313 35 22 25.

261 1358 221 28 Pröfningskomiténs
497 1359 82 22 fattade
594 1359 72 21 beslut
681 1358 62 21 skola
756 1358 8 21 i
780 1357 47 22 dess
837 1356 108 28 protokoll

189 1393 116 22 antecknas
321 1394 39 21 och
376 1393 26 22 de
417 1393 221 28 bevillningsafgifter,
654 1399 47 15 som
714 1393 7 20 i
736 1391 53 27 följd
804 1391 23 21 af
840 1391 105 21 komiténs

188 1427 73 22 beslut
275 1428 123 21 tillkommit
413 1429 53 21 eller
481 1428 70 22 blifvit
565 1427 115 22 faststälda
695 1427 35 21 till
745 1427 65 20 annat
824 1425 79 27 belopp
918 1427 28 19 än

190 1461 36 21 det
248 1462 223 27 bevillningskomitén
493 1463 77 27 påfört,
593 1463 62 21 skola
669 1463 106 25 upptagas
790 1461 7 19 i
812 1459 134 28 bevillnings-

260 1501 217 23 Bevillningsutskottets
489 1502 116 18 betänkande
616 1502 38 18 N:o
666 1502 18 16 5.
