1009 1739
259 170 81 23 Ständ.
355 171 36 22 Sv.
410 183 22 4 —
450 171 71 27 Prop.
538 171 40 22 N:o
594 171 44 26 21.7
776 171 14 20 3

64 235 94 26 beviljas
182 235 32 21 till
238 234 27 22 de
282 233 102 22 enskilda
400 233 225 22 stadskommunerna
640 233 32 21 för
688 233 132 22 folskolevä-

64 269 91 22 sendets
171 268 134 27 utveckling.

134 303 51 22 Med
208 302 103 22 afseende
335 303 13 20 å
368 302 37 22 det
420 302 66 21 ofvan
507 302 93 21 anförda
616 301 66 22 hafva
697 301 125 22 Ständerna

66 337 71 22 funnit
154 337 38 22 det
208 336 71 27 årliga
294 336 188 27 tillskottsanslag
498 336 26 21 af
536 337 57 19 5000
604 337 68 27 mark,
685 342 45 15 som
742 335 79 22 beräk-

67 374 49 19 nats
132 370 34 22 för
181 373 65 19 nästa
262 370 178 28 budgetsperiod,
458 370 50 21 icke
524 377 53 14 vara
593 370 33 21 för
642 369 126 22 ändamålet
778 369 42 21 till-

67 406 102 27 räckligt,
186 408 51 19 utan
254 408 73 18 ansett
342 409 42 16 den
396 405 70 26 årliga
477 404 156 27 förhöjningen
646 405 54 20 böra
710 404 111 21 beräknas

67 440 32 21 till
123 439 91 22 dubbelt
237 438 67 27 högre
329 438 79 28 belopp
431 438 41 21 och
496 438 52 21 hela
564 438 102 27 anslaget
681 437 72 21 derför
769 437 53 27 utgå

66 474 70 21 under
159 474 52 20 åren
228 473 61 25 1886,
307 474 52 19 1887
377 473 40 21 och
432 472 56 22 1888
506 472 50 21 med
571 478 59 21 resp.
646 472 91 25 166,800
752 471 70 25 mark,

66 508 92 26 176,800
182 507 62 21 mark
268 506 39 22 och
334 507 88 25 186,800
437 507 71 25 mark,
524 506 54 22 eller
595 506 163 27 sammanlagdt
773 505 48 21 med

66 542 92 25 530,400
173 541 70 21 mark.

136 575 124 21 Ständerna
276 574 22 22 fä
313 574 73 22 derför
402 576 6 19 i
425 574 177 28 underdänighet
618 574 97 21 anmäla:

273 622 31 20 att
326 620 120 22 Ständerna
464 620 87 27 beviljat
571 622 28 19 ett
614 620 76 26 anslag
705 618 29 28 af
746 618 76 22 inalles

204 656 98 25 530,400
317 654 61 22 mark
394 655 70 21 såsom
480 654 76 28 bidrag
572 654 33 22 till
615 653 159 29 folkskolornas
782 659 38 15 un-

204 688 82 22 derhäll
296 688 40 28 för
351 690 53 20 åren
419 690 155 20 1886—1883.

136 820 79 20 Derest
238 818 26 22 de
288 819 79 28 bidrag
382 820 24 20 af
420 819 134 25 statsmedel,
572 826 46 14 som
634 819 33 21 för
683 817 139 22 närvarande

67 854 53 26 utgä
135 853 33 21 till
185 853 183 21 folkskollärares
385 854 40 20 och
442 854 137 20 lärarinnors
595 853 29 27 pä
639 852 75 22 landet
724 851 98 26 aflöning

67 888 63 20 äfven
146 886 112 28 framgent
274 887 119 21 bibehölles
410 887 148 21 oförändrade
570 887 53 21 eller
634 886 86 22 säledes
733 885 89 27 utginge

66 921 50 22 med
139 922 42 20 600
203 921 63 21 mark
288 921 33 21 för
344 922 72 20 lärare
438 922 40 20 och
502 923 42 19 400
566 922 63 20 mark
655 921 32 21 för
703 920 119 21 lärarinna,

67 955 71 21 skulle
154 955 72 27 enligt
241 954 42 21 den
299 955 82 27 nädiga
396 955 167 27 propositionen
580 955 32 21 till
622 954 200 28 folkskolornas
793 950 32 37 pä

68 989 70 22 landet
152 989 115 22 underhäll
282 989 32 20 för
330 991 64 19 nästa
410 989 213 27 bevillningsperiod
639 988 110 22 erfordras
765 994 57 15 sam-

67 1023 114 27 manlagdt
196 1023 113 26 1,413,400
325 1023 69 28 mark,
406 1024 63 21 deraf
480 1024 92 25 100,000
583 1023 62 21 mark
658 1023 119 21 beräknats
789 1022 33 21 till

66 1057 42 21 den
124 1057 7 20 i
147 1056 253 29 folskoleförordningen
416 1057 136 22 föreskrifna
563 1057 207 27 löneförhöjningen
782 1057 39 20 och

66 1090 218 27 lärarepersonalens
300 1091 162 27 pensionering.
492 1091 75 21 Dessa
578 1091 156 27 beräkningar,
746 1090 77 21 hvilka

66 1127 101 19 närmare
184 1124 119 21 motiveras
320 1125 6 20 i
342 1125 173 27 propositionen,
532 1125 66 21 hafva
614 1125 124 22 Ständerna
754 1125 7 20 i
777 1125 45 20 allo

65 1158 104 28 godkänt.
200 1158 48 21 Men
273 1159 41 21 den
337 1159 83 27 nädiga
442 1159 168 27 propositionen
634 1159 58 21 afser
708 1158 64 21 äfven
790 1161 32 18 att

66 1193 107 21 förbättra
194 1192 316 28 folkskollärarepersonalens
534 1193 29 27 pä
578 1193 76 21 landet
668 1193 98 26 aflöning
781 1192 40 21 och

65 1227 93 20 föreslär
181 1227 7 20 i
211 1226 62 21 detta
295 1227 125 21 hänseende
444 1229 32 19 att
494 1227 160 26 statsbidraget
668 1227 73 21 skulle
758 1226 62 27 höjas

66 1260 47 21 med
129 1261 42 19 200
187 1261 69 25 mark,
274 1260 52 21 eller
341 1261 33 20 för
390 1261 71 20 lärare
478 1261 33 20 till
528 1262 42 19 800
586 1261 62 20 mark
664 1260 40 21 och
719 1260 34 21 för
764 1260 57 21 lära-

64 1295 64 20 rinna
151 1294 33 21 till
208 1295 47 25 600,
279 1294 68 21 under
371 1295 157 26 förutsättning
552 1295 121 21 emellertid
690 1297 32 18 att
738 1294 83 27 jemväl

65 1328 161 21 kommunerna
248 1328 72 21 blefve
336 1335 78 20 genom
431 1329 36 26 lag
482 1329 134 26 förpligtade
633 1331 31 19 att
681 1328 92 27 bidraga
788 1328 34 21 till

64 1362 50 21 sina
129 1362 183 21 folkskollärares
329 1363 40 20 och
385 1363 136 20 lärarinnors
538 1362 97 27 aflöning
646 1362 49 21 med
705 1363 42 20 200
758 1362 62 20 mark

64 1395 54 22 eller
141 1395 99 22 deremot
262 1396 109 22 svarande
395 1397 117 26 förmåner,
535 1396 87 21 utöfver
646 1396 58 21 hvad
727 1401 9 20 s
757 1396 64 21 117
806 1391 18 37 i

64 1429 270 28 folkskoleförordningen
351 1430 6 21 i
374 1430 80 21 sådant
470 1430 105 21 afseende
591 1431 33 20 för
636 1429 140 22 närvarande
786 1429 35 22 be-

62 1465 110 19 stämmer.
