1009 1739
196 137 26 20 26
500 136 36 21 N:o
552 137 34 21 31.

167 205 53 21 eller
236 204 33 21 för
284 205 72 26 någon
371 204 32 21 tid
418 204 70 22 befria
504 205 35 26 sig
554 205 48 21 från
618 204 140 27 krigstjenst;
775 203 85 21 straffes
875 203 48 21 med

167 239 98 27 fängelse
281 239 48 21 från
346 239 38 21 och
400 239 49 21 med
464 240 37 20 två
517 239 104 21 månader
636 239 34 21 till
687 238 39 21 och
742 238 49 21 med
807 239 31 20 ett
854 239 30 19 år.

238 273 46 22 Har
300 274 42 21 han
359 273 51 28 sjelf
423 274 53 21 eller
491 274 50 21 med
558 280 82 15 annans
656 273 93 26 tillhjelp
760 272 84 27 i:dylik
859 272 66 27 afsigt

168 308 110 21 lemlästat
301 308 39 27 sig,
364 308 52 21 eller
431 309 28 26 på
476 310 67 19 annat
558 310 45 19 sätt
619 308 78 21 skadat
713 307 33 21 sin
762 307 71 25 helsa;
850 307 73 21 dömes

168 343 34 21 till
217 343 98 26 fängelse
332 343 18 27 ej
367 343 68 21 under
451 349 37 15 sex
504 343 112 21 månader.

240 377 41 21 Till
305 377 108 27 sistsagde
429 377 63 22 straff
510 384 50 14 vare
577 377 40 21 ock
634 377 40 21 den
690 376 111 27 krigsman
817 375 107 27 förfallen,

168 417 53 21 som,
237 411 33 21 för
286 413 33 19 att
334 412 80 20 bereda
430 418 71 14 annan
517 411 102 21 befrielse
630 411 48 21 från
690 411 135 26 krigstjenst,
834 411 27 26 på
869 410 55 21 hans

167 446 95 26 begäran
287 446 53 21 eller
365 446 49 21 med
433 446 55 21 hans
504 446 130 26 begifvande
650 446 78 20 honom
744 445 112 21 lemlästar
872 444 53 22 eller

167 481 33 21 till
216 480 76 22 helsan
308 481 86 25 skadar,
411 480 53 22 eller
478 481 80 21 honom
575 480 7 21 i
598 481 68 21 sådan
682 480 92 27 gerning
792 480 102 20 biträder.

515 556 11 27 S
542 557 34 20 81.

239 602 124 27 Krigsman,
386 608 45 15 som
454 604 53 19 utan
530 602 100 21 tillstånd
653 601 109 27 aflägsnar
778 601 34 26 sig
827 601 47 21 från
891 601 33 21 sin

167 636 192 27 tjenstgöringsort
382 636 52 21 eller
453 636 49 21 från
519 636 41 21 den
576 636 184 26 kommendering,
779 636 86 20 hvilken
881 636 43 20 han

167 670 81 28 tillhör,
272 671 39 21 och
334 671 70 21 håller
419 671 33 27 sig
467 671 71 27 borta,
555 677 51 15 vare
625 672 71 20 såsom
712 676 108 21 rymmare
836 670 88 27 ansedd,

167 705 92 21 såframt
274 701 49 25 han
332 705 55 28 icke,
404 706 26 20 då
446 705 126 22 afvikandet
592 706 58 20 skett
666 705 6 21 i
688 705 100 27 fredstid,
806 704 57 22 inom
880 711 42 21 sex,

166 746 50 15 men
239 740 28 20 då
290 740 37 21 det
350 740 58 21 skett
431 740 7 21 i
461 740 100 27 krigstid,
578 740 57 21 inom
651 742 40 23 tre,
710 740 60 26 eller,
787 740 37 20 der
840 739 83 21 fienden

166 774 58 21 varit
246 776 60 26 nära,
322 774 58 22 inom
396 777 32 19 ett
444 775 57 27 dygn
518 775 33 26 sig
571 776 47 20 åter
638 774 110 26 inställer;
765 774 54 21 dock
835 776 38 24 att,
890 780 33 15 om

167 809 119 27 krigsman,
302 815 46 15 som
364 809 40 21 hör
419 810 33 20 till
472 809 128 21 underbefäl
621 810 53 20 eller
690 809 105 26 manskap
812 809 39 21 och
867 810 57 20 ännu

168 843 48 21 icke
232 844 70 26 tjenat
317 844 7 20 i
341 850 37 14 sex
394 844 110 27 månader,
521 844 35 20 vid
576 846 67 19 annat
658 843 88 21 tillfälle
762 845 27 19 än
805 843 6 21 i
828 843 95 21 fiendens

167 878 78 20 närhet
268 878 108 26 aflägsnar
392 878 33 26 sig
440 878 47 21 från
510 878 33 21 sin
559 878 178 26 kommendering
752 878 54 20 eller
821 878 103 26 tjenstgö-

167 912 103 27 ringsort,
294 912 37 21 det
354 913 18 26 ej
389 914 35 20 må
440 914 71 20 såsom
528 913 100 27 rymning
643 919 71 20 anses,
731 912 73 21 derest
819 912 42 21 han
877 912 47 22 icke

166 947 71 20 håller
253 947 33 26 sig
301 946 63 21 borta
381 947 6 20 i
403 947 91 21 fredstid
511 947 59 21 öfver
586 947 81 21 femton
683 947 40 20 och
739 947 6 20 i
757 946 93 27 krigstid
866 946 59 21 öfver

167 981 34 26 sju
217 981 63 26 dygn.

516 1021 11 27 8
543 1022 34 21 82.

240 1067 42 20 För
298 1067 107 27 rymning,
422 1067 38 21 der
476 1067 41 21 den
534 1068 18 26 ej
569 1067 87 27 begåtts
672 1067 7 20 i
690 1066 97 22 fiendens
803 1067 53 26 åsyn
873 1066 53 21 eller

168 1101 23 21 af
204 1102 37 20 två
257 1101 53 21 eller
325 1101 52 21 flere
393 1101 55 21 efter
459 1102 74 21 derom
544 1101 79 22 träffad
638 1101 226 27 öfverenskommelse,
873 1101 53 21 eller

168 1135 39 21 der
223 1135 153 27 öfverlöpande
392 1135 34 22 till
441 1135 85 22 fienden
543 1137 18 26 ej
578 1136 68 26 skett;
666 1136 75 21 dömes
757 1135 33 21 till
807 1135 96 27 fängelse
919 1135 7 21 i

166 1169 66 27 högst
248 1175 37 16 sex
301 1170 110 21 månader.
442 1170 55 21 Sker
517 1170 86 21 återfall
623 1170 7 21 i
646 1171 93 24 brottet;
756 1169 85 22 straffes
857 1169 68 22 första

168 1205 84 26 gången
268 1205 49 20 med
333 1204 174 27 förafskedande,
524 1205 52 21 eller
592 1205 98 27 fängelse
708 1205 20 26 ej
744 1205 69 20 under
829 1210 36 15 sex
881 1205 44 20 må-

167 1239 74 27 nader,
258 1241 62 25 samt,
337 1239 36 21 vid
388 1239 102 27 förnyadt
505 1240 93 25 återfall,
614 1240 50 21 med
680 1239 90 22 tukthus
782 1239 34 21 till
827 1239 39 21 och
877 1239 48 22 med

166 1273 37 21 två
218 1274 30 20 år.

239 1302 137 27 Återvänder
391 1315 107 20 rymmare
519 1308 110 27 sjelfmant
647 1308 35 21 till
698 1307 34 22 sin
748 1307 178 27 kommendering

167 1341 54 22 eller
237 1343 97 21 anmäler
350 1342 33 21 sin
394 1342 67 28 afsigt
472 1343 73 21 derom
554 1343 39 21 hos
604 1342 164 22 vederbörande
778 1342 148 27 presterskap,

166 1376 160 27 kronobetjent,
343 1377 169 26 poliskammare
528 1377 52 21 eller
596 1377 123 27 Magistrat,
736 1376 57 27 gälle
802 1377 36 20 det
854 1377 71 20 såsom

167 1410 122 22 mildrande
312 1411 168 27 omständighet.
512 1411 75 22 Såsom
607 1411 142 22 försvårande
765 1411 161 26 omständighet

167 1451 72 22 anses,
255 1451 35 15 om
305 1446 127 27 rymningen
450 1446 59 21 skett
524 1446 7 21 i
546 1446 100 27 krigstid.
