1009 1739
206 171 27 21 14

380 171 79 23 Ständ.
476 171 37 23 Sv.
530 184 26 3 —
573 172 69 27 Prop.
658 171 40 22 N:o
715 171 35 21 19.

344 280 34 21 8:o
393 280 69 27 Bevis,
486 281 118 27 utfärdadt
625 280 35 28 för
679 280 102 27 skeppare
795 281 14 21 å

394 315 224 28 landtmannafartyg
636 327 25 4 <<
671 327 133 4 ----------
842 329 28 2 —
895 317 15 20 15

343 349 33 21 9:o
390 349 70 27 Bevis,
483 349 36 28 för
542 349 122 28 besättning
680 349 14 21 å
708 349 50 26 dito,
775 349 35 27 för

393 384 74 28 hvarje
479 391 81 20 person
574 395 117 5 ---------
701 395 103 5 <<<
840 397 29 2 —
894 385 31 21 120

329 418 47 21 10:o
396 419 82 27 Utdrag
493 426 30 14 ur
537 418 271 28 kyrkostämmoprotokoll:

392 453 70 27 första
477 454 242 21 arket.=========sse
729 464 75 5 rerna
861 453 12 21 1
894 454 31 21 120]

386 488 73 21 andra
474 488 63 22 arket
551 488 37 21 och
603 487 75 28 hvarje
694 487 28 27 af
734 488 24 20 de
768 487 40 28 föl-

393 522 97 28 följande:
510 510 50 44 sista
572 534 2 4 «
587 534 44 4 sans
644 534 1 4 2
658 534 45 4 seen
727 510 31 44 KG
766 534 37 4 386
816 521 2 34 |
839 535 28 2 —
894 523 31 21 |80

382 579 73 22 Anm.
487 580 75 21 Lösen
584 580 94 28 erlägges
700 580 28 28 ej:
751 580 42 27 1:0)
814 580 35 28 för
863 580 64 29 betyg,

312 621 44 15 som
378 614 112 28 erfordras
512 614 36 28 för
570 614 78 22 elevers
663 614 119 28 intagning
796 615 9 21 i
821 614 108 36 läroverk:

309 649 45 27 2:0)
372 649 36 27 för
422 649 65 28 betyg,
503 649 117 27 utfärdadt
633 649 9 21 i
657 648 99 28 afseende
771 649 13 21 å
799 649 123 29 ansökning

310 690 34 14 om
366 684 72 21 nådår
461 685 58 20 samt
540 684 35 27 för
590 683 126 28 ansökning
730 691 33 13 om
779 684 36 21 och
831 684 98 27 lyftande

310 718 28 27 af
346 718 95 27 pension
456 718 52 21 eller
523 718 117 22 understöd
655 725 30 14 ur
700 718 115 22 allmänna
828 719 65 21 medel
900 718 28 22 el-

313 753 30 21 ler
358 752 55 28 från
424 753 92 27 publika
531 752 51 22 eller
598 752 98 22 enskilda
708 753 113 27 pensions-
837 753 37 21 och
886 760 42 14 un-

311 787 181 27 derstödskassor;
515 787 44 26 3:0)
582 787 36 27 för
632 787 66 28 betyg,
714 794 44 14 som
774 789 38 19 äro
827 787 102 28 behöfliga

311 821 36 28 för
369 822 74 28 sjukas
465 822 37 21 och
524 822 79 21 därars
624 822 120 28 intagning
764 822 9 21 i
788 822 90 28 sjukhus
893 822 36 21 och

312 856 224 27 därvärdsanstalter;
551 856 45 25 4:0)
611 856 36 27 för
662 856 65 28 betyg,
743 863 44 14 som
802 856 127 28 erfordrasi

312 890 103 26 ärenden,
438 890 74 22 hvilka
532 891 58 27 angä
604 890 136 28 värnepligt;
754 891 44 26 5:o)
813 890 35 28 för
863 890 65 28 betyg,

311 924 118 28 utfärdade
444 925 9 21 i
468 925 100 27 afseende
583 925 14 21 å
611 925 89 21 inträde
715 925 9 21 i
738 924 93 28 kapital-
848 925 36 21 och
893 925 36 27 lif-

312 959 172 21 ränteanstalter
498 959 52 21 eller
565 959 73 22 andra
647 958 107 23 likartade
764 959 163 28 inrättningar,

311 1000 45 14 som
380 993 45 27 afse
448 993 149 28 befrämjande
618 993 28 27 af
657 993 144 27 sparsamhet;
816 995 55 20 samt
886 994 42 27 6:0)

312 1027 28 28 af
352 1027 116 28 veterligen
483 1027 97 22 medellös
591 1034 88 21 person.

382 1061 76 27 Lösen,
487 1069 45 14 som
555 1062 68 27 enligt
644 1062 75 21 denna
743 1064 51 20 taxa
817 1062 110 27 uppbäres,

312 1096 56 21 skall
390 1096 140 29 ovilkorligen
553 1096 34 21 till
609 1096 93 27 beloppet
723 1097 14 21 å
756 1097 42 21 den
812 1097 116 28 utfärdade

312 1130 151 27 expeditionen
478 1131 125 22 antecknas.

379 1164 47 21 För
449 1165 120 28 tjenstresa,
592 1172 44 14 som
651 1166 62 25 prest
723 1165 31 27 på
767 1165 75 28 grund
856 1165 28 28 af
894 1172 32 15 ve-

310 1199 116 28 derbörligt
439 1199 149 28 förordnande
603 1199 127 21 verkställer
744 1201 59 20 utom
818 1207 51 21 egen
883 1200 44 27 för-

310 1233 100 28 samling,
434 1234 87 27 ätnjute
541 1233 46 22 han
600 1233 130 28 godtgörelse
746 1234 68 28 enligt
826 1234 102 28 gällande

310 1268 176 27 resereglemente.
