1009 1739
415 149 34 22 N:o
466 150 34 21 31.
799 150 12 20 9

81 218 56 21 skall
154 218 35 21 det
206 217 97 22 svåraste
318 218 23 21 af
356 217 89 22 straffen
462 218 59 23 eller,
538 224 34 15 om
588 218 27 21 de
626 220 37 19 äro
675 218 51 26 lika,
744 218 56 21 blott
810 219 32 20 ett

81 253 23 20 af
119 252 47 21 dem
183 252 95 27 ådömas,
296 254 56 19 samt
368 253 26 20 de
410 253 66 25 brott,
493 253 34 20 för
544 253 74 21 hvilka
634 253 105 21 särskildt
752 252 62 21 straff
823 252 17 27 ej

82 286 94 27 ålägges,
202 287 71 20 såsom
295 287 211 26 strafthöjningsskäl
531 287 61 26 gälla.
625 282 31 26 Är
676 287 70 26 någon
763 287 22 20 af
800 286 42 21 för-

82 320 136 27 brytelserna
234 321 77 26 belagd
327 321 48 21 med
392 321 67 21 sådan
479 321 89 27 påföljd,
589 327 46 15 som
651 322 7 20 i
674 321 25 28 $$
718 322 24 20 12
760 321 39 21 och
817 321 25 21 14

82 355 145 26 omförmäles,
244 361 50 16 vare
311 355 61 22 äfven
390 356 70 21 denna
475 355 83 27 påföljd
575 356 84 21 ådömd.

155 385 31 25 Är
202 396 25 15 en
243 390 102 26 handling
361 390 7 21 i
384 391 109 20 särskilda
510 390 116 21 afseenden
643 391 48 20 med
708 390 58 21 olika
781 389 63 22 straff

82 423 86 27 belagd,
184 430 50 14 vare
251 424 39 21 ock
306 425 34 25 lag
357 431 45 14 som
419 425 64 21 ofvan
499 427 71 24 säges.

428 499 12 27 8
456 500 34 20 22.

156 538 84 26 Utgöra
256 537 52 22 flera
322 538 117 26 brottsliga
455 540 137 26 handlingar,
608 540 54 21 hvar
672 539 34 21 för
716 539 38 26 sig,
772 538 70 22 skilda

82 572 149 28 förbrytelser,
256 573 54 21 skall
334 573 106 21 särskildt
463 580 79 14 ansvar
558 574 33 20 för
607 574 75 26 hvarje
697 574 66 25 brott,
780 572 62 22 äfven

84 612 34 16 om
142 607 86 21 brotten
252 609 36 19 äro
305 607 23 21 af
343 614 81 15 samma
444 608 53 26 slag,
515 608 95 27 åläggas,
627 608 55 21 dock
699 608 48 21 med
764 608 78 20 iaktta-

83 642 70 26 gande
169 641 22 21 af
207 642 55 21 hvad
278 642 7 21 i
301 642 24 27 $$
342 642 34 26 23,
392 643 34 25 24,
443 643 34 25 25,
494 644 27 20 26
539 643 39 21 och
594 644 26 20 27
638 642 148 22 föreskrifves.

430 717 12 27 8
458 718 34 20 23.

74 759 8 6 -
157 751 31 26 Är
203 756 70 27 nägon
289 757 32 21 till
338 757 120 21 dödsstraff
471 757 108 26 förfallen,
599 757 28 21 dä
647 757 61 21 skola
724 757 7 21 i
750 757 41 21 den
806 756 36 22 be-

85 790 112 27 straffining
220 791 43 21 alla
279 791 66 21 andra
366 792 66 26 straff,
450 792 34 21 till
503 792 74 21 hvilka
594 792 40 21 den
650 792 99 20 sakfälde
763 790 80 28 jemväl

84 824 42 22 kan
142 825 64 21 hafva
224 826 57 26 gjort
296 826 33 26 sig
346 826 106 26 förfallen,
470 832 64 15 anses
550 826 135 27 inbegripna.

156 859 11 21 I
190 860 154 21 tukthusstraff
364 860 28 27 pä
415 860 70 21 lifstid
509 861 53 21 böra
574 860 81 27 jemväl
674 860 103 26 fängelse,
794 859 48 21 ord-

85 894 127 26 ningsstraff
226 894 39 22 och
281 894 61 22 böter
357 895 133 27 inbegripas.

431 963 11 28 8
459 964 34 20 24.

157 1003 46 20 Har
219 1003 70 26 någon
305 1003 34 20 för
354 1003 72 21 skilda
441 1001 61 23 Brott
518 1003 58 27 gjort
587 1003 33 27 sig
630 1003 101 21 förfallen
743 1003 32 20 till
785 1003 58 21 tukt-

85 1037 47 21 hus
142 1037 28 27 pä
185 1037 43 21 viss
246 1037 31 21 tid
292 1037 52 22 eller
360 1038 34 21 till
410 1038 108 27 fängelse;
536 1037 27 22 dä
578 1038 40 26 mä,
635 1038 35 21 vid
688 1037 156 27 sammanlägg-

85 1071 52 27 ning
153 1071 23 22 af
192 1071 94 27 straffen,
302 1072 78 21 allmän
397 1072 35 27 lag
449 1072 117 27 tillämpas.

432 1141 11 27 8
460 1141 34 21 25.

158 1181 46 20 Har
219 1181 70 26 nägon
305 1181 33 20 för
354 1181 71 20 skilda
442 1181 60 20 brott
518 1181 58 26 gjort
587 1181 33 26 sig
630 1181 101 20 förfallen
740 1180 33 21 till
782 1180 62 21 enkel

86 1216 79 24 arrest;
184 1215 26 20 dä
225 1215 39 24 mä,
280 1215 36 20 vid
332 1215 201 26 sammanläggning
550 1215 22 21 af
586 1215 94 26 straften,
693 1214 59 22 tiden
764 1214 33 21 för
809 1214 36 21 det

86 1249 22 20 af
123 1249 54 26 dem,
194 1255 45 14 som
256 1249 72 26 längst
344 1251 29 23 är,
390 1250 54 20 eller
460 1255 35 15 om
512 1250 59 20 tiden
587 1249 34 21 för
639 1249 107 21 hvardera
762 1248 84 21 straffet

86 1285 24 19 är
126 1283 44 21 lika
185 1283 58 27 längy
258 1283 69 22 denna
343 1284 31 21 tid
390 1284 18 27 ej
421 1284 149 21 öfverskridas
583 1284 47 21 med
642 1290 45 15 mer
701 1286 27 19 än
739 1284 30 20 tio
782 1283 62 27 dygn.

85 1317 95 26 Utgöres
198 1317 82 21 straffet
296 1317 22 22 af
332 1318 122 21 hemarrest
470 1318 54 21 eller
543 1318 129 25 vaktarrest,
689 1317 33 22 fär
738 1317 35 21 vid
790 1323 55 15 sam-

86 1352 152 26 manläggning
255 1352 57 21 tiden
330 1353 18 26 ej
365 1352 149 21 öfverskridas
530 1353 48 20 med
595 1359 45 14 mer
655 1354 26 19 än
695 1352 75 21 trettio
782 1351 63 27 dygn.

159 1386 41 21 Vid
216 1387 200 26 sammanläggning
432 1387 22 20 af
469 1387 78 26 skärpt
562 1388 77 23 arrest,
656 1386 35 21 mä
707 1386 6 20 i
728 1385 70 27 dylikt
808 1385 38 21 fall

85 1421 131 20 arresttiden
233 1421 18 26 ej
268 1421 123 20 utsträckas
408 1421 33 20 till
458 1427 46 14 mer
520 1423 27 18 än
563 1420 47 27 fyra
631 1421 56 26 dygn
704 1419 85 22 utöfver
806 1420 40 21 den

84 1453 34 21 för
142 1454 74 26 hvarje
240 1454 60 21 brott
315 1453 117 22 faststälda
448 1455 67 25 tiden,
532 1461 34 14 om
583 1455 124 20 densamma
724 1455 24 19 är
764 1453 23 21 af
802 1454 43 21 lika
