1011 1620
285 99 26 24 U.
327 100 27 23 B.
370 112 27 3 —
412 99 72 30 Prop.
498 100 41 23 N:o
553 100 21 23 3.
758 100 14 21 7

253 164 80 20 sädant
354 162 55 22 skett
425 163 54 21 dock
494 164 105 26 oräknad,
614 164 10 21 i
639 164 52 28 laga
705 164 96 27 ordning

253 196 99 30 ingifvas
368 198 105 27 antingen
488 198 36 21 till
538 198 239 29 registratorskontoret
792 198 9 20 i

257 232 102 21 Senatens
377 231 42 28 för
441 232 100 21 Finland
563 232 238 28 Justitiedepartement

255 267 52 21 eller
329 266 39 21 ock
390 266 36 21 till
450 266 147 27 Guvernören,
620 268 9 20 i
644 267 85 21 hvilken
750 267 51 21 sist-

255 301 97 21 nämnda
374 300 103 22 händelse
504 300 142 22 Guvernören
668 304 53 25 äger
742 301 60 27 öfver

256 335 101 21 besvären
372 335 106 27 infordra
492 336 170 21 vederbörandes
672 335 131 27 förklaring

255 372 56 19 samt
327 370 93 26 derefter
436 370 68 28 jemte
518 373 46 25 eget
576 370 114 21 utlåtande
701 369 101 28 befordra

257 404 101 21 besvären
374 404 38 21 och
428 405 36 20 till
478 404 66 22 saken
559 404 97 21 hörande
668 404 135 27 handlingar

256 439 36 21 till
306 439 96 21 nämnda
417 439 161 28 Departement.

498 504 15 25 $
528 504 33 21 10.

328 548 125 21 Kostnaden
462 548 36 24 för
505 549 144 27 lösdrifvares
657 547 147 29 befordrande

258 583 35 21 till
316 583 151 21 Guvernörens
492 583 130 28 behandling
644 583 53 22 eller
717 582 88 26 försän-

259 617 72 22 dande
348 617 36 21 till
405 617 114 26 hemorten,
537 617 37 22 bör
588 618 117 28 godtgöras
721 616 30 28 af
762 617 43 21 lös-

259 652 115 27 drifvaren
388 653 74 20 såvidt
477 653 93 27 tillgång
587 653 75 20 dertill
672 652 81 27 finnes.

327 686 43 21 Det
386 687 129 21 tillkommer
535 687 138 21 Guvernören
691 687 9 20 i
717 687 34 20 det
769 686 37 20 län

261 721 90 21 hvartill
360 728 109 20 personen
485 721 64 21 hörer
563 724 33 19 att
606 721 73 22 derom
687 720 119 28 förordna.

507 779 14 27 $
536 781 34 19 11.

331 824 75 21 Skulle
422 824 74 22 sådan
513 824 137 28 förändring
665 823 94 28 inträffa
774 823 33 21 uti

262 866 26 14 en
304 859 35 21 till
351 859 95 21 allmänt
461 858 72 22 arbete
548 859 53 21 eller
611 858 197 27 arbetsinrättning

263 894 67 27 enligt
345 893 73 21 äenna
428 893 138 28 förordning
582 893 63 21 dömd
659 899 92 21 persons
768 892 39 20 vil-

262 928 46 25 kor,
323 930 33 19 att
370 928 44 21 han
437 928 129 28 antagligen
587 928 44 21 icke
653 928 76 21 vidare
751 927 56 20 låter

263 962 125 29 lösdrifveri
398 962 86 22 komma
499 963 33 27 sig
548 963 35 20 till
593 962 43 21 last
646 962 51 21 eller
707 961 46 21 icke
763 968 45 14 mer

261 1000 27 18 är
297 997 41 28 för
353 997 115 21 allmänna
483 996 125 22 säkerheten
622 997 75 27 vådlig
715 996 38 21 bör
763 995 44 21 han

260 1034 77 26 genast
350 1031 119 28 frigifvas,
488 1038 48 14 men
551 1032 20 27 ej
586 1032 35 20 må
636 1031 80 21 sådant
725 1029 83 29 frigif-

261 1066 68 21 vande
347 1070 42 23 äga
405 1072 49 14 rum
470 1066 77 20 endast
558 1066 32 27 på
604 1065 72 28 grund
691 1064 30 27 af
731 1064 77 21 honom

261 1100 75 28 gjordt
351 1100 74 21 anbud
440 1106 34 15 om
490 1100 70 28 tjenst,
575 1100 39 21 der
624 1100 21 28 ej
662 1099 145 25 Guvernören,

262 1134 54 25 efter
339 1134 163 21 vederbörande
518 1134 67 27 polis-
604 1134 52 21 eller
674 1132 133 22 kommunal-

261 1168 135 29 myndighets
407 1168 104 26 hörande,
518 1168 75 28 finner
603 1168 80 28 skäligt
690 1167 119 29 godkänna

262 1203 100 21 anbudet.

505 1260 16 28 $
536 1261 32 21 12.

331 1305 56 26 Den,
404 1312 46 14 som
473 1305 63 29 hyser
559 1304 136 29 lösdrifvare,
713 1304 42 28 för
777 1305 32 20 att

263 1340 75 22 honom
349 1340 67 28 dölja,
432 1340 48 21 böte
496 1341 62 27 tjugu
572 1340 70 26 mark,
653 1340 34 21 till
691 1340 63 28 jemn
765 1338 44 21 del-

263 1376 54 26 ning
329 1375 91 21 emellan
436 1374 132 28 angifvaren
583 1374 39 22 och
636 1375 26 20 de
678 1374 85 27 fattige.

331 1409 94 21 Förmär
441 1410 43 20 den
500 1409 99 27 sakfälde
618 1408 44 22 icke
675 1408 86 21 sådana
777 1408 33 20 bö-

263 1448 32 18 ter
309 1444 67 28 gälda
390 1444 63 21 skola
476 1444 28 22 de
521 1443 133 27 förvandlas
664 1443 35 21 till
708 1442 104 28 fängelse
