1023 1620
310 107 22 23 U.
350 106 22 23 B.
388 118 31 6 —
435 107 61 30 Prop.
515 107 37 23 N:o
568 108 21 23 2.
775 105 26 22 13

69 165 45 20 För
129 164 41 21 den
192 164 112 28 ympning,
326 165 125 20 vaccinatör
473 164 128 21 verkställer
620 165 37 20 vid
672 166 83 19 utsatta
769 169 63 22 ymp-

69 199 141 27 ningsmöten,
232 199 36 20 må
288 199 71 27 någon
376 199 123 27 ersättning
514 199 21 26 ej
551 198 126 27 utkräfvas;
695 205 46 14 men
757 197 73 21 kallas

69 232 44 21 han
128 235 33 18 att
182 233 36 20 vid
241 235 69 18 annat
333 232 92 24 tillfälle
438 232 105 27 förrätta
557 233 113 28 ympning,
687 233 96 27 erlägges
798 237 32 15 er-

70 267 98 28 sättning
183 267 68 28 enligt
266 266 220 27 öfverenskommelse.

300 301 70 22 Slutet
384 301 22 22 af
422 301 12 28 &
451 301 145 22 oförändradt.

423 364 16 27 $
454 365 20 20 4.

139 404 130 26 Föräldrar,
286 403 192 27 fosterföräldrar
500 404 39 20 och
564 405 107 20 mälsmän
695 404 85 26 äligger
799 404 33 18 att

71 439 45 20 låta
133 438 46 21 med
193 438 165 28 skyddskoppor
371 445 67 21 ympa
454 438 26 21 de
496 439 7 20 i
518 438 64 22 deras
599 438 54 21 vård
667 437 96 22 varande
778 436 53 21 barn

70 473 68 20 innan
160 472 62 22 dessa
244 473 94 27 uppnätt
361 473 35 21 tvä
419 473 38 21 ärs
480 472 70 27 älder,
573 472 96 27 säframt
692 471 46 22 icke
752 470 80 29 giltiga

70 507 48 21 skäl
134 507 34 21 till
183 507 142 28 ympningens
340 506 165 28 uppskjutande
514 507 132 27 förefinnas.

272 541 74 21 Andra
361 541 113 27 meningen
490 541 135 22 oförändrad.

140 575 62 21 Från
217 575 148 28 skyldigheten
380 578 34 18 att
430 576 98 28 undergå
544 576 137 20 vaccination
691 574 110 28 frikallas
811 573 23 28 ej

71 610 84 20 mindre
170 610 47 24 den,
238 616 44 15 som
298 610 115 27 bevisligen
428 611 126 27 genomgått
569 610 97 28 verkliga
681 608 151 28 smittkoppor,

72 646 28 18 än
116 644 47 24 den,
178 644 85 21 hvilken
283 644 68 21 under
367 646 32 18 tre
410 645 33 27 på
459 644 127 22 hvarandra
595 644 109 28 följande
718 644 26 20 år
760 641 73 27 blifvit

72 678 133 25 vaccinerad,
228 679 66 20 minst
309 679 35 20 två
363 679 84 27 gånger
461 678 55 25 från
531 686 48 14 arm
597 679 34 21 till
646 686 55 19 arm,
717 684 46 14 men
778 678 54 19 utan

68 712 98 28 påföljd,
186 712 38 22 och
239 713 94 21 sålunda
349 714 35 20 må
400 716 96 25 antagas
512 714 137 27 oemottaglig
659 712 43 28 för
717 712 81 21 vaccin.

424 776 16 27 $
456 777 20 19 5.

201 815 77 21 Första
293 815 39 22 och
348 815 67 22 andra
430 815 115 28 meningen
560 815 147 22 oförändrade.

145 849 129 28 Ogranskad
290 851 26 19 är
331 852 33 19 att
378 850 73 21 säsom
469 850 45 21 icke
529 850 129 21 vaccinerad
673 855 63 16 anses
747 847 39 22 och
797 847 39 21 bör

67 883 65 28 förty
148 884 55 27 ånyo
219 883 143 22 underkastas
379 885 115 27 ympning,
510 885 71 20 derest
596 885 21 27 ej
632 884 88 21 utredas
736 883 50 26 kan,
802 884 33 19 att

73 919 161 20 vaccinationen
251 918 94 27 tidigare
359 918 56 21 skett
430 919 48 20 med
488 918 131 29 framgång.

426 981 16 28 $
458 983 22 20 6.

141 1021 31 27 Ej
194 1021 34 20 mä
252 1021 72 27 nägon
341 1020 114 28 förvägra
479 1022 125 20 vaccinatör
627 1024 31 18 att
679 1021 36 21 till
729 1019 107 29 ympning

73 1058 50 25 taga
139 1055 52 21 eller
206 1055 115 28 uppsamla.
336 1055 76 21 vaccin
427 1055 56 26 från
500 1055 29 27 af
541 1056 68 21 denne
625 1055 116 28 inympade
752 1054 83 21 vaccin-

72 1089 94 27 koppor;
182 1089 54 21 dock
252 1089 37 22 bör
304 1090 66 21 minst
385 1097 27 14 en
427 1089 74 28 koppa
517 1091 13 20 &
547 1097 74 14 armen
637 1091 82 20 lemnas
735 1087 71 22 orörd.

428 1153 16 27 $
454 1138 26 46 7.

382 1191 143 23 Oförändrad.

428 1255 16 27 $
460 1256 20 20 8.

146 1293 128 22 Underläter
296 1294 72 28 någon
392 1294 32 27 af
438 1294 131 27 föräldrar,
579 1292 191 29 fosterföräldrar
786 1291 52 21 eller

74 1329 114 26 mälsmän,
210 1328 73 21 hvilka
306 1328 68 27 hafva
398 1328 155 22 ovaccineradt
573 1328 54 21 barn
651 1328 8 20 i
676 1328 35 20 sin
727 1326 63 26 värd,
805 1328 33 19 att

74 1363 58 21 inom
155 1363 35 21 tvä
208 1363 27 20 är
250 1362 55 28 efter
320 1362 88 22 barnets
418 1362 92 27 födelse
525 1363 46 21 läta
589 1362 117 21 detsamma
723 1360 115 22 vaccinera

74 1398 52 20 eller
140 1396 122 22 uraktläter
276 1403 76 14 annan
367 1396 240 28 vaccinationsskyldig
618 1398 32 19 att
661 1395 133 22 underkasta
804 1394 35 28 sig

73 1431 143 27 vaccinering,
226 1430 117 28 förelägge
358 1430 213 22 kommunalnämnd
583 1431 32 27 pä
631 1430 74 21 landet
720 1431 58 19 samt
793 1435 46 15 ma-

136 1470 193 17 Ekonomiutskottets
342 1469 121 19 betänkande
475 1470 38 18 N:o
525 1470 18 17 2.
