1025 1620
281 103 82 24 Ständ.
378 104 37 23 Sv.
430 117 27 7 —
472 105 72 28 Prop.
559 105 42 23 N:o
615 105 91 33 15.
793 108 13 19 5

90 166 108 26 omfattas,
217 165 64 22 hafva
301 165 121 23 Ständerna
444 169 70 19 ansett
536 166 55 23 böra
611 167 130 23 inskränkas
760 169 33 21 till
808 175 28 15 er

90 200 48 21 half
150 199 134 28 gvadratmil.

156 234 11 20 I
181 235 11 26 &
208 235 24 20 11
249 233 39 22 har
303 235 61 20 ordet
381 234 77 21 »först>
475 235 82 27 utbytts
573 237 57 20 emot
645 237 67 20 orden
730 236 57 22 »före
802 235 32 23 öf-

90 268 45 27 rige
150 267 115 26 sökande»,
289 269 52 20 enär
363 269 36 20 det
418 269 66 21 oftast
498 270 62 20 torde
575 276 52 15 vara
641 270 98 27 omöjligt
753 273 33 19 att
801 273 33 19 ut-

90 302 52 21 reda
156 301 24 22 af
192 301 63 22 hvem
270 309 26 14 en
311 302 111 27 fyndighet
437 303 55 22 allra
506 303 54 22 först
574 304 124 27 upptäckts.

158 336 29 21 Ur
202 338 11 25 $
227 337 28 20 12
269 336 39 21 har
323 337 61 20 ordet
400 337 173 26 »derförinnan»,
589 345 45 14 som
649 345 63 21 synes
726 339 64 22 hafva
802 339 32 21 in-

89 369 89 22 kommit
192 370 24 21 af
228 370 140 27 förbiseende,
390 371 115 26 uteslutits,
521 372 109 22 äfvensom
642 374 65 21 -ordet
726 375 83 26 »göress
827 373 7 21 i

89 410 81 15 samma
185 406 10 25 $
210 405 81 27 utbytts
306 407 44 19 mot
365 406 60 20 ordet
443 406 98 27 »gjorts»,
558 408 53 19 enär
625 406 100 22 klandret
740 408 93 22 nödvän-

90 438 76 28 digtvis
186 439 67 21 mäste
276 439 65 21 hafva
362 440 66 27 gjorts
443 440 91 27 tidigare
549 442 28 20 än
592 440 131 22 klandraren
737 441 44 22 kan
795 441 39 22 hos

88 474 132 26 guvernören
235 472 53 22 söka
303 474 36 20 det
354 474 7 20 i
376 474 128 27 paragrafen
519 474 142 23 omförmälda
674 476 86 22 förbud.

157 508 65 27 Till
214 504 17 37 $
239 508 25 21 13
286 508 39 22 har
347 508 70 28 fogats
440 510 30 20 ett
493 511 46 25 nytt
561 512 102 24 moment,
679 511 153 22 innehällande

89 542 135 27 bestämning
247 543 72 21 derom
334 544 32 20 att
380 543 205 28 inmutningsrätten
600 544 33 22 till
647 545 164 28 guldfyndighet
824 546 8 20 i

88 576 46 22 lösa
147 576 108 28 jordlager
270 578 24 20 är
308 578 120 26 förverkad,
448 579 25 20 sä
487 581 60 19 snart
562 580 42 20 den
619 579 24 21 af
656 579 105 22 Senatens
776 580 56 22 Eko-

89 611 228 29 nomie-departement
340 613 66 27 enligt
421 614 10 26 $
447 614 11 20 1
475 615 82 20 utsatta
571 614 33 21 tid
618 614 33 21 för
666 614 129 28 erläggande
810 614 24 22 af

89 649 91 27 stadgad
195 648 61 27 afgift
271 648 33 21 för
318 648 90 20 utmälet
422 647 114 22 försuttits.

156 682 46 22 Den
218 683 8 21 i
241 684 10 25 &
266 683 27 21 14
308 682 122 27 föreslagna
445 683 91 27 omgång
551 682 24 22 af
589 682 80 22 dubbla
682 683 150 27 anmälningar

88 716 50 22 utaf
150 716 115 22 mutsedels
280 717 145 21 öfverlätande
439 717 65 22 hafva
519 717 122 21 Ständerna
654 720 72 18 ansett
736 717 97 27 vidlyftig

89 751 40 21 och
144 751 116 27 lämpligen
275 751 74 21 kunna
364 752 127 21 inskränkas
506 752 32 20 till
553 758 27 14 en
596 752 56 20 enda
662 752 108 26 anmälan,
780 751 53 22 hvil-

90 785 42 21 ken
154 785 65 21 borde
235 786 7 20 i
257 785 141 22 föreskrifven
420 786 90 27 ordning
532 786 37 21 ske
584 786 37 21 vid
635 786 105 27 äfventyr,
755 788 32 19 att
802 786 30 21 öf-

89 819 126 22 verlätelsen
230 819 61 27 eljest
305 827 51 14 vore
371 820 62 27 ogild.
456 820 108 27 Derjemte
579 819 66 23 hafva
654 819 122 22 Ständerna
784 820 48 21 icke

89 853 71 21 funnit
181 853 47 21 skäl
250 853 99 28 förbjuda
371 854 129 27 bruksegare
522 854 51 21 eller
591 861 73 14 annan
678 854 107 21 inmutare
800 856 32 19 att

90 887 103 23 öfverlåta
215 888 110 26 mutsedel,
350 889 75 20 endast
448 889 41 20 den
504 895 84 21 person,
604 889 23 20 ät
641 888 87 22 hvilken
743 888 89 22 öfverlä-

89 923 53 22 telse
157 923 54 26 sker,
227 925 24 20 är
265 924 24 21 sä
304 923 143 28 gvalificerad,
462 925 33 20 att
509 923 43 21 han
567 924 24 20 är
606 923 122 27 berättigad
742 925 32 19 att
785 922 51 28 sjelf

89 958 90 22 utverka
193 958 32 27 sig
240 958 111 22 mutsedel.
374 958 122 21 Ständerna
510 957 64 22 hafva
589 957 84 22 derföre
682 957 72 28 utbytt
764 957 68 27 tredje

89 999 62 14 mom.
162 992 7 21 i
179 993 72 20 denna
261 993 103 26 paragraf
372 995 56 18 emot
438 994 31 19 ett
479 994 66 19 annat
555 992 8 21 i
573 993 76 26 antydt
660 991 54 28 syfte
726 991 106 22 affattadt.

157 1026 42 21 Det
213 1026 7 21 i
235 1028 11 25 8
261 1027 27 20 16
303 1027 105 26 ingående
424 1027 118 26 stadgande
557 1026 65 22 hafva
631 1026 122 21 Ständerna
762 1028 71 19 ansett

90 1062 53 21 böra
164 1061 121 21 utsträckas
304 1061 81 27 jemväl
399 1061 33 21 till
446 1062 42 20 den
502 1061 68 26 mark,
585 1067 46 15 som
646 1060 67 27 enligt
727 1061 11 26 $
752 1061 27 20 15
794 1059 41 22 hör

90 1096 34 21 till
137 1096 106 21 inmutare
258 1095 108 28 upplätas,
382 1097 54 20 samt
450 1095 34 21 till
494 1095 194 27 vattenledningar,
698 1101 46 15 som
754 1095 36 20 äro
800 1093 34 22 för

91 1130 84 28 grufve-
191 1131 50 20 eller
255 1130 190 28 vaskningsarbete
461 1130 84 27 nödiga.

157 1165 96 21 Emedan
268 1165 121 21 Ständerna
404 1167 70 19 ansett
490 1165 36 20 det
541 1171 52 15 vara
607 1163 25 22 af
645 1164 82 21 mindre
742 1163 44 28 vigt
801 1165 32 20 att

90 1201 113 25 inmutare,
225 1207 45 13 som
285 1200 68 20 under
368 1206 75 14 senare
458 1199 81 21 hälften
555 1198 24 22 af
591 1200 31 19 ett
638 1199 24 20 är
676 1198 111 21 förskaffat
801 1198 32 27 sig

90 1234 111 26 mutsedel,
217 1236 58 19 ännu
289 1235 69 20 under
373 1240 81 14 samma
469 1234 24 20 är
508 1233 65 21 borde
588 1232 91 28 påbörja
694 1232 72 22 arbete
782 1232 54 21 äin-

91 1270 74 20 mutad
179 1268 117 28 fyndighet,
307 1274 48 16 men
366 1270 32 19 ett
408 1268 117 27 stadgande
536 1267 75 22 härom
621 1268 98 28 deremot
727 1268 107 25 stundom,

91 1303 128 28 exempelvis
241 1311 34 15 om
297 1303 105 23 mutsedel
423 1304 89 27 uttagits
535 1304 69 20 under
618 1303 72 26 nägon
705 1301 25 22 af
742 1302 26 20 de
783 1301 53 21 sista

91 1340 94 26 dagarne
206 1339 49 21 utaf
273 1340 53 25 äret,
348 1339 72 21 kunde
441 1338 33 22 för
494 1338 122 21 inmutaren
631 1336 96 22 medföra
741 1334 95 28 betydlig

91 1373 113 27 olägenhet
219 1373 40 21 och
273 1373 100 25 kostnad,
388 1372 64 22 hafva
466 1372 121 22 Ständerna
602 1372 79 20 ändrat
696 1370 66 22 första
772 1376 62 14 mom.

91 1406 25 22 af
128 1408 11 26 &
155 1408 26 20 18
195 1408 88 25 derhän,
299 1410 32 18 att
346 1407 69 21 första
423 1407 118 21 arbetsäret
555 1406 8 21 i
578 1405 92 22 anförda
680 1404 38 22 fall
726 1404 66 22 borde
802 1403 33 22 be-

90 1441 81 21 räknas
185 1442 48 21 frän
247 1442 76 28 början
339 1441 25 22 af
375 1441 125 28 päföljande
515 1440 134 22 kalenderär.
679 1439 77 21 Vidare
771 1437 65 23 hafva
