1009 1620
248 107 79 24 Ständ.
344 107 37 23 Sv.
397 119 28 4 —
440 107 73 28 Prop.
528 108 41 22 N:o
584 107 21 22 4.
763 107 12 20 3

51 173 108 21 försvårar
181 171 148 22 straffmåttets
352 171 164 20 bestämmande
534 170 8 21 i
557 171 36 20 det
616 170 99 21 enskilda
737 169 66 22 fallet.

52 207 46 21 Den
114 207 90 21 relativa
219 205 167 22 straffbarheten
401 205 36 21 vid
453 207 31 19 ett
500 204 69 28 dylikt
584 205 38 21 fall
637 205 44 21 kan
697 204 107 27 nämligen

52 242 68 21 sällan
136 242 88 20 utrönas
239 247 77 21 genom
329 239 126 28 jemförelse
470 241 50 20 med
535 241 69 20 andra
618 240 59 21 inom
693 240 112 21 domarens

52 276 123 21 erfarenhet
192 275 101 28 liggande
313 275 38 21 fall
371 275 24 20 af
409 281 83 15 samma
508 275 57 27 slags
582 275 63 25 brott,
661 274 40 21 och
717 276 30 19 ett
763 273 42 22 fast

51 310 111 22 rättsbruk
185 310 44 21 kan
250 310 91 21 sålunda
355 309 8 21 i
378 309 54 21 brist
447 310 30 27 på
492 309 125 28 prejudikat
632 309 47 21 icke
695 309 36 21 vid
746 309 59 20 dom-

51 345 95 21 stolarne
168 345 139 27 uppkomma.
338 344 29 21 Så
381 344 58 27 höga
461 344 226 27 straffbestämningar
708 343 33 21 för
755 342 50 21 ifrå-

51 380 124 27 gavarande
197 379 66 26 brott,
286 386 45 14 som
354 379 26 21 de
395 379 8 20 i
419 379 164 27 propositionen
598 378 130 27 föreslagna,
744 377 61 21 torde

51 414 47 21 icke
118 414 67 21 heller
207 413 110 27 uppbäras
331 413 25 21 af
369 414 210 21 rättsmedvetandet
594 412 39 22 hos
649 412 84 28 menige
748 418 57 18 man,

51 448 87 22 hvartill
153 449 42 20 den
211 447 159 27 omständighet
385 448 7 20 i
408 448 73 26 någon
495 448 51 21 mån
561 448 107 26 bidrager,
683 449 33 19 att
730 446 76 21 skade-

50 483 84 27 görelse
156 484 13 20 å
191 482 57 22 fasta
270 482 169 27 fornlemningar
462 482 78 21 hittills
562 482 55 22 varit
640 483 24 20 så
685 482 53 27 godt
759 488 46 14 som

51 517 99 22 strafflös.

118 552 47 21 Den
180 552 8 20 i
203 551 161 21 slutmomentet
379 551 24 21 af
417 553 10 25 $
443 552 14 20 8
473 552 108 27 ingående
596 551 143 27 bestämning,
755 550 50 22 att
793 546 15 38 i

51 587 96 26 offentlig
162 586 101 28 byggnad
277 586 127 27 förefintligt
420 587 76 27 rörligt
512 587 53 26 gods
580 587 25 21 af
617 586 112 21 historiskt
739 586 66 21 värde

51 621 18 27 ej
86 621 34 21 får
134 623 54 19 utan
203 621 156 27 Arkeologiska
373 621 182 21 kommissionens
571 619 108 30 samtycke
695 621 110 27 föryttras,

50 663 52 14 anse
125 656 122 21 Ständerna
268 655 106 22 innebära
399 662 27 15 en
448 655 159 23 vidsträcktare
629 655 129 28 befogenhet
773 655 33 20 för

50 691 96 20 nämnda
160 690 151 26 Kommission,
327 691 28 20 än
371 690 79 21 sakens
466 690 149 22 beskaffenhet
630 690 105 27 påkallar.
756 689 50 21 Med

51 725 103 21 afseende
168 725 54 21 härå
237 725 66 21 hafva
317 724 123 22 Ständerna
455 725 115 21 förändrat
584 727 118 19 momentet
717 724 89 25 derhän,

51 761 31 20 att
107 759 114 28 föryttring
237 759 24 21 af
274 760 68 20 sådan
365 760 106 27 egendom
487 760 20 27 ej
523 761 36 20 må
574 759 37 22 ske
626 762 54 19 utan
695 761 32 20 att
742 759 65 20 Kom-

51 794 116 20 missionen
190 793 70 22 blifvit
283 795 73 19 derom
379 795 145 20 underrättad
547 794 46 26 och,
613 795 38 20 der
671 795 42 21 den
728 794 79 20 sådant

51 828 69 26 äskat,
144 828 41 21 fått
207 828 76 26 inlösa,
306 828 83 22 afbilda
404 828 53 22 eller
472 828 103 22 afteckna
590 830 37 20 det
641 829 166 27 ifrågavarande

50 862 118 22 föremålet.
199 862 114 22 Dessutom
336 862 65 22 hafva
421 863 125 22 Ständerna
561 864 33 20 till
609 864 160 28 förebyggande
785 862 24 21 af

51 898 42 20 den
115 897 200 27 missuppfattning,
338 899 33 19 att
393 898 151 28 Kyrkolagens
567 899 119 27 stadgande
705 898 8 20 i
733 899 11 25 $
766 897 40 21 105

51 932 79 25 derom,
147 934 33 18 att
195 931 68 28 kyrka
279 932 109 27 tillhöriga
398 932 97 22 forntida
507 933 173 21 minnesmärken
691 933 18 27 ej
721 932 22 21 få
753 933 54 19 utan

51 966 154 28 domkapitlets
228 966 109 28 samtycke
360 966 107 28 försäljas,
489 975 52 14 vore
563 974 78 20 genom
657 975 29 14 nu
701 967 105 27 ifrågava-

51 1002 67 20 rande
140 1001 129 27 författning
292 1002 99 25 ändradt,
411 1004 74 19 ansett
501 1002 33 28 sig
549 1002 53 22 böra
617 1003 7 20 i
639 1004 11 25 $
665 1003 14 20 8
693 1001 72 21 införa
781 1008 26 14 en

50 1035 129 27 hänvisning
195 1036 33 20 till
244 1036 95 21 nämnda
354 1037 121 26 stadgande
491 1037 7 21 i
515 1037 142 27 Kyrkolagen.

120 1070 105 27 Slutligen
241 1070 64 22 hafva
321 1070 124 22 Ständerna
460 1074 55 19 trott
531 1072 31 27 sig
573 1072 52 21 böra
636 1072 69 20 under
715 1070 93 22 särskild

50 1106 11 25 8
76 1106 99 26 upptaga
197 1107 32 19 ett
250 1106 126 26 stadgande,
398 1106 84 21 hvilket
505 1106 48 22 icke
571 1108 53 20 utan
639 1106 84 21 känbar
739 1104 69 22 skada

50 1138 34 22 för
98 1139 148 27 vetenskapen
262 1140 61 20 torde
339 1140 74 21 kunna
429 1141 7 20 i
451 1140 106 28 förslaget
572 1142 114 20 undvaras.
711 1140 42 20 Det
768 1138 39 28 gif-

50 1180 36 14 ves
102 1174 31 20 ett
149 1173 46 27 slag
210 1174 25 21 af
249 1174 96 22 forntida
367 1175 184 27 minnesmärken,
574 1183 45 14 som
641 1176 84 26 strängt
748 1175 60 25 taget

50 1208 48 21 icke
120 1207 62 22 faller
204 1208 59 21 inom
281 1210 126 26 någondera
422 1210 25 21 af
461 1212 27 19 de
503 1211 8 20 i
526 1212 23 25 $$
564 1211 12 20 1
593 1210 40 22 och
648 1211 13 20 8
676 1209 133 22 definierade

51 1242 111 21 klasserna
186 1243 40 20 och
249 1250 46 14 som
317 1243 66 22 likväl
399 1244 7 21 i
421 1244 44 27 hög
488 1246 54 26 grad
558 1246 23 19 är
596 1245 7 20 i
618 1245 67 21 behof
698 1243 24 22 af
735 1243 74 27 lagens

51 1277 75 27 skydd,
142 1277 108 27 nämligen
267 1277 111 22 inskrifter
394 1281 57 19 samt
467 1280 122 27 målningar
605 1280 39 20 och
659 1279 70 27 öfriga
745 1278 64 27 pryd-

51 1312 74 25 nader,
142 1312 107 27 anbragta
265 1313 13 20 å
293 1312 37 21 tak
346 1313 52 21 eller
413 1315 83 25 väggar
512 1314 25 21 af
549 1314 79 28 kyrkor
643 1314 40 21 och
699 1313 69 22 andra
779 1312 30 21 of-

50 1345 91 27 fentliga
163 1346 134 27 byggnader,
314 1346 73 22 hvilka
402 1347 79 28 sjelfva
496 1348 48 21 icke
559 1348 74 21 kunna
647 1347 113 22 betraktas
777 1346 32 21 så-

51 1386 45 14 som
119 1380 177 28 fornlemningar.
327 1381 74 27 Enligt
424 1382 135 22 Ständernas
581 1382 66 22 tanke
669 1382 55 21 böra
747 1382 62 20 dessa

50 1413 90 22 föremål
162 1415 75 21 ställas
261 1416 69 20 under
351 1416 76 27 lagens
442 1416 59 28 hägn
518 1418 29 26 på
562 1417 149 27 ungefärligen
727 1423 84 14 samma

50 1448 44 21 sätt
117 1455 45 15 som
182 1450 26 20 de
231 1450 47 21 lösa
300 1450 153 22 fornminnena
469 1452 42 20 och
526 1451 82 22 således
624 1452 18 27 ej
659 1452 22 21 få
696 1451 115 21 förändras
