1034 1623
349 95 20 20 U.
384 95 20 20 B.
419 107 29 3 —
462 96 57 24 Prop.
535 96 31 19 N:o
581 95 30 21 12.
819 95 12 20 9

97 161 107 22 hvardera
226 160 82 22 inledas
332 159 23 22 af
375 167 27 15 en
423 160 120 28 förklaring
561 162 33 20 att
617 161 60 21 Hans
693 160 104 28 Majestät
811 159 50 22 lätit

98 195 40 22 hos
154 195 33 26 sig
201 195 85 21 komma
302 195 6 21 i
324 194 158 28 öfvervägande
499 195 69 26 ,huru
583 195 41 22 och
638 195 29 28 pä
682 195 57 21 hvad
749 197 51 24 sätt,
810 194 49 23 med

97 229 128 23 förvarande
241 229 12 22 å
268 235 40 16 ena
324 229 60 22 sidan
400 229 23 22 af
436 230 147 22 krono&boers
599 232 46 19 rätt
660 229 32 22 till
707 229 117 27 besittning
839 227 23 23 af

98 264 174 26 kronohemman,
296 270 46 15 som
365 264 62 22 deras
450 264 108 23 föräldrar
573 265 58 22 förut
646 264 102 26 innehaft,
765 264 12 22 &
793 263 67 22 andra

99 299 61 22 sidan
176 299 134 22 osäkerhet
299 294 12 36 i
325 299 146 27 besittningen
487 299 36 22 mä
537 299 145 22 förekommas
691 299 33 22 för
732 299 40 22 den
781 298 78 22 krono-

99 333 47 27 åbo,
163 333 23 22 åt
201 333 92 26 hvilken,
309 332 71 22 fastän
395 333 102 28 fjermare
512 334 115 27 beslägtad
644 334 52 22 eller
711 333 82 28 oskyld,
807 332 52 22 äbo-

98 368 78 27 skapet
198 368 13 21 &
232 367 167 22 kronohemman
422 368 35 22 vid
480 369 107 22 särskilda
609 369 98 22 tillfällen
730 369 41 21 kan
793 366 66 23 blifva

97 403 115 27 upplätit'*,
228 404 56 20 samt
306 402 74 22 dervid
402 402 71 23 funnit
491 405 34 20 att
539 403 78 28 Kongl.
633 403 87 22 brefven
736 403 32 21 till
783 401 75 28 Krigs-

98 437 40 22 och
160 437 234 26 Kammarkollegierna
416 437 24 22 af
460 438 42 21 den
525 440 27 20 26
568 438 60 28 April
646 439 53 20 1775
716 437 40 22 och
773 439 25 19 15
814 435 44 23 Juli

99 474 55 20 1795
178 473 56 20 samt
256 472 98 21 bemälde
369 472 116 27 kollegiers
500 473 8 21 i
524 473 96 28 enlighet
635 473 49 21 med
700 473 37 21 det
751 471 58 22 förra
823 472 34 20 ut-

96 506 91 23 färdade
210 506 128 27 kungörelse
361 506 23 22 af
404 507 42 22 den
471 510 12 19 5
506 508 45 22 Juli
570 510 53 19 1775
640 507 66 22 borde
723 506 54 22 efter
793 506 63 21 deras

97 541 94 22 innehåll
209 541 7 22 i
232 541 60 22 detta
307 543 62 20 ämne
384 543 63 26 tagas
463 542 33 21 till
512 542 153 27 hufvudsaklig
680 541 75 28 grund,
772 541 19 26 yi
806 539 51 28 följe

97 576 77 22 hvaraf
187 576 41 21 den
243 576 77 26 bonde,
336 582 47 15 som
398 576 86 23 beflitar
500 577 33 28 sig
548 579 33 20 att
595 577 36 22 väl
646 577 65 21 häfda
727 576 37 21 det
778 575 78 22 krono-

97 611 105 26 hemman,
218 610 66 22 hvarä
298 610 43 22 han
356 610 69 23 blifvit
439 611 34 22 tili
488 612 41 21 äbo
545 614 100 25 antagen,
661 611 55 22 skall
731 610 33 22 för
772 609 33 27 sig
816 608 41 23 och

97 645 47 22 sina
166 645 54 22 barn
243 645 39 22 och
306 645 183 23 efterkommande
507 647 62 27 njuta
585 647 41 21 den
642 646 107 25 säkerhet,
766 646 33 20 att
813 643 43 22 han

97 680 40 22 och
160 680 26 21 de
209 679 38 22 allt
268 679 107 28 framgent
396 681 36 21 vid
455 681 124 22 hemmanet
596 681 67 22 varda
677 679 123 23 bibehällne
815 677 40 22 och

97 715 111 22 orubbade
216 716 56 20 samt
290 717 33 19 att
338 715 81 22 äboens
436 716 71 22 äldste
523 723 39 15 son
578 723 51 21 eger
643 715 166 23 företrädesrätt
823 714 34 20 att

96 756 51 15 vara
169 750 52 21 värd
243 750 28 27 pä
293 750 128 27 hemmanet,
441 752 28 20 dä
485 752 43 21 han
543 751 59 23 förut
615 752 30 26 pä
659 752 65 20 annat
739 751 46 20 sätt
800 747 55 23 deri-

92 783 47 23 från
162 785 19 27 ej
197 784 69 22 blifvit
280 784 65 28 skiljä
361 786 41 21 och
417 786 40 22 hos
475 786 78 22 honom
569 786 69 22 finnes
654 785 112 23 enahanda
781 783 74 22 säker-

92 819 38 21 het
152 819 33 22 för
206 819 132 22 hemmanets
362 821 50 22 häfd
436 822 41 21 och
500 822 63 22 deraf
576 823 83 26 gäende
674 820 117 28 utskylder,
809 824 46 16 som

92 853 40 22 hos
156 853 27 22 de
205 853 67 28 öfriga
296 855 157 27 arfvingarne'.
484 857 10 21 1
518 856 225 23 öfverensstämmelse
765 852 90 23 härmed

91 888 139 22 meddelades
253 895 76 21 genom
349 891 94 21 nämnda
458 891 142 28 kungörelser
615 891 23 22 af
652 892 40 21 den
708 892 26 20 29
750 885 105 28 Februari

94 924 54 20 1808
171 923 41 21 och
234 925 25 20 31
276 924 45 21 Juli
338 926 52 20 1811
409 926 27 21 de
452 929 99 19 närmare
566 927 162 26 bestämningar
742 923 112 28 angående

90 957 203 27 besittningsrätten
308 959 33 21 till
357 959 174 27 kronohemman,
549 961 73 22 hvilka
637 961 66 22 sedan
719 959 93 23 nämnda
822 958 32 22 tid

90 991 8 21 i
121 991 87 28 Sverige
232 992 39 22 och
294 993 91 22 Finland
408 995 121 28 tillämpats
553 996 40 22 och
609 1002 75 22 genom
700 995 78 26 hvilka,
793 995 60 20 utom

90 1029 72 24 annat,
186 1027 47 22 icke
249 1027 91 23 allenast
355 1029 157 23 efterlefvande
527 1031 75 21 makas
618 1031 93 28 anspråk
727 1032 32 19 att
773 1029 23 22 få
811 1028 42 22 till-

90 1061 120 30 godonjuta
232 1062 41 22 den
296 1063 81 22 aflidne
393 1065 68 22 äbons
477 1065 154 28 lifstidsstädja
645 1065 112 28 blifvit
731 1057 29 41 pä
773 1063 80 28 grund-

88 1095 64 22 valen
174 1096 23 21 af
211 1098 12 20 2
244 1096 6 29 8
266 1099 26 20 16
307 1098 49 28 kap.
372 1099 20 22 J.
408 1099 24 22 B.
450 1101 102 26 ordnade,
569 1102 52 20 utan
637 1101 60 22 äfven
714 1099 82 22 sådana
811 1098 42 21 den

90 1129 77 22 aflidne
178 1137 2 2 *
191 1130 66 23 äbons
281 1131 154 24 efterlemnade
455 1135 59 26 barn,
532 1135 72 22 hvilka
619 1135 47 22 icke
681 1135 73 22 kunna
771 1132 82 23 erhålla

88 1163 128 29 aboskapet,
232 1166 82 28 tillagts
330 1170 45 19 rätt
390 1168 32 21 till
437 1169 131 28 försörjning
584 1170 40 21 och
636 1167 216 30 uppfostran
772 1159 15 43 &
797 1167 55 30 hem-

87 1201 79 25 manet,
183 1200 55 21 intill
254 1201 49 22 dess
320 1202 27 21 de
363 1196 18 39 ,,
377 1202 92 27 kommit
484 1204 32 21 till
533 1205 40 21 den
590 1204 59 22 ålder
665 1204 52 22 eller
731 1203 8 22 i
753 1201 99 23 tillstånd

87 1235 33 20 att
134 1234 73 22 kunna
221 1235 33 27 sig
269 1236 75 27 sjelfve
360 1237 148 28 underhälla*,
525 1238 110 23 äfvensom
650 1237 134 24 föreskrifter
798 1236 53 22 lem-

86 1271 49 19 nats
158 1269 112 28 angående
295 1277 73 16 annan
391 1272 120 28 slägtinges
535 1276 47 19 rätt
597 1276 33 19 att
645 1273 96 22 tillträda
756 1273 96 20 hemma-

85 1305 44 25 net,
153 1303 28 23 dä
203 1306 64 20 söner
290 1305 52 22 eller
364 1308 108 21 sonsöner
494 1308 33 21 till
547 1308 77 22 afliden
647 1309 40 21 åbo
710 1308 49 22 icke
774 1306 76 27 finnes,

85 1340 57 19 samt
165 1344 34 16 om
222 1339 26 21 de
271 1340 75 26 vilkor,
369 1341 125 23 hvarunder
516 1343 176 28 besittningsrätt
715 1344 41 21 kan
773 1342 23 22 af
809 1342 42 21 äbo

83 1371 33 21 till
138 1378 71 16 annan
231 1373 121 29 öfverlätas,
368 1375 117 23 hvarutom
508 1378 34 21 till
557 1378 44 22 slut
617 1378 118 26 förordnas,
752 1379 33 21 att
800 1378 7 22 i
823 1378 27 22 de

82 1404 44 28 fall,
144 1406 28 22 dä
186 1407 179 24 kronohemmans
382 1410 42 22 äbo
441 1411 41 22 dör
497 1412 53 22 eller
565 1412 69 22 afstär
649 1416 32 19 ett
696 1413 79 22 sådant
790 1413 60 22 hem-

151 1445 194 21 Ekonomiutskottets
358 1450 120 18 betänkande
490 1452 37 17 N:o
539 1452 17 17 8.
