1006 1617
302 119 19 19 U.
337 118 20 20 B.
374 129 28 3 —
417 118 53 25 Prop.
487 118 31 21 N:o
533 119 19 20 5.

324 470 169 28 Lagutskottets
515 469 142 23 betänkande
676 469 38 23 N:o
731 468 12 23 5
758 467 49 24 med

256 504 121 29 anledning
392 504 26 23 af
429 504 65 23 Hans
509 504 128 30 Kejserliga
644 504 114 30 Majestäts
769 502 37 24 nä-

255 539 53 29 diga
327 539 138 29 proposition
480 538 115 30 angäende
611 538 97 24 arvoden
723 538 36 23 för
773 537 34 23 sä-

256 574 58 22 dana
329 574 208 29 bouppteckningar
552 574 41 22 och
601 573 121 23 arfskiften
731 573 8 22 i
749 572 58 29 stad,

256 608 36 23 till
314 609 89 22 hvilkas
425 608 169 23 verkställande
608 608 200 29 förrättningsmän

256 643 25 23 af
294 643 174 23 Rädstufvurätt
482 644 68 22 utses.

119 707 104 27 Samtliga
245 707 93 22 ständen
360 707 65 22 hafva
439 707 121 28 hänskjutit
575 706 140 23 förevarande
730 705 78 27 nädiga

50 742 134 27 proposition
207 742 32 21 till
263 742 161 27 Lagutskottet,
441 748 47 16 som
503 742 29 27 pä
547 742 72 22 derom
636 741 61 28 gjord
712 740 97 28 begäran

50 776 42 22 fätt
106 777 97 26 mottaga
217 776 132 27 protokollet
364 776 59 22 öfver
439 783 26 15 en
480 776 37 22 vid
532 776 174 28 propositionens
731 774 77 23 bered-

50 811 52 27 ning
117 811 7 21 i
139 811 122 27 Kejserliga
276 810 95 22 Senaten
386 810 113 23 förefallen
515 811 133 27 omröstning
663 810 110 22 äfvensom
781 809 28 22 de

51 844 137 23 derförinnan
203 846 7 21 i
225 846 91 21 ärendet
331 846 112 21 tillkomna
457 846 134 26 handlingar,
604 844 119 23 bestäende
731 844 23 22 af
759 844 50 22 bor-

50 880 152 26 gareständets
218 880 36 22 vid
271 882 55 20 1872
343 880 34 22 ärs
393 880 105 28 landtdag
512 880 134 22 framställda
660 878 149 27 underdäniga

50 914 92 28 petition
164 914 7 22 i
194 916 72 20 ämnet
281 916 58 20 samt
359 915 26 21 de
400 915 123 27 yttranden,
540 921 46 15 som
602 914 98 22 deröfver
715 912 94 28 afgifvits

51 949 19 27 ej
93 948 83 22 mindre
199 949 23 22 af
243 949 112 22 städernes
375 950 145 26 magistrater,
538 949 150 27 ordningsmän
704 948 41 22 och
760 947 50 22 bor-

51 983 105 27 gerskaps
172 984 71 22 äldste
259 986 57 20 samt
331 984 131 28 ytterligare,
480 984 56 22 efter
551 984 42 22 den
603 990 29 15 nu
640 982 101 29 gällande
748 982 62 22 kom-

50 1017 239 29 munalförfattningens
309 1018 118 28 införande,
443 1018 23 22 af
480 1019 113 22 städernes
608 1018 135 26 fullmäktige
759 1016 52 22 eller

50 1052 191 28 rädhusstämmor,
258 1055 26 19 än
301 1053 62 22 äfven
379 1053 22 22 af
415 1055 160 25 guvernörerna
590 1054 8 21 i
612 1054 80 21 landet.

119 1149 10 21 I
144 1149 191 27 borgareständets
351 1150 159 23 ofvannämnda
524 1151 98 27 petition,
638 1150 87 22 hvilken
737 1148 39 28 gär
786 1149 25 20 ut

50 1184 28 27 pä
93 1183 134 23 afskaffande
243 1184 23 22 af
280 1185 41 21 den
329 1184 257 29 bouppteckningsatgift,
595 1191 52 21 som,
657 1184 67 27 enligt
732 1182 79 28 Kongl.

50 1218 177 27 förordningarna
235 1218 41 22 den
287 1221 9 19 1
307 1219 58 22 Mars
383 1222 55 19 1749
455 1220 41 22 och
512 1220 41 22 den
570 1222 26 19 10
612 1219 121 22 December
749 1218 63 25 1756,

50 1252 50 22 med
116 1258 34 27 en
171 1254 91 26 procent
283 1253 22 22 af
318 1254 49 21 hela
383 1254 203 27 gvarlätenskapen,
602 1254 72 22 ovissa
689 1252 123 26 fordringar

50 1287 141 27 undantagna
213 1294 49 16 men
284 1289 53 21 utan
355 1288 68 28 nägot
447 1288 76 28 afdrag
537 1288 34 22 för
586 1288 62 22 boets
665 1288 57 27 gäld,
738 1286 74 22 säsom

50 1321 222 27 förrättningsarvode
295 1322 99 28 erlägges
413 1323 8 21 i
437 1324 109 26 sterbhus,
562 1322 162 28 underlydande
740 1320 73 22 stads-

50 1357 51 25 rätt,
110 1355 123 23 framhälles
249 1358 33 20 att
297 1356 165 28 ifrägavarande
478 1357 68 28 afgift,
562 1364 46 15 som
625 1357 62 22 torde
702 1355 71 23 blifvit
780 1354 33 22 in-

49 1389 49 22 förd
120 1389 33 23 för
175 1392 33 20 att
230 1390 81 22 bereda
327 1391 149 27 borgmästare
492 1392 41 22 och
548 1392 39 22 räd
603 1398 26 16 en
643 1391 103 25 inkomst,
762 1389 50 22 icke

50 1423 74 22 kunde
146 1430 63 16 anses
225 1424 106 24 innefatta
346 1432 26 15 en
388 1426 56 22 efter
460 1427 38 21 det
512 1426 96 27 verkliga
623 1426 103 22 besväret
741 1423 73 29 afpas-

120 1463 140 23 Lagutskottets
273 1464 118 19 betänkande
404 1466 37 18 N:o
449 1466 17 17 5.
