1003 1620
253 118 34 23 U.
303 118 42 23 B.
361 130 28 3 —
404 117 104 29 Prop.
525 118 57 22 N:o
599 118 30 22 8.

337 423 196 28 Lagulskottets
556 421 159 22 betänkande
734 421 38 20 N:o
787 419 12 21 6
815 420 5 20 i

271 458 98 27 anledning
379 457 22 22 af
409 457 47 21 Haos
467 457 105 27 Kejserliga
580 457 95 26 Majestäts
685 455 64 27 nådiga
757 461 65 21 propo-

271 493 54 20 sition
342 499 26 14 om
384 491 129 28 upphäfvande
528 491 21 21 af
563 491 11 20 &
585 481 38 30 n
635 490 10 21 6
657 490 26 28 88
694 490 11 21 2
717 489 41 27 kap.
770 488 20 21 G.
801 488 20 21 B.

131 555 47 21 Den
193 554 152 22 förberedande
361 554 184 26 handläggningen
562 553 22 21 af
599 553 68 21 denna
682 552 76 27 nådiga
773 557 49 21 pro-

63 589 92 27 position
177 590 39 20 har
231 588 22 22 af
266 588 97 28 samtliga
378 588 64 22 ständ
458 588 68 21 blifvit
540 587 33 22 till
589 587 151 27 Lagutskottet
755 586 67 21 öfver-

63 623 90 26 lemnad,
177 623 39 21 och
237 622 32 22 fär
290 622 117 26 Utskottet,
430 629 48 15 som
498 623 28 26 pä
541 622 60 27 gjord
617 621 106 27 förfrägan
738 620 84 22 erhällit

63 657 126 27 upplysning
204 663 33 15 om
254 658 31 20 att
299 657 70 27 nägon
384 656 146 28 skiljaktighet
540 656 8 21 i
558 656 78 27 äsigter
646 656 35 21 vid
692 656 59 20 detta
762 656 59 20 ären-

64 691 37 22 des
115 691 117 27 beredning
246 690 7 22 i
267 690 118 28 Kejserliga
400 690 94 22 Senaten
509 690 47 22 icke
570 690 141 26 förekommit,
727 689 32 21 till
773 688 48 22 full-

63 726 93 27 görande
175 725 22 21 af
209 725 37 21 sitt
260 725 95 27 uppdrag
371 724 77 28 afgifva
462 724 93 28 följande
570 725 98 27 yttrande
685 724 38 21 och
736 722 84 27 förslag.

131 760 48 21 Den
201 758 65 28 fråga,
289 759 85 21 hvilken
392 765 29 15 nu
436 760 71 20 såsom
522 758 114 28 lagförslag
650 758 112 26 föreligger
777 756 44 22 lan-

64 794 46 21 dets
125 793 113 27 höglofliga
252 793 96 26 Ständer,
365 793 93 26 väcktes,
475 793 66 27 enligt
556 793 55 22 hvad
627 793 40 21 den
683 792 77 27 nådiga
774 798 48 20 pro-

63 827 119 28 positionen
203 827 61 21 äfven
284 827 34 21 vid
333 827 84 21 handen
432 827 74 27 gifver,
522 827 36 21 vid
573 829 83 20 senaste
671 826 102 27 landtdag
788 831 36 21 ge-

64 868 50 15 nom
137 863 31 20 ett
190 861 32 21 till
236 861 160 22 Bondeståndet
410 861 89 27 ingifvet
514 861 115 27 memorial,
645 861 60 22 hvari
720 859 102 27 föreslogs

63 895 106 22 aflätande
192 895 22 22 af
234 901 26 16 en
280 895 131 27 underdänig
426 895 92 27 petition
533 902 34 15 om
583 895 146 28 upphäfvande
745 893 22 22 af
781 893 12 28 $
809 894 12 21 5

63 930 7 21 i
93 931 12 20 2
123 929 89 27 kapitlet
228 929 198 22 Giftermälsbalken
442 929 101 27 antingen
558 929 34 22 hel
608 929 40 22 och
663 929 71 22 hällen
749 928 52 21 eller
816 927 7 22 i

64 963 26 22 de
113 963 64 27 delar,
202 963 40 21 den
256 963 114 21 innefattar
384 963 79 21 förbud
478 963 33 21 för
526 969 137 21 mansperson
679 965 32 19 att
725 961 52 29 gifta
792 962 32 27 sig

63 997 48 22 med
126 997 33 22 sin
173 997 88 22 broders
277 997 54 22 enka
346 997 51 21 eller
412 998 50 20 med
478 998 31 21 sin
525 997 77 22 aflidna
617 998 85 21 hustrus
710 998 73 26 syster,
795 995 29 23 äf-

63 1038 87 15 vensom
166 1031 23 22 af
202 1032 12 26 $
230 1033 12 20 7
257 1031 8 21 i
280 1038 80 15 samma
374 1031 88 27 kapitel,
479 1032 69 21 sävidt
563 1032 40 21 den
618 1034 36 19 rör
669 1031 77 27 gvinna
760 1030 7 22 i
778 1036 49 16 ena-

63 1066 70 21 handa
148 1066 202 27 svägerskapsleder.
376 1066 32 21 Pä
423 1065 81 27 förslag
518 1066 23 21 af
554 1066 36 21 det
604 1066 34 21 vid
653 1066 92 21 nämnda
755 1064 69 22 landt-

64 1100 41 26 dag
114 1100 90 22 tillsatta
214 1100 133 27 Lagutskott,
359 1100 30 21 dit
400 1099 90 22 ärendet
500 1100 154 26 remitterades,
665 1099 86 22 anhöllo
762 1099 62 21 Stän-

64 1134 66 21 derna
149 1134 120 22 sedermera
283 1134 32 21 uti
330 1134 134 27 underdänig
478 1133 110 23 skrifvelse
603 1134 21 22 af
638 1134 41 22 den
696 1134 25 21 13
737 1134 88 21 Decem-

63 1168 39 22 ber
123 1169 62 26 1877,
201 1168 36 22 det
251 1168 82 22 täcktes
349 1168 48 21 Han
413 1163 121 32 Kejserliga
549 1168 100 27 Majestät
665 1170 50 25 taga
730 1168 6 20 i
751 1166 74 28 nädigt

66 1202 159 27 Ofvervägande,
240 1202 104 21 huruvida
358 1202 46 21 icke
420 1202 49 21 skäl
484 1209 50 14 vore
542 1202 33 21 för
584 1202 83 21 handen
678 1204 33 19 att
721 1200 105 29 upphäfva

63 1236 73 27 lagens
159 1237 130 26 stadganden
312 1236 7 21 i
339 1237 12 20 5
367 1236 40 21 och
423 1237 13 20 6
453 1236 25 28 $$
494 1237 12 20 2
522 1237 48 26 kap.
586 1237 24 21 G.
627 1236 23 21 B.
667 1237 55 21 samt
737 1235 7 22 i
760 1235 66 22 sådan

63 1270 102 22 händelse
187 1270 107 27 förelägga
312 1270 120 22 Ständerna
448 1271 36 21 vid
499 1271 69 21 denna
582 1270 102 27 landtdag
698 1269 65 27 nädig
777 1275 49 21 pro-

63 1304 93 27 position
178 1304 7 21 i
203 1304 93 28 antydda
309 1304 60 28 syfte.
399 1305 79 21 Denna
493 1305 128 22 Ständernas
637 1304 99 22 anhällan
751 1303 40 21 har
806 1302 22 22 af

63 1338 61 21 Hans
144 1338 118 27 Kejserliga
277 1338 100 27 Majestät
392 1345 79 20 genom
486 1338 116 22 aflätandet
617 1339 22 21 af
652 1345 29 15 nu
696 1339 6 20 i
717 1337 60 27 fräga
793 1343 35 16 va-

63 1372 66 22 rande
143 1372 133 28 proposition
291 1372 69 21 blifvit
375 1372 33 21 till
423 1375 71 19 mötes
509 1374 88 25 gången.

133 1406 33 22 De
181 1406 136 27 stadganden,
333 1406 83 22 hvilkas
424 1406 150 28 upphäfvande
587 1406 7 22 i
604 1406 159 28 propositionen
775 1405 55 22 före-

63 1438 50 28 slås,
129 1442 38 19 äro
183 1440 22 22 af
217 1440 92 27 följande
324 1440 92 27 lydelse:

134 1480 142 22 Lagutskottets
288 1479 117 18 betänkande
418 1480 40 18 N:o
473 1480 16 17 6.
