1009 1620
292 91 27 22 U.
334 91 28 22 B.
377 103 28 5 —
421 91 72 28 Prop.
508 91 41 23 N:o
564 92 22 21 9.
756 90 27 21 17

64 153 40 22 och
118 153 69 21 likaså
202 153 42 22 kan
259 160 51 15 man
326 154 19 28 ej
361 154 36 22 vid
412 155 93 26 gränsen
520 153 92 22 emellan
623 153 108 21 särskilda
740 153 71 27 lägen-

64 188 61 22 heter
142 188 72 21 tillösa
229 188 32 28 sig
276 190 31 20 ett
320 189 140 27 jordområde
475 195 77 21 genom
563 188 126 27 afsöndring
699 187 25 22 af
731 186 81 29 parcel-

64 223 32 21 ler
110 222 48 22 från
173 223 26 21 de
215 222 58 22 olika
287 222 163 28 lägenheterna,
466 223 24 21 så
504 222 65 22 framt
585 222 18 28 ej
615 222 74 28 hvarje
700 221 57 29 dylik
768 228 45 20 par-

65 257 40 21 cell
126 258 83 27 uppgår
228 257 33 21 till
276 258 65 21 minst
357 258 27 27 !/,
399 257 115 26 tunnland,
529 256 82 23 hvilket
626 257 7 21 i
649 256 115 28 synnerhet
778 255 36 22 vid

66 292 145 27 anläggandet
227 292 24 21 af
263 292 127 22 industriela
405 292 128 22 vattenverk
542 292 71 22 blefve
622 291 123 28 hinderligt.
767 290 47 22 Den

66 326 24 21 af
103 332 34 15 oss
152 326 123 28 föreslagna
290 326 132 28 rättigheten
437 329 34 19 att
485 326 104 22 afsöndra
596 326 50 28 jord
657 326 24 22 af
688 325 56 23 huru
753 325 62 27 ringa

66 360 87 28 omfång
175 368 45 14 som
241 361 63 26 helst,
325 363 24 20 är
367 361 137 28 naturligtvis
519 362 63 22 äfven
598 368 27 14 en
640 363 45 19 stor
699 359 69 23 fördel
782 359 34 22 för

67 402 78 20 egaren
160 396 25 21 af
197 396 192 27 stomlägenheten,
404 396 95 26 hvilken,
510 404 34 13 om
555 396 116 21 utskottets
682 396 55 27 åsigt
746 394 70 22 blefve

67 429 25 22 af
103 431 117 20 ständerna
234 430 109 28 godkänd,
353 430 128 23 beröfvades
491 431 139 28 möjligheten
640 432 33 20 att
682 428 134 24 ekonomiskt

67 464 142 28 tillgodogöra
224 465 31 28 sig
271 465 33 21 för
319 465 78 22 honom
408 465 89 22 alldeles
508 465 155 28 obegagneliga
670 463 146 30 jordstycken,

67 500 24 21 så
106 499 64 22 framt
185 500 62 21 dessa
264 499 47 22 icke
326 500 56 21 hade
398 501 42 20 den
456 500 130 22 föreskrifna
601 499 92 23 arealen,
723 498 48 22 Den
785 498 32 21 in-

67 535 137 27 vändningen
215 537 32 19 att
257 535 136 28 obegränsad
404 535 65 22 frihet
479 536 32 21 uti
520 535 165 28 ifrågavarande
695 533 122 23 hänseende

68 569 72 22 kunde
154 569 50 21 leda
218 569 33 21 till
266 569 145 22 afsöndrande
426 570 25 22 af
464 571 24 21 så
503 571 46 21 små
556 569 147 29 jordstycken,
713 571 32 20 att
755 569 63 21 dessa

68 604 18 27 ej
103 603 72 22 kunde
190 604 53 21 bära
258 605 71 27 någon
345 605 74 27 afgäld
434 605 41 22 och
490 605 91 22 sålunda
596 607 116 20 stommens
721 603 98 27 förmåga

68 640 32 20 att
123 639 77 26 utgöra
222 639 58 21 skatt
299 639 70 23 blefve
389 639 142 27 förminskad,
547 641 24 20 är
585 640 26 21 af
622 640 65 27 ingen
701 637 117 29 betydelse,

69 674 51 21 enär
135 673 139 22 Guvernören
289 674 52 21 eller
356 675 158 22 Häradsrätten
529 675 7 21 i
551 675 74 28 hvarje
635 674 39 23 fall
684 681 50 21 eger
743 673 76 28 pröfva

69 714 35 15 om
116 708 176 28 jordafsöndring
312 709 43 22 kan
371 709 82 22 tillåtas
469 710 40 21 och
524 711 37 20 det
577 711 108 20 dessutom
699 709 8 21 i
722 707 59 28 regel
795 708 25 21 är

68 741 61 23 fallet
144 744 33 19 att
187 743 46 21 små
239 743 147 28 jordstycken,
398 745 28 20 då
437 745 27 21 de
475 745 110 22 användas
595 744 33 21 till
639 742 108 27 ändamål,
757 742 62 22 hvar-

68 777 34 21 för
124 777 26 22 de
169 777 101 22 särskildt
289 778 73 28 lämpa
381 779 39 27 sig,
437 781 14 19 t.
468 787 32 14 ex.
516 779 33 22 för
563 779 128 22 industriela
705 776 114 23 inrättnin-

69 818 44 20 gar,
136 811 74 22 kunna
229 813 70 21 såsom
315 813 131 22 afsöndrade
461 814 52 22 bära
528 814 73 28 afgäld
616 813 33 22 till
664 810 156 30 stomlägenhe-

69 848 37 19 ten
128 846 49 22 vida
199 846 158 29 öfverstigande
381 849 42 21 den
446 848 100 27 inkomst,
567 856 78 21 egaren
664 848 58 22 förut
736 846 85 22 kunnat

70 882 67 26 draga
152 882 24 21 af
189 888 81 15 samma
282 882 132 29 jordstycke.

138 915 33 22 Då
194 916 105 22 utskottet
320 917 25 21 af
361 918 115 27 praktiska
495 918 47 22 skäl
560 920 55 20 samt
630 918 33 22 för
677 919 34 20 att
725 915 96 23 undvika

71 950 66 21 oreda
152 950 39 21 och
206 950 158 29 förvecklingar
378 954 43 20 sett
437 953 32 27 sig
481 953 122 21 nödsakadt
613 954 32 20 att
655 952 7 22 i
673 950 148 28 författnings-

70 984 102 28 förslaget
194 984 70 23 införa
284 986 106 22 särskilda
407 987 143 28 föreskrifter,
564 988 74 22 hvilka
652 987 33 21 till
699 986 72 28 någon
786 984 36 22 del

71 1019 61 21 torde
147 1018 86 23 komma
247 1022 33 19 att
294 1020 97 23 försvåra
403 1022 184 28 jordafsöndring,
603 1023 24 21 så
641 1021 65 23 hafva
719 1021 22 22 vi
751 1021 72 21 ansett

71 1055 32 19 att
120 1054 131 28 rättigheten
271 1056 72 21 dertill
358 1056 48 22 icke
421 1058 54 20 utan
491 1058 80 21 största
585 1057 110 27 nödtvång
709 1056 66 21 borde
789 1056 33 26 yt-

71 1088 100 28 terligare
192 1089 129 22 inskränkas
337 1091 40 21 och
392 1091 126 22 ändamålet
532 1092 49 21 med
596 1091 156 27 författningen
767 1088 56 22 deri-

71 1128 77 21 genom
163 1123 8 20 i
185 1124 71 27 någon
271 1131 50 14 mon
337 1124 94 23 förfelas.
462 1126 90 21 Derföre
567 1126 65 22 hafva
646 1126 21 22 vi
681 1125 48 22 icke
739 1124 84 21 kunnat

70 1156 117 27 godkänna
205 1159 36 20 det
261 1158 78 27 beslut,
355 1162 58 19 emot
427 1159 84 23 hvilket
525 1161 22 21 vi
561 1160 40 22 här
615 1160 63 23 ofvan
694 1158 83 23 anmält
791 1164 32 15 re-

72 1191 113 27 servation,
208 1193 40 21 och
268 1194 29 26 på
315 1201 82 15 samma
417 1196 72 25 grund
508 1195 74 21 kunna
596 1195 21 21 vi
632 1195 18 27 ej
667 1194 68 22 heller
747 1193 77 22 förena

72 1232 34 15 oss
128 1227 49 21 med
198 1227 117 22 utskottets
335 1228 113 28 pluralitet
464 1230 52 25 deri,
532 1232 33 19 att
579 1229 48 21 från
642 1228 118 23 afsöndrad
775 1234 49 21 par-

72 1260 40 22 cell
133 1260 47 22 icke
202 1262 73 22 vidare
293 1263 144 28 parcellering
455 1264 57 28 finge
527 1271 41 21 ega
583 1271 53 19 rum,
651 1264 7 21 i
672 1263 83 23 hvilket
769 1262 56 28 syfte

72 1294 106 23 utskottet
192 1296 7 20 i
215 1298 10 25 $
242 1298 11 19 1
269 1297 54 21 efter
338 1298 61 22 ordet
417 1298 112 22 »afrösad>
546 1298 71 28 tillagt
635 1299 18 21 »i
668 1297 83 23 mantal
766 1298 56 20 satt»

72 1332 56 19 samt
142 1330 56 21 ifrån
214 1332 10 26 $
239 1332 28 20 12
283 1331 24 22 af
320 1333 42 21 den
378 1333 82 27 nådiga
475 1334 162 27 propositionen
652 1332 98 23 uteslutit
760 1338 63 14 mom.

72 1364 20 25 2,
108 1364 87 27 hvilket,
217 1365 68 22 ehuru
300 1366 92 28 otydligt
407 1367 110 27 affattadt,
533 1368 67 28 enligt
615 1369 46 21 vårt
676 1366 149 26 förmenande,

71 1398 62 21 torde
156 1399 45 21 afse
219 1400 60 28 dylik
293 1401 126 28 ytterligare
435 1402 149 28 parcellering.
613 1403 40 26 Då,
669 1402 67 27 enligt
751 1401 37 21 det
803 1400 25 22 af

71 1432 107 22 utskottet
192 1434 115 22 förordade
322 1436 253 30 författningsförslaget,
586 1438 55 21 huru
651 1440 60 19 stora
719 1436 106 28 jordstyc-

73 1473 138 20 Sammansatta
223 1476 47 23 Lag-
283 1476 32 18 och
327 1477 190 20 Ekonomiutskottets
529 1478 111 19 betänkande
652 1478 36 19 N:o
699 1479 17 17 2.
770 1478 9 15 2
