1028 1620
413 120 35 21 N:o
459 120 21 22 2.
781 120 12 20 3

72 195 51 15 nare
147 189 121 26 sysslandet
287 189 100 21 stundom
407 189 96 26 påkallat
521 189 84 20 afbrott
620 189 6 20 i
642 189 180 21 vaccinationsar-

72 223 69 21 betets
161 223 106 26 fortgång,
288 223 136 27 synnerligen
443 223 36 21 vid
494 223 274 22 vaccinationsdistriktens
783 229 38 14 nu-

72 258 93 21 varande
181 259 58 19 stora
254 257 92 27 omfång.

140 292 60 21 Hans
223 291 121 28 Kejserliga
366 292 103 27 Majestät
487 292 39 21 har
548 292 34 21 till
600 291 53 28 följd
673 292 63 21 häraf
752 291 70 22 funnit

73 327 90 26 ändring
185 327 7 20 i
215 333 28 14 nu
266 327 99 26 gällande
384 326 92 27 ordning
495 327 34 20 för
548 327 161 20 vaccinationen
728 327 5 20 i
750 326 72 21 landet

72 367 51 15 vara
139 361 22 20 af
175 361 100 20 behofvet
290 361 107 26 påkallad,
413 361 100 21 hvarföre
529 361 39 21 ock
584 361 66 21 redan
669 361 24 20 år
706 361 51 20 1871
777 361 45 20 Me-

73 395 245 27 dicinalöfverstyrelsen
342 395 107 21 anbefalts
472 397 33 19 att
526 395 109 21 inkorima
653 395 49 21 med
717 394 106 22 underdå-

74 430 46 26 nigt
135 429 81 26 förslag
234 429 33 21 till
284 429 281 27 skyddskoppympningens
581 429 74 21 vidare
670 428 153 27 befrämjande.

74 464 98 20 Derefter
195 464 38 20 har
252 463 60 21 Hans
331 463 123 27 Kejserliga
472 464 102 26 Majestät
594 464 22 20 åt
634 463 56 21 Dess
711 463 64 21 Senat
790 462 33 21 för

73 498 90 21 Finland
185 497 140 21 öfverlemnat
344 499 38 24 att,
403 498 6 20 i
429 498 153 26 sammanhang
602 498 47 20 med
664 497 159 27 granskningen

73 532 22 21 af
109 532 294 26 Medicinalöfverstyrelsens
419 532 82 26 afgifna
516 532 88 26 förslag,
618 532 80 26 jemväl
714 532 67 26 taga
771 527 12 36 i
793 531 30 21 öf-

73 566 133 27 vervägande
222 566 172 21 Bondeständets
410 566 36 21 vid
464 567 52 21 1872
532 566 147 27 ärslandtdag
689 566 135 21 framställda

73 601 147 26 underdäniga
235 601 91 26 petition
337 601 93 21 rörande
440 600 309 22 vaccinationsförhällandena
760 601 6 20 i
777 601 45 20 lan-

73 636 42 21 det.
146 635 69 22 Sedan
231 635 84 20 landets
332 635 99 26 samtlige
442 635 143 26 Guvernörer,
597 635 55 21 efter
663 634 161 22 vederbörande

73 670 237 26 kommunalstyrelsers
326 669 102 26 hörande,
444 669 86 27 afgifvit
545 670 148 26 underdäniga
709 669 114 27 yttranden

74 706 55 19 samt
144 711 25 14 en
186 704 150 21 tillförordnad
352 704 80 21 komit&
448 705 102 26 uppgjort
565 704 81 27 förslag
657 705 5 20 i
675 705 77 25 ämnet,
763 704 61 20 hvar-

73 739 59 21 öfver
154 738 282 27 Medicinalöfverstyrelsen
457 739 49 21 med
525 737 119 22 affordradt
663 739 111 20 utlåtande
793 738 31 21 in-

73 773 95 26 kommit,
184 773 63 20 hafva
262 773 102 26 slutligen
379 773 82 26 förslag
477 773 47 21 icke
539 773 91 21 allenast
645 773 34 20 till
700 772 125 27 förordning

73 808 110 26 angäende
201 807 160 21 vaccinationen
380 807 7 20 i
403 807 98 26 Finland,
522 809 51 19 utan
589 807 40 21 ock
646 807 33 21 till
695 807 129 27 reglemente

74 842 33 20 för
123 842 123 20 densamma
260 841 72 21 blifvit
346 841 134 21 utarbetade.

140 876 51 20 Med
206 875 100 21 afseende
324 875 12 21 &
352 876 41 20 den
409 875 124 27 utveckling
548 876 165 20 kommunernes
733 875 92 27 sjelfsty-

73 910 54 21 relse
143 910 65 20 redan
225 910 88 20 erhällit
329 910 39 20 och
384 910 34 25 dä,
436 910 68 26 enligt
519 910 79 25 nädiga
612 909 179 27 förordningarne
805 909 23 21 af

75 944 40 21 den
131 945 12 20 6
158 944 103 21 Februari
284 944 53 20 1865
358 944 39 20 och
413 944 41 20 den
474 944 12 20 8
506 944 118 21 December
641 944 60 26 1873,
718 943 108 21 helsovär-

75 979 40 20 den
137 978 62 26 ingär
221 978 64 20 bland
307 978 26 20 de
356 978 108 20 allmänna
483 978 185 26 angelägenheter,
690 978 48 21 med
753 977 72 21 hvilka

75 1013 151 20 kommunerne
248 1014 41 24 äga
312 1013 32 19 att
367 1012 56 20 inom
442 1012 59 20 vissa
520 1014 89 24 gränser
629 1014 50 24 taga
700 1012 125 26 befattning,

76 1053 62 21 synes
149 1047 59 21 tiden
218 1052 89 15 numera
318 1052 51 15 vara
380 1046 56 26 inne,
447 1048 33 19 att
488 1046 79 26 jemväl
578 1047 171 20 vaccinationens
760 1046 66 21 hand-

75 1082 105 20 hafvande
197 1080 141 22 öfverlemnas
354 1080 22 21 ät
387 1081 162 20 vederbörande
559 1081 132 26 kommuner,
703 1081 68 21 under
782 1080 43 21 till-

75 1122 38 20 syn
129 1115 39 21 och
183 1115 93 21 kontroll
296 1114 22 22 af
338 1117 82 18 statens
436 1115 73 21 dertill
525 1115 92 21 utsedda
632 1115 155 27 myndigheter.
817 1114 9 20 I

76 1150 77 20 sädant
169 1149 101 21 afseende
286 1149 70 21 skulle
372 1149 37 21 det
424 1149 72 27 äligga
512 1149 73 27 hvarje
600 1149 101 21 kommun
717 1150 28 26 pä
754 1148 74 22 landet

76 1184 107 21 äfvensom
199 1184 169 25 stadskommun,
389 1184 37 20 der
446 1184 141 26 vaccindepot
606 1184 17 26 ej
640 1183 69 21 finnes
725 1183 101 25 inrättad,

75 1220 32 19 att
121 1218 34 21 för
169 1217 172 21 vaccinationens
360 1217 136 21 förrättande
515 1219 78 24 antaga
617 1223 26 15 en
658 1217 52 22 eller
725 1217 52 21 flera
792 1217 35 20 be-

75 1253 88 25 hörigen
178 1251 114 26 godkända
307 1251 147 21 vaccinatörer
470 1251 53 21 eller
538 1252 159 26 vaccinatriser,
716 1252 111 21 hvaremot

75 1287 7 20 i
99 1286 53 26 stad,
169 1286 37 20 der
220 1286 142 26 vaccindepot
376 1288 25 18 är
416 1285 92 27 förlagd,
524 1278 159 28 vaccinationen
699 1286 84 21 komme
794 1287 33 18 att

76 1320 83 22 utöfvas
183 1320 22 21 af
227 1320 103 26 depotens
354 1320 47 20 utaf
419 1320 222 26 Medicinalstyrelsen
663 1320 92 21 tillsatta
770 1319 57 21 före-

77 1354 99 22 ständare
192 1354 38 21 och
241 1354 76 20 endast
328 1354 155 26 undantagsvis
495 1354 36 20 vid
542 1353 127 22 inträffande
680 1354 65 21 behof
758 1356 70 18 extra-

76 1389 146 21 vaccinatörer
237 1388 23 21 af
275 1388 77 21 staden
368 1389 100 25 antagas;
486 1388 40 20 och
542 1388 87 21 emedan
645 1388 74 26 längre
735 1388 43 21 tids
795 1394 31 14 er-

76 1422 97 22 farenhet
189 1422 107 27 tillfyllest
311 1422 121 26 ädagalagt,
449 1424 33 18 att
497 1422 83 21 mindre
595 1424 98 25 gynsamt
704 1423 92 20 resultat
807 1422 23 20 af
