<?xml version="1.0" encoding="UTF-8"?>
<alto xmlns="http://www.loc.gov/standards/alto/ns-v3#" xmlns:xlink="http://www.w3.org/1999/xlink" xmlns:xsi="http://www.w3.org/2001/XMLSchema-instance" xsi:schemaLocation="http://www.loc.gov/standards/alto/ns-v3# http://www.loc.gov/alto/v3/alto-3-0.xsd">
	<Description>
		<MeasurementUnit>pixel</MeasurementUnit>
		<sourceImageInformation>
			<fileName>/tmp/tess_tec8hu1q_input.PNG</fileName>
		</sourceImageInformation>
		<OCRProcessing ID="OCR_0">
			<ocrProcessingStep>
				<processingSoftware>
					<softwareName>tesseract 5.3.4</softwareName>
				</processingSoftware>
			</ocrProcessingStep>
		</OCRProcessing>
	</Description>
	<Layout>
		<Page WIDTH="1017" HEIGHT="1623" PHYSICAL_IMG_NR="0" ID="page_0">
			<PrintSpace HPOS="0" VPOS="0" WIDTH="1017" HEIGHT="1623">
				<ComposedBlock ID="cblock_0" HPOS="202" VPOS="113" WIDTH="388" HEIGHT="23">
					<TextBlock ID="block_0" HPOS="202" VPOS="113" WIDTH="388" HEIGHT="23">
						<TextLine ID="line_0" HPOS="202" VPOS="113" WIDTH="388" HEIGHT="23">
							<String ID="string_0" HPOS="202" VPOS="113" WIDTH="12" HEIGHT="20" WC="0.96" CONTENT="6"/><SP WIDTH="294" VPOS="113" HPOS="214"/>
							<String ID="string_1" HPOS="508" VPOS="114" WIDTH="35" HEIGHT="21" WC="0.94" CONTENT="N:o"/><SP WIDTH="15" VPOS="114" HPOS="543"/>
							<String ID="string_2" HPOS="558" VPOS="114" WIDTH="32" HEIGHT="22" WC="0.94" CONTENT="10."/>
						</TextLine>
					</TextBlock>
				</ComposedBlock>
				<ComposedBlock ID="cblock_1" HPOS="168" VPOS="181" WIDTH="761" HEIGHT="1267">
					<TextBlock ID="block_1" HPOS="173" VPOS="181" WIDTH="753" HEIGHT="63">
						<TextLine ID="line_1" HPOS="173" VPOS="181" WIDTH="753" HEIGHT="29">
							<String ID="string_3" HPOS="173" VPOS="181" WIDTH="86" HEIGHT="26" WC="0.96" CONTENT="deltaga"/><SP WIDTH="23" VPOS="181" HPOS="259"/>
							<String ID="string_4" HPOS="282" VPOS="182" WIDTH="59" HEIGHT="21" WC="0.96" CONTENT="såväl"/><SP WIDTH="24" VPOS="182" HPOS="341"/>
							<String ID="string_5" HPOS="365" VPOS="182" WIDTH="5" HEIGHT="21" WC="0.95" CONTENT="i"/><SP WIDTH="23" VPOS="182" HPOS="370"/>
							<String ID="string_6" HPOS="393" VPOS="183" WIDTH="100" HEIGHT="26" WC="0.95" CONTENT="byggnad"/><SP WIDTH="23" VPOS="183" HPOS="493"/>
							<String ID="string_7" HPOS="516" VPOS="183" WIDTH="23" HEIGHT="21" WC="0.95" CONTENT="af"/><SP WIDTH="17" VPOS="183" HPOS="539"/>
							<String ID="string_8" HPOS="556" VPOS="185" WIDTH="41" HEIGHT="25" WC="0.96" CONTENT="väg"/><SP WIDTH="16" VPOS="185" HPOS="597"/>
							<String ID="string_9" HPOS="613" VPOS="184" WIDTH="39" HEIGHT="21" WC="0.96" CONTENT="och"/><SP WIDTH="15" VPOS="184" HPOS="652"/>
							<String ID="string_10" HPOS="667" VPOS="183" WIDTH="45" HEIGHT="27" WC="0.96" CONTENT="bro,"/><SP WIDTH="18" VPOS="183" HPOS="712"/>
							<String ID="string_11" HPOS="730" VPOS="189" WIDTH="45" HEIGHT="15" WC="0.95" CONTENT="som"/><SP WIDTH="16" VPOS="189" HPOS="775"/>
							<String ID="string_12" HPOS="791" VPOS="183" WIDTH="6" HEIGHT="21" WC="0.95" CONTENT="i"/><SP WIDTH="16" VPOS="183" HPOS="797"/>
							<String ID="string_13" HPOS="813" VPOS="183" WIDTH="113" HEIGHT="21" WC="0.75" CONTENT="underhåll"/>
						</TextLine>
						<TextLine ID="line_2" HPOS="174" VPOS="215" WIDTH="406" HEIGHT="29">
							<String ID="string_14" HPOS="174" VPOS="215" WIDTH="22" HEIGHT="20" WC="0.95" CONTENT="af"/><SP WIDTH="14" VPOS="215" HPOS="196"/>
							<String ID="string_15" HPOS="210" VPOS="215" WIDTH="48" HEIGHT="22" WC="0.96" CONTENT="dem"/><SP WIDTH="16" VPOS="215" HPOS="258"/>
							<String ID="string_16" HPOS="274" VPOS="217" WIDTH="49" HEIGHT="20" WC="0.96" CONTENT="med"/><SP WIDTH="16" VPOS="217" HPOS="323"/>
							<String ID="string_17" HPOS="339" VPOS="216" WIDTH="76" HEIGHT="27" WC="0.96" CONTENT="bidrag"/><SP WIDTH="16" VPOS="216" HPOS="415"/>
							<String ID="string_18" HPOS="431" VPOS="217" WIDTH="5" HEIGHT="20" WC="0.96" CONTENT="i"/><SP WIDTH="17" VPOS="217" HPOS="436"/>
							<String ID="string_19" HPOS="453" VPOS="217" WIDTH="127" HEIGHT="27" WC="0.96" CONTENT="penningar."/>
						</TextLine>
					</TextBlock>
					<TextBlock ID="block_2" HPOS="173" VPOS="249" WIDTH="754" HEIGHT="408">
						<TextLine ID="line_3" HPOS="244" VPOS="249" WIDTH="683" HEIGHT="30">
							<String ID="string_20" HPOS="244" VPOS="249" WIDTH="103" HEIGHT="22" WC="0.96" CONTENT="Grunden"/><SP WIDTH="16" VPOS="249" HPOS="347"/>
							<String ID="string_21" HPOS="363" VPOS="251" WIDTH="33" HEIGHT="21" WC="0.93" CONTENT="för"/><SP WIDTH="16" VPOS="251" HPOS="396"/>
							<String ID="string_22" HPOS="412" VPOS="251" WIDTH="139" HEIGHT="22" WC="0.92" CONTENT="omförmälde"/><SP WIDTH="16" VPOS="251" HPOS="551"/>
							<String ID="string_23" HPOS="567" VPOS="254" WIDTH="49" HEIGHT="25" WC="0.92" CONTENT="väg-"/><SP WIDTH="17" VPOS="254" HPOS="616"/>
							<String ID="string_24" HPOS="633" VPOS="252" WIDTH="39" HEIGHT="21" WC="0.93" CONTENT="och"/><SP WIDTH="15" VPOS="252" HPOS="672"/>
							<String ID="string_25" HPOS="687" VPOS="252" WIDTH="240" HEIGHT="27" WC="0.90" CONTENT="brobyggnadsdelning"/>
						</TextLine>
						<TextLine ID="line_4" HPOS="173" VPOS="284" WIDTH="754" HEIGHT="29">
							<String ID="string_26" HPOS="173" VPOS="284" WIDTH="91" HEIGHT="21" WC="0.93" CONTENT="emellan"/><SP WIDTH="24" VPOS="284" HPOS="264"/>
							<String ID="string_27" HPOS="288" VPOS="284" WIDTH="137" HEIGHT="23" WC="0.92" CONTENT="förenämnde"/><SP WIDTH="24" VPOS="284" HPOS="425"/>
							<String ID="string_28" HPOS="449" VPOS="292" WIDTH="64" HEIGHT="20" WC="0.92" CONTENT="egare"/><SP WIDTH="23" VPOS="292" HPOS="513"/>
							<String ID="string_29" HPOS="536" VPOS="286" WIDTH="39" HEIGHT="21" WC="0.92" CONTENT="och"/><SP WIDTH="24" VPOS="286" HPOS="575"/>
							<String ID="string_30" HPOS="599" VPOS="286" WIDTH="139" HEIGHT="21" WC="0.91" CONTENT="innehafvare"/><SP WIDTH="23" VPOS="286" HPOS="738"/>
							<String ID="string_31" HPOS="761" VPOS="286" WIDTH="23" HEIGHT="21" WC="0.96" CONTENT="af"/><SP WIDTH="16" VPOS="286" HPOS="784"/>
							<String ID="string_32" HPOS="800" VPOS="287" WIDTH="49" HEIGHT="26" WC="0.96" CONTENT="jord"/><SP WIDTH="15" VPOS="287" HPOS="849"/>
							<String ID="string_33" HPOS="864" VPOS="288" WIDTH="63" HEIGHT="25" WC="0.96" CONTENT="utgör"/>
						</TextLine>
						<TextLine ID="line_5" HPOS="173" VPOS="319" WIDTH="753" HEIGHT="28">
							<String ID="string_34" HPOS="173" VPOS="319" WIDTH="113" HEIGHT="25" WC="0.91" CONTENT="mantalet;"/><SP WIDTH="18" VPOS="319" HPOS="286"/>
							<String ID="string_35" HPOS="304" VPOS="319" WIDTH="39" HEIGHT="20" WC="0.96" CONTENT="och"/><SP WIDTH="16" VPOS="319" HPOS="343"/>
							<String ID="string_36" HPOS="359" VPOS="320" WIDTH="61" HEIGHT="21" WC="0.96" CONTENT="skola"/><SP WIDTH="16" VPOS="320" HPOS="420"/>
							<String ID="string_37" HPOS="436" VPOS="320" WIDTH="6" HEIGHT="21" WC="0.96" CONTENT="i"/><SP WIDTH="16" VPOS="320" HPOS="442"/>
							<String ID="string_38" HPOS="458" VPOS="320" WIDTH="52" HEIGHT="27" WC="0.96" CONTENT="följd"/><SP WIDTH="17" VPOS="320" HPOS="510"/>
							<String ID="string_39" HPOS="527" VPOS="321" WIDTH="63" HEIGHT="20" WC="0.93" CONTENT="deraf"/><SP WIDTH="14" VPOS="321" HPOS="590"/>
							<String ID="string_40" HPOS="604" VPOS="321" WIDTH="122" HEIGHT="26" WC="0.92" CONTENT="skattlagde"/><SP WIDTH="17" VPOS="321" HPOS="726"/>
							<String ID="string_41" HPOS="743" VPOS="322" WIDTH="47" HEIGHT="25" WC="0.96" CONTENT="torp"/><SP WIDTH="17" VPOS="322" HPOS="790"/>
							<String ID="string_42" HPOS="807" VPOS="321" WIDTH="39" HEIGHT="20" WC="0.93" CONTENT="och"/><SP WIDTH="14" VPOS="321" HPOS="846"/>
							<String ID="string_43" HPOS="860" VPOS="321" WIDTH="66" HEIGHT="26" WC="0.91" CONTENT="utjor-"/>
						</TextLine>
						<TextLine ID="line_6" HPOS="173" VPOS="352" WIDTH="754" HEIGHT="31">
							<String ID="string_44" HPOS="173" VPOS="352" WIDTH="39" HEIGHT="21" WC="0.94" CONTENT="dar"/><SP WIDTH="16" VPOS="352" HPOS="212"/>
							<String ID="string_45" HPOS="228" VPOS="355" WIDTH="56" HEIGHT="18" WC="0.96" CONTENT="samt"/><SP WIDTH="20" VPOS="355" HPOS="284"/>
							<String ID="string_46" HPOS="304" VPOS="353" WIDTH="92" HEIGHT="22" WC="0.91" CONTENT="kronans"/><SP WIDTH="21" VPOS="353" HPOS="396"/>
							<String ID="string_47" HPOS="417" VPOS="355" WIDTH="147" HEIGHT="28" WC="0.89" CONTENT="skogsparker,"/><SP WIDTH="17" VPOS="355" HPOS="564"/>
							<String ID="string_48" HPOS="581" VPOS="355" WIDTH="6" HEIGHT="21" WC="0.96" CONTENT="i"/><SP WIDTH="17" VPOS="355" HPOS="587"/>
							<String ID="string_49" HPOS="604" VPOS="355" WIDTH="81" HEIGHT="21" WC="0.96" CONTENT="mantal"/><SP WIDTH="17" VPOS="355" HPOS="685"/>
							<String ID="string_50" HPOS="702" VPOS="357" WIDTH="68" HEIGHT="19" WC="0.96" CONTENT="sättas"/><SP WIDTH="16" VPOS="357" HPOS="770"/>
							<String ID="string_51" HPOS="786" VPOS="356" WIDTH="28" HEIGHT="25" WC="0.96" CONTENT="på"/><SP WIDTH="16" VPOS="356" HPOS="814"/>
							<String ID="string_52" HPOS="830" VPOS="357" WIDTH="42" HEIGHT="19" WC="0.96" CONTENT="sätt"/><SP WIDTH="17" VPOS="357" HPOS="872"/>
							<String ID="string_53" HPOS="889" VPOS="355" WIDTH="38" HEIGHT="21" WC="0.96" CONTENT="här"/>
						</TextLine>
						<TextLine ID="line_7" HPOS="173" VPOS="387" WIDTH="753" HEIGHT="29">
							<String ID="string_54" HPOS="173" VPOS="387" WIDTH="70" HEIGHT="20" WC="0.96" CONTENT="nedan"/><SP WIDTH="24" VPOS="387" HPOS="243"/>
							<String ID="string_55" HPOS="267" VPOS="389" WIDTH="95" HEIGHT="20" WC="0.88" CONTENT="nämnes."/><SP WIDTH="30" VPOS="389" HPOS="362"/>
							<String ID="string_56" HPOS="392" VPOS="389" WIDTH="44" HEIGHT="21" WC="0.95" CONTENT="Der"/><SP WIDTH="23" VPOS="389" HPOS="436"/>
							<String ID="string_57" HPOS="459" VPOS="389" WIDTH="129" HEIGHT="27" WC="0.95" CONTENT="förmedling"/><SP WIDTH="23" VPOS="389" HPOS="588"/>
							<String ID="string_58" HPOS="611" VPOS="390" WIDTH="53" HEIGHT="21" WC="0.95" CONTENT="eller"/><SP WIDTH="23" VPOS="390" HPOS="664"/>
							<String ID="string_59" HPOS="687" VPOS="389" WIDTH="156" HEIGHT="26" WC="0.96" CONTENT="uppskattning"/><SP WIDTH="19" VPOS="389" HPOS="843"/>
							<String ID="string_60" HPOS="862" VPOS="389" WIDTH="64" HEIGHT="27" WC="0.96" CONTENT="skett,"/>
						</TextLine>
						<TextLine ID="line_8" HPOS="174" VPOS="421" WIDTH="753" HEIGHT="30">
							<String ID="string_61" HPOS="174" VPOS="421" WIDTH="55" HEIGHT="24" WC="0.90" CONTENT="gälle"/><SP WIDTH="17" VPOS="421" HPOS="229"/>
							<String ID="string_62" HPOS="246" VPOS="422" WIDTH="36" HEIGHT="21" WC="0.96" CONTENT="det"/><SP WIDTH="16" VPOS="422" HPOS="282"/>
							<String ID="string_63" HPOS="298" VPOS="429" WIDTH="41" HEIGHT="20" WC="0.93" CONTENT="nya"/><SP WIDTH="15" VPOS="429" HPOS="339"/>
							<String ID="string_64" HPOS="354" VPOS="423" WIDTH="110" HEIGHT="22" WC="0.91" CONTENT="mantalet."/><SP WIDTH="30" VPOS="423" HPOS="464"/>
							<String ID="string_65" HPOS="494" VPOS="423" WIDTH="60" HEIGHT="22" WC="0.96" CONTENT="Dock"/><SP WIDTH="16" VPOS="423" HPOS="554"/>
							<String ID="string_66" HPOS="570" VPOS="425" WIDTH="34" HEIGHT="20" WC="0.95" CONTENT="må"/><SP WIDTH="17" VPOS="425" HPOS="604"/>
							<String ID="string_67" HPOS="621" VPOS="424" WIDTH="18" HEIGHT="27" WC="0.95" CONTENT="ej"/><SP WIDTH="17" VPOS="424" HPOS="639"/>
							<String ID="string_68" HPOS="656" VPOS="424" WIDTH="68" HEIGHT="21" WC="0.96" CONTENT="sådan"/><SP WIDTH="11" VPOS="424" HPOS="724"/>
							<String ID="string_69" HPOS="735" VPOS="423" WIDTH="129" HEIGHT="27" WC="0.96" CONTENT="förmedling"/><SP WIDTH="10" VPOS="423" HPOS="864"/>
							<String ID="string_70" HPOS="874" VPOS="424" WIDTH="53" HEIGHT="21" WC="0.96" CONTENT="eller"/>
						</TextLine>
						<TextLine ID="line_9" HPOS="173" VPOS="456" WIDTH="753" HEIGHT="29">
							<String ID="string_71" HPOS="173" VPOS="456" WIDTH="156" HEIGHT="27" WC="0.96" CONTENT="uppskattning"/><SP WIDTH="22" VPOS="456" HPOS="329"/>
							<String ID="string_72" HPOS="351" VPOS="457" WIDTH="23" HEIGHT="21" WC="0.96" CONTENT="af"/><SP WIDTH="20" VPOS="457" HPOS="374"/>
							<String ID="string_73" HPOS="394" VPOS="458" WIDTH="87" HEIGHT="27" WC="0.95" CONTENT="mantal,"/><SP WIDTH="21" VPOS="458" HPOS="481"/>
							<String ID="string_74" HPOS="502" VPOS="459" WIDTH="18" HEIGHT="26" WC="0.96" CONTENT="ej"/><SP WIDTH="21" VPOS="459" HPOS="520"/>
							<String ID="string_75" HPOS="541" VPOS="459" WIDTH="68" HEIGHT="20" WC="0.96" CONTENT="heller"/><SP WIDTH="19" VPOS="459" HPOS="609"/>
							<String ID="string_76" HPOS="628" VPOS="458" WIDTH="134" HEIGHT="21" WC="0.96" CONTENT="tillkomsten"/><SP WIDTH="16" VPOS="458" HPOS="762"/>
							<String ID="string_77" HPOS="778" VPOS="458" WIDTH="23" HEIGHT="21" WC="0.96" CONTENT="af"/><SP WIDTH="14" VPOS="458" HPOS="801"/>
							<String ID="string_78" HPOS="815" VPOS="458" WIDTH="111" HEIGHT="27" WC="0.95" CONTENT="nybyggen"/>
						</TextLine>
						<TextLine ID="line_10" HPOS="174" VPOS="489" WIDTH="752" HEIGHT="30">
							<String ID="string_79" HPOS="174" VPOS="489" WIDTH="66" HEIGHT="21" WC="0.93" CONTENT="verka"/><SP WIDTH="15" VPOS="489" HPOS="240"/>
							<String ID="string_80" HPOS="255" VPOS="491" WIDTH="109" HEIGHT="27" WC="0.92" CONTENT="rubbning"/><SP WIDTH="16" VPOS="491" HPOS="364"/>
							<String ID="string_81" HPOS="380" VPOS="492" WIDTH="22" HEIGHT="21" WC="0.96" CONTENT="af"/><SP WIDTH="14" VPOS="492" HPOS="402"/>
							<String ID="string_82" HPOS="416" VPOS="493" WIDTH="66" HEIGHT="20" WC="0.96" CONTENT="redan"/><SP WIDTH="17" VPOS="493" HPOS="482"/>
							<String ID="string_83" HPOS="499" VPOS="493" WIDTH="68" HEIGHT="20" WC="0.93" CONTENT="skedd"/><SP WIDTH="11" VPOS="493" HPOS="567"/>
							<String ID="string_84" HPOS="578" VPOS="493" WIDTH="130" HEIGHT="26" WC="0.91" CONTENT="vägdelning"/><SP WIDTH="11" VPOS="493" HPOS="708"/>
							<String ID="string_85" HPOS="719" VPOS="495" WIDTH="52" HEIGHT="18" WC="0.96" CONTENT="utan"/><SP WIDTH="11" VPOS="495" HPOS="771"/>
							<String ID="string_86" HPOS="782" VPOS="493" WIDTH="70" HEIGHT="20" WC="0.93" CONTENT="denna"/><SP WIDTH="11" VPOS="493" HPOS="852"/>
							<String ID="string_87" HPOS="863" VPOS="493" WIDTH="63" HEIGHT="20" WC="0.93" CONTENT="lända"/>
						</TextLine>
						<TextLine ID="line_11" HPOS="174" VPOS="523" WIDTH="752" HEIGHT="30">
							<String ID="string_88" HPOS="174" VPOS="523" WIDTH="33" HEIGHT="20" WC="0.93" CONTENT="till"/><SP WIDTH="17" VPOS="523" HPOS="207"/>
							<String ID="string_89" HPOS="224" VPOS="523" WIDTH="144" HEIGHT="24" WC="0.90" CONTENT="efterrättelse"/><SP WIDTH="16" VPOS="523" HPOS="368"/>
							<String ID="string_90" HPOS="384" VPOS="527" WIDTH="44" HEIGHT="20" WC="0.96" CONTENT="tills"/><SP WIDTH="20" VPOS="527" HPOS="428"/>
							<String ID="string_91" HPOS="448" VPOS="534" WIDTH="27" HEIGHT="19" WC="0.93" CONTENT="ny"/><SP WIDTH="17" VPOS="534" HPOS="475"/>
							<String ID="string_92" HPOS="492" VPOS="527" WIDTH="135" HEIGHT="26" WC="0.65" CONTENT="delning-för"/><SP WIDTH="16" VPOS="527" HPOS="627"/>
							<String ID="string_93" HPOS="643" VPOS="534" WIDTH="70" HEIGHT="14" WC="0.96" CONTENT="annan"/><SP WIDTH="17" VPOS="534" HPOS="713"/>
							<String ID="string_94" HPOS="730" VPOS="527" WIDTH="64" HEIGHT="21" WC="0.95" CONTENT="orsak"/><SP WIDTH="17" VPOS="527" HPOS="794"/>
							<String ID="string_95" HPOS="811" VPOS="527" WIDTH="37" HEIGHT="21" WC="0.96" CONTENT="ske"/><SP WIDTH="16" VPOS="527" HPOS="848"/>
							<String ID="string_96" HPOS="864" VPOS="527" WIDTH="62" HEIGHT="21" WC="0.96" CONTENT="skall."/>
						</TextLine>
						<TextLine ID="line_12" HPOS="174" VPOS="557" WIDTH="752" HEIGHT="31">
							<String ID="string_97" HPOS="174" VPOS="557" WIDTH="59" HEIGHT="21" WC="0.96" CONTENT="Intill"/><SP WIDTH="17" VPOS="557" HPOS="233"/>
							<String ID="string_98" HPOS="250" VPOS="559" WIDTH="48" HEIGHT="20" WC="0.96" CONTENT="dess"/><SP WIDTH="16" VPOS="559" HPOS="298"/>
							<String ID="string_99" HPOS="314" VPOS="560" WIDTH="52" HEIGHT="21" WC="0.96" CONTENT="böra"/><SP WIDTH="17" VPOS="560" HPOS="366"/>
							<String ID="string_100" HPOS="383" VPOS="561" WIDTH="118" HEIGHT="27" WC="0.96" CONTENT="nybyggen,"/><SP WIDTH="20" VPOS="561" HPOS="501"/>
							<String ID="string_101" HPOS="521" VPOS="562" WIDTH="66" HEIGHT="21" WC="0.96" CONTENT="sedan"/><SP WIDTH="22" VPOS="562" HPOS="587"/>
							<String ID="string_102" HPOS="609" VPOS="562" WIDTH="25" HEIGHT="21" WC="0.93" CONTENT="de"/><SP WIDTH="17" VPOS="562" HPOS="634"/>
							<String ID="string_103" HPOS="651" VPOS="562" WIDTH="60" HEIGHT="21" WC="0.92" CONTENT="trädt"/><SP WIDTH="16" VPOS="562" HPOS="711"/>
							<String ID="string_104" HPOS="727" VPOS="561" WIDTH="5" HEIGHT="21" WC="0.96" CONTENT="i"/><SP WIDTH="17" VPOS="561" HPOS="732"/>
							<String ID="string_105" HPOS="749" VPOS="562" WIDTH="65" HEIGHT="26" WC="0.96" CONTENT="skatt,"/><SP WIDTH="16" VPOS="562" HPOS="814"/>
							<String ID="string_106" HPOS="830" VPOS="561" WIDTH="31" HEIGHT="21" WC="0.93" CONTENT="uti"/><SP WIDTH="16" VPOS="561" HPOS="861"/>
							<String ID="string_107" HPOS="877" VPOS="563" WIDTH="49" HEIGHT="24" WC="0.91" CONTENT="väg-"/>
						</TextLine>
						<TextLine ID="line_13" HPOS="174" VPOS="592" WIDTH="751" HEIGHT="31">
							<String ID="string_108" HPOS="174" VPOS="592" WIDTH="40" HEIGHT="21" WC="0.92" CONTENT="och"/><SP WIDTH="26" VPOS="592" HPOS="214"/>
							<String ID="string_109" HPOS="240" VPOS="593" WIDTH="252" HEIGHT="28" WC="0.83" CONTENT="brobyggnadsbesväret"/><SP WIDTH="27" VPOS="593" HPOS="492"/>
							<String ID="string_110" HPOS="519" VPOS="597" WIDTH="56" HEIGHT="20" WC="0.92" CONTENT="inom"/><SP WIDTH="27" VPOS="597" HPOS="575"/>
							<String ID="string_111" HPOS="602" VPOS="597" WIDTH="213" HEIGHT="26" WC="0.91" CONTENT="vägbyggnadslaget"/><SP WIDTH="26" VPOS="597" HPOS="815"/>
							<String ID="string_112" HPOS="841" VPOS="596" WIDTH="84" HEIGHT="26" WC="0.96" CONTENT="deltaga"/>
						</TextLine>
						<TextLine ID="line_14" HPOS="174" VPOS="627" WIDTH="752" HEIGHT="30">
							<String ID="string_113" HPOS="174" VPOS="627" WIDTH="48" HEIGHT="20" WC="0.94" CONTENT="med"/><SP WIDTH="16" VPOS="627" HPOS="222"/>
							<String ID="string_114" HPOS="238" VPOS="628" WIDTH="125" HEIGHT="28" WC="0.94" CONTENT="penningar,"/><SP WIDTH="17" VPOS="628" HPOS="363"/>
							<String ID="string_115" HPOS="380" VPOS="632" WIDTH="27" HEIGHT="24" WC="0.96" CONTENT="på"/><SP WIDTH="19" VPOS="632" HPOS="407"/>
							<String ID="string_116" HPOS="426" VPOS="632" WIDTH="43" HEIGHT="19" WC="0.96" CONTENT="sätt"/><SP WIDTH="20" VPOS="632" HPOS="469"/>
							<String ID="string_117" HPOS="489" VPOS="637" WIDTH="33" HEIGHT="14" WC="0.95" CONTENT="om"/><SP WIDTH="19" VPOS="637" HPOS="522"/>
							<String ID="string_118" HPOS="541" VPOS="631" WIDTH="55" HEIGHT="20" WC="0.95" CONTENT="bruk"/><SP WIDTH="16" VPOS="631" HPOS="596"/>
							<String ID="string_119" HPOS="612" VPOS="631" WIDTH="39" HEIGHT="21" WC="0.95" CONTENT="och"/><SP WIDTH="16" VPOS="631" HPOS="651"/>
							<String ID="string_120" HPOS="667" VPOS="631" WIDTH="96" HEIGHT="20" WC="0.96" CONTENT="fabriker"/><SP WIDTH="16" VPOS="631" HPOS="763"/>
							<String ID="string_121" HPOS="779" VPOS="633" WIDTH="24" HEIGHT="18" WC="0.92" CONTENT="är"/><SP WIDTH="16" VPOS="633" HPOS="803"/>
							<String ID="string_122" HPOS="819" VPOS="631" WIDTH="107" HEIGHT="26" WC="0.91" CONTENT="stadgadt."/>
						</TextLine>
					</TextBlock>
					<TextBlock ID="block_3" HPOS="172" VPOS="661" WIDTH="757" HEIGHT="403">
						<TextLine ID="line_15" HPOS="245" VPOS="661" WIDTH="681" HEIGHT="31">
							<String ID="string_123" HPOS="245" VPOS="661" WIDTH="42" HEIGHT="22" WC="0.96" CONTENT="Det"/><SP WIDTH="16" VPOS="661" HPOS="287"/>
							<String ID="string_124" HPOS="303" VPOS="662" WIDTH="61" HEIGHT="28" WC="0.96" CONTENT="bruk,"/><SP WIDTH="16" VPOS="662" HPOS="364"/>
							<String ID="string_125" HPOS="380" VPOS="664" WIDTH="82" HEIGHT="21" WC="0.96" CONTENT="fabriker,"/><SP WIDTH="38" VPOS="664" HPOS="462"/>
							<String ID="string_126" HPOS="500" VPOS="668" WIDTH="64" HEIGHT="24" WC="0.82" CONTENT="sågar,"/><SP WIDTH="11" VPOS="668" HPOS="564"/>
							<String ID="string_127" HPOS="575" VPOS="665" WIDTH="193" HEIGHT="27" WC="0.89" CONTENT="tullmjölqvarnar,"/><SP WIDTH="12" VPOS="665" HPOS="768"/>
							<String ID="string_128" HPOS="780" VPOS="665" WIDTH="146" HEIGHT="26" WC="0.90" CONTENT="ölbryggerier"/>
						</TextLine>
						<TextLine ID="line_16" HPOS="174" VPOS="695" WIDTH="752" HEIGHT="31">
							<String ID="string_129" HPOS="174" VPOS="695" WIDTH="39" HEIGHT="21" WC="0.92" CONTENT="och"/><SP WIDTH="23" VPOS="695" HPOS="213"/>
							<String ID="string_130" HPOS="236" VPOS="696" WIDTH="230" HEIGHT="24" WC="0.89" CONTENT="bränvinsbrännerier"/><SP WIDTH="23" VPOS="696" HPOS="466"/>
							<String ID="string_131" HPOS="489" VPOS="700" WIDTH="114" HEIGHT="26" WC="0.88" CONTENT="åliggande"/><SP WIDTH="23" VPOS="700" HPOS="603"/>
							<String ID="string_132" HPOS="626" VPOS="700" WIDTH="77" HEIGHT="26" WC="0.96" CONTENT="bidrag"/><SP WIDTH="24" VPOS="700" HPOS="703"/>
							<String ID="string_133" HPOS="727" VPOS="699" WIDTH="5" HEIGHT="21" WC="0.96" CONTENT="i"/><SP WIDTH="24" VPOS="699" HPOS="732"/>
							<String ID="string_134" HPOS="756" VPOS="699" WIDTH="119" HEIGHT="27" WC="0.94" CONTENT="penningar"/><SP WIDTH="18" VPOS="699" HPOS="875"/>
							<String ID="string_135" HPOS="893" VPOS="699" WIDTH="33" HEIGHT="21" WC="0.93" CONTENT="till"/>
						</TextLine>
						<TextLine ID="line_17" HPOS="172" VPOS="732" WIDTH="754" HEIGHT="28">
							<String ID="string_136" HPOS="172" VPOS="732" WIDTH="78" HEIGHT="24" WC="0.92" CONTENT="vägars"/><SP WIDTH="17" VPOS="732" HPOS="250"/>
							<String ID="string_137" HPOS="267" VPOS="732" WIDTH="39" HEIGHT="20" WC="0.93" CONTENT="och"/><SP WIDTH="16" VPOS="732" HPOS="306"/>
							<String ID="string_138" HPOS="322" VPOS="732" WIDTH="75" HEIGHT="21" WC="0.92" CONTENT="broars"/><SP WIDTH="15" VPOS="732" HPOS="397"/>
							<String ID="string_139" HPOS="412" VPOS="734" WIDTH="112" HEIGHT="26" WC="0.96" CONTENT="byggande"/><SP WIDTH="16" VPOS="734" HPOS="524"/>
							<String ID="string_140" HPOS="540" VPOS="734" WIDTH="39" HEIGHT="21" WC="0.96" CONTENT="och"/><SP WIDTH="17" VPOS="734" HPOS="579"/>
							<String ID="string_141" HPOS="596" VPOS="734" WIDTH="113" HEIGHT="21" WC="0.96" CONTENT="underhåll"/><SP WIDTH="15" VPOS="734" HPOS="709"/>
							<String ID="string_142" HPOS="724" VPOS="736" WIDTH="87" HEIGHT="24" WC="0.96" CONTENT="utgöres"/><SP WIDTH="11" VPOS="736" HPOS="811"/>
							<String ID="string_143" HPOS="822" VPOS="734" WIDTH="104" HEIGHT="20" WC="0.96" CONTENT="likaledes"/>
						</TextLine>
						<TextLine ID="line_18" HPOS="173" VPOS="764" WIDTH="753" HEIGHT="32">
							<String ID="string_144" HPOS="173" VPOS="764" WIDTH="55" HEIGHT="22" WC="0.92" CONTENT="efter"/><SP WIDTH="16" VPOS="764" HPOS="228"/>
							<String ID="string_145" HPOS="244" VPOS="766" WIDTH="112" HEIGHT="28" WC="0.90" CONTENT="mantalet,"/><SP WIDTH="19" VPOS="766" HPOS="356"/>
							<String ID="string_146" HPOS="375" VPOS="767" WIDTH="5" HEIGHT="21" WC="0.96" CONTENT="i"/><SP WIDTH="16" VPOS="767" HPOS="380"/>
							<String ID="string_147" HPOS="396" VPOS="768" WIDTH="81" HEIGHT="22" WC="0.96" CONTENT="hvilket"/><SP WIDTH="16" VPOS="768" HPOS="477"/>
							<String ID="string_148" HPOS="493" VPOS="769" WIDTH="101" HEIGHT="21" WC="0.96" CONTENT="afseende"/><SP WIDTH="17" VPOS="769" HPOS="594"/>
							<String ID="string_149" HPOS="611" VPOS="769" WIDTH="67" HEIGHT="27" WC="0.96" CONTENT="sagda"/><SP WIDTH="16" VPOS="769" HPOS="678"/>
							<String ID="string_150" HPOS="694" VPOS="769" WIDTH="146" HEIGHT="26" WC="0.93" CONTENT="inrättningar"/><SP WIDTH="8" VPOS="769" HPOS="840"/>
							<String ID="string_151" HPOS="848" VPOS="769" WIDTH="78" HEIGHT="26" WC="0.91" CONTENT="jemväl"/>
						</TextLine>
						<TextLine ID="line_19" HPOS="173" VPOS="798" WIDTH="753" HEIGHT="31">
							<String ID="string_152" HPOS="173" VPOS="798" WIDTH="61" HEIGHT="22" WC="0.96" CONTENT="skola"/><SP WIDTH="16" VPOS="798" HPOS="234"/>
							<String ID="string_153" HPOS="250" VPOS="801" WIDTH="81" HEIGHT="20" WC="0.92" CONTENT="mantal"/><SP WIDTH="17" VPOS="801" HPOS="331"/>
							<String ID="string_154" HPOS="348" VPOS="802" WIDTH="92" HEIGHT="26" WC="0.92" CONTENT="åsättas;"/><SP WIDTH="20" VPOS="802" HPOS="440"/>
							<String ID="string_155" HPOS="460" VPOS="803" WIDTH="38" HEIGHT="21" WC="0.96" CONTENT="och"/><SP WIDTH="20" VPOS="803" HPOS="498"/>
							<String ID="string_156" HPOS="518" VPOS="803" WIDTH="130" HEIGHT="22" WC="0.96" CONTENT="bestämmes"/><SP WIDTH="19" VPOS="803" HPOS="648"/>
							<String ID="string_157" HPOS="667" VPOS="803" WIDTH="101" HEIGHT="26" WC="0.96" CONTENT="beloppet"/><SP WIDTH="16" VPOS="803" HPOS="768"/>
							<String ID="string_158" HPOS="784" VPOS="803" WIDTH="23" HEIGHT="21" WC="0.95" CONTENT="af"/><SP WIDTH="14" VPOS="803" HPOS="807"/>
							<String ID="string_159" HPOS="821" VPOS="803" WIDTH="59" HEIGHT="21" WC="0.92" CONTENT="detta"/><SP WIDTH="15" VPOS="803" HPOS="880"/>
							<String ID="string_160" HPOS="895" VPOS="802" WIDTH="31" HEIGHT="21" WC="0.92" CONTENT="bi-"/>
						</TextLine>
						<TextLine ID="line_20" HPOS="173" VPOS="833" WIDTH="753" HEIGHT="31">
							<String ID="string_161" HPOS="173" VPOS="833" WIDTH="60" HEIGHT="28" WC="0.96" CONTENT="drag,"/><SP WIDTH="16" VPOS="833" HPOS="233"/>
							<String ID="string_162" HPOS="249" VPOS="835" WIDTH="83" HEIGHT="21" WC="0.96" CONTENT="hvilket"/><SP WIDTH="16" VPOS="835" HPOS="332"/>
							<String ID="string_163" HPOS="348" VPOS="836" WIDTH="39" HEIGHT="21" WC="0.96" CONTENT="bör"/><SP WIDTH="15" VPOS="836" HPOS="387"/>
							<String ID="string_164" HPOS="402" VPOS="838" WIDTH="109" HEIGHT="20" WC="0.96" CONTENT="användas"/><SP WIDTH="16" VPOS="838" HPOS="511"/>
							<String ID="string_165" HPOS="527" VPOS="838" WIDTH="33" HEIGHT="21" WC="0.96" CONTENT="till"/><SP WIDTH="16" VPOS="838" HPOS="560"/>
							<String ID="string_166" HPOS="576" VPOS="838" WIDTH="113" HEIGHT="21" WC="0.96" CONTENT="lindrande"/><SP WIDTH="17" VPOS="838" HPOS="689"/>
							<String ID="string_167" HPOS="706" VPOS="837" WIDTH="23" HEIGHT="21" WC="0.95" CONTENT="af"/><SP WIDTH="15" VPOS="837" HPOS="729"/>
							<String ID="string_168" HPOS="744" VPOS="837" WIDTH="6" HEIGHT="21" WC="0.95" CONTENT="i"/><SP WIDTH="12" VPOS="837" HPOS="750"/>
							<String ID="string_169" HPOS="762" VPOS="837" WIDTH="60" HEIGHT="27" WC="0.95" CONTENT="fråga"/><SP WIDTH="11" VPOS="837" HPOS="822"/>
							<String ID="string_170" HPOS="833" VPOS="837" WIDTH="93" HEIGHT="21" WC="0.96" CONTENT="varande"/>
						</TextLine>
						<TextLine ID="line_21" HPOS="172" VPOS="869" WIDTH="757" HEIGHT="29">
							<String ID="string_171" HPOS="172" VPOS="870" WIDTH="74" HEIGHT="25" WC="0.95" CONTENT="tunga,"/><SP WIDTH="24" VPOS="870" HPOS="246"/>
							<String ID="string_172" HPOS="270" VPOS="869" WIDTH="55" HEIGHT="22" WC="0.96" CONTENT="efter"/><SP WIDTH="23" VPOS="869" HPOS="325"/>
							<String ID="string_173" HPOS="348" VPOS="871" WIDTH="41" HEIGHT="20" WC="0.96" CONTENT="den"/><SP WIDTH="23" VPOS="871" HPOS="389"/>
							<String ID="string_174" HPOS="412" VPOS="871" WIDTH="99" HEIGHT="27" WC="0.93" CONTENT="kostnad,"/><SP WIDTH="19" VPOS="871" HPOS="511"/>
							<String ID="string_175" HPOS="530" VPOS="873" WIDTH="87" HEIGHT="20" WC="0.91" CONTENT="hvartill"/><SP WIDTH="16" VPOS="873" HPOS="617"/>
							<String ID="string_176" HPOS="633" VPOS="872" WIDTH="142" HEIGHT="21" WC="0.91" CONTENT="förefallande"/><SP WIDTH="15" VPOS="872" HPOS="775"/>
							<String ID="string_177" HPOS="790" VPOS="872" WIDTH="99" HEIGHT="26" WC="0.96" CONTENT="byggnad"/><SP WIDTH="17" VPOS="872" HPOS="889"/>
							<String ID="string_178" HPOS="906" VPOS="871" WIDTH="23" HEIGHT="21" WC="0.96" CONTENT="af"/>
						</TextLine>
						<TextLine ID="line_22" HPOS="172" VPOS="904" WIDTH="757" HEIGHT="29">
							<String ID="string_179" HPOS="172" VPOS="909" WIDTH="27" HEIGHT="19" WC="0.95" CONTENT="ny"/><SP WIDTH="18" VPOS="909" HPOS="199"/>
							<String ID="string_180" HPOS="217" VPOS="905" WIDTH="40" HEIGHT="24" WC="0.95" CONTENT="väg"/><SP WIDTH="16" VPOS="905" HPOS="257"/>
							<String ID="string_181" HPOS="273" VPOS="904" WIDTH="39" HEIGHT="21" WC="0.97" CONTENT="och"/><SP WIDTH="17" VPOS="904" HPOS="312"/>
							<String ID="string_182" HPOS="329" VPOS="905" WIDTH="37" HEIGHT="20" WC="0.96" CONTENT="bro"/><SP WIDTH="17" VPOS="905" HPOS="366"/>
							<String ID="string_183" HPOS="383" VPOS="908" WIDTH="55" HEIGHT="19" WC="0.95" CONTENT="samt"/><SP WIDTH="16" VPOS="908" HPOS="438"/>
							<String ID="string_184" HPOS="454" VPOS="907" WIDTH="111" HEIGHT="20" WC="0.96" CONTENT="underhåll"/><SP WIDTH="17" VPOS="907" HPOS="565"/>
							<String ID="string_185" HPOS="582" VPOS="907" WIDTH="24" HEIGHT="21" WC="0.96" CONTENT="af"/><SP WIDTH="14" VPOS="907" HPOS="606"/>
							<String ID="string_186" HPOS="620" VPOS="907" WIDTH="58" HEIGHT="21" WC="0.93" CONTENT="äldre"/><SP WIDTH="17" VPOS="907" HPOS="678"/>
							<String ID="string_187" HPOS="695" VPOS="907" WIDTH="86" HEIGHT="26" WC="0.92" CONTENT="pröfvas"/><SP WIDTH="17" VPOS="907" HPOS="781"/>
							<String ID="string_188" HPOS="798" VPOS="906" WIDTH="32" HEIGHT="21" WC="0.96" CONTENT="för"/><SP WIDTH="12" VPOS="906" HPOS="830"/>
							<String ID="string_189" HPOS="842" VPOS="906" WIDTH="50" HEIGHT="27" WC="0.96" CONTENT="jord"/><SP WIDTH="14" VPOS="906" HPOS="892"/>
							<String ID="string_190" HPOS="906" VPOS="906" WIDTH="23" HEIGHT="21" WC="0.95" CONTENT="af"/>
						</TextLine>
						<TextLine ID="line_23" HPOS="172" VPOS="939" WIDTH="754" HEIGHT="29">
							<String ID="string_191" HPOS="172" VPOS="939" WIDTH="32" HEIGHT="18" WC="0.96" CONTENT="ett"/><SP WIDTH="16" VPOS="939" HPOS="204"/>
							<String ID="string_192" HPOS="220" VPOS="939" WIDTH="81" HEIGHT="20" WC="0.95" CONTENT="mantal"/><SP WIDTH="17" VPOS="939" HPOS="301"/>
							<String ID="string_193" HPOS="318" VPOS="941" WIDTH="78" HEIGHT="24" WC="0.91" CONTENT="uppgå."/><SP WIDTH="31" VPOS="941" HPOS="396"/>
							<String ID="string_194" HPOS="427" VPOS="941" WIDTH="87" HEIGHT="21" WC="0.88" CONTENT="Utföres"/><SP WIDTH="16" VPOS="941" HPOS="514"/>
							<String ID="string_195" HPOS="530" VPOS="941" WIDTH="127" HEIGHT="27" WC="0.96" CONTENT="byggnaden"/><SP WIDTH="16" VPOS="941" HPOS="657"/>
							<String ID="string_196" HPOS="673" VPOS="941" WIDTH="53" HEIGHT="21" WC="0.96" CONTENT="eller"/><SP WIDTH="11" VPOS="941" HPOS="726"/>
							<String ID="string_197" HPOS="737" VPOS="941" WIDTH="137" HEIGHT="20" WC="0.91" CONTENT="underhållet"/><SP WIDTH="11" VPOS="941" HPOS="874"/>
							<String ID="string_198" HPOS="885" VPOS="947" WIDTH="41" HEIGHT="14" WC="0.91" CONTENT="me-"/>
						</TextLine>
						<TextLine ID="line_24" HPOS="172" VPOS="971" WIDTH="754" HEIGHT="30">
							<String ID="string_199" HPOS="172" VPOS="971" WIDTH="56" HEIGHT="21" WC="0.91" CONTENT="delst"/><SP WIDTH="16" VPOS="971" HPOS="228"/>
							<String ID="string_200" HPOS="244" VPOS="974" WIDTH="152" HEIGHT="27" WC="0.96" CONTENT="entreprenad,"/><SP WIDTH="17" VPOS="974" HPOS="396"/>
							<String ID="string_201" HPOS="413" VPOS="975" WIDTH="51" HEIGHT="20" WC="0.92" CONTENT="böra"/><SP WIDTH="16" VPOS="975" HPOS="464"/>
							<String ID="string_202" HPOS="480" VPOS="975" WIDTH="138" HEIGHT="22" WC="0.87" CONTENT="förenämnde"/><SP WIDTH="15" VPOS="975" HPOS="618"/>
							<String ID="string_203" HPOS="633" VPOS="975" WIDTH="146" HEIGHT="26" WC="0.95" CONTENT="inrättningar"/><SP WIDTH="11" VPOS="975" HPOS="779"/>
							<String ID="string_204" HPOS="790" VPOS="975" WIDTH="5" HEIGHT="21" WC="0.95" CONTENT="i"/><SP WIDTH="12" VPOS="975" HPOS="795"/>
							<String ID="string_205" HPOS="807" VPOS="975" WIDTH="119" HEIGHT="20" WC="0.96" CONTENT="kostnaden"/>
						</TextLine>
						<TextLine ID="line_25" HPOS="172" VPOS="1005" WIDTH="755" HEIGHT="32">
							<String ID="string_206" HPOS="172" VPOS="1005" WIDTH="86" HEIGHT="27" WC="0.96" CONTENT="deltaga"/><SP WIDTH="16" VPOS="1005" HPOS="258"/>
							<String ID="string_207" HPOS="274" VPOS="1007" WIDTH="44" HEIGHT="21" WC="0.96" CONTENT="lika"/><SP WIDTH="16" VPOS="1007" HPOS="318"/>
							<String ID="string_208" HPOS="334" VPOS="1009" WIDTH="49" HEIGHT="20" WC="0.93" CONTENT="med"/><SP WIDTH="16" VPOS="1009" HPOS="383"/>
							<String ID="string_209" HPOS="399" VPOS="1009" WIDTH="68" HEIGHT="26" WC="0.92" CONTENT="öfrige"/><SP WIDTH="15" VPOS="1009" HPOS="467"/>
							<String ID="string_210" HPOS="482" VPOS="1010" WIDTH="252" HEIGHT="27" WC="0.90" CONTENT="vägbyggnadsskyldige"/><SP WIDTH="17" VPOS="1010" HPOS="734"/>
							<String ID="string_211" HPOS="751" VPOS="1009" WIDTH="54" HEIGHT="21" WC="0.96" CONTENT="efter"/><SP WIDTH="17" VPOS="1009" HPOS="805"/>
							<String ID="string_212" HPOS="822" VPOS="1015" WIDTH="25" HEIGHT="15" WC="0.96" CONTENT="en"/><SP WIDTH="16" VPOS="1015" HPOS="847"/>
							<String ID="string_213" HPOS="863" VPOS="1009" WIDTH="64" HEIGHT="20" WC="0.96" CONTENT="hvars"/>
						</TextLine>
						<TextLine ID="line_26" HPOS="172" VPOS="1039" WIDTH="263" HEIGHT="25">
							<String ID="string_214" HPOS="172" VPOS="1039" WIDTH="158" HEIGHT="24" WC="0.90" CONTENT="innehafvande"/><SP WIDTH="17" VPOS="1039" HPOS="330"/>
							<String ID="string_215" HPOS="347" VPOS="1043" WIDTH="88" HEIGHT="21" WC="0.94" CONTENT="mantal."/>
						</TextLine>
					</TextBlock>
					<TextBlock ID="block_4" HPOS="168" VPOS="1075" WIDTH="760" HEIGHT="373">
						<TextLine ID="line_27" HPOS="243" VPOS="1075" WIDTH="684" HEIGHT="30">
							<String ID="string_216" HPOS="243" VPOS="1075" WIDTH="42" HEIGHT="21" WC="0.96" CONTENT="För"/><SP WIDTH="15" VPOS="1075" HPOS="285"/>
							<String ID="string_217" HPOS="300" VPOS="1077" WIDTH="100" HEIGHT="26" WC="0.96" CONTENT="taxering"/><SP WIDTH="16" VPOS="1077" HPOS="400"/>
							<String ID="string_218" HPOS="416" VPOS="1078" WIDTH="39" HEIGHT="21" WC="0.96" CONTENT="och"/><SP WIDTH="16" VPOS="1078" HPOS="455"/>
							<String ID="string_219" HPOS="471" VPOS="1078" WIDTH="158" HEIGHT="27" WC="0.96" CONTENT="uppskattning"/><SP WIDTH="16" VPOS="1078" HPOS="629"/>
							<String ID="string_220" HPOS="645" VPOS="1079" WIDTH="5" HEIGHT="20" WC="0.96" CONTENT="i"/><SP WIDTH="13" VPOS="1079" HPOS="650"/>
							<String ID="string_221" HPOS="663" VPOS="1078" WIDTH="81" HEIGHT="21" WC="0.96" CONTENT="mantal"/><SP WIDTH="12" VPOS="1078" HPOS="744"/>
							<String ID="string_222" HPOS="756" VPOS="1078" WIDTH="22" HEIGHT="20" WC="0.96" CONTENT="af"/><SP WIDTH="10" VPOS="1078" HPOS="778"/>
							<String ID="string_223" HPOS="788" VPOS="1077" WIDTH="59" HEIGHT="21" WC="0.93" CONTENT="såväl"/><SP WIDTH="12" VPOS="1077" HPOS="847"/>
							<String ID="string_224" HPOS="859" VPOS="1077" WIDTH="68" HEIGHT="21" WC="0.92" CONTENT="skatt-"/>
						</TextLine>
						<TextLine ID="line_28" HPOS="171" VPOS="1104" WIDTH="756" HEIGHT="35">
							<String ID="string_225" HPOS="171" VPOS="1108" WIDTH="63" HEIGHT="27" WC="0.96" CONTENT="lagda"/><SP WIDTH="24" VPOS="1108" HPOS="234"/>
							<String ID="string_226" HPOS="258" VPOS="1112" WIDTH="55" HEIGHT="25" WC="0.93" CONTENT="torp,"/><SP WIDTH="24" VPOS="1112" HPOS="313"/>
							<String ID="string_227" HPOS="337" VPOS="1104" WIDTH="98" HEIGHT="33" WC="0.92" CONTENT="utjordar"/><SP WIDTH="23" VPOS="1104" HPOS="435"/>
							<String ID="string_228" HPOS="458" VPOS="1113" WIDTH="39" HEIGHT="20" WC="0.96" CONTENT="och"/><SP WIDTH="23" VPOS="1113" HPOS="497"/>
							<String ID="string_229" HPOS="520" VPOS="1113" WIDTH="94" HEIGHT="20" WC="0.95" CONTENT="kronans"/><SP WIDTH="24" VPOS="1113" HPOS="614"/>
							<String ID="string_230" HPOS="638" VPOS="1112" WIDTH="152" HEIGHT="27" WC="0.91" CONTENT="skogsparker,"/><SP WIDTH="22" VPOS="1112" HPOS="790"/>
							<String ID="string_231" HPOS="812" VPOS="1117" WIDTH="45" HEIGHT="15" WC="0.96" CONTENT="som"/><SP WIDTH="16" VPOS="1117" HPOS="857"/>
							<String ID="string_232" HPOS="873" VPOS="1111" WIDTH="54" HEIGHT="21" WC="0.96" CONTENT="bruk"/>
						</TextLine>
						<TextLine ID="line_29" HPOS="170" VPOS="1143" WIDTH="757" HEIGHT="31">
							<String ID="string_233" HPOS="170" VPOS="1143" WIDTH="40" HEIGHT="20" WC="0.93" CONTENT="och"/><SP WIDTH="16" VPOS="1143" HPOS="210"/>
							<String ID="string_234" HPOS="226" VPOS="1143" WIDTH="68" HEIGHT="28" WC="0.91" CONTENT="öfrige"/><SP WIDTH="17" VPOS="1143" HPOS="294"/>
							<String ID="string_235" HPOS="311" VPOS="1145" WIDTH="157" HEIGHT="22" WC="0.89" CONTENT="ofvannämnde"/><SP WIDTH="20" VPOS="1145" HPOS="468"/>
							<String ID="string_236" HPOS="488" VPOS="1147" WIDTH="151" HEIGHT="27" WC="0.96" CONTENT="inrättningar,"/><SP WIDTH="20" VPOS="1147" HPOS="639"/>
							<String ID="string_237" HPOS="659" VPOS="1147" WIDTH="110" HEIGHT="20" WC="0.96" CONTENT="äfvensom"/><SP WIDTH="17" VPOS="1147" HPOS="769"/>
							<String ID="string_238" HPOS="786" VPOS="1146" WIDTH="33" HEIGHT="21" WC="0.93" CONTENT="för"/><SP WIDTH="15" VPOS="1146" HPOS="819"/>
							<String ID="string_239" HPOS="834" VPOS="1146" WIDTH="93" HEIGHT="21" WC="0.90" CONTENT="bestäm-"/>
						</TextLine>
						<TextLine ID="line_30" HPOS="171" VPOS="1178" WIDTH="757" HEIGHT="30">
							<String ID="string_240" HPOS="171" VPOS="1178" WIDTH="77" HEIGHT="21" WC="0.94" CONTENT="mande"/><SP WIDTH="17" VPOS="1178" HPOS="248"/>
							<String ID="string_241" HPOS="265" VPOS="1179" WIDTH="23" HEIGHT="20" WC="0.94" CONTENT="af"/><SP WIDTH="14" VPOS="1179" HPOS="288"/>
							<String ID="string_242" HPOS="302" VPOS="1179" WIDTH="36" HEIGHT="21" WC="0.93" CONTENT="det"/><SP WIDTH="16" VPOS="1179" HPOS="338"/>
							<String ID="string_243" HPOS="354" VPOS="1180" WIDTH="191" HEIGHT="28" WC="0.91" CONTENT="penningebidrag,"/><SP WIDTH="21" VPOS="1180" HPOS="545"/>
							<String ID="string_244" HPOS="566" VPOS="1181" WIDTH="82" HEIGHT="21" WC="0.96" CONTENT="hvilket"/><SP WIDTH="16" VPOS="1181" HPOS="648"/>
							<String ID="string_245" HPOS="664" VPOS="1181" WIDTH="48" HEIGHT="20" WC="0.93" CONTENT="från"/><SP WIDTH="18" VPOS="1181" HPOS="712"/>
							<String ID="string_246" HPOS="730" VPOS="1180" WIDTH="66" HEIGHT="27" WC="0.92" CONTENT="sagde"/><SP WIDTH="17" VPOS="1180" HPOS="796"/>
							<String ID="string_247" HPOS="813" VPOS="1180" WIDTH="115" HEIGHT="20" WC="0.93" CONTENT="inrättnin-"/>
						</TextLine>
						<TextLine ID="line_31" HPOS="170" VPOS="1213" WIDTH="758" HEIGHT="29">
							<String ID="string_248" HPOS="170" VPOS="1218" WIDTH="39" HEIGHT="19" WC="0.95" CONTENT="gar"/><SP WIDTH="19" VPOS="1218" HPOS="209"/>
							<String ID="string_249" HPOS="228" VPOS="1214" WIDTH="52" HEIGHT="25" WC="0.96" CONTENT="utgå"/><SP WIDTH="24" VPOS="1214" HPOS="280"/>
							<String ID="string_250" HPOS="304" VPOS="1213" WIDTH="63" HEIGHT="28" WC="0.96" CONTENT="skall,"/><SP WIDTH="21" VPOS="1213" HPOS="367"/>
							<String ID="string_251" HPOS="388" VPOS="1214" WIDTH="82" HEIGHT="27" WC="0.96" CONTENT="åligger"/><SP WIDTH="20" VPOS="1214" HPOS="470"/>
							<String ID="string_252" HPOS="490" VPOS="1215" WIDTH="47" HEIGHT="27" WC="0.92" CONTENT="den,"/><SP WIDTH="18" VPOS="1215" HPOS="537"/>
							<String ID="string_253" HPOS="555" VPOS="1215" WIDTH="86" HEIGHT="27" WC="0.91" CONTENT="jemlikt"/><SP WIDTH="16" VPOS="1215" HPOS="641"/>
							<String ID="string_254" HPOS="657" VPOS="1215" WIDTH="11" HEIGHT="26" WC="0.92" CONTENT="$"/><SP WIDTH="16" VPOS="1215" HPOS="668"/>
							<String ID="string_255" HPOS="684" VPOS="1216" WIDTH="26" HEIGHT="20" WC="0.96" CONTENT="56"/><SP WIDTH="18" VPOS="1216" HPOS="710"/>
							<String ID="string_256" HPOS="728" VPOS="1215" WIDTH="6" HEIGHT="20" WC="0.96" CONTENT="i"/><SP WIDTH="16" VPOS="1215" HPOS="734"/>
							<String ID="string_257" HPOS="750" VPOS="1214" WIDTH="80" HEIGHT="27" WC="0.93" CONTENT="nådiga"/><SP WIDTH="16" VPOS="1214" HPOS="830"/>
							<String ID="string_258" HPOS="846" VPOS="1214" WIDTH="82" HEIGHT="21" WC="0.90" CONTENT="förord-"/>
						</TextLine>
						<TextLine ID="line_32" HPOS="169" VPOS="1246" WIDTH="758" HEIGHT="29">
							<String ID="string_259" HPOS="169" VPOS="1246" WIDTH="81" HEIGHT="27" WC="0.96" CONTENT="ningen"/><SP WIDTH="24" VPOS="1246" HPOS="250"/>
							<String ID="string_260" HPOS="274" VPOS="1249" WIDTH="112" HEIGHT="24" WC="0.93" CONTENT="angående"/><SP WIDTH="22" VPOS="1249" HPOS="386"/>
							<String ID="string_261" HPOS="408" VPOS="1249" WIDTH="283" HEIGHT="26" WC="0.91" CONTENT="kommunalförvaltningen"/><SP WIDTH="20" VPOS="1249" HPOS="691"/>
							<String ID="string_262" HPOS="711" VPOS="1250" WIDTH="29" HEIGHT="25" WC="0.96" CONTENT="på"/><SP WIDTH="19" VPOS="1250" HPOS="740"/>
							<String ID="string_263" HPOS="759" VPOS="1249" WIDTH="75" HEIGHT="20" WC="0.96" CONTENT="landet"/><SP WIDTH="16" VPOS="1249" HPOS="834"/>
							<String ID="string_264" HPOS="850" VPOS="1248" WIDTH="23" HEIGHT="21" WC="0.96" CONTENT="af"/><SP WIDTH="15" VPOS="1248" HPOS="873"/>
							<String ID="string_265" HPOS="888" VPOS="1248" WIDTH="39" HEIGHT="21" WC="0.96" CONTENT="den"/>
						</TextLine>
						<TextLine ID="line_33" HPOS="170" VPOS="1281" WIDTH="758" HEIGHT="29">
							<String ID="string_266" HPOS="170" VPOS="1281" WIDTH="12" HEIGHT="19" WC="0.97" CONTENT="6"/><SP WIDTH="20" VPOS="1281" HPOS="182"/>
							<String ID="string_267" HPOS="202" VPOS="1281" WIDTH="105" HEIGHT="21" WC="0.96" CONTENT="Februari"/><SP WIDTH="26" VPOS="1281" HPOS="307"/>
							<String ID="string_268" HPOS="333" VPOS="1283" WIDTH="60" HEIGHT="26" WC="0.96" CONTENT="1865,"/><SP WIDTH="21" VPOS="1283" HPOS="393"/>
							<String ID="string_269" HPOS="414" VPOS="1283" WIDTH="57" HEIGHT="21" WC="0.95" CONTENT="inom"/><SP WIDTH="19" VPOS="1283" HPOS="471"/>
							<String ID="string_270" HPOS="490" VPOS="1284" WIDTH="72" HEIGHT="26" WC="0.96" CONTENT="hvarje"/><SP WIDTH="20" VPOS="1284" HPOS="562"/>
							<String ID="string_271" HPOS="582" VPOS="1284" WIDTH="101" HEIGHT="21" WC="0.96" CONTENT="kommun"/><SP WIDTH="16" VPOS="1284" HPOS="683"/>
							<String ID="string_272" HPOS="699" VPOS="1283" WIDTH="94" HEIGHT="21" WC="0.93" CONTENT="tillsatta"/><SP WIDTH="16" VPOS="1283" HPOS="793"/>
							<String ID="string_273" HPOS="809" VPOS="1282" WIDTH="119" HEIGHT="26" WC="0.91" CONTENT="taxerings-"/>
						</TextLine>
						<TextLine ID="line_34" HPOS="169" VPOS="1316" WIDTH="759" HEIGHT="28">
							<String ID="string_274" HPOS="169" VPOS="1316" WIDTH="80" HEIGHT="20" WC="0.95" CONTENT="nämnd"/><SP WIDTH="24" VPOS="1316" HPOS="249"/>
							<String ID="string_275" HPOS="273" VPOS="1318" WIDTH="103" HEIGHT="25" WC="0.95" CONTENT="upprätta"/><SP WIDTH="23" VPOS="1318" HPOS="376"/>
							<String ID="string_276" HPOS="399" VPOS="1317" WIDTH="82" HEIGHT="27" WC="0.96" CONTENT="förslag"/><SP WIDTH="16" VPOS="1317" HPOS="481"/>
							<String ID="string_277" HPOS="497" VPOS="1318" WIDTH="38" HEIGHT="21" WC="0.96" CONTENT="och"/><SP WIDTH="17" VPOS="1318" HPOS="535"/>
							<String ID="string_278" HPOS="552" VPOS="1319" WIDTH="119" HEIGHT="20" WC="0.95" CONTENT="detsamma"/><SP WIDTH="16" VPOS="1319" HPOS="671"/>
							<String ID="string_279" HPOS="687" VPOS="1317" WIDTH="34" HEIGHT="21" WC="0.93" CONTENT="till"/><SP WIDTH="16" VPOS="1317" HPOS="721"/>
							<String ID="string_280" HPOS="737" VPOS="1317" WIDTH="191" HEIGHT="21" WC="0.90" CONTENT="kommunalstäm-"/>
						</TextLine>
						<TextLine ID="line_35" HPOS="169" VPOS="1350" WIDTH="759" HEIGHT="27">
							<String ID="string_281" HPOS="169" VPOS="1355" WIDTH="46" HEIGHT="15" WC="0.92" CONTENT="mas"/><SP WIDTH="24" VPOS="1355" HPOS="215"/>
							<String ID="string_282" HPOS="239" VPOS="1350" WIDTH="101" HEIGHT="27" WC="0.92" CONTENT="pröfning"/><SP WIDTH="23" VPOS="1350" HPOS="340"/>
							<String ID="string_283" HPOS="363" VPOS="1351" WIDTH="138" HEIGHT="22" WC="0.91" CONTENT="öfverlemna."/><SP WIDTH="31" VPOS="1351" HPOS="501"/>
							<String ID="string_284" HPOS="532" VPOS="1352" WIDTH="61" HEIGHT="21" WC="0.93" CONTENT="Hvad"/><SP WIDTH="23" VPOS="1352" HPOS="593"/>
							<String ID="string_285" HPOS="616" VPOS="1352" WIDTH="218" HEIGHT="22" WC="0.92" CONTENT="kommunalstämma"/><SP WIDTH="20" VPOS="1352" HPOS="834"/>
							<String ID="string_286" HPOS="854" VPOS="1351" WIDTH="74" HEIGHT="20" WC="0.96" CONTENT="härom"/>
						</TextLine>
						<TextLine ID="line_36" HPOS="168" VPOS="1382" WIDTH="760" HEIGHT="31">
							<String ID="string_287" HPOS="168" VPOS="1382" WIDTH="97" HEIGHT="29" WC="0.90" CONTENT="beslutit,"/><SP WIDTH="13" VPOS="1382" HPOS="265"/>
							<String ID="string_288" HPOS="278" VPOS="1385" WIDTH="56" HEIGHT="21" WC="0.96" CONTENT="skall"/><SP WIDTH="11" VPOS="1385" HPOS="334"/>
							<String ID="string_289" HPOS="345" VPOS="1385" WIDTH="129" HEIGHT="27" WC="0.96" CONTENT="hänskjutas"/><SP WIDTH="11" VPOS="1385" HPOS="474"/>
							<String ID="string_290" HPOS="485" VPOS="1386" WIDTH="33" HEIGHT="21" WC="0.96" CONTENT="till"/><SP WIDTH="12" VPOS="1386" HPOS="518"/>
							<String ID="string_291" HPOS="530" VPOS="1386" WIDTH="145" HEIGHT="27" WC="0.95" CONTENT="Guvernören,"/><SP WIDTH="13" VPOS="1386" HPOS="675"/>
							<String ID="string_292" HPOS="688" VPOS="1393" WIDTH="45" HEIGHT="14" WC="0.96" CONTENT="som"/><SP WIDTH="12" VPOS="1393" HPOS="733"/>
							<String ID="string_293" HPOS="745" VPOS="1386" WIDTH="40" HEIGHT="21" WC="0.96" CONTENT="har"/><SP WIDTH="11" VPOS="1386" HPOS="785"/>
							<String ID="string_294" HPOS="796" VPOS="1387" WIDTH="32" HEIGHT="19" WC="0.96" CONTENT="att"/><SP WIDTH="11" VPOS="1387" HPOS="828"/>
							<String ID="string_295" HPOS="839" VPOS="1385" WIDTH="89" HEIGHT="21" WC="0.96" CONTENT="ärendet"/>
						</TextLine>
						<TextLine ID="line_37" HPOS="168" VPOS="1416" WIDTH="760" HEIGHT="32">
							<String ID="string_296" HPOS="168" VPOS="1416" WIDTH="76" HEIGHT="27" WC="0.91" CONTENT="afgöra"/><SP WIDTH="16" VPOS="1416" HPOS="244"/>
							<String ID="string_297" HPOS="260" VPOS="1425" WIDTH="77" HEIGHT="19" WC="0.94" CONTENT="genom"/><SP WIDTH="17" VPOS="1425" HPOS="337"/>
							<String ID="string_298" HPOS="354" VPOS="1420" WIDTH="78" HEIGHT="27" WC="0.95" CONTENT="utslag,"/><SP WIDTH="16" VPOS="1420" HPOS="432"/>
							<String ID="string_299" HPOS="448" VPOS="1420" WIDTH="89" HEIGHT="28" WC="0.93" CONTENT="hvilket,"/><SP WIDTH="20" VPOS="1420" HPOS="537"/>
							<String ID="string_300" HPOS="557" VPOS="1421" WIDTH="71" HEIGHT="21" WC="0.91" CONTENT="såvidt"/><SP WIDTH="16" VPOS="1421" HPOS="628"/>
							<String ID="string_301" HPOS="644" VPOS="1422" WIDTH="36" HEIGHT="20" WC="0.96" CONTENT="det"/><SP WIDTH="15" VPOS="1422" HPOS="680"/>
							<String ID="string_302" HPOS="695" VPOS="1421" WIDTH="69" HEIGHT="25" WC="0.93" CONTENT="angår"/><SP WIDTH="16" VPOS="1421" HPOS="764"/>
							<String ID="string_303" HPOS="780" VPOS="1419" WIDTH="148" HEIGHT="21" WC="0.91" CONTENT="mantalssätt-"/>
						</TextLine>
					</TextBlock>
				</ComposedBlock>
				<Illustration ID="cblock_2" HPOS="891" VPOS="540" WIDTH="1" HEIGHT="7"></Illustration>
				<Illustration ID="cblock_3" HPOS="421" VPOS="591" WIDTH="19" HEIGHT="26"></Illustration>
				<Illustration ID="cblock_4" HPOS="465" VPOS="671" WIDTH="35" HEIGHT="9"></Illustration>
			</PrintSpace>
		</Page>
	</Layout>
</alto>
