1023 1623
333 72 23 24 U.
373 72 23 23 B.
413 83 29 6 —
459 72 60 29 Prop.
537 72 36 23 N:o
591 72 34 23 13!
811 72 13 20 5

97 133 68 25 närer,
189 131 136 22 öfverhufvud
347 131 33 21 till
394 130 122 27 betänkliga
531 130 132 27 rubbningar
678 130 7 21 i
700 128 152 23 kontraktsför-

96 165 120 27 hällanden,
240 172 44 15 som
307 165 8 21 i
337 167 110 25 parternas
462 164 145 22 välförstädda
623 164 127 27 ömsesidiga
764 163 88 22 intresse

97 200 100 27 möjligen
219 199 72 22 kunna
305 206 76 21 genom
396 199 92 22 berörda
505 199 154 26 inskränkning
676 199 6 20 i
701 197 151 23 aftalsfriheten

96 234 147 22 förekommas.

166 268 41 21 Till
225 269 46 21 stöd
286 268 33 22 för
335 269 40 21 den
391 268 141 27 begränsning
548 267 21 22 af
583 267 155 22 aftalsfriheten
753 267 6 21 i
773 267 79 21 föreva-

97 303 64 22 rande
185 303 102 26 afseende,
310 309 46 15 som
378 302 136 27 lagförslaget
537 304 110 26 upptager,
664 302 42 21 kan
725 302 38 21 ock
779 301 73 22 äbero-

97 344 37 21 pas
150 338 66 21 andra
231 337 84 22 länders
330 337 113 22 föredöme.

165 372 10 21 I
199 372 86 27 Sverige
307 371 62 28 gälla,
391 374 52 19 utan
459 373 31 20 att
505 372 66 26 nägra
587 371 138 27 olägenheter
740 370 59 22 deraf
812 369 39 22 för-

97 408 76 25 sports,
195 407 65 20 sedan
281 406 39 21 den
337 407 26 21 13
379 405 125 28 September
521 406 54 21 1864
591 405 7 22 i
614 405 63 28 öfrigt
693 405 109 22 enahanda
817 405 35 20 be-

97 441 129 27 stämningar
241 440 7 21 i
263 442 77 23 ämnet,
357 447 44 15 som
413 447 28 14 nu
451 440 39 21 hos
502 447 33 15 oss
546 440 127 27 föreslagits,
685 442 57 19 utom
754 441 31 20 att
796 440 40 21 den
846 439 6 20 i

97 475 135 27 lagförslaget
254 474 92 23 fixerade
368 474 117 22 maximitid
500 475 23 21 af
537 475 34 21 nio
587 475 103 21 mänader
705 474 32 22 för
752 474 25 21 fri
791 475 61 20 ränta

98 509 65 28 enligt
177 509 77 22 svensk
269 509 34 27 lag
319 511 62 25 utgör
396 509 56 22 blott
467 515 35 16 sex
518 509 108 22 mänader.

165 544 10 21 I
198 544 79 27 Norge,
301 544 36 21 der
359 550 76 21 genom
459 550 25 15 en
500 543 35 28 lag
550 543 22 22 af
587 544 41 21 den
645 544 25 21 12
687 543 95 22 Oktober
798 543 54 21 1857

98 578 118 21 räntefoten
235 578 7 21 i
262 578 115 21 allmänhet
399 577 34 22 vid
456 577 123 22 kreditaftal
600 578 122 21 faststäldes
744 577 31 22 till
790 577 63 26 högst

97 612 41 22 fem
160 614 93 25 procent,
269 612 130 21 förklarades
419 612 73 27 likasä,
509 614 59 20 utom
585 613 108 26 undantag
708 612 33 21 för
755 611 97 28 speciella

97 646 36 22 fall
148 647 51 21 eller
214 647 55 22 vissa
284 647 216 27 kreditinrättningar,
517 647 136 21 ränteaftalet
668 646 46 22 fritt
724 647 45 21 frän
780 645 72 27 hvarje

97 681 146 27 inskänkning,
259 681 26 22 dä
305 681 192 27 gäldförbindelsen
513 681 94 27 grundar
622 681 32 26 sig
669 682 27 27 pä
711 680 140 27 förskrifning,

97 716 97 22 betalbar
209 716 56 21 inom
281 722 36 15 sex
332 716 101 21 mänader
447 716 48 21 frän
510 716 137 21 utfärdandet
658 716 39 21 och
708 716 66 21 under
784 714 68 22 förbe-

97 750 49 27 häll,
159 752 32 20 att
205 750 35 22 vid
254 750 109 22 bristande
377 750 109 27 betalning
500 750 163 27 förskrifningen
678 750 7 21 i
701 750 96 22 exekutiv
812 751 40 24 väg

96 786 61 25 göres
173 785 96 27 gällande
284 784 56 22 inom
356 791 26 15 en
397 785 77 21 mänad
489 784 46 22 frän
551 784 158 28 förfallodagen.

165 819 10 22 I
198 819 115 21 Danmark
331 819 111 28 frigjordes
457 819 136 22 ränteaftalet
608 826 76 20 genom
699 819 61 27 lagen
776 818 22 21 af
812 818 40 21 den

98 854 12 20 6
133 853 59 28 April
216 855 53 20 1855
293 854 45 21 frän
361 853 57 22 förut
432 854 99 27 gällande
546 854 167 27 begränsningar
729 855 58 20 utom
802 853 6 20 i
824 851 28 22 af-

97 888 76 21 seende
189 889 12 21 &
216 889 35 21 län
267 891 44 19 mot
326 890 95 25 panträtt
436 889 7 20 i
459 888 41 22 fast
515 889 110 26 egendom,
639 888 32 22 för
681 888 72 22 hvilka
763 886 90 23 räntefo-

96 924 36 19 ten
154 922 128 23 fortfarande
305 925 23 19 är
344 923 98 22 faststäld
458 923 32 21 till
505 923 63 27 högst
583 923 56 27 4%/o,
655 923 65 21 likväl
736 922 47 21 med
798 921 55 22 vissa

96 957 108 27 undantag
226 959 15 19 t.
264 964 31 15 ex.
311 957 32 22 för
362 957 186 22 Nationalbanken
564 958 7 21 i
586 957 147 28 Köpenhamn,
750 956 39 22 och
804 955 49 22 med

96 992 44 20 rätt
153 990 33 22 för
200 991 188 22 inrikesministern
404 994 32 19 att
452 992 71 21 vidare
539 991 76 28 bevilja
631 992 86 21 sädana.

164 1025 43 22 För
232 1026 111 28 Tyskland
362 1026 62 27 gälde
442 1026 64 27 enligt
523 1026 71 27 regeln
611 1025 242 26 maximibestämningar

96 1059 55 22 ända
173 1059 32 22 till
221 1060 46 21 dess
284 1060 105 21 allmänna
405 1060 61 27 tyska
481 1060 152 27 handelslagen
649 1060 22 21 af
686 1061 51 21 1861
755 1059 32 22 för
802 1059 51 26 köp-

96 1094 145 22 mansskulder
256 1095 97 21 lemnade
367 1094 64 22 frihet
447 1097 31 19 att
494 1095 58 26 tinga
566 1101 34 15 om
611 1095 65 26 högre
687 1096 62 20 ränta
760 1096 26 19 än
796 1094 12 20 6
818 1093 33 26 "/o-

96 1128 79 21 Genom
191 1129 40 21 den
246 1129 161 27 ursprungligen
421 1129 34 21 för
469 1129 122 28 Nordtyska
606 1129 114 22 förbundet
735 1127 118 29 promulge-

95 1163 51 20 rade
160 1163 62 26 lagen
238 1163 22 21 af
274 1163 40 22 den
331 1164 26 20 14
372 1163 53 22 Nov.
443 1164 61 26 1867,
521 1170 45 15 som
582 1163 66 22 sedan
663 1164 69 26 ingått
747 1161 105 28 ilagstift-

94 1197 77 26 ningen
180 1197 31 21 för
219 1197 48 22 hela
277 1197 61 28 riket,
347 1199 24 20 är
381 1197 34 22 väl
426 1200 75 19 räntan
512 1197 32 27 fri,
553 1204 48 15 men
610 1197 34 22 vid
653 1198 66 21 andra
727 1199 26 20 än
761 1196 91 27 löpande

94 1230 159 28 förskrifningar
271 1232 40 21 och
326 1232 103 27 köpmäns
444 1232 190 27 gäldförbindelser
649 1232 80 21 lemnas
745 1232 22 20 ät
781 1230 71 27 gälde-

95 1267 68 25 närer,
186 1271 45 16 som
254 1265 108 22 förbundit
385 1266 31 27 sig
435 1268 33 19 att
482 1266 72 22 betala
569 1266 66 27 högre
650 1268 62 19 ränta
727 1268 26 19 än
769 1271 36 15 sex
820 1264 33 21 för

94 1299 83 22 hundra
192 1306 34 15 om
241 1301 52 26 äret,
310 1300 6 21 i
332 1300 99 22 afseende
446 1301 13 21 &
474 1301 133 27 uppsägning
623 1300 21 22 af
657 1300 56 28 dylik
725 1299 61 23 skuld
797 1298 55 22 vissa

94 1333 111 25 förmäner,
221 1340 45 16 som
282 1335 17 26 ej
316 1335 56 27 gälla
386 1335 7 21 i
409 1335 68 27 öfriga
491 1335 44 21 fall.

163 1369 11 21 I
181 1368 124 22 Frdnkrike
315 1369 45 21 blef
370 1370 47 20 med
427 1369 130 27 frängäende
568 1369 21 23 af
599 1370 25 21 de
634 1369 64 22 friare
709 1368 143 28 grundsatser,

94 1408 45 15 som
150 1402 91 22 infördes
256 1410 76 20 genom
347 1403 62 27 lagen
425 1403 24 22 af
463 1404 6 21 5
481 1404 106 22 Thermid.
599 1405 25 21 är
636 1405 26 20 14
673 1404 40 22 och
723 1406 57 19 ännu
790 1402 7 22 i
807 1402 45 22 huf-

162 1442 141 23 Lagutskottets
315 1443 116 18 betänkande
444 1444 38 18 N:o
495 1444 18 18 1.
