1006 1614
417 101 36 21 N:o
469 101 20 21 5.
791 102 12 19 5

150 168 10 21 I
184 168 142 22 betraktande
350 168 61 22 deraf
433 171 32 19 att
482 169 141 22 omförmälda
645 169 157 27 förändringar,
822 168 7 21 i

79 202 56 21 hvad
151 202 187 28 ofvanåberopade
352 203 154 27 författningar
521 203 131 22 föreskrifva
667 204 92 22 rörande
770 208 62 16 arvo-

80 236 36 21 det
130 236 34 21 för
179 237 201 27 bouppteckningar
395 237 40 21 och
455 237 121 26 arfskiften,
597 238 46 20 icke
659 238 72 22 kunna
746 243 87 22 genom-

79 270 58 22 föras
156 271 46 21 förr
222 273 26 19 än
268 271 215 22 stadskommunerne
503 272 77 21 beredt
599 272 62 21 deras
685 272 149 26 borgmästare

80 305 39 21 och
134 305 89 21 rådmän
239 306 120 26 ersättning
375 305 33 21 för
423 306 41 21 den
480 306 101 26 inkomst,
593 306 48 21 dem
657 306 87 26 frångår
757 311 76 21 genom

80 340 93 20 nämnda
196 340 104 21 arvodens
323 340 123 26 minskning
465 340 39 21 och
523 340 130 27 indragning
671 340 33 22 till
725 340 110 21 stadskas-

84 380 44 20 san,
144 374 85 21 komme
244 374 27 21 de
281 374 74 21 härom
366 374 127 22 meddelade
503 374 130 22 förändrade
644 374 190 22 bestämmelserna

82 411 32 20 att
129 409 109 27 tillämpas
254 408 54 22 efter
324 409 57 21 hand
396 409 6 21 i
419 409 73 27 hvarje
508 410 55 25 stad,
580 410 65 21 sedan
661 410 41 20 den
718 409 33 21 för
766 409 66 21 ända-

81 444 66 21 målet
166 443 141 27 erforderliga
326 443 192 27 löneregleringen,
538 444 39 21 der
597 444 66 21 sådan
683 443 67 21 finnes
770 443 65 26 nödig

82 479 52 21 eller
152 478 47 21 icke
217 478 66 21 redan
302 478 34 21 för
355 478 32 27 sig
406 478 54 27 gått,
480 478 71 21 blifvit
569 479 102 26 vidtagen
691 478 39 21 och
753 477 22 22 af
798 477 37 22 Se-

84 515 64 20 naten
171 513 32 21 till
227 513 146 21 efterrättelse
395 513 109 26 faststäld,
524 513 66 21 likväl
609 515 51 19 utan
679 512 156 26 inskränkning

83 548 7 20 i
114 547 40 22 den
176 549 50 24 rätt,
242 547 124 22 nuvarande
388 547 139 22 innehafvare
542 547 24 22 af
579 547 91 22 nämnde
689 547 146 26 befattningar

83 581 91 28 åtnjuta.

151 616 31 21 På
200 616 70 27 grund
289 616 23 21 af
329 616 55 21 hvad
404 616 64 21 ofvan
487 616 84 21 anförts
585 616 40 21 har
640 616 60 21 Hans
716 615 121 27 Kejserliga

83 650 104 27 Majestät
202 650 57 21 velat
274 650 33 21 till
324 650 131 21 Ständernas
468 650 121 27 antagande
601 650 130 21 öfverlemna
742 649 95 27 följande

83 685 82 27 förslag
180 685 34 21 till

357 747 190 34 Förordning
575 747 126 34 angående
729 746 109 27 arvoden

289 787 39 28 för
351 788 92 27 sådane
466 788 227 34 bouppteckningar
717 787 44 26 och
789 786 49 27 arf-

290 827 94 28 skiften
406 828 10 27 i
440 829 64 32 stad,
525 828 44 27 till
592 828 102 27 hvilkas
713 827 124 27 verkstäl-

290 869 73 26 lande
389 868 228 34 förrättningsmän
638 868 28 27 af
686 866 153 29 Rädstufvu-

292 909 53 27 rätt
362 910 77 26 utses.

154 961 50 21 Med
224 961 151 27 upphäfvande
395 961 22 21 af
438 961 78 27 Kongl.
535 960 180 28 förordningarna
735 959 22 22 af
771 960 42 21 den
831 960 8 20 1

87 996 60 21 Mars
172 997 53 20 1749
248 996 40 21 och
311 996 41 21 den
377 997 26 20 10
426 996 119 22 December
565 996 60 26 1756,
645 995 111 27 angäende
775 994 67 26 magi-

88 1032 182 25 stratspersoners
294 1031 93 21 arvoden
410 1030 34 21 för
463 1030 171 28 uppteckningar
653 1030 40 21 och
713 1029 80 21 skiften
809 1028 32 21 uti

88 1065 100 21 sterbhus
204 1065 7 21 i
227 1065 49 21 stad
292 1065 54 21 efter
362 1071 110 21 personer,
489 1071 45 15 som
549 1065 48 21 icke
608 1064 83 22 tillhört
701 1064 77 21 frälse-
789 1063 54 21 eller

88 1099 166 27 presteständet,
278 1100 78 20 varder
377 1099 126 27 härigenom
522 1099 137 22 förordnadt:
679 1100 32 20 att
731 1098 64 21 dessa
810 1103 33 15 ar-

89 1133 77 26 voden,
188 1134 74 21 hvilka
284 1134 109 21 tillförene
415 1134 101 26 vanligen
539 1134 71 26 ingätt
628 1132 65 22 bland
708 1132 136 26 magistrats-

89 1174 142 21 personernes
254 1168 202 27 löningsförmäner,
479 1168 116 21 framdeles
615 1168 61 20 skola
693 1166 88 22 tillfalla
801 1167 43 19 sta-

90 1202 53 22 dens
158 1202 66 21 kassa
240 1204 56 19 samt
312 1202 107 22 beräknas
435 1202 34 21 för
484 1202 175 26 bouppteckning
673 1200 40 22 och
729 1199 116 26 värdering

90 1236 33 22 till
143 1242 26 15 en
188 1236 40 22 och
246 1236 34 21 för
300 1236 66 21 skifte
384 1236 33 21 till
438 1242 26 14 en
484 1236 47 22 half
544 1237 89 25 procent
648 1234 23 22 af
684 1234 63 22 boets
763 1238 83 16 summa

90 1270 122 27 inventarii,
236 1270 66 21 sedan
326 1270 95 21 derifrän
445 1270 29 21 all
496 1270 50 27 gäld
569 1270 40 21 och
631 1269 73 22 ovissa
723 1267 124 26 fordringar

90 1304 56 22 först
161 1305 113 26 afdragits.

162 1338 72 22 Jemte
250 1339 37 20 det
302 1338 217 21 stadskommunerne
538 1338 8 21 i
564 1338 53 26 följd
632 1337 64 22 häraf
710 1336 83 25 åligger
808 1336 39 22 att,

92 1372 39 21 der
146 1372 78 21 sädant
239 1371 69 22 finnes
324 1372 76 26 nödigt
419 1372 54 21 eller
491 1372 47 21 icke
553 1372 66 21 redan
635 1371 65 26 skett,
716 1369 81 22 bereda
812 1369 36 21 de-

92 1411 36 16 ras
152 1406 150 27 borgmästare
326 1406 39 21 och
388 1405 89 22 rädmän
494 1405 120 27 ersättning
632 1405 34 21 för
685 1405 41 20 den
745 1403 103 26 inkomst,
