1028 1620
266 101 80 24 Ständ.
362 101 36 23 Sv.
413 113 27 4 —
456 101 70 28 Prop.
544 101 40 22 N:o
599 101 33 22 15.
666 113 2 2 -
764 102 27 19 35

283 164 50 27 berg
348 163 111 28 behörigen
478 163 130 27 förtimras;
622 166 33 19 att
670 162 129 29 luftvexling
814 163 8 20 i

283 197 81 28 grufva
386 198 94 21 inrättas
503 197 44 26 och,
570 198 24 20 sä
610 197 62 28 länge
686 197 95 28 grufvan
796 199 26 18 är

284 231 68 21 under
368 231 107 28 brytning,
491 231 99 28 ständigt
603 231 176 25 vidmakthälles
772 227 9 36 ;
791 233 31 18 att

284 266 177 27 inrättningarne
471 265 41 27 för
527 265 106 27 vandring
648 268 44 25 upp
707 265 38 21 och
760 265 40 20 ned
815 265 8 20 i

284 298 94 28 grufvan
393 302 55 18 samt
463 299 79 25 hissar,
558 298 217 29 uppfordringslinor
786 297 37 22 och

286 333 107 28 kettingar
410 334 65 27 jemte
498 333 100 21 tillbehör
616 332 109 27 äfvensom
740 333 26 20 de
780 339 43 14 ma-

285 367 77 24 skiner,
386 367 70 21 hvilka
476 367 35 21 vid
525 367 80 28 grufva
620 367 51 20 eller
681 367 40 27 för
735 367 88 27 grufar-

286 401 44 20 bete
352 401 118 25 användas,
492 401 141 21 underhållas
647 401 8 20 i
670 401 79 20 sådant
766 400 58 21 skick

284 437 34 18 att
341 434 171 28 olyckshändelse
536 441 74 21 genom
636 434 154 28 bristfällighet
812 434 13 20 å

286 469 47 20 dem
349 468 44 21 icke
408 469 34 21 mä
458 469 72 21 kunna
546 468 104 28 inträffa;
664 471 55 19 samt
735 471 32 18 att
783 469 42 20 lös-

288 502 68 21 brutet
371 502 49 28 berg
436 502 44 22 icke
491 502 42 28 får
552 503 133 27 gvarlemnas
700 504 9 19 i
723 502 103 28 grufvan,

288 537 69 21 derest
378 536 45 22 icke
445 537 206 28 brytningsmetoden
666 537 79 21 sådant
761 537 65 21 betin-

287 578 47 21 gar,
350 570 36 22 och
403 572 19 27 ej
437 570 73 27 heller,
525 574 54 19 utan
595 571 170 28 bergmästarens
781 571 46 21 till-

288 605 70 26 stånd,
381 606 8 20 i
411 606 70 21 andra
504 605 123 28 grufverum
650 606 51 20 eller
727 606 99 27 tillgrän-

288 639 67 21 sande
369 640 72 27 gamla
456 639 91 28 grufvor
562 640 120 28 afstjelpas.

348 669 135 32 Öfvergifven
506 674 52 21 eller
579 675 68 20 sönad
664 674 79 29 grufva
759 675 34 20 må
810 675 18 26 ej

289 710 53 19 utan
359 708 176 28 bergsstyrelsens
551 709 100 20 tillstånd
665 708 124 29 igenfyllas.

529 766 15 27 $
559 767 34 20 48.

346 810 64 27 Efter
425 811 164 28 öfverläggning
607 811 46 21 med
667 810 119 28 grufegare
801 811 27 20 el-

291 845 32 20 ler
341 846 31 26 på
394 846 72 20 stället
486 846 93 20 varande
594 846 102 26 ansvarig
706 844 123 28 förvaltare

291 880 71 26 åligge
378 879 34 21 det
427 879 144 28 berymästare
586 882 32 18 att
632 880 9 20 i
656 879 31 21 tid
698 880 83 26 afsätta
793 878 36 21 och

291 913 47 21 med
360 913 82 28 tydliga
465 913 87 21 märken
576 914 97 20 beteckna
696 913 84 21 sådana
793 919 36 21 pe-

292 948 51 25 lare,
368 947 62 25 band,
454 947 120 28 bergfästen
590 947 37 22 och
642 948 77 20 ställen
730 947 41 27 för
781 946 49 28 för-

292 982 122 27 timringar,
436 988 45 14 som
498 982 41 27 för
560 982 105 28 grufvans
679 981 98 21 säkerhet
793 980 37 22 och

287 1016 111 26 framtida
414 1016 90 21 bestånd
519 1023 62 14 anses
596 1016 81 27 nödige.

348 1049 82 28 Dylika
446 1051 84 26 pelare,
547 1050 57 21 band
618 1050 36 21 och
670 1050 119 28 bergfästen
800 1048 31 26 få

292 1083 44 22 icke
350 1084 31 26 af
391 1084 123 28 grufegare,
525 1084 123 27 förvaltare
663 1084 51 21 eller
724 1084 58 20 hvem
793 1090 39 14 an-

292 1125 44 13 nan
352 1118 35 21 det
402 1125 53 14 vara
470 1120 36 20 må
520 1125 82 21 genom
610 1118 100 28 brytning
720 1118 112 28 angripas,

292 1152 80 21 skadas
387 1152 52 21 eller
455 1152 118 28 borttagas,
588 1155 53 18 utan
656 1154 32 19 att
703 1152 129 28 bergmästa-

292 1193 38 14 ren
347 1186 100 21 tillstånd
462 1187 75 21 dertill
548 1186 66 28 förut
624 1186 111 26 meddelat,
747 1186 36 21 vid
793 1192 39 14 an-

292 1227 51 14 svar
354 1220 41 27 för
410 1221 46 26 den,
472 1227 45 14 som
532 1221 96 20 häremot
643 1220 77 28 bryter,
735 1219 29 28 af
775 1219 58 21 böter

293 1255 35 20 till
351 1254 60 28 högst
432 1255 98 20 tvåtusen
553 1254 61 22 mark
636 1255 51 20 eller
699 1254 100 28 fängelse
815 1254 20 27 ej

292 1288 60 26 öfver
375 1289 35 20 två
432 1289 32 25 år,
488 1288 83 22 ändock
586 1291 31 19 att
633 1288 66 21 skada
714 1288 45 21 icke
773 1288 61 20 skett.

294 1322 54 21 Sker
370 1322 74 25 skada,
467 1323 66 21 varde
555 1323 40 21 den
617 1322 94 28 skyldige
729 1322 105 21 dessutom

292 1357 97 27 straffad
404 1357 67 28 enligt
486 1358 84 20 allmän
586 1358 43 26 lag.

353 1391 42 21 Vid
410 1391 44 21 lika
470 1398 80 14 ansvar
565 1398 50 14 vare
631 1391 81 27 jemväl
723 1390 112 28 förbjudet

294 1427 32 19 att
348 1428 53 18 utan
422 1425 172 28 bergmästarens
614 1425 99 22 tillstånd
733 1426 8 20 i
755 1431 81 22 grufva
