<?xml version="1.0" encoding="UTF-8"?>
<alto xmlns="http://www.loc.gov/standards/alto/ns-v3#" xmlns:xlink="http://www.w3.org/1999/xlink" xmlns:xsi="http://www.w3.org/2001/XMLSchema-instance" xsi:schemaLocation="http://www.loc.gov/standards/alto/ns-v3# http://www.loc.gov/alto/v3/alto-3-0.xsd">
	<Description>
		<MeasurementUnit>pixel</MeasurementUnit>
		<sourceImageInformation>
			<fileName>/tmp/tess_9a0omhkd_input.PNG</fileName>
		</sourceImageInformation>
		<OCRProcessing ID="OCR_0">
			<ocrProcessingStep>
				<processingSoftware>
					<softwareName>tesseract 5.3.4</softwareName>
				</processingSoftware>
			</ocrProcessingStep>
		</OCRProcessing>
	</Description>
	<Layout>
		<Page WIDTH="1034" HEIGHT="1617" PHYSICAL_IMG_NR="0" ID="page_0">
			<PrintSpace HPOS="0" VPOS="0" WIDTH="1034" HEIGHT="1617">
				<ComposedBlock ID="cblock_0" HPOS="289" VPOS="104" WIDTH="549" HEIGHT="28">
					<TextBlock ID="block_0" HPOS="289" VPOS="104" WIDTH="549" HEIGHT="28">
						<TextLine ID="line_0" HPOS="289" VPOS="104" WIDTH="549" HEIGHT="28">
							<String ID="string_0" HPOS="289" VPOS="104" WIDTH="82" HEIGHT="24" WC="0.88" CONTENT="Ständ."/><SP WIDTH="16" VPOS="104" HPOS="371"/>
							<String ID="string_1" HPOS="387" VPOS="104" WIDTH="37" HEIGHT="23" WC="0.93" CONTENT="Sv."/><SP WIDTH="16" VPOS="104" HPOS="424"/>
							<String ID="string_2" HPOS="440" VPOS="116" WIDTH="28" HEIGHT="4" WC="0.91" CONTENT="—"/><SP WIDTH="15" VPOS="116" HPOS="468"/>
							<String ID="string_3" HPOS="483" VPOS="104" WIDTH="72" HEIGHT="28" WC="0.96" CONTENT="Prop."/><SP WIDTH="16" VPOS="104" HPOS="555"/>
							<String ID="string_4" HPOS="571" VPOS="104" WIDTH="40" HEIGHT="21" WC="0.91" CONTENT="N:o"/><SP WIDTH="16" VPOS="104" HPOS="611"/>
							<String ID="string_5" HPOS="627" VPOS="104" WIDTH="34" HEIGHT="22" WC="0.96" CONTENT="16."/><SP WIDTH="152" VPOS="104" HPOS="661"/>
							<String ID="string_6" HPOS="813" VPOS="104" WIDTH="25" HEIGHT="21" WC="0.95" CONTENT="11"/>
						</TextLine>
					</TextBlock>
				</ComposedBlock>
				<ComposedBlock ID="cblock_1" HPOS="316" VPOS="167" WIDTH="553" HEIGHT="367">
					<TextBlock ID="block_1" HPOS="316" VPOS="167" WIDTH="552" HEIGHT="59">
						<TextLine ID="line_1" HPOS="317" VPOS="167" WIDTH="551" HEIGHT="25">
							<String ID="string_7" HPOS="317" VPOS="168" WIDTH="93" HEIGHT="20" WC="0.92" CONTENT="stämmas"/><SP WIDTH="22" VPOS="168" HPOS="410"/>
							<String ID="string_8" HPOS="432" VPOS="168" WIDTH="57" HEIGHT="24" WC="0.96" CONTENT="högre"/><SP WIDTH="15" VPOS="168" HPOS="489"/>
							<String ID="string_9" HPOS="504" VPOS="168" WIDTH="25" HEIGHT="19" WC="0.96" CONTENT="än"/><SP WIDTH="15" VPOS="168" HPOS="529"/>
							<String ID="string_10" HPOS="544" VPOS="167" WIDTH="31" HEIGHT="20" WC="0.96" CONTENT="det"/><SP WIDTH="15" VPOS="167" HPOS="575"/>
							<String ID="string_11" HPOS="590" VPOS="168" WIDTH="88" HEIGHT="24" WC="0.95" CONTENT="antingen"/><SP WIDTH="21" VPOS="168" HPOS="678"/>
							<String ID="string_12" HPOS="699" VPOS="168" WIDTH="105" HEIGHT="24" WC="0.94" CONTENT="magistrat"/><SP WIDTH="19" VPOS="168" HPOS="804"/>
							<String ID="string_13" HPOS="823" VPOS="167" WIDTH="45" HEIGHT="20" WC="0.94" CONTENT="eller"/>
						</TextLine>
						<TextLine ID="line_2" HPOS="316" VPOS="201" WIDTH="344" HEIGHT="25">
							<String ID="string_14" HPOS="316" VPOS="202" WIDTH="159" HEIGHT="19" WC="0.90" CONTENT="rådhusstämma"/><SP WIDTH="15" VPOS="202" HPOS="475"/>
							<String ID="string_15" HPOS="490" VPOS="203" WIDTH="63" HEIGHT="18" WC="0.96" CONTENT="ansett"/><SP WIDTH="14" VPOS="203" HPOS="553"/>
							<String ID="string_16" HPOS="567" VPOS="201" WIDTH="93" HEIGHT="25" WC="0.96" CONTENT="lämpligt."/>
						</TextLine>
					</TextBlock>
					<TextBlock ID="block_2" HPOS="317" VPOS="235" WIDTH="552" HEIGHT="299">
						<TextLine ID="line_3" HPOS="374" VPOS="235" WIDTH="494" HEIGHT="26">
							<String ID="string_17" HPOS="374" VPOS="236" WIDTH="82" HEIGHT="19" WC="0.92" CONTENT="Päkalla"/><SP WIDTH="24" VPOS="236" HPOS="456"/>
							<String ID="string_18" HPOS="480" VPOS="236" WIDTH="62" HEIGHT="19" WC="0.96" CONTENT="under"/><SP WIDTH="21" VPOS="236" HPOS="542"/>
							<String ID="string_19" HPOS="563" VPOS="236" WIDTH="64" HEIGHT="25" WC="0.96" CONTENT="loppet"/><SP WIDTH="19" VPOS="236" HPOS="627"/>
							<String ID="string_20" HPOS="646" VPOS="236" WIDTH="26" HEIGHT="24" WC="0.96" CONTENT="af"/><SP WIDTH="19" VPOS="236" HPOS="672"/>
							<String ID="string_21" HPOS="691" VPOS="236" WIDTH="22" HEIGHT="19" WC="0.96" CONTENT="de"/><SP WIDTH="23" VPOS="236" HPOS="713"/>
							<String ID="string_22" HPOS="736" VPOS="235" WIDTH="33" HEIGHT="20" WC="0.95" CONTENT="två"/><SP WIDTH="19" VPOS="235" HPOS="769"/>
							<String ID="string_23" HPOS="788" VPOS="235" WIDTH="30" HEIGHT="24" WC="0.88" CONTENT="är,"/><SP WIDTH="16" VPOS="235" HPOS="818"/>
							<String ID="string_24" HPOS="834" VPOS="235" WIDTH="34" HEIGHT="24" WC="0.96" CONTENT="för"/>
						</TextLine>
						<TextLine ID="line_4" HPOS="317" VPOS="269" WIDTH="550" HEIGHT="26">
							<String ID="string_25" HPOS="317" VPOS="270" WIDTH="64" HEIGHT="20" WC="0.93" CONTENT="hvilka"/><SP WIDTH="14" VPOS="270" HPOS="381"/>
							<String ID="string_26" HPOS="395" VPOS="270" WIDTH="218" HEIGHT="24" WC="0.91" CONTENT="utskänkningsställens"/><SP WIDTH="22" VPOS="270" HPOS="613"/>
							<String ID="string_27" HPOS="635" VPOS="270" WIDTH="54" HEIGHT="20" WC="0.95" CONTENT="antal"/><SP WIDTH="14" VPOS="270" HPOS="689"/>
							<String ID="string_28" HPOS="703" VPOS="270" WIDTH="65" HEIGHT="25" WC="0.94" CONTENT="blifvit"/><SP WIDTH="14" VPOS="270" HPOS="768"/>
							<String ID="string_29" HPOS="782" VPOS="270" WIDTH="8" HEIGHT="19" WC="0.93" CONTENT="i"/><SP WIDTH="14" VPOS="270" HPOS="790"/>
							<String ID="string_30" HPOS="804" VPOS="269" WIDTH="63" HEIGHT="25" WC="0.91" CONTENT="förbe-"/>
						</TextLine>
						<TextLine ID="line_5" HPOS="317" VPOS="304" WIDTH="550" HEIGHT="24">
							<String ID="string_31" HPOS="317" VPOS="304" WIDTH="48" HEIGHT="20" WC="0.96" CONTENT="rörd"/><SP WIDTH="14" VPOS="304" HPOS="365"/>
							<String ID="string_32" HPOS="379" VPOS="304" WIDTH="60" HEIGHT="20" WC="0.96" CONTENT="måtto"/><SP WIDTH="15" VPOS="304" HPOS="439"/>
							<String ID="string_33" HPOS="454" VPOS="304" WIDTH="101" HEIGHT="24" WC="0.96" CONTENT="bestämdt,"/><SP WIDTH="16" VPOS="304" HPOS="555"/>
							<String ID="string_34" HPOS="571" VPOS="304" WIDTH="99" HEIGHT="20" WC="0.96" CONTENT="särskilda"/><SP WIDTH="14" VPOS="304" HPOS="670"/>
							<String ID="string_35" HPOS="684" VPOS="304" WIDTH="137" HEIGHT="24" WC="0.93" CONTENT="förhållanden"/><SP WIDTH="18" VPOS="304" HPOS="821"/>
							<String ID="string_36" HPOS="839" VPOS="304" WIDTH="28" HEIGHT="19" WC="0.91" CONTENT="in-"/>
						</TextLine>
						<TextLine ID="line_6" HPOS="317" VPOS="338" WIDTH="551" HEIGHT="25">
							<String ID="string_37" HPOS="317" VPOS="338" WIDTH="99" HEIGHT="20" WC="0.92" CONTENT="rättandet"/><SP WIDTH="21" VPOS="338" HPOS="416"/>
							<String ID="string_38" HPOS="437" VPOS="338" WIDTH="26" HEIGHT="24" WC="0.95" CONTENT="af"/><SP WIDTH="20" VPOS="338" HPOS="463"/>
							<String ID="string_39" HPOS="483" VPOS="340" WIDTH="26" HEIGHT="18" WC="0.95" CONTENT="ett"/><SP WIDTH="22" VPOS="340" HPOS="509"/>
							<String ID="string_40" HPOS="531" VPOS="339" WIDTH="45" HEIGHT="19" WC="0.95" CONTENT="eller"/><SP WIDTH="23" VPOS="339" HPOS="576"/>
							<String ID="string_41" HPOS="599" VPOS="339" WIDTH="46" HEIGHT="24" WC="0.93" CONTENT="flere"/><SP WIDTH="14" VPOS="339" HPOS="645"/>
							<String ID="string_42" HPOS="659" VPOS="338" WIDTH="209" HEIGHT="25" WC="0.91" CONTENT="utskänkningsställen"/>
						</TextLine>
						<TextLine ID="line_7" HPOS="317" VPOS="372" WIDTH="551" HEIGHT="25">
							<String ID="string_43" HPOS="317" VPOS="373" WIDTH="77" HEIGHT="24" WC="0.91" CONTENT="utöfver"/><SP WIDTH="14" VPOS="373" HPOS="394"/>
							<String ID="string_44" HPOS="408" VPOS="372" WIDTH="58" HEIGHT="25" WC="0.92" CONTENT="sagde"/><SP WIDTH="16" VPOS="372" HPOS="466"/>
							<String ID="string_45" HPOS="482" VPOS="373" WIDTH="57" HEIGHT="24" WC="0.94" CONTENT="antal"/><SP WIDTH="18" VPOS="373" HPOS="539"/>
							<String ID="string_46" HPOS="557" VPOS="373" WIDTH="46" HEIGHT="19" WC="0.94" CONTENT="eller"/><SP WIDTH="9" VPOS="373" HPOS="603"/>
							<String ID="string_47" HPOS="612" VPOS="373" WIDTH="8" HEIGHT="19" WC="0.96" CONTENT="i"/><SP WIDTH="10" VPOS="373" HPOS="620"/>
							<String ID="string_48" HPOS="630" VPOS="379" WIDTH="64" HEIGHT="14" WC="0.96" CONTENT="annan"/><SP WIDTH="15" VPOS="379" HPOS="694"/>
							<String ID="string_49" HPOS="709" VPOS="373" WIDTH="54" HEIGHT="19" WC="0.95" CONTENT="trakt"/><SP WIDTH="9" VPOS="373" HPOS="763"/>
							<String ID="string_50" HPOS="772" VPOS="373" WIDTH="26" HEIGHT="24" WC="0.93" CONTENT="af"/><SP WIDTH="6" VPOS="373" HPOS="798"/>
							<String ID="string_51" HPOS="804" VPOS="372" WIDTH="64" HEIGHT="20" WC="0.92" CONTENT="stads-"/>
						</TextLine>
						<TextLine ID="line_8" HPOS="318" VPOS="407" WIDTH="550" HEIGHT="24">
							<String ID="string_52" HPOS="318" VPOS="407" WIDTH="92" HEIGHT="23" WC="0.90" CONTENT="omrädet,"/><SP WIDTH="22" VPOS="407" HPOS="410"/>
							<String ID="string_53" HPOS="432" VPOS="408" WIDTH="46" HEIGHT="23" WC="0.92" CONTENT="göre"/><SP WIDTH="21" VPOS="408" HPOS="478"/>
							<String ID="string_54" HPOS="499" VPOS="407" WIDTH="104" HEIGHT="24" WC="0.91" CONTENT="magistrat"/><SP WIDTH="22" VPOS="407" HPOS="603"/>
							<String ID="string_55" HPOS="625" VPOS="407" WIDTH="65" HEIGHT="20" WC="0.92" CONTENT="derom"/><SP WIDTH="14" VPOS="407" HPOS="690"/>
							<String ID="string_56" HPOS="704" VPOS="407" WIDTH="88" HEIGHT="20" WC="0.92" CONTENT="särskild"/><SP WIDTH="14" VPOS="407" HPOS="792"/>
							<String ID="string_57" HPOS="806" VPOS="407" WIDTH="62" HEIGHT="24" WC="0.92" CONTENT="fram-"/>
						</TextLine>
						<TextLine ID="line_9" HPOS="318" VPOS="441" WIDTH="551" HEIGHT="25">
							<String ID="string_58" HPOS="318" VPOS="441" WIDTH="90" HEIGHT="24" WC="0.81" CONTENT="ställning"/><SP WIDTH="14" VPOS="441" HPOS="408"/>
							<String ID="string_59" HPOS="422" VPOS="441" WIDTH="35" HEIGHT="19" WC="0.93" CONTENT="hos"/><SP WIDTH="11" VPOS="441" HPOS="457"/>
							<String ID="string_60" HPOS="468" VPOS="441" WIDTH="177" HEIGHT="25" WC="0.96" CONTENT="stadsfullmäktige"/><SP WIDTH="10" VPOS="441" HPOS="645"/>
							<String ID="string_61" HPOS="655" VPOS="441" WIDTH="45" HEIGHT="20" WC="0.93" CONTENT="eller"/><SP WIDTH="10" VPOS="441" HPOS="700"/>
							<String ID="string_62" HPOS="710" VPOS="441" WIDTH="159" HEIGHT="20" WC="0.74" CONTENT="rädhusstämma"/>
						</TextLine>
						<TextLine ID="line_10" HPOS="319" VPOS="475" WIDTH="549" HEIGHT="26">
							<String ID="string_63" HPOS="319" VPOS="475" WIDTH="32" HEIGHT="19" WC="0.92" CONTENT="och"/><SP WIDTH="22" VPOS="475" HPOS="351"/>
							<String ID="string_64" HPOS="373" VPOS="475" WIDTH="79" HEIGHT="24" WC="0.91" CONTENT="förfare"/><SP WIDTH="21" VPOS="475" HPOS="452"/>
							<String ID="string_65" HPOS="473" VPOS="475" WIDTH="43" HEIGHT="20" WC="0.91" CONTENT="med"/><SP WIDTH="23" VPOS="475" HPOS="516"/>
							<String ID="string_66" HPOS="539" VPOS="475" WIDTH="78" HEIGHT="20" WC="0.89" CONTENT="ärendet"/><SP WIDTH="18" VPOS="475" HPOS="617"/>
							<String ID="string_67" HPOS="635" VPOS="475" WIDTH="8" HEIGHT="20" WC="0.93" CONTENT="i"/><SP WIDTH="19" VPOS="475" HPOS="643"/>
							<String ID="string_68" HPOS="662" VPOS="475" WIDTH="60" HEIGHT="26" WC="0.91" CONTENT="öfrigt"/><SP WIDTH="22" VPOS="475" HPOS="722"/>
							<String ID="string_69" HPOS="744" VPOS="481" WIDTH="42" HEIGHT="14" WC="0.88" CONTENT="som"/><SP WIDTH="23" VPOS="481" HPOS="786"/>
							<String ID="string_70" HPOS="809" VPOS="475" WIDTH="59" HEIGHT="25" WC="0.88" CONTENT="ofvan"/>
						</TextLine>
						<TextLine ID="line_11" HPOS="319" VPOS="509" WIDTH="100" HEIGHT="25">
							<String ID="string_71" HPOS="319" VPOS="509" WIDTH="57" HEIGHT="25" WC="0.90" CONTENT="sagdt"/><SP WIDTH="14" VPOS="509" HPOS="376"/>
							<String ID="string_72" HPOS="390" VPOS="510" WIDTH="29" HEIGHT="19" WC="0.96" CONTENT="är."/>
						</TextLine>
					</TextBlock>
				</ComposedBlock>
				<ComposedBlock ID="cblock_2" HPOS="564" VPOS="567" WIDTH="61" HEIGHT="25">
					<TextBlock ID="block_3" HPOS="564" VPOS="567" WIDTH="61" HEIGHT="25">
						<TextLine ID="line_12" HPOS="564" VPOS="567" WIDTH="61" HEIGHT="25">
							<String ID="string_73" HPOS="564" VPOS="568" WIDTH="17" HEIGHT="24" WC="0.90" CONTENT="$"/><SP WIDTH="14" VPOS="568" HPOS="581"/>
							<String ID="string_74" HPOS="595" VPOS="567" WIDTH="30" HEIGHT="19" WC="0.90" CONTENT="11."/>
						</TextLine>
					</TextBlock>
				</ComposedBlock>
				<ComposedBlock ID="cblock_3" HPOS="319" VPOS="611" WIDTH="559" HEIGHT="608">
					<TextBlock ID="block_4" HPOS="319" VPOS="611" WIDTH="554" HEIGHT="369">
						<TextLine ID="line_13" HPOS="376" VPOS="611" WIDTH="493" HEIGHT="26">
							<String ID="string_75" HPOS="376" VPOS="611" WIDTH="50" HEIGHT="24" WC="0.94" CONTENT="Den,"/><SP WIDTH="25" VPOS="611" HPOS="426"/>
							<String ID="string_76" HPOS="451" VPOS="618" WIDTH="43" HEIGHT="14" WC="0.92" CONTENT="som"/><SP WIDTH="21" VPOS="618" HPOS="494"/>
							<String ID="string_77" HPOS="515" VPOS="612" WIDTH="72" HEIGHT="20" WC="0.92" CONTENT="önskar"/><SP WIDTH="21" VPOS="612" HPOS="587"/>
							<String ID="string_78" HPOS="608" VPOS="612" WIDTH="106" HEIGHT="24" WC="0.92" CONTENT="förvärfva"/><SP WIDTH="22" VPOS="612" HPOS="714"/>
							<String ID="string_79" HPOS="736" VPOS="612" WIDTH="29" HEIGHT="25" WC="0.93" CONTENT="sig"/><SP WIDTH="14" VPOS="612" HPOS="765"/>
							<String ID="string_80" HPOS="779" VPOS="612" WIDTH="90" HEIGHT="20" WC="0.91" CONTENT="utskänk-"/>
						</TextLine>
						<TextLine ID="line_14" HPOS="319" VPOS="646" WIDTH="551" HEIGHT="25">
							<String ID="string_81" HPOS="319" VPOS="646" WIDTH="146" HEIGHT="25" WC="0.92" CONTENT="ningsrättighet"/><SP WIDTH="21" VPOS="646" HPOS="465"/>
							<String ID="string_82" HPOS="486" VPOS="647" WIDTH="9" HEIGHT="19" WC="0.95" CONTENT="i"/><SP WIDTH="20" VPOS="647" HPOS="495"/>
							<String ID="string_83" HPOS="515" VPOS="646" WIDTH="50" HEIGHT="24" WC="0.93" CONTENT="stad,"/><SP WIDTH="24" VPOS="646" HPOS="565"/>
							<String ID="string_84" HPOS="589" VPOS="647" WIDTH="69" HEIGHT="19" WC="0.88" CONTENT="ansöke"/><SP WIDTH="22" VPOS="647" HPOS="658"/>
							<String ID="string_85" HPOS="680" VPOS="646" WIDTH="66" HEIGHT="20" WC="0.90" CONTENT="derom"/><SP WIDTH="14" VPOS="646" HPOS="746"/>
							<String ID="string_86" HPOS="760" VPOS="646" WIDTH="110" HEIGHT="25" WC="0.92" CONTENT="skriftligen"/>
						</TextLine>
						<TextLine ID="line_15" HPOS="319" VPOS="680" WIDTH="551" HEIGHT="26">
							<String ID="string_87" HPOS="319" VPOS="680" WIDTH="34" HEIGHT="20" WC="0.93" CONTENT="hos"/><SP WIDTH="15" VPOS="680" HPOS="353"/>
							<String ID="string_88" HPOS="368" VPOS="681" WIDTH="127" HEIGHT="24" WC="0.91" CONTENT="magistraten"/><SP WIDTH="13" VPOS="681" HPOS="495"/>
							<String ID="string_89" HPOS="508" VPOS="680" WIDTH="44" HEIGHT="20" WC="0.93" CONTENT="med"/><SP WIDTH="15" VPOS="680" HPOS="552"/>
							<String ID="string_90" HPOS="567" VPOS="680" WIDTH="101" HEIGHT="26" WC="0.90" CONTENT="bifogande"/><SP WIDTH="15" VPOS="680" HPOS="668"/>
							<String ID="string_91" HPOS="683" VPOS="681" WIDTH="26" HEIGHT="24" WC="0.92" CONTENT="af"/><SP WIDTH="11" VPOS="681" HPOS="709"/>
							<String ID="string_92" HPOS="720" VPOS="681" WIDTH="53" HEIGHT="24" WC="0.91" CONTENT="intyg"/><SP WIDTH="15" VPOS="681" HPOS="773"/>
							<String ID="string_93" HPOS="788" VPOS="687" WIDTH="31" HEIGHT="13" WC="0.96" CONTENT="om"/><SP WIDTH="13" VPOS="687" HPOS="819"/>
							<String ID="string_94" HPOS="832" VPOS="680" WIDTH="38" HEIGHT="25" WC="0.96" CONTENT="god"/>
						</TextLine>
						<TextLine ID="line_16" HPOS="319" VPOS="714" WIDTH="552" HEIGHT="26">
							<String ID="string_95" HPOS="319" VPOS="714" WIDTH="54" HEIGHT="25" WC="0.64" CONTENT="frejd"/><SP WIDTH="14" VPOS="714" HPOS="373"/>
							<String ID="string_96" HPOS="387" VPOS="716" WIDTH="52" HEIGHT="18" WC="0.93" CONTENT="samt"/><SP WIDTH="13" VPOS="716" HPOS="439"/>
							<String ID="string_97" HPOS="452" VPOS="715" WIDTH="78" HEIGHT="25" WC="0.96" CONTENT="uppgift"/><SP WIDTH="11" VPOS="715" HPOS="530"/>
							<String ID="string_98" HPOS="541" VPOS="715" WIDTH="30" HEIGHT="25" WC="0.93" CONTENT="pä"/><SP WIDTH="14" VPOS="715" HPOS="571"/>
							<String ID="string_99" HPOS="585" VPOS="715" WIDTH="69" HEIGHT="23" WC="0.95" CONTENT="stället,"/><SP WIDTH="17" VPOS="715" HPOS="654"/>
							<String ID="string_100" HPOS="671" VPOS="715" WIDTH="33" HEIGHT="20" WC="0.93" CONTENT="der"/><SP WIDTH="15" VPOS="715" HPOS="704"/>
							<String ID="string_101" HPOS="719" VPOS="715" WIDTH="114" HEIGHT="25" WC="0.96" CONTENT="rättigheten"/><SP WIDTH="13" VPOS="715" HPOS="833"/>
							<String ID="string_102" HPOS="846" VPOS="716" WIDTH="25" HEIGHT="18" WC="0.96" CONTENT="är"/>
						</TextLine>
						<TextLine ID="line_17" HPOS="321" VPOS="748" WIDTH="551" HEIGHT="26">
							<String ID="string_103" HPOS="321" VPOS="748" WIDTH="69" HEIGHT="25" WC="0.91" CONTENT="afsedd"/><SP WIDTH="15" VPOS="748" HPOS="390"/>
							<String ID="string_104" HPOS="405" VPOS="750" WIDTH="29" HEIGHT="18" WC="0.93" CONTENT="att"/><SP WIDTH="14" VPOS="750" HPOS="434"/>
							<String ID="string_105" HPOS="448" VPOS="750" WIDTH="101" HEIGHT="24" WC="0.89" CONTENT="begagnas."/><SP WIDTH="30" VPOS="750" HPOS="549"/>
							<String ID="string_106" HPOS="579" VPOS="750" WIDTH="86" HEIGHT="24" WC="0.91" CONTENT="Pröfvar"/><SP WIDTH="14" VPOS="750" HPOS="665"/>
							<String ID="string_107" HPOS="679" VPOS="750" WIDTH="128" HEIGHT="24" WC="0.91" CONTENT="magistraten"/><SP WIDTH="18" VPOS="750" HPOS="807"/>
							<String ID="string_108" HPOS="825" VPOS="748" WIDTH="47" HEIGHT="26" WC="0.92" CONTENT="godt"/>
						</TextLine>
						<TextLine ID="line_18" HPOS="321" VPOS="783" WIDTH="546" HEIGHT="25">
							<String ID="string_109" HPOS="321" VPOS="783" WIDTH="126" HEIGHT="25" WC="0.95" CONTENT="ansökningen"/><SP WIDTH="23" VPOS="783" HPOS="447"/>
							<String ID="string_110" HPOS="470" VPOS="784" WIDTH="75" HEIGHT="24" WC="0.89" CONTENT="bifalla,"/><SP WIDTH="16" VPOS="784" HPOS="545"/>
							<String ID="string_111" HPOS="561" VPOS="783" WIDTH="80" HEIGHT="24" WC="0.92" CONTENT="utfärde"/><SP WIDTH="14" VPOS="783" HPOS="641"/>
							<String ID="string_112" HPOS="655" VPOS="783" WIDTH="90" HEIGHT="25" WC="0.92" CONTENT="deröfver"/><SP WIDTH="16" VPOS="783" HPOS="745"/>
							<String ID="string_113" HPOS="761" VPOS="783" WIDTH="106" HEIGHT="20" WC="0.76" CONTENT="tillständs-"/>
						</TextLine>
						<TextLine ID="line_19" HPOS="321" VPOS="818" WIDTH="551" HEIGHT="24">
							<String ID="string_114" HPOS="321" VPOS="818" WIDTH="51" HEIGHT="19" WC="0.96" CONTENT="bevis"/><SP WIDTH="14" VPOS="818" HPOS="372"/>
							<String ID="string_115" HPOS="386" VPOS="818" WIDTH="42" HEIGHT="19" WC="0.93" CONTENT="med"/><SP WIDTH="14" VPOS="818" HPOS="428"/>
							<String ID="string_116" HPOS="442" VPOS="818" WIDTH="112" HEIGHT="20" WC="0.96" CONTENT="utsättande"/><SP WIDTH="21" VPOS="818" HPOS="554"/>
							<String ID="string_117" HPOS="575" VPOS="818" WIDTH="26" HEIGHT="24" WC="0.96" CONTENT="af"/><SP WIDTH="12" VPOS="818" HPOS="601"/>
							<String ID="string_118" HPOS="613" VPOS="818" WIDTH="35" HEIGHT="20" WC="0.96" CONTENT="den"/><SP WIDTH="15" VPOS="818" HPOS="648"/>
							<String ID="string_119" HPOS="663" VPOS="818" WIDTH="33" HEIGHT="23" WC="0.93" CONTENT="tid,"/><SP WIDTH="16" VPOS="818" HPOS="696"/>
							<String ID="string_120" HPOS="712" VPOS="818" WIDTH="111" HEIGHT="20" WC="0.92" CONTENT="hvarunder"/><SP WIDTH="15" VPOS="818" HPOS="823"/>
							<String ID="string_121" HPOS="838" VPOS="818" WIDTH="34" HEIGHT="19" WC="0.95" CONTENT="och"/>
						</TextLine>
						<TextLine ID="line_20" HPOS="321" VPOS="852" WIDTH="549" HEIGHT="25">
							<String ID="string_122" HPOS="321" VPOS="852" WIDTH="35" HEIGHT="19" WC="0.93" CONTENT="den"/><SP WIDTH="15" VPOS="852" HPOS="356"/>
							<String ID="string_123" HPOS="371" VPOS="852" WIDTH="57" HEIGHT="23" WC="0.96" CONTENT="trakt,"/><SP WIDTH="23" VPOS="852" HPOS="428"/>
							<String ID="string_124" HPOS="451" VPOS="852" WIDTH="52" HEIGHT="20" WC="0.93" CONTENT="inom"/><SP WIDTH="19" VPOS="852" HPOS="503"/>
							<String ID="string_125" HPOS="522" VPOS="852" WIDTH="74" HEIGHT="20" WC="0.92" CONTENT="hvilken"/><SP WIDTH="13" VPOS="852" HPOS="596"/>
							<String ID="string_126" HPOS="609" VPOS="852" WIDTH="150" HEIGHT="25" WC="0.92" CONTENT="utskänkningen"/><SP WIDTH="14" VPOS="852" HPOS="759"/>
							<String ID="string_127" HPOS="773" VPOS="852" WIDTH="33" HEIGHT="20" WC="0.93" CONTENT="mä"/><SP WIDTH="14" VPOS="852" HPOS="806"/>
							<String ID="string_128" HPOS="820" VPOS="852" WIDTH="50" HEIGHT="24" WC="0.85" CONTENT="utöf-"/>
						</TextLine>
						<TextLine ID="line_21" HPOS="321" VPOS="886" WIDTH="552" HEIGHT="26">
							<String ID="string_129" HPOS="321" VPOS="892" WIDTH="41" HEIGHT="18" WC="0.89" CONTENT="vas,"/><SP WIDTH="22" VPOS="892" HPOS="362"/>
							<String ID="string_130" HPOS="384" VPOS="886" WIDTH="99" HEIGHT="24" WC="0.96" CONTENT="äfvensom"/><SP WIDTH="15" VPOS="886" HPOS="483"/>
							<String ID="string_131" HPOS="498" VPOS="887" WIDTH="23" HEIGHT="19" WC="0.93" CONTENT="de"/><SP WIDTH="18" VPOS="887" HPOS="521"/>
							<String ID="string_132" HPOS="539" VPOS="887" WIDTH="66" HEIGHT="25" WC="0.96" CONTENT="öfriga"/><SP WIDTH="21" VPOS="887" HPOS="605"/>
							<String ID="string_133" HPOS="626" VPOS="887" WIDTH="130" HEIGHT="24" WC="0.94" CONTENT="föreskrifter,"/><SP WIDTH="23" VPOS="887" HPOS="756"/>
							<String ID="string_134" HPOS="779" VPOS="893" WIDTH="42" HEIGHT="13" WC="0.96" CONTENT="som"/><SP WIDTH="22" VPOS="893" HPOS="821"/>
							<String ID="string_135" HPOS="843" VPOS="886" WIDTH="30" HEIGHT="20" WC="0.95" CONTENT="till"/>
						</TextLine>
						<TextLine ID="line_22" HPOS="320" VPOS="920" WIDTH="552" HEIGHT="25">
							<String ID="string_136" HPOS="320" VPOS="920" WIDTH="38" HEIGHT="25" WC="0.93" CONTENT="god"/><SP WIDTH="14" VPOS="920" HPOS="358"/>
							<String ID="string_137" HPOS="372" VPOS="920" WIDTH="91" HEIGHT="25" WC="0.91" CONTENT="ordnings"/><SP WIDTH="15" VPOS="920" HPOS="463"/>
							<String ID="string_138" HPOS="478" VPOS="920" WIDTH="133" HEIGHT="25" WC="0.96" CONTENT="befrämjande"/><SP WIDTH="14" VPOS="920" HPOS="611"/>
							<String ID="string_139" HPOS="625" VPOS="921" WIDTH="64" HEIGHT="19" WC="0.96" CONTENT="kunna"/><SP WIDTH="13" VPOS="921" HPOS="689"/>
							<String ID="string_140" HPOS="702" VPOS="920" WIDTH="65" HEIGHT="24" WC="0.96" CONTENT="finnas"/><SP WIDTH="14" VPOS="920" HPOS="767"/>
							<String ID="string_141" HPOS="781" VPOS="920" WIDTH="34" HEIGHT="24" WC="0.93" CONTENT="för"/><SP WIDTH="15" VPOS="920" HPOS="815"/>
							<String ID="string_142" HPOS="830" VPOS="921" WIDTH="42" HEIGHT="19" WC="0.92" CONTENT="sär-"/>
						</TextLine>
						<TextLine ID="line_23" HPOS="322" VPOS="954" WIDTH="302" HEIGHT="26">
							<String ID="string_143" HPOS="322" VPOS="954" WIDTH="65" HEIGHT="20" WC="0.95" CONTENT="skilda"/><SP WIDTH="13" VPOS="954" HPOS="387"/>
							<String ID="string_144" HPOS="400" VPOS="954" WIDTH="39" HEIGHT="24" WC="0.96" CONTENT="fall"/><SP WIDTH="14" VPOS="954" HPOS="439"/>
							<String ID="string_145" HPOS="453" VPOS="961" WIDTH="52" HEIGHT="14" WC="0.96" CONTENT="vara"/><SP WIDTH="15" VPOS="961" HPOS="505"/>
							<String ID="string_146" HPOS="520" VPOS="955" WIDTH="25" HEIGHT="25" WC="0.95" CONTENT="af"/><SP WIDTH="12" VPOS="955" HPOS="545"/>
							<String ID="string_147" HPOS="557" VPOS="955" WIDTH="67" HEIGHT="20" WC="0.96" CONTENT="nöden."/>
						</TextLine>
					</TextBlock>
					<TextBlock ID="block_5" HPOS="319" VPOS="988" WIDTH="555" HEIGHT="129">
						<TextLine ID="line_24" HPOS="383" VPOS="988" WIDTH="491" HEIGHT="25">
							<String ID="string_148" HPOS="383" VPOS="989" WIDTH="37" HEIGHT="19" WC="0.95" CONTENT="Vill"/><SP WIDTH="14" VPOS="989" HPOS="420"/>
							<String ID="string_149" HPOS="434" VPOS="989" WIDTH="42" HEIGHT="23" WC="0.96" CONTENT="den,"/><SP WIDTH="16" VPOS="989" HPOS="476"/>
							<String ID="string_150" HPOS="492" VPOS="995" WIDTH="42" HEIGHT="14" WC="0.96" CONTENT="som"/><SP WIDTH="15" VPOS="995" HPOS="534"/>
							<String ID="string_151" HPOS="549" VPOS="990" WIDTH="81" HEIGHT="19" WC="0.93" CONTENT="ansöker"/><SP WIDTH="13" VPOS="990" HPOS="630"/>
							<String ID="string_152" HPOS="643" VPOS="988" WIDTH="231" HEIGHT="25" WC="0.90" CONTENT="utskänkningsrättighet"/>
						</TextLine>
						<TextLine ID="line_25" HPOS="323" VPOS="1022" WIDTH="549" HEIGHT="26">
							<String ID="string_153" HPOS="323" VPOS="1022" WIDTH="21" HEIGHT="20" WC="0.96" CONTENT="åt"/><SP WIDTH="14" VPOS="1022" HPOS="344"/>
							<String ID="string_154" HPOS="358" VPOS="1023" WIDTH="86" HEIGHT="20" WC="0.96" CONTENT="särskild"/><SP WIDTH="14" VPOS="1023" HPOS="444"/>
							<String ID="string_155" HPOS="458" VPOS="1023" WIDTH="138" HEIGHT="24" WC="0.93" CONTENT="föreståndare"/><SP WIDTH="15" VPOS="1023" HPOS="596"/>
							<String ID="string_156" HPOS="611" VPOS="1023" WIDTH="89" HEIGHT="25" WC="0.92" CONTENT="anförtro"/><SP WIDTH="10" VPOS="1023" HPOS="700"/>
							<String ID="string_157" HPOS="710" VPOS="1023" WIDTH="112" HEIGHT="25" WC="0.92" CONTENT="utöfningen"/><SP WIDTH="8" VPOS="1023" HPOS="822"/>
							<String ID="string_158" HPOS="830" VPOS="1023" WIDTH="42" HEIGHT="19" WC="0.92" CONTENT="der-"/>
						</TextLine>
						<TextLine ID="line_26" HPOS="323" VPOS="1057" WIDTH="550" HEIGHT="26">
							<String ID="string_159" HPOS="323" VPOS="1059" WIDTH="27" HEIGHT="22" WC="0.95" CONTENT="af,"/><SP WIDTH="17" VPOS="1059" HPOS="350"/>
							<String ID="string_160" HPOS="367" VPOS="1057" WIDTH="35" HEIGHT="20" WC="0.95" CONTENT="bör"/><SP WIDTH="14" VPOS="1057" HPOS="402"/>
							<String ID="string_161" HPOS="416" VPOS="1057" WIDTH="70" HEIGHT="20" WC="0.95" CONTENT="dennes"/><SP WIDTH="20" VPOS="1057" HPOS="486"/>
							<String ID="string_162" HPOS="506" VPOS="1058" WIDTH="52" HEIGHT="25" WC="0.93" CONTENT="goda"/><SP WIDTH="21" VPOS="1058" HPOS="558"/>
							<String ID="string_163" HPOS="579" VPOS="1058" WIDTH="53" HEIGHT="24" WC="0.90" CONTENT="frejd"/><SP WIDTH="16" VPOS="1058" HPOS="632"/>
							<String ID="string_164" HPOS="648" VPOS="1058" WIDTH="76" HEIGHT="24" WC="0.89" CONTENT="jemväl"/><SP WIDTH="20" VPOS="1058" HPOS="724"/>
							<String ID="string_165" HPOS="744" VPOS="1057" WIDTH="81" HEIGHT="20" WC="0.88" CONTENT="utredas"/><SP WIDTH="15" VPOS="1057" HPOS="825"/>
							<String ID="string_166" HPOS="840" VPOS="1057" WIDTH="33" HEIGHT="20" WC="0.96" CONTENT="och"/>
						</TextLine>
						<TextLine ID="line_27" HPOS="319" VPOS="1091" WIDTH="512" HEIGHT="26">
							<String ID="string_167" HPOS="319" VPOS="1098" WIDTH="106" HEIGHT="19" WC="0.94" CONTENT="personens"/><SP WIDTH="16" VPOS="1098" HPOS="425"/>
							<String ID="string_168" HPOS="441" VPOS="1092" WIDTH="111" HEIGHT="25" WC="0.96" CONTENT="lämplighet"/><SP WIDTH="14" VPOS="1092" HPOS="552"/>
							<String ID="string_169" HPOS="566" VPOS="1092" WIDTH="25" HEIGHT="25" WC="0.96" CONTENT="af"/><SP WIDTH="12" VPOS="1092" HPOS="591"/>
							<String ID="string_170" HPOS="603" VPOS="1092" WIDTH="125" HEIGHT="25" WC="0.93" CONTENT="magistraten"/><SP WIDTH="11" VPOS="1092" HPOS="728"/>
							<String ID="string_171" HPOS="739" VPOS="1091" WIDTH="92" HEIGHT="25" WC="0.91" CONTENT="pröfvas."/>
						</TextLine>
					</TextBlock>
					<TextBlock ID="block_6" HPOS="323" VPOS="1126" WIDTH="555" HEIGHT="93">
						<TextLine ID="line_28" HPOS="380" VPOS="1126" WIDTH="493" HEIGHT="25">
							<String ID="string_172" HPOS="380" VPOS="1126" WIDTH="101" HEIGHT="25" WC="0.95" CONTENT="Flyttning"/><SP WIDTH="22" VPOS="1126" HPOS="481"/>
							<String ID="string_173" HPOS="503" VPOS="1127" WIDTH="26" HEIGHT="24" WC="0.93" CONTENT="af"/><SP WIDTH="18" VPOS="1127" HPOS="529"/>
							<String ID="string_174" HPOS="547" VPOS="1126" WIDTH="195" HEIGHT="25" WC="0.90" CONTENT="utskänkningsställe"/><SP WIDTH="22" VPOS="1126" HPOS="742"/>
							<String ID="string_175" HPOS="764" VPOS="1126" WIDTH="46" HEIGHT="19" WC="0.90" CONTENT="eller"/><SP WIDTH="25" VPOS="1126" HPOS="810"/>
							<String ID="string_176" HPOS="835" VPOS="1131" WIDTH="38" HEIGHT="14" WC="0.90" CONTENT="om-"/>
						</TextLine>
						<TextLine ID="line_29" HPOS="323" VPOS="1159" WIDTH="555" HEIGHT="26">
							<String ID="string_177" HPOS="323" VPOS="1161" WIDTH="42" HEIGHT="24" WC="0.96" CONTENT="byte"/><SP WIDTH="15" VPOS="1161" HPOS="365"/>
							<String ID="string_178" HPOS="380" VPOS="1161" WIDTH="26" HEIGHT="24" WC="0.93" CONTENT="af"/><SP WIDTH="10" VPOS="1161" HPOS="406"/>
							<String ID="string_179" HPOS="416" VPOS="1161" WIDTH="138" HEIGHT="24" WC="0.96" CONTENT="föreståndare"/><SP WIDTH="13" VPOS="1161" HPOS="554"/>
							<String ID="string_180" HPOS="567" VPOS="1161" WIDTH="33" HEIGHT="19" WC="0.93" CONTENT="mä"/><SP WIDTH="15" VPOS="1161" HPOS="600"/>
							<String ID="string_181" HPOS="615" VPOS="1161" WIDTH="39" HEIGHT="19" WC="0.96" CONTENT="icke"/><SP WIDTH="14" VPOS="1161" HPOS="654"/>
							<String ID="string_182" HPOS="668" VPOS="1161" WIDTH="32" HEIGHT="19" WC="0.96" CONTENT="ske"/><SP WIDTH="15" VPOS="1161" HPOS="700"/>
							<String ID="string_183" HPOS="715" VPOS="1162" WIDTH="47" HEIGHT="18" WC="0.93" CONTENT="utan"/><SP WIDTH="15" VPOS="1162" HPOS="762"/>
							<String ID="string_184" HPOS="777" VPOS="1160" WIDTH="65" HEIGHT="20" WC="0.79" CONTENT="dertill"/><SP WIDTH="10" VPOS="1160" HPOS="842"/>
							<String ID="string_185" HPOS="852" VPOS="1159" WIDTH="26" HEIGHT="24" WC="0.96" CONTENT="af"/>
						</TextLine>
						<TextLine ID="line_30" HPOS="323" VPOS="1195" WIDTH="328" HEIGHT="24">
							<String ID="string_186" HPOS="323" VPOS="1195" WIDTH="125" HEIGHT="24" WC="0.95" CONTENT="magistraten"/><SP WIDTH="16" VPOS="1195" HPOS="448"/>
							<String ID="string_187" HPOS="464" VPOS="1195" WIDTH="80" HEIGHT="20" WC="0.94" CONTENT="erhållet"/><SP WIDTH="14" VPOS="1195" HPOS="544"/>
							<String ID="string_188" HPOS="558" VPOS="1195" WIDTH="93" HEIGHT="20" WC="0.96" CONTENT="tillstånd."/>
						</TextLine>
					</TextBlock>
				</ComposedBlock>
				<ComposedBlock ID="cblock_4" HPOS="568" VPOS="1253" WIDTH="63" HEIGHT="24">
					<TextBlock ID="block_7" HPOS="568" VPOS="1253" WIDTH="63" HEIGHT="24">
						<TextLine ID="line_31" HPOS="568" VPOS="1253" WIDTH="63" HEIGHT="24">
							<String ID="string_189" HPOS="568" VPOS="1254" WIDTH="17" HEIGHT="23" WC="0.86" CONTENT="$"/><SP WIDTH="14" VPOS="1254" HPOS="585"/>
							<String ID="string_190" HPOS="599" VPOS="1253" WIDTH="32" HEIGHT="18" WC="0.96" CONTENT="12."/>
						</TextLine>
					</TextBlock>
				</ComposedBlock>
				<ComposedBlock ID="cblock_5" HPOS="324" VPOS="1292" WIDTH="552" HEIGHT="168">
					<TextBlock ID="block_8" HPOS="324" VPOS="1292" WIDTH="552" HEIGHT="168">
						<TextLine ID="line_32" HPOS="381" VPOS="1292" WIDTH="494" HEIGHT="31">
							<String ID="string_191" HPOS="381" VPOS="1292" WIDTH="18" HEIGHT="25" WC="0.89" CONTENT="Ä"/><SP WIDTH="15" VPOS="1292" HPOS="399"/>
							<String ID="string_192" HPOS="414" VPOS="1297" WIDTH="97" HEIGHT="20" WC="0.95" CONTENT="värdshus"/><SP WIDTH="19" VPOS="1297" HPOS="511"/>
							<String ID="string_193" HPOS="530" VPOS="1298" WIDTH="30" HEIGHT="25" WC="0.96" CONTENT="pä"/><SP WIDTH="22" VPOS="1298" HPOS="560"/>
							<String ID="string_194" HPOS="582" VPOS="1298" WIDTH="69" HEIGHT="23" WC="0.96" CONTENT="landet,"/><SP WIDTH="23" VPOS="1298" HPOS="651"/>
							<String ID="string_195" HPOS="674" VPOS="1303" WIDTH="42" HEIGHT="14" WC="0.96" CONTENT="som"/><SP WIDTH="17" VPOS="1303" HPOS="716"/>
							<String ID="string_196" HPOS="733" VPOS="1297" WIDTH="34" HEIGHT="25" WC="0.93" CONTENT="för"/><SP WIDTH="15" VPOS="1297" HPOS="767"/>
							<String ID="string_197" HPOS="782" VPOS="1296" WIDTH="93" HEIGHT="25" WC="0.85" CONTENT="tillfreds-"/>
						</TextLine>
						<TextLine ID="line_33" HPOS="325" VPOS="1331" WIDTH="551" HEIGHT="25">
							<String ID="string_198" HPOS="325" VPOS="1331" WIDTH="95" HEIGHT="20" WC="0.96" CONTENT="ställande"/><SP WIDTH="14" VPOS="1331" HPOS="420"/>
							<String ID="string_199" HPOS="434" VPOS="1332" WIDTH="26" HEIGHT="24" WC="0.93" CONTENT="af"/><SP WIDTH="13" VPOS="1332" HPOS="460"/>
							<String ID="string_200" HPOS="473" VPOS="1332" WIDTH="92" HEIGHT="24" WC="0.93" CONTENT="trafikens"/><SP WIDTH="20" VPOS="1332" HPOS="565"/>
							<String ID="string_201" HPOS="585" VPOS="1332" WIDTH="58" HEIGHT="24" WC="0.72" CONTENT="behof"/><SP WIDTH="10" VPOS="1332" HPOS="643"/>
							<String ID="string_202" HPOS="653" VPOS="1332" WIDTH="64" HEIGHT="24" WC="0.93" CONTENT="finnas"/><SP WIDTH="14" VPOS="1332" HPOS="717"/>
							<String ID="string_203" HPOS="731" VPOS="1331" WIDTH="105" HEIGHT="24" WC="0.96" CONTENT="inrättade,"/><SP WIDTH="16" VPOS="1331" HPOS="836"/>
							<String ID="string_204" HPOS="852" VPOS="1332" WIDTH="24" HEIGHT="18" WC="0.96" CONTENT="är"/>
						</TextLine>
						<TextLine ID="line_34" HPOS="324" VPOS="1365" WIDTH="551" HEIGHT="26">
							<String ID="string_205" HPOS="324" VPOS="1365" WIDTH="127" HEIGHT="26" WC="0.92" CONTENT="utskänkning"/><SP WIDTH="25" VPOS="1365" HPOS="451"/>
							<String ID="string_206" HPOS="476" VPOS="1367" WIDTH="26" HEIGHT="24" WC="0.92" CONTENT="af"/><SP WIDTH="21" VPOS="1367" HPOS="502"/>
							<String ID="string_207" HPOS="523" VPOS="1367" WIDTH="129" HEIGHT="24" WC="0.91" CONTENT="maltdrycker"/><SP WIDTH="24" VPOS="1367" HPOS="652"/>
							<String ID="string_208" HPOS="676" VPOS="1366" WIDTH="58" HEIGHT="24" WC="0.88" CONTENT="äfven"/><SP WIDTH="28" VPOS="1366" HPOS="734"/>
							<String ID="string_209" HPOS="762" VPOS="1365" WIDTH="113" HEIGHT="25" WC="0.88" CONTENT="medgifven."/>
						</TextLine>
						<TextLine ID="line_35" HPOS="325" VPOS="1399" WIDTH="551" HEIGHT="26">
							<String ID="string_210" HPOS="325" VPOS="1399" WIDTH="65" HEIGHT="20" WC="0.93" CONTENT="Dessa"/><SP WIDTH="15" VPOS="1399" HPOS="390"/>
							<String ID="string_211" HPOS="405" VPOS="1400" WIDTH="82" HEIGHT="24" WC="0.96" CONTENT="drycker"/><SP WIDTH="14" VPOS="1400" HPOS="487"/>
							<String ID="string_212" HPOS="501" VPOS="1401" WIDTH="24" HEIGHT="24" WC="0.93" CONTENT="få"/><SP WIDTH="10" VPOS="1401" HPOS="525"/>
							<String ID="string_213" HPOS="535" VPOS="1401" WIDTH="75" HEIGHT="24" WC="0.92" CONTENT="jemväl"/><SP WIDTH="14" VPOS="1401" HPOS="610"/>
							<String ID="string_214" HPOS="624" VPOS="1401" WIDTH="25" HEIGHT="24" WC="0.93" CONTENT="af"/><SP WIDTH="10" VPOS="1401" HPOS="649"/>
							<String ID="string_215" HPOS="659" VPOS="1400" WIDTH="121" HEIGHT="25" WC="0.34" CONTENT="gästgifvare"/><SP WIDTH="11" VPOS="1400" HPOS="780"/>
							<String ID="string_216" HPOS="791" VPOS="1399" WIDTH="30" HEIGHT="25" WC="0.93" CONTENT="pä"/><SP WIDTH="15" VPOS="1399" HPOS="821"/>
							<String ID="string_217" HPOS="836" VPOS="1399" WIDTH="40" HEIGHT="19" WC="0.93" CONTENT="lan-"/>
						</TextLine>
						<TextLine ID="line_36" HPOS="325" VPOS="1432" WIDTH="551" HEIGHT="28">
							<String ID="string_218" HPOS="325" VPOS="1433" WIDTH="32" HEIGHT="20" WC="0.93" CONTENT="det"/><SP WIDTH="14" VPOS="1433" HPOS="357"/>
							<String ID="string_219" HPOS="371" VPOS="1434" WIDTH="81" HEIGHT="20" WC="0.96" CONTENT="resande"/><SP WIDTH="15" VPOS="1434" HPOS="452"/>
							<String ID="string_220" HPOS="467" VPOS="1435" WIDTH="31" HEIGHT="19" WC="0.93" CONTENT="till"/><SP WIDTH="13" VPOS="1435" HPOS="498"/>
							<String ID="string_221" HPOS="511" VPOS="1435" WIDTH="98" HEIGHT="24" WC="0.96" CONTENT="förtäring"/><SP WIDTH="8" VPOS="1435" HPOS="609"/>
							<String ID="string_222" HPOS="617" VPOS="1435" WIDTH="29" HEIGHT="25" WC="0.93" CONTENT="pä"/><SP WIDTH="15" VPOS="1435" HPOS="646"/>
							<String ID="string_223" HPOS="661" VPOS="1434" WIDTH="65" HEIGHT="20" WC="0.93" CONTENT="stället"/><SP WIDTH="15" VPOS="1434" HPOS="726"/>
							<String ID="string_224" HPOS="741" VPOS="1432" WIDTH="135" HEIGHT="21" WC="0.81" CONTENT="tillhandahäl-"/>
						</TextLine>
					</TextBlock>
				</ComposedBlock>
			</PrintSpace>
		</Page>
	</Layout>
</alto>
