1023 2339
240 491 28 20 18
434 492 27 21 U.
477 492 28 22 B.
523 504 22 2 —
563 492 71 27 Prop.
650 492 40 22 N:o
706 491 21 21 9.

207 553 42 21 ken
265 560 45 15 som
324 554 55 21 helst
395 554 74 22 kunna
483 555 49 21 frän
546 562 28 14 en
590 554 167 28 sjelfbestäende
772 554 101 28 lägenhet
888 555 69 21 afsön-

207 588 57 25 dras,
279 589 24 20 sä
316 588 46 22 inse
377 589 20 22 vi
412 589 47 21 icke
474 589 100 22 hvarföre
590 596 63 21 egare
668 589 24 22 af
700 589 81 27 parcell
791 589 69 22 skulle
870 589 88 22 hindras

206 623 33 20 att
255 622 94 22 derifrän
364 623 123 28 ytterligare
503 624 103 21 afsöndra
621 624 34 21 för
669 624 80 21 honom
764 623 99 28 gagnlöst
878 624 78 29 stycke.

206 656 38 21 Att
266 657 36 21 det
325 657 33 22 för
377 665 62 20 egare
460 658 25 22 af
497 659 81 28 parcell
594 661 55 19 samt
663 658 35 22 för
713 659 49 25 den,
777 658 87 22 hvilken
880 659 79 22 önskar

206 691 104 22 förskaffa
328 693 32 27 sig
378 699 26 15 en
419 694 68 21 sådan
501 701 51 15 vore
567 693 141 28 fördelaktigt
723 695 33 20 att
771 693 141 29 parcellering
927 694 31 22 äf-

206 733 41 14 ven
266 726 48 21 frän
330 727 115 22 afsöndrad
458 728 51 28 jord
523 728 57 28 finge
595 728 38 22 ske
648 729 62 21 torde
726 727 18 28 ej
762 727 68 22 heller
844 728 114 27 bestridas,

205 767 50 15 men
275 763 57 20 emot
352 762 71 22 denna
437 764 44 20 rätt
495 763 40 22 har
550 763 66 22 bland
632 765 67 20 annat
714 763 7 21 i
736 762 106 22 utskottet
857 763 101 22 framhäl-

205 795 37 21 lits
261 796 106 23 särskilda
381 797 145 28 olägenheter,
542 805 46 15 som
604 798 124 28 derigenom
743 797 72 22 kunde
830 798 128 28 tillskyndas

206 836 80 21 egaren
306 831 25 21 af
352 832 190 28 stomlägenheten.
572 833 69 21 Dessa
662 832 141 28 olägenheter
821 839 63 21 synas
902 833 56 21 dock

205 864 87 22 komma
314 868 32 19 att
365 866 124 29 öfvervägas
508 868 25 22 af
546 868 26 21 de
586 868 102 26 fördelar,
704 874 46 15 som
764 874 78 21 genom
857 874 27 15 en
900 867 58 29 dylik

205 900 104 27 utvidgad
332 902 256 28 parcelleringsrättighet
610 902 128 28 tillskyndas
759 902 63 22 äfven
842 909 78 21 egaren
936 902 24 22 af

206 936 112 20 stommen.
348 935 29 22 Så
399 938 14 19 t.
429 944 32 14 ex.
480 937 8 21 i
502 937 104 22 händelse
621 936 156 23 innehafvaren
792 937 24 21 af
828 944 27 14 en
871 937 86 27 sjelfbe-

205 969 90 22 stäende
318 970 101 28 lägenhet
441 972 97 22 önskade
556 972 96 22 derifrän
671 972 104 21 afsöndra
790 978 27 15 en
832 972 68 21 större
916 972 40 26 del,

204 1010 50 15 men
269 1003 35 23 för
318 1005 137 23 undvikande
470 1006 25 22 af
507 1006 107 22 särskilda
628 1006 162 23 transaktioner
800 1006 49 21 med
859 1005 51 22 flere
920 1006 36 21 kö-

205 1046 52 20 pare
277 1039 50 22 ville
342 1040 30 27 pä
385 1047 27 15 en
427 1042 57 27 gäng
499 1041 81 29 afyttra
594 1041 50 23 hela
658 1041 85 28 stycket
758 1042 23 20 ät
796 1048 27 14 en
838 1042 57 20 enda
909 1048 47 21 per-

205 1080 46 20 son,
275 1074 24 21 sä
321 1074 69 23 blefve
409 1076 36 21 det
465 1076 137 28 naturligtvis
616 1076 50 23 vida
680 1076 88 22 svärare
783 1075 33 22 för
831 1075 79 23 honom
925 1078 32 19 att

204 1108 35 22 för
253 1108 78 28 högsta
345 1109 88 29 möjliga
447 1111 45 27 pris
507 1111 90 29 försälja
612 1111 32 22 sin
659 1110 69 27 mark,
744 1118 36 14 om
794 1110 97 28 köparen
906 1118 50 15 vore

205 1143 25 22 af
246 1143 36 28 lag
300 1143 92 23 hindrad
410 1147 33 20 att
457 1147 122 21 sedermera
593 1146 49 22 frän
656 1145 112 29 parcellen
783 1145 103 23 afsöndra
900 1145 58 23 hvad

204 1178 44 21 han
270 1178 34 22 för
324 1178 38 22 sitt
381 1180 101 22 ändamål
496 1180 48 22 icke
558 1180 98 27 behöfde,
672 1187 50 15 men
737 1180 111 22 hvarifrån
862 1180 44 22 han
920 1187 36 21 ge-

205 1219 51 15 nom
276 1214 49 20 dess
340 1213 147 24 öfverlätande
501 1216 8 21 i
524 1222 74 15 annan
613 1223 61 15 mans
690 1222 40 21 ego
745 1215 73 21 kunde
834 1215 82 21 erhälla
930 1222 26 14 en

202 1246 157 28 jemförelsevis
374 1248 41 28 hög
431 1250 54 28 årlig
499 1250 80 28 afgäld.
609 1250 63 22 Emot
687 1250 163 28 invändningen
866 1252 33 19 att
908 1257 49 20 par-

205 1281 105 28 cellegare
324 1289 78 21 genom
416 1284 125 28 ytterligare
556 1285 143 27 parcellering
714 1284 74 22 kunde
797 1284 85 22 minska
892 1286 65 20 stom-

204 1323 91 20 egarens
311 1317 100 22 säkerhet
427 1318 32 22 för
474 1319 103 22 utfäende
592 1319 26 22 af
630 1321 41 20 den
682 1319 34 22 för
727 1319 50 22 hela
786 1319 109 28 parcellen
905 1319 52 21 fast-

204 1350 80 22 ställda
306 1351 101 28 afgälden
430 1353 22 22 få
469 1354 21 22 vi
507 1354 83 26 anföra,
609 1356 33 20 att
657 1355 73 21 denna
745 1353 44 22 risk
803 1353 34 22 för
851 1355 106 26 stomega-

204 1392 39 14 ren
261 1385 73 22 kunde
353 1387 107 28 aflägsnas
478 1395 78 21 genom
571 1389 117 28 uttrycklig
702 1388 112 22 föreskrift
830 1389 79 25 derom,
925 1390 33 20 att

204 1419 161 24 vederbörande
383 1422 117 27 Guvernör,
516 1423 67 22 innan
598 1425 90 20 ärendet
704 1423 26 22 af
742 1423 79 22 honom
836 1423 34 21 till
885 1423 73 27 slutlig

204 1454 102 28 pröfning
321 1457 113 26 upptages,
449 1457 8 21 i
472 1458 44 21 alla
530 1457 115 23 händelser
655 1458 39 22 bör
704 1457 98 22 inhemta
812 1459 146 25 stomegarens

202 1490 103 26 yttrande
320 1489 8 22 i
342 1491 79 27 ämnet,
437 1491 120 30 hvarjemte
572 1493 21 22 vi
604 1493 102 28 slutligen
716 1492 24 22 fä
749 1491 115 22 framhälla
873 1493 33 20 att
917 1492 41 21 den

204 1523 24 21 af
248 1523 107 23 utskottet
375 1525 7 21 i
397 1525 55 29 följd
471 1527 24 22 af
508 1534 27 15 en
551 1527 59 28 dylik
624 1527 127 28 ytterligare
765 1526 143 29 parcellering
922 1526 35 21 be-

206 1555 74 25 farade
296 1558 141 30 förvirringen
453 1562 7 20 i
473 1562 172 28 jordeböckerna
660 1565 54 19 utan
728 1562 74 22 vidare
812 1562 62 21 torde
884 1561 74 21 kunna

204 1592 117 23 betecknas
336 1594 71 22 säsom
422 1597 79 27 onödig
516 1596 88 24 fruktan
620 1597 40 23 och
675 1604 80 21 genom
765 1596 104 28 lämpliga
880 1596 78 22 anord-

203 1627 79 28 ningar
296 1628 112 23 undvikas.

270 1668 32 22 På
322 1670 71 26 grund
412 1670 25 22 af
449 1670 57 24 hvad
521 1672 21 22 vi
556 1679 30 15 nu
600 1671 48 23 haft
663 1673 54 21 äran
734 1671 76 22 anföra
824 1670 23 22 få
862 1670 21 22 vi
897 1670 61 22 vörd-

202 1704 57 20 samt
274 1702 90 24 föreslå:

479 1773 33 19 att
535 1770 33 22 uti
587 1771 16 27 $
622 1772 13 19 9
653 1771 31 27 af
695 1770 116 22 utskottets
827 1769 133 21 betänkande

405 1803 79 29 första
498 1806 113 27 meningen
626 1804 30 28 af
665 1805 67 22 2:dra
742 1811 62 15 mom.
817 1803 143 28 >Afsöndrad

409 1840 64 21 mark
493 1840 38 21 bör
550 1840 8 21 i
574 1842 30 19 ett
618 1840 66 27 skifte
699 1838 115 23 innehålla
830 1838 130 22 åtminstone
