1014 1620
405 109 35 22 N:o
456 109 20 22 3.
775 108 13 21 5

65 178 31 20 tid
119 177 23 21 af
164 183 37 16 sex
221 178 102 21 månader
338 178 52 21 eller
406 178 123 21 derutöfver
545 178 53 21 eller
613 178 39 21 ock
668 179 33 20 till
717 177 100 22 tukthus-

65 211 68 26 straff,
157 211 96 22 förfaller
275 213 109 26 påföljden
399 212 34 21 för
449 212 128 26 lösdrifveri,
594 219 47 14 men
657 213 7 20 i
680 218 69 16 annan
765 211 51 21 hän-

65 246 59 21 delse
140 246 55 21 skall
212 247 73 26 frågan
301 247 73 21 derom
390 247 104 27 fullföljas
506 247 66 22 sedan
583 247 126 22 brottmålet
719 247 97 26 afgjorts.

418 322 47 27 88

138 362 81 27 Utslag,
235 363 137 26 hvarigenom
389 363 128 22 lösdrifvare
532 363 72 22 blifvit
614 363 33 21 till
658 363 76 21 arbete
745 361 70 26 dömd,

65 397 54 21 skall
140 397 67 27 jemte
229 397 126 27 fullständig
377 398 113 26 anvisning
506 399 32 20 till
555 397 199 27 ändringssökande
770 396 45 20 deri

64 431 97 22 utfärdas
178 432 122 27 skriftligen
316 432 38 21 och
370 432 12 20 &
398 432 156 22 landskansliet
569 432 34 21 för
614 432 78 21 honom
702 431 113 21 afkunnas.

416 507 12 27 8
444 509 19 19 9.

135 543 98 31 Ändring
249 548 5 20 i
271 548 94 26 utslaget
380 548 34 20 får
430 548 64 21 sökas
510 548 92 21 medelst
617 547 147 27 underdäniga
780 546 36 22 be-

65 584 54 24 svär,
136 582 73 21 hvilka
221 582 66 27 jemte
303 582 95 26 utslaget
413 582 39 21 och
468 583 7 20 i
491 583 103 21 besvären
612 582 126 27 äberopade,
757 581 59 21 förut

63 617 47 21 icke
132 617 121 21 inlemnade
275 617 127 27 handlingar
425 617 54 21 böra
502 619 73 19 senast
594 617 12 21 &
628 617 41 21 den
684 616 132 28 tjuguförsta

65 652 68 26 dagen
157 651 55 21 efter
235 651 152 26 afkunnandet,
404 652 40 20 den
461 652 42 26 dag
518 652 77 21 sådant
611 652 57 20 skett
684 651 54 21 dock
754 650 62 22 oräk-

66 686 47 26 nad,
130 686 7 20 i
152 686 50 26 laga
218 686 90 26 ordning
324 686 92 26 ingifvas
432 687 100 26 antingen
549 686 33 21 till
599 686 216 26 registratorskonto-

65 722 32 20 ret
113 720 6 21 i
135 720 105 22 Senatens
256 721 32 21 för
305 721 89 21 Finland
409 721 239 27 Justitiedepartement
664 721 52 21 eller
732 720 39 21 ock
781 720 33 20 till

65 754 145 27 Guvernören,
226 755 6 21 i
249 755 85 21 hvilken
351 756 134 20 sistnämnda
501 756 101 20 händelse
616 755 139 21 Guvernören
765 756 51 25 äger

65 790 58 20 öfver
139 790 104 21 besvären
259 789 96 22 infordra
374 790 173 21 vederbörandes
563 790 119 26 förklaring
698 791 55 19 samt
768 789 48 21 der-

65 824 54 21 efter
131 824 68 26 jemte
215 826 48 25 eget
278 824 110 21 utlätande
409 824 102 21 befordra
526 825 104 20 besvären
646 824 39 21 och
700 824 32 21 till
750 823 65 22 saken

64 859 94 21 hörande
174 859 128 26 handlingar
317 859 32 21 till
366 859 92 21 nämnde
474 859 160 27 Departement.

409 929 11 26 8
438 930 33 19 10.

134 969 10 20 I
168 969 100 21 afseende
291 969 12 21 &
326 969 135 21 ersättandet
481 969 23 21 af
520 969 92 22 kostnad
628 969 33 21 för
676 963 139 27 lösdrifvares

64 1003 143 22 kefordrande
230 1004 33 21 till
287 1003 150 22 Guvernörens
462 1004 129 27 behandling
612 1004 51 21 eller
678 1004 64 21 deras
757 1003 58 20 hem-

65 1038 108 21 sändande
196 1038 107 27 iakttages
328 1039 54 20 hvad
405 1039 6 20 i
428 1039 71 21 denna
514 1039 34 20 del
564 1039 31 20 uti
611 1038 152 27 förordningen
779 1044 36 14 an-

64 1073 81 26 gäende
156 1073 107 21 allmänna
274 1073 143 26 fattigvärden
428 1073 7 21 i
447 1073 75 22 landet
532 1075 24 19 är
566 1079 34 15 om
612 1073 82 26 tiggare
705 1072 109 27 stadgadt.

408 1142 12 27 8
438 1143 33 20 11.

135 1182 75 21 Skulle
226 1183 67 21 under
309 1183 132 21 arbetstiden
459 1183 68 21 sådan
543 1183 125 26 förändring
682 1181 88 23 inträffa
785 1182 31 21 uti

63 1224 25 14 en
104 1216 33 21 till
153 1216 90 22 allmänt
258 1217 74 21 arbete
348 1216 66 27 enligt
430 1217 72 21 denna
516 1216 125 27 förordning
652 1217 62 21 dömd
726 1222 90 22 persons

64 1251 75 26 vilkor,
155 1252 33 20 att
203 1251 42 21 han
256 1251 122 27 antagligen
389 1251 47 21 icke
447 1251 75 21 vidare
533 1252 55 20 låter
599 1251 120 21 lösdrifveri
730 1251 86 21 komma

63 1286 32 26 sig
119 1286 33 21 till
176 1286 49 26 last,
245 1286 38 20 bör
300 1286 41 20 han
356 1287 76 25 genast
448 1285 50 21 från
513 1286 219 26 arbetsinrättningen
747 1284 69 27 frigif-

64 1326 47 20 vas;
129 1326 48 15 men
193 1320 20 27 ej
230 1320 34 21 må
280 1320 78 21 sådant
372 1320 131 26 frigifvande
514 1322 40 24 äga
564 1326 47 15 rum
622 1320 76 22 endast
708 1320 28 27 på
747 1318 70 28 grund

65 1355 22 21 af
100 1354 78 22 honom
195 1355 73 27 gjordt
283 1354 72 22 anbud
371 1361 33 14 om
420 1355 75 26 tjenst,
512 1355 38 21 der
564 1355 19 27 ej
600 1354 144 25 Guvernören,
762 1353 55 21 efter

65 1389 162 21 vederbörande
241 1389 66 27 polis-
324 1388 52 22 eller
396 1389 260 27 kommunalmyndighets
667 1388 101 27 hörande,
780 1387 38 22 fin-

63 1429 39 15 ner
117 1424 81 27 skäligt
213 1424 115 27 godkänna
342 1424 101 21 anbudet.
