1023 2339
227 499 29 21 12

428 500 27 22 U.
471 501 28 21 B.
517 514 25 2 —
558 501 70 27 Prop.
645 502 39 22 N:o
699 501 21 21 9.

649 565 15 27 $
679 566 33 20 10.

474 597 130 28 Jordegare,
616 605 44 14 som
671 599 40 20 vill
724 597 105 28 afsöndra
840 596 50 29 jord
901 597 54 20 emot

407 631 59 28 årlig
487 631 82 29 afgäld
583 633 36 20 till
634 635 110 23 stommen,
761 632 43 21 låte
819 632 35 21 det
869 631 35 21 till
920 630 35 28 af-

406 665 107 28 söndring
535 666 109 22 bestämda
666 665 122 29 egostycket
808 665 48 22 med
872 665 84 29 tydliga

407 700 103 21 råstenar
520 700 112 21 utmärkas
643 700 30 28 af
678 701 155 25 landtmätare,
842 700 114 27 läneagro-

407 740 56 19 nom,
478 736 152 26 statsgronom,
642 735 164 27 forstmästare,
818 734 100 28 ingeniör
928 733 27 22 el-

409 767 32 21 ler
455 775 76 15 annan
546 769 124 28 sakkunnig
682 775 89 21 person,
788 768 37 22 och
842 770 48 26 tage
906 767 50 22 här-

408 801 61 28 öfver
483 802 30 28 af
523 802 245 29 förrättningsmannen
784 803 62 25 bevis,
857 802 100 22 innehål-

409 837 66 21 lande
492 838 84 26 jemväl
596 837 138 29 beskrifning
750 838 62 27 öfver
826 837 130 29 egostyckets

409 871 54 27 läge,
489 871 151 26 omkretsräer,
667 872 52 21 vidd
745 871 39 22 och
806 872 151 27 beskaffenhet,

405 905 67 27 jemte
495 912 25 14 en
542 906 62 20 enkel
620 906 158 28 planteckning
797 906 110 28 uppgjord
922 913 34 14 en-

410 939 40 27 ligt
465 939 63 22 skala
545 940 8 20 i
568 940 100 26 alnmått,
684 942 57 19 samt
752 940 82 28 ingifve
844 940 67 22 sedan
922 940 36 21 till

410 974 141 21 Guvernören
571 976 8 20 i
594 975 59 21 länet
668 975 124 28 ansökning
807 981 33 15 om
856 974 102 22 tillåtelse

410 1008 36 21 till
465 1008 165 28 afsöndringen,
649 1008 85 28 åtföljd
749 1009 30 27 af
790 1009 95 21 nämnda
901 1009 57 21 bevis

410 1042 39 21 och
468 1043 100 28 teckning
585 1046 56 19 samt
656 1044 9 21 i
680 1043 93 28 enlighet
788 1043 47 21 med
850 1044 109 20 desamma

410 1078 122 26 upprättad
546 1078 101 28 skriftlig
663 1078 138 27 öfverlåtelse
816 1077 142 29 afhandling,

410 1111 85 21 hvilken
512 1112 38 21 bör
565 1114 97 26 upptaga
679 1112 41 21 den
735 1112 178 27 öfverenskomna
924 1112 34 28 af-

410 1147 91 28 gäldens
520 1147 88 27 belopp;
626 1146 74 28 styrke
716 1146 37 21 ock
767 1146 35 21 sin
817 1148 46 19 rätt
878 1148 32 19 att
926 1146 31 26 öf-

410 1190 37 14 ver
461 1182 89 22 marken
560 1181 102 29 förfoga.

480 1216 64 22 Mom.
559 1218 15 20 2
589 1215 149 27 oförändradt
753 1215 48 21 med
817 1215 92 28 tillägg:
922 1214 38 22 och

411 1252 59 20 skall
487 1252 8 20 i
510 1251 94 27 utslaget
618 1250 103 28 derjemte
736 1251 102 23 utsättas,
853 1248 57 22 huru
926 1248 35 22 det

412 1285 136 27 afsöndrade
570 1284 122 28 egostycket
714 1283 39 21 bör
775 1284 8 20 i
798 1283 108 28 jordebok
922 1282 39 21 och

412 1320 73 21 andra
516 1319 135 27 handlingar
676 1317 70 21 under
767 1316 194 29 stomlägenhetens

413 1360 96 15 nummer
526 1353 116 21 betecknas.

481 1387 63 21 Mom.
561 1388 13 19 3
590 1385 154 27 oförändradt.

483 1422 71 21 Sedan
570 1421 161 27 afsöndringen
742 1419 80 28 blifvid
832 1419 130 28 stadfästad

413 1456 37 21 och
469 1455 106 28 afgälden
590 1455 106 27 slutligen
712 1453 102 26 bestämd,
829 1453 72 28 styrke
916 1452 46 22 sak-

413 1497 64 21 egare
498 1490 81 21 sådant
594 1489 107 27 antingen
716 1487 130 21 omedelbart
862 1487 52 21 eller
928 1493 34 22 ge-

413 1531 49 14 nom
482 1527 72 18 ortens
569 1522 177 27 kronobetjening
762 1521 38 22 hos
816 1521 146 25 Guvernören,

413 1566 44 14 som
477 1558 153 28 föranstaltar
652 1557 133 27 annotering
809 1556 9 20 i
840 1555 68 22 länets
925 1555 37 21 och

413 1593 105 21 häradets
534 1592 108 28 jordebok
664 1594 58 19 samt
744 1590 144 22 underrättar
905 1590 58 20 läne-

413 1628 171 24 landtmätaren,
601 1627 7 20 i
618 1626 103 28 afseende
732 1626 13 20 å
756 1624 66 28 nödig
832 1624 132 27 anteckning

413 1662 8 20 i
437 1662 26 20 de
479 1662 13 20 &
507 1660 243 22 landtmäterikontoret
759 1658 123 28 förvarade
893 1657 71 22 hand-

414 1696 88 27 lingar;
516 1695 111 27 hvarefter
642 1694 218 22 länelandtmätaren
874 1698 48 21 eger
932 1694 33 18 att

413 1730 75 20 derom
507 1730 36 20 till
560 1724 173 33 Öfverstyrelsen
743 1727 42 28 för
800 1726 165 22 landtmäteriet

413 1763 119 21 inberätta.
