1003 1620
213 109 26 20 16
436 109 19 20 U.
471 109 18 20 B.
507 120 25 3 —
549 109 54 25 Prop.
618 109 31 20 N:o
664 109 19 20 5.

183 173 44 27 mig
249 178 70 22 synes,
342 173 79 27 vigtiga
434 174 119 27 principen,
569 176 33 19 att
617 174 90 21 arvodet
721 172 34 23 för
769 172 170 29 boupptecknin-

184 214 39 20 gar
237 208 19 26 ej
273 207 40 21 bör
327 209 77 25 utgöra
419 214 26 16 en
461 208 131 22 sterbhusen
600 208 125 22 drabbande
732 208 146 27 beskattning,
887 209 53 20 utan

185 248 25 16 en
226 241 33 22 för
274 242 103 27 nedlagdt
393 242 72 22 arbete
481 242 110 27 utgående
606 242 127 28 ersättning.
764 242 50 22 Men
830 242 36 22 det
877 242 62 22 torde

184 276 50 22 med
256 276 48 22 skäl
327 276 71 22 kunna
417 276 147 28 ifrägasättas,
589 276 55 22 huru
666 276 50 22 vida
739 276 61 22 detta
816 276 75 22 arbete
908 276 32 22 öf-

184 306 180 32 verhufvudtaget
385 310 84 24 kräfver
485 318 26 15 en
527 312 127 26 ersättning,
670 317 46 15 som
732 313 121 20 motsvarar
868 311 26 21 de
910 317 30 15 nu

183 345 123 27 föreslagna
327 348 148 25 procenterna.
505 345 157 23 Erfarenheten
685 345 62 23 torde
769 346 77 26 utvisa,
862 348 34 19 att
911 346 28 21 de

184 380 101 22 sterbhus
308 380 7 22 i
337 381 55 25 stad,
415 381 72 21 hvilka
509 382 39 20 äro
566 380 96 22 befriade
677 380 48 22 frän
739 380 151 27 skyldigheten
907 382 33 20 att

184 413 46 23 låta
252 414 118 22 verkställa
392 415 136 22 oftaberörda
543 415 154 26 förrättningar
711 420 77 21 genom
803 415 137 26 magistrats-

184 455 110 21 personer,
318 449 74 22 städse
414 449 118 28 föredragit
555 451 33 20 att
609 449 34 22 för
662 449 182 27 förrättningarna
859 449 7 22 i
880 449 60 28 fräga

184 484 67 22 anlita
266 484 68 22 andra
348 491 103 21 personer
465 487 27 20 än
509 485 26 22 de
551 484 97 27 officiela,
665 484 40 22 och
721 484 38 22 det
774 484 61 22 äfven
844 490 34 16 om
889 485 52 21 boet

184 519 19 27 ej
226 519 57 21 varit
305 519 108 22 belastadt
427 519 50 22 med
499 519 72 28 någon
587 519 56 27 gäld,
660 519 35 21 vid
710 518 82 23 hvilket
807 519 133 22 förhållande

184 555 118 26 procenten
317 554 72 22 skolat
403 555 54 26 utgå
471 555 76 21 endast
564 554 47 21 från
626 554 63 22 boets
705 553 99 22 behällna
819 553 121 28 tillgångar,

185 588 89 22 alldeles
297 588 72 23 såsom
391 589 6 22 i
419 596 29 15 nu
463 589 141 22 förevarande
626 587 220 29 författningsförslag
870 587 70 22 blifvit

184 622 125 28 föreslaget.
340 623 97 23 Orsaken
460 624 32 21 till
515 631 29 14 nu
559 623 95 28 antydda
669 623 134 22 förhållande
819 625 24 19 är
858 629 82 21 uppen-

184 657 97 28 barligen
305 658 47 27 den,
375 660 33 20 att
423 659 38 21 det
475 659 75 22 arbete
564 657 157 28 förrättningen
737 657 85 22 kräfver
836 657 19 28 ej
872 657 46 22 står
933 658 8 21 i

184 692 67 27 något
266 693 87 22 rättvist
368 692 134 23 förhållande
517 693 32 22 till
566 693 41 22 den
622 692 117 22 faststälda
758 692 182 28 arvodesprocen-

185 729 37 20 ten
242 727 41 22 och
299 729 32 20 att
345 727 34 22 för
393 730 22 25 ty
429 727 158 28 förrättningen
602 727 83 22 kunnat
701 727 50 22 vida
765 727 98 27 billigare
877 727 63 22 verk-

186 761 75 22 ställas
285 761 23 22 af
327 763 67 21 andra
419 763 32 21 till
473 763 124 27 sysslandet
618 761 105 28 skickliga
745 767 104 22 personer
864 764 27 19 än
914 762 26 22 de

186 795 96 23 officiela.

253 831 40 21 Ett
308 831 143 23 fasthållande
467 831 22 23 af
503 831 153 23 ofvananförda
670 831 7 21 i
693 830 41 23 den
749 830 80 28 nådiga
843 830 99 28 proposi-

185 866 74 21 tionen
281 866 99 22 uttalade
399 866 119 31 grundsats
531 872 63 22 synes
611 865 84 23 derföre
710 864 75 23 kräfva
799 866 33 20 att
847 871 29 15 nu
890 864 51 22 ifrå-

185 900 106 28 gakomne
314 900 205 28 arvodesprocenter
542 900 105 28 betydligt
673 900 119 22 nedsättes.
830 900 44 22 Det
898 900 42 21 kan

185 935 84 27 knappt
276 935 143 27 ifrägasättas,
429 938 33 20 att
477 942 34 15 om
527 936 64 21 dessa
605 936 116 26 procenter
728 934 110 22 nedsattes
848 934 31 21 till
887 933 54 23 hälf-

185 972 38 19 ten
245 970 23 22 af
287 970 27 22 de
336 976 29 15 nu
387 970 120 28 föreslagna
525 972 198 25 procentsatserna,
739 969 38 21 det
791 969 28 27 pä
834 968 107 28 ifrägava-

184 1004 67 22 rande
275 1004 154 28 förrättningar
450 1005 107 27 nedlagda
573 1005 85 21 arbetet
674 1003 202 27 öfverhufvudtaget
890 1009 52 15 vore

184 1039 114 27 rundligen
322 1041 75 20 ersatt.
427 1040 34 21 Då
481 1040 7 20 i
511 1039 42 22 alla
575 1038 116 22 händelser
706 1038 90 22 arvodet
810 1038 84 21 komme
910 1038 32 20 att

183 1073 76 28 inflyta
280 1074 7 21 i
310 1074 148 27 stadskassan,
481 1080 52 16 vore
554 1074 37 21 det
605 1073 102 27 likgiltigt
723 1078 34 16 om
773 1072 147 27 ersättningen
935 1072 7 20 i

183 1107 75 28 hvarje
273 1108 105 22 särskildt
392 1108 37 22 fall
444 1115 51 15 vore
510 1108 49 22 fullt
574 1107 206 23 tillfredsställande.

253 1142 40 21 Att
315 1142 48 22 åter
385 1149 77 20 genom
484 1142 151 23 bibehållande
658 1141 23 22 af
699 1142 26 21 de
740 1140 130 28 nugällande
885 1141 58 26 höga

184 1177 236 27 arvodesprocenterna
434 1177 133 22 underkasta
583 1177 130 22 sterbhusen
728 1176 6 21 i
750 1176 50 21 stad
810 1181 27 16 en
843 1175 98 22 beskatt-

183 1211 57 26 ning,
249 1211 47 21 från
305 1211 86 22 hvilken
400 1212 27 21 de
442 1212 29 27 på
484 1212 74 21 landet
573 1211 40 22 och
628 1210 63 22 äfven
707 1216 26 16 en
749 1210 35 21 del
800 1209 22 22 af
836 1209 26 21 de
877 1209 65 21 istad

184 1246 94 21 varande
301 1248 37 19 äro
353 1246 102 27 befriade,
473 1252 62 22 synes
551 1246 50 27 föga
616 1246 192 22 öfverensstämma
824 1244 48 21 med
887 1245 55 20 rätt-

183 1280 48 21 visa
245 1280 42 22 och
302 1280 105 27 billighet.
437 1281 44 21 Det
495 1280 56 22 skall
565 1280 35 22 väl
615 1280 70 22 under
700 1279 41 22 alla
757 1278 187 26 omständigheter

182 1314 83 22 kännas
281 1314 138 28 betungande
433 1314 34 23 för
482 1317 32 20 ett
529 1314 101 23 sterbhus
646 1314 49 22 med
710 1313 86 27 måttlig
810 1312 131 26 behållning,

182 1348 65 22 hvars
270 1349 141 21 medlemmar
433 1350 100 27 möjligen
555 1355 76 21 genom
655 1348 118 22 dödsfallet
794 1347 90 22 förlorat
904 1346 39 22 sitt

183 1382 56 22 enda
254 1384 57 26 stöd,
327 1383 41 22 och
383 1390 47 16 som
446 1384 103 28 derjemte
564 1384 33 22 för
612 1383 126 28 begrafning
753 1389 27 15 m.
797 1388 27 16 m.
840 1381 42 22 fått
896 1382 46 21 vid-

182 1416 83 22 kännas
282 1417 67 28 dryga
364 1418 159 27 omkostnader,
543 1420 32 20 att
590 1418 125 28 ytterligare
730 1417 7 21 i
752 1416 54 23 form
822 1416 22 22 af
858 1416 84 28 boupp-

251 1456 142 24 Lagutskottets
406 1458 116 18 betänkande
531 1458 36 18 N:o
579 1458 16 17 5.
