1003 1623
219 116 14 22 4
431 116 23 24 U.
471 116 22 24 B.
510 128 29 6 —
555 116 63 30 Prop.
634 116 38 23 N:o
687 116 22 24 7.

192 173 69 22 räcka.
279 186 25 2 —
321 173 69 23 Hafva
409 174 51 22 flere
483 174 70 22 tillika
574 174 60 28 gifvit
648 174 80 22 honom
744 174 80 28 förlag;
848 176 38 26 äge
901 173 50 22 then

191 207 89 28 förmon,
296 214 46 15 som
357 208 28 22 sit
399 208 67 28 förlag
481 208 54 22 först
549 209 99 22 inteckna
657 208 69 22 lätit.*
747 209 79 22 Genom
837 210 25 21 K.
874 209 25 21 K.
912 208 40 22 den

193 243 25 21 12
234 242 119 22 December
368 244 54 21 1859
437 244 122 26 stadgades,
571 245 32 20 att
618 244 141 22 hallrätterne
774 243 7 21 i
796 244 73 21 landet
884 243 68 22 skulle

191 277 48 21 med
254 277 108 27 utgången
377 277 23 22 af
411 278 25 21 är
453 278 55 22 1860
523 278 99 27 indragas
638 280 57 20 samt
707 278 25 22 de
742 278 102 27 göromål,
855 284 45 16 som
911 278 41 21 till-

190 311 50 21 hört
254 311 92 22 nämnde
361 313 72 24 rätter,
443 312 92 22 derefter
545 312 132 22 handhafvas
689 312 22 22 af
719 312 158 22 vederbörande
887 312 65 28 magi-

190 347 79 21 strater
290 346 8 21 i
317 346 104 28 städerne,
437 346 40 22 och
491 347 8 21 i
513 347 26 21 K.
557 348 22 20 F.
597 354 34 15 om
646 347 128 27 indragning
789 347 22 21 af
824 347 128 27 bergstings-

190 382 95 20 rätterne
300 380 7 22 i
322 380 90 22 Finland
426 388 27 15 m.
470 388 35 20 m.,
515 381 69 28 gifven
600 382 41 22 den
657 382 28 21 22
701 382 58 21 Mars
776 382 61 26 1854,
848 381 103 22 förklaras

191 416 38 24 att,
245 415 90 21 emedan
355 415 107 22 bestämdt
477 416 117 27 stadgande
609 416 106 21 saknades
731 415 85 23 hvarest
830 415 71 28 frägor
916 422 35 15 an-

190 449 82 27 gäende
286 449 122 28 inteckning
419 450 32 21 för
465 450 116 27 förlagslän
591 450 42 26 (till
643 450 106 27 bergverk
761 450 39 22 och
810 450 64 28 bruk)
885 450 66 22 borde

190 483 137 28 handläggas,
344 484 62 21 dessa
420 485 93 21 ärenden
529 485 85 21 komme
630 486 32 21 att
677 485 36 21 vid
731 485 172 22 häradsrätterne
918 485 32 21 till

190 517 129 29 behandling
335 519 40 21 och
389 519 114 27 afgörande
519 521 109 26 upptagas.

259 553 38 21 Uti
319 553 61 22 dessa
401 553 139 28 stadganden,
556 554 72 21 hvilka
646 553 132 22 fortfarande
793 553 55 28 gälla
864 553 39 22 och
918 553 32 22 till

190 586 71 23 hvilka
283 593 27 16 en
329 587 124 28 hänvisning
475 588 61 27 ingår
550 588 7 21 i
573 589 12 21 3
600 589 12 27 &
628 588 22 22 af
663 588 26 21 K.
707 588 158 27 Förordningen
882 587 39 22 den
938 589 12 20 9

190 621 121 22 November
328 623 55 21 1868
399 628 33 15 om
447 622 141 27 borgenärers
603 624 44 20 rätt
667 622 40 22 och
722 622 106 22 företräde
842 621 34 22 för
890 622 60 22 hvar-

190 655 67 22 andra
279 655 33 22 till
327 655 108 28 betalning
454 663 26 15 ur
495 657 109 27 egendom,
620 663 46 16 som
682 656 69 22 blifvit
766 656 32 22 till
812 657 94 21 konkurs
922 656 29 22 af-

190 690 69 27 trädd,
274 690 114 23 förefinnes
403 691 118 28 egentligen
536 691 47 22 icke
593 692 70 26 nägon
674 693 70 20 större
755 690 121 28 otydlighet.
900 691 50 21 Men

189 724 128 22 förändrade
333 725 146 22 förhällanden
494 725 63 22 hafva
572 726 56 27 gjort
643 725 162 28 tillämpningen
820 725 76 22 osäker
910 725 40 22 och

190 758 89 23 förenad
302 759 49 22 med
373 759 138 32 svärigheter,
533 767 46 15 som
601 760 108 22 mähända
729 760 159 27 ursprungligen
903 759 47 22 icke

190 793 124 23 framstälde
337 793 38 28 sig.
406 794 202 28 Förlagsinstitutet,
624 795 78 21 sädant
725 795 116 21 detsamma
863 794 7 22 i
888 795 62 27 lagen

190 829 104 26 avarstär,
316 828 125 23 förutsätter
463 836 26 15 en
512 829 144 27 organisation
676 828 23 22 af
720 829 125 27 näringarne
860 829 40 21 och
914 829 36 21 det

190 862 139 22 ekonomiska
350 863 59 22 lifvet
428 863 143 28 öfverhufvud,
587 870 46 16 som
648 864 8 20 i
671 864 39 21 vär
724 863 32 22 tid
770 863 46 22 icke
830 863 118 22 förefinnes.

189 897 112 28 Knappast
316 897 103 28 nägonsin
434 898 62 21 torde
511 897 132 28 förlagsaftal
662 897 3 22 i
681 897 42 22 den
737 897 40 22 här
791 897 85 22 afsedda
891 897 59 26 bety-

190 931 72 22 delsen
278 931 22 22 af
313 932 62 22 ordet
388 939 87 16 numera
490 932 7 22 i
512 933 73 21 landet
599 933 67 27 ingäs,
682 932 41 22 och
738 932 28 22 all
781 932 133 27 tillämpning
929 932 23 22 af

189 966 158 27 lagstiftningen
373 967 72 22 derom
469 967 69 22 skulle
560 967 7 21 i
591 967 51 28 följd
666 966 65 23 häraf
753 966 111 28 rätteligen
888 967 62 22 äfven

189 1000 63 22 hafva
277 1001 49 22 bort
348 1001 23 22 af
391 1001 32 27 sig
437 1001 49 28 sjelf
498 1001 103 28 upphöra.
632 1002 50 21 Men
702 1001 7 21 i
729 1001 72 22 stället
815 1001 39 21 har
868 1001 27 27 på
918 1007 32 16 se-

189 1041 52 16 nare
263 1035 31 21 tid
316 1037 12 19 å
351 1041 26 16 en
397 1035 34 22 del
454 1038 57 19 orter
526 1036 7 21 i
547 1035 79 28 landet,
641 1035 147 28 förnämligast
802 1035 6 21 i
824 1035 48 22 dess
886 1035 64 22 södra

190 1069 40 27 del,
254 1069 97 28 uppstått
371 1070 65 21 seden
459 1072 32 20 att
505 1071 70 21 såsom
590 1070 101 21 säkerhet
705 1069 34 22 för
753 1069 69 27 vanlig
836 1069 113 22 försträck-

189 1103 50 28 ning
263 1103 165 28 pantförskrifva
452 1104 94 22 fabriker
571 1104 39 21 och
635 1104 68 22 andra
727 1103 125 22 industriela
874 1103 75 22 inrätt-

189 1137 82 28 ningar,
296 1140 55 19 samt
376 1140 32 20 att
428 1139 49 21 med
500 1139 135 27 åberopande
658 1138 23 22 af
698 1138 146 27 stadgandena
859 1144 33 15 om
908 1137 41 23 för-

189 1172 81 27 lagslån
285 1172 53 21 söka
352 1172 122 28 inteckning
489 1173 23 22 af
524 1173 189 27 förskrifningarna
728 1173 39 21 hos
782 1173 109 21 städernas
905 1179 44 15 ma-

189 1207 105 27 gistrater.
325 1207 11 21 I
351 1207 55 22 hvad
421 1208 50 21 mån
486 1208 39 21 och
540 1207 55 22 huru
609 1207 89 22 allmänt
718 1207 71 28 dylika
802 1207 146 26 inteckningar

190 1241 22 22 af
232 1241 163 27 magistraterne
409 1241 104 28 beviljats,
529 1244 24 19 är
567 1242 106 21 utskottet
687 1241 48 22 icke
751 1243 97 20 närmare
863 1241 84 22 bekant.

189 1275 61 22 Dock
274 1275 40 22 har
337 1275 58 22 inom
420 1277 105 21 utskottet
545 1276 101 27 upplysts,
667 1277 33 20 att
725 1275 147 28 inteckningar
895 1275 7 22 i
917 1275 31 21 in-

190 1309 88 23 dustriel
288 1310 123 27 inrättning,
422 1311 125 21 meddelade
557 1311 23 21 af
588 1311 117 26 magistrat,
717 1313 37 19 äro
765 1310 6 21 i
782 1316 63 16 norra
856 1309 60 22 delen
927 1310 22 21 af

189 1344 72 23 landet
271 1346 76 21 nästan
359 1345 84 22 okända
453 1347 56 20 samt
519 1347 32 20 att
561 1345 98 27 anspråk,
670 1351 47 16 som
727 1345 102 27 grundats
840 1345 27 27 på
878 1344 70 28 dylika

189 1379 153 27 inteckningar,
365 1379 129 22 åtminstone
509 1379 24 22 af
546 1386 25 15 en
587 1379 34 22 del
637 1379 118 22 domstolar
769 1379 135 27 underkänts,
921 1379 27 21 då

190 1414 41 21 den
252 1413 127 22 intecknade
400 1413 123 28 fordringen
538 1414 46 22 icke
599 1414 65 22 visats
679 1420 52 15 vara
747 1420 25 15 en
787 1412 159 28 förlagfordran.

258 1453 139 24 Lagutskottets
410 1454 117 17 betänkande
540 1454 37 18 N:o
589 1454 17 18 2.
