1028 1620
377 115 81 22 Ständ.
473 114 38 23 Sv.
526 127 27 4 —
568 114 72 28 Prop.
655 113 41 23 N:o
710 113 36 22 10.

385 177 89 28 parker,
490 184 51 15 vare
555 177 87 28 skyldig
657 179 33 18 att
705 176 88 28 deltaga
803 177 10 20 i
822 177 114 21 allmänna

389 214 79 26 vägars
483 211 38 22 och
536 211 37 22 vid
588 211 47 22 dem
648 211 78 28 nödige
736 210 77 22 broars
824 210 112 29 byggande

390 246 37 21 och
443 246 124 21 underhåll.

458 280 183 21 Lotshemmanen
651 279 84 22 komma
743 279 67 21 likväl
817 279 42 21 allt
863 278 73 28 fram-

389 316 50 26 gent
454 317 33 18 att
503 314 119 21 bibehållas
637 314 37 21 vid
688 314 48 21 dem
741 315 66 26 förut
819 313 119 21 tillerkänd

391 347 100 28 befrielse
508 348 59 27 från
591 348 111 28 byggande
725 347 38 22 och
777 347 119 22 underhåll
911 346 31 28 af

391 382 107 28 landsväg
513 382 48 21 med
577 382 76 22 dertill
668 381 96 22 hörande
780 381 71 22 broar.

638 439 49 27 53

418 484 83 28 Hvarje
517 485 98 27 tingslag
625 484 58 22 skall
692 484 119 26 framdeles
821 485 79 27 utgöra
908 486 30 18 ett

386 518 41 28 för
442 519 34 27 sig
491 518 68 22 skildt
576 518 201 28 vägbyggnadslag,
789 518 79 21 hvilket
883 518 55 26 ålig-

390 559 45 21 ger,
451 555 32 19 att
498 555 55 25 ejter
569 553 25 21 de
608 553 104 27 grunder,
728 553 64 20 som
781 548 12 37 i
801 552 16 28 $
826 554 14 20 4
850 552 89 22 bestäm-

391 593 53 20 mas,
462 587 135 28 landsvägar
613 587 37 20 och
664 587 65 20 broar
746 587 58 21 inom
820 587 119 21 detsamma

392 621 71 28 bygga
483 621 37 21 och
538 621 144 26 underhålla;
702 621 128 28 tingslagets
845 621 94 21 kommu-

392 662 39 14 ner
453 655 53 21 dock
529 655 97 28 obetaget
648 657 39 23 att,
708 655 40 21 der
762 655 25 21 de
803 661 33 15 om
852 655 88 21 beslutet

392 696 58 19 enas,
473 689 242 28 vägbyggnadstungan
731 689 34 28 sig
783 689 91 21 emellan
889 689 51 27 för-

392 723 55 22 dela.
477 717 21 27 Å
511 726 64 22 orter,
587 723 39 21 der
636 723 213 28 vägbyggnadslaget
860 723 81 27 omfat-

393 759 36 19 tar
443 759 70 19 större
529 757 87 22 område
632 759 28 19 än
676 758 123 27 tingslaget,
815 757 35 20 må
864 757 77 21 dervid

388 791 118 27 förblifva,
522 792 25 20 så
564 791 63 27 länge
642 791 26 21 de
688 791 254 27 vägbyggnadsskyldige

392 824 77 22 härom
483 826 89 26 sämjas.
602 820 34 26 Är
652 825 97 27 tingslag
759 816 111 41 fördeladt
883 826 9 19 i
907 825 35 21 två

394 859 52 20 eller
454 859 57 25 flere
526 859 199 27 vägbyggnadslag,
738 859 35 20 må
783 858 97 28 ändring
892 858 51 21 häri

392 892 47 21 icke
453 893 43 26 ske,
511 893 48 21 med
581 894 85 20 mindre
688 893 129 27 tingslagets
838 893 104 27 samtliga

393 926 125 22 kommuner
539 928 76 20 dertill
638 927 81 27 bifalla
742 927 52 20 eller
808 926 134 28 vederbörlig

393 961 132 28 myndighet,
550 962 37 20 vid
611 960 151 29 skiljaktighet
786 960 156 22 kommunerna

394 996 99 25 emellan,
517 996 81 20 sådant
620 995 122 28 medgifvit.
774 994 47 22 Der
842 996 9 19 i
873 996 69 26 något

393 1028 194 29 vägbyggnadslag
597 1030 157 20 kostsammare
764 1028 37 21 bro
810 1028 132 28 förefinnes,

393 1062 38 22 och
453 1063 139 21 underhållet
614 1063 30 27 af
655 1064 125 20 densamma
796 1069 62 14 anses
874 1062 69 27 blifva

393 1096 80 28 alltför
489 1097 141 28 betungande,
642 1098 77 20 stånde
728 1096 215 28 vägbyggnadslaget

388 1130 64 28 fritt,
469 1134 32 18 att
515 1132 38 20 hos
568 1134 136 25 guvernören
718 1130 83 22 ansöka
811 1137 33 15 om
854 1130 26 21 de
890 1132 52 19 när-

392 1168 57 18 mast
473 1165 90 28 belägna
586 1165 236 29 vägbyggnadslagens,
838 1164 104 21 häradets

393 1199 53 20 eller
468 1199 48 21 hela
532 1200 71 20 länets
614 1199 163 28 förpligtande,
793 1200 33 19 att
840 1198 9 20 i
863 1198 81 21 under-

393 1232 68 21 hållet
476 1233 29 27 af
519 1233 71 21 sådan
612 1233 38 21 bro
673 1233 92 27 deltaga.
797 1231 93 28 Egande
904 1238 39 21 gu-

392 1269 113 25 vernören,
519 1268 69 20 sedan
603 1267 160 21 vederbörande
779 1265 72 29 blifvit
862 1266 8 21 i
880 1267 63 19 ären-

394 1301 35 21 det
445 1301 73 26 hörde,
534 1308 76 21 genom
632 1302 81 27 utslag,
737 1300 117 28 hvaröfver
868 1299 76 22 besvär

392 1336 10 20 i
415 1336 76 27 vanlig
507 1336 94 28 ordning
615 1336 32 27 få
664 1335 99 28 anföras,
779 1335 34 27 sig
828 1334 61 28 öfver
904 1340 38 15 an-

393 1369 121 29 sökningen
528 1372 61 26 yttra
605 1370 43 26 och,
666 1371 8 20 i
689 1369 102 22 händelse
806 1368 48 22 skäl
866 1368 36 21 till
912 1368 32 21 bi-

387 1404 50 26 fall
459 1404 7 20 å
481 1404 125 22 densamma
616 1404 155 28 förekommer,
785 1403 30 29 då
824 1402 76 22 tillika
910 1402 33 22 be-

392 1440 101 24 stämma,
508 1438 75 22 hvilka
603 1438 193 28 vägbyggnadslag
811 1436 37 22 och
862 1438 8 20 i
886 1436 58 22 hvad
