1025 1620
283 80 36 22 U.
336 80 36 23 B.
390 94 23 2 —
432 80 93 28 Prop.
541 80 54 23 N:o
613 80 40 22 14.
807 81 9 20 1

365 418 183 21 Sammansatta
573 418 59 28 Lag-
655 418 41 21 och
719 417 129 22 Ekonomi-

295 452 147 22 utskottets
464 453 157 21 betänkande
639 452 39 22 N:o
694 453 11 21 3
728 453 6 21 i
750 452 98 27 anledning

297 487 20 21 af
337 487 49 21 Hans
407 487 106 27 Kejserliga
527 487 97 27 Majestäts
640 487 66 27 nädiga
728 487 120 28 proposition,

295 520 129 22 innefattande
444 520 72 29 förslag
537 521 31 21 till
591 520 108 28 förordning
717 528 28 14 om
758 522 42 26 jagt
815 520 33 22 och

296 554 88 28 djurfång
399 556 6 20 i
421 555 85 21 Finland.

161 618 102 27 Samtliga
279 618 93 22 Stånden
387 618 64 22 hafva
467 618 137 22 öfverlemnat
620 618 69 22 denna
706 619 77 26 nådiga
802 624 48 21 pro-

91 652 92 28 position
199 652 32 22 till
250 652 154 22 förberedande
429 652 130 27 behandling
581 652 22 22 af
617 653 157 21 Sammansatta
796 652 54 27 Lag-

91 687 40 21 och
146 687 217 25 Ekonomiutskottet,
379 686 87 27 hvilket,
488 687 7 21 i
510 686 51 28 följd
577 687 22 21 af
613 687 70 21 derom
704 687 98 27 vidtagen
817 688 32 20 åt-

92 722 58 26 gärd,
168 721 83 21 erhållit
267 721 33 21 del
316 720 22 22 af
352 721 17 27 ej
386 721 83 21 mindre
484 728 26 14 en
526 721 47 21 utaf
581 721 138 22 Direktionen
729 722 33 20 för
772 721 78 21 Finska

91 755 174 27 Jagtföreningen
281 755 31 21 till
328 755 118 27 Kejserliga
462 756 92 21 Senaten
569 756 91 26 ingifven
674 756 68 26 skrift,
763 755 89 21 innefat-

91 790 71 25 tande,
177 790 65 26 jemte
257 789 99 22 anhållan
372 796 34 14 om
422 789 147 27 förändringar
585 790 39 21 och
639 790 73 27 tillägg
728 790 31 21 uti
769 796 29 14 nu
807 789 44 27 gäl-

91 823 63 22 lande
168 823 87 27 jagtlag,
271 823 127 22 motiveradt
414 823 78 27 förslag
508 823 6 22 i
530 824 75 21 sådant
621 823 58 28 syfte,
696 826 26 19 än
739 826 31 19 ett
784 823 7 21 i
802 823 49 26 Kej-

92 857 76 27 serliga
184 858 103 21 Senatens
302 857 107 22 allmänna
424 857 86 28 plenum
525 858 41 21 den
581 859 27 20 23
624 858 41 26 Maj
682 857 129 22 sistförlidna
826 858 25 20 år

92 891 58 22 fördt
165 892 107 27 protokoll
288 892 58 21 öfver
361 892 40 21 den
417 892 137 27 omröstning,
575 898 45 15 som
643 892 34 21 vid
698 892 99 21 ärendets
814 891 37 22 be-

92 926 88 27 redning
197 927 108 21 derstädes
321 929 35 24 egt
371 933 57 19 rum;
448 926 146 21 hvarförutom
610 926 106 21 utskottet
721 926 78 27 jemvä!
810 925 41 22 till-

91 960 161 21 handakommit
267 962 31 19 ett
313 960 135 22 betänkande
464 960 85 27 afgifvet
565 960 22 21 af
599 960 94 21 komitén
711 960 33 22 för
766 960 85 21 utarbe-

91 994 65 21 tande
171 994 22 22 af
206 994 78 27 förslag
299 994 32 22 till
347 994 125 27 skadedjurs
488 994 114 22 utrotande
617 994 7 21 i
639 995 26 21 de
684 995 110 27 sydvestra
816 994 36 21 de-

91 1028 59 22 larne
166 1028 21 22 af
200 1028 78 22 landet.

156 1132 41 20 Vid
212 1132 128 27 granskning
362 1132 22 21 af
406 1132 40 21 den
469 1132 78 27 nådiga
569 1132 165 27 propositionen,
758 1132 39 21 har
819 1132 33 20 ut-

89 1165 82 22 skottet
186 1165 70 22 funnit
265 1166 127 27 densamma,
411 1167 28 26 på
454 1166 22 22 få
491 1166 108 27 undantag
615 1168 45 22 när,
675 1172 51 15 vara
741 1166 89 22 affattad
845 1165 8 21 i

91 1199 150 28 hufvudsaklig
257 1200 219 21 öfverensstämmelse
492 1200 49 21 med
557 1200 25 21 de
597 1200 143 27 grundsatser,
764 1206 46 15 som
826 1200 27 26 på

90 1233 61 22 detta
167 1233 229 28 lagstiftningsområde
419 1234 57 27 gjort
499 1234 31 27 sig
552 1234 98 27 gällande
671 1234 39 21 hos
733 1233 120 22 Ständerna

90 1267 36 22 vid
143 1269 54 20 1867
213 1269 34 20 års
269 1269 113 26 Landtdag
405 1268 39 21 och
468 1268 73 21 hvilka
563 1267 69 22 funnit
655 1268 37 21 sitt
714 1267 84 28 uttryck
820 1267 32 21 uti

89 1308 30 15 nu
134 1302 97 27 gällande
246 1302 122 27 förordning
384 1302 22 21 af
420 1303 42 21 den
488 1303 26 21 10
529 1302 104 21 Februari
650 1303 60 21 1868.
742 1303 32 20 De
797 1301 55 21 före-

89 1335 74 27 slagna
177 1336 101 27 tilläggen
295 1337 39 20 och
350 1336 142 27 ändringarne
508 1336 89 22 hänföra
613 1336 32 27 sig
660 1336 32 21 till
707 1335 146 27 stadgandena

89 1370 92 21 rörande
196 1370 134 26 indelningen
346 1370 7 21 i
368 1370 69 21 skilda
452 1370 123 27 kategorier
595 1369 22 23 af
632 1370 25 21 de
675 1370 7 21 i
704 1369 72 22 landet
798 1369 55 22 före-

88 1402 129 23 kommande
235 1404 57 21 vilda
308 1404 46 26 djur
371 1404 39 22 och
426 1404 117 27 fogelarter
558 1404 107 21 äfvensom
690 1404 33 21 till
743 1403 110 21 inskränk-

159 1445 138 15 Sammansatta
310 1444 51 22 Lag-
371 1444 31 17 och
416 1444 193 17 Ekonomiutskottets
623 1444 115 17 Vetänkande
751 1443 38 17 N:o
803 1443 17 17 3.
