1009 1614
398 106 34 22 N:o
448 107 21 21 4.
768 106 13 20 5

57 175 23 21 af
102 175 157 26 Arkeologiska
283 174 173 26 kommissionen,
482 181 52 19 som,
558 175 6 20 i
587 175 102 20 händelse
708 173 22 21 af
744 172 66 25 bifall,

58 211 98 19 närmare
171 209 130 21 bestämmer
317 209 55 21 huru
388 209 74 21 dervid
479 209 34 21 må
528 209 98 21 förfaras.

410 273 47 26 58

130 312 78 21 Finnes
224 312 35 20 vid
278 312 130 26 anläggning
424 312 22 20 af
460 314 47 24 väg,
518 312 110 26 jernbana,
640 312 61 20 kanal
715 312 51 20 eller
776 310 36 21 vid

59 348 65 19 annat
140 346 89 21 allmänt
248 346 158 26 arbetsföretag
422 346 70 26 nägon
509 346 129 26 märkligare
654 346 43 21 fast
712 345 99 21 fornlem-

59 380 50 27 ning
125 381 89 26 belägen
231 380 56 21 inom
304 382 78 24 vägens
399 380 51 21 eller
466 380 104 21 kanalens
587 380 93 26 omräde,
698 380 51 20 eller
760 384 52 15 vara

59 414 33 21 för
115 415 96 21 arbetets
235 414 114 22 utförande
372 414 114 26 hinderlig,
510 415 39 21 och
572 415 42 20 kan
631 414 180 25 fornlemningens

60 449 106 26 rubbning
182 449 47 21 icke
244 450 52 20 utan
313 450 45 19 stor
375 449 114 26 olägenhet
503 449 111 25 undvikas,
627 449 33 21 mä
672 448 65 21 sådan
748 447 64 21 rubb-

60 483 50 27 ning
134 483 44 26 ske,
200 483 54 21 dock
272 483 55 21 skall
344 483 149 21 dessförinnan
510 484 80 25 ritning
606 483 23 21 af
643 482 170 26 fornlemningen

58 517 66 27 jemte
146 517 135 26 beskrifning
299 517 32 21 till
348 517 158 27 Arkeologiska
522 518 166 21 kommissionen
704 516 108 25 insändas,

60 552 39 21 och
122 551 85 22 tillfälle
226 552 91 20 beredas
333 552 167 21 kommissionen
517 554 37 23 att,
572 559 33 14 om
622 552 24 20 så
661 557 63 15 anses
741 549 72 22 behöf-

60 586 46 25 ligt,
129 592 76 20 genom
229 586 71 20 dertill
318 585 116 21 förordnad
451 592 79 20 person
546 586 122 21 undersöka
684 586 129 23 densamma,

61 622 51 19 utan
129 622 32 19 att
177 620 65 21 likväl
258 620 85 21 arbetet
358 620 34 21 må
404 620 124 27 härigenom
540 621 128 26 obehörigen
680 619 133 27 uppehällas.

414 684 12 19 6
442 683 18 27 8.

133 723 59 21 Skall
210 723 64 21 skifte
290 723 22 21 af
324 723 49 26 jord
389 723 110 27 företagas
514 724 38 21 och
564 723 66 21 finnes
642 723 52 21 derå
704 723 43 20 fast
757 721 57 21 forn-

61 758 100 25 lemning,
178 758 70 26 åligge
264 757 209 21 skiftesförrättaren
490 760 32 18 att
538 764 106 21 uppmana
660 757 98 26 samtlige
771 755 44 21 del-

61 793 65 24 ägare
141 794 33 19 att
189 792 45 20 låta
249 791 41 21 den
306 791 67 26 mark,
389 791 173 28 fornlemningen
577 793 111 26 upptager,
706 791 72 20 såsom
790 796 25 14 en

63 825 146 27 skifteslagets
233 832 158 20 gemensamma
406 826 136 27 tillhörighet
557 827 46 20 från
621 826 75 21 skiftet
711 825 105 21 undanta-

62 866 44 20 gas.
138 860 47 21 Kan
209 860 18 26 ej
252 860 65 21 sådan
342 860 218 22 öfverenskommelse
582 861 97 25 frivilligt
701 861 114 25 uppgöras,

63 894 55 26 gälle
134 894 54 22 dock
205 901 34 14 om
261 894 171 26 fornlemningen
448 895 55 21 hvad
520 895 38 21 här
574 895 62 21 ofvan
652 894 91 22 rörande
760 893 57 20 forn-

64 929 129 25 lemningars
209 929 52 20 vård
278 931 24 18 är
318 929 106 27 stadgadt.

417 993 46 27 78.

135 1032 59 21 Hvar
211 1038 51 20 som,
279 1034 52 19 utan
347 1033 71 20 dertill
439 1033 91 21 erhållet
546 1033 103 25 tillstånd,
666 1032 85 24 skadar,
768 1031 50 21 rub-

65 1067 43 24 bar,
125 1067 146 26 undanrödjer
286 1067 52 21 eller
354 1066 80 22 förstör
450 1067 44 21 fast
510 1067 146 26 fornlemning,
674 1065 86 23 straffes
770 1065 48 21 med

64 1100 62 21 böter
149 1100 47 21 från
220 1101 39 20 och
279 1101 48 21 med
343 1101 29 20 tio
390 1101 32 20 till
438 1101 40 21 och
495 1102 47 20 med
558 1101 126 21 femhundra
700 1100 67 25 mark,
784 1105 34 15 om

65 1134 36 21 det
124 1134 96 21 befinnes
240 1136 32 19 att
287 1135 41 20 han
344 1135 52 21 känt
412 1135 52 21 eller
482 1136 49 20 bort
546 1136 77 24 känna,
640 1137 31 19 att
688 1135 36 20 det
740 1140 37 14 var
794 1139 24 15 en

65 1168 149 26 fornlemning,
238 1169 39 21 och
300 1175 50 15 vare
367 1170 76 26 pligtig
460 1172 38 23 att,
516 1170 24 20 så
556 1170 44 21 vidt
616 1170 84 26 möjligt
716 1170 29 24 är,
762 1168 57 20 åter-

65 1202 64 21 ställa
152 1203 124 21 densamma
295 1204 7 19 i
318 1203 49 21 dess
383 1203 59 21 förra
458 1204 67 20 skick.
556 1204 108 20 Tredskas
680 1204 42 20 han
738 1204 33 18 att
787 1201 33 21 sä-

66 1237 51 20 dant
132 1236 100 26 fullgöra,
248 1237 35 21 må
298 1237 166 21 återställandet
480 1238 38 21 ske
533 1238 27 26 på
576 1238 52 20 hans
645 1236 127 22 bekostnad.

419 1301 47 26 88.

137 1339 79 21 Finnes
240 1340 6 20 i
270 1339 68 27 kyrka
362 1340 52 21 eller
437 1347 70 14 annan
531 1341 77 20 allmän
628 1340 100 27 byggnad
745 1339 78 26 rörligt

66 1373 60 26 gods,
144 1379 44 15 som
205 1373 71 27 tjenar
292 1376 32 19 att
339 1374 80 21 bevara
434 1375 83 20 minnet
532 1375 22 20 af
569 1375 119 20 forntidens
703 1373 55 21 bruk
770 1373 52 21 eller

66 1406 175 28 konstfärdighet
264 1408 39 21 och
326 1408 47 21 icke
396 1408 75 21 tillhör
494 1409 85 20 enskild
596 1415 77 20 person
690 1408 54 21 eller
759 1407 63 26 slägt,
