1003 1620
210 116 80 24 Ständ.
305 117 38 23 Sv.
359 128 27 4 —
400 115 72 28 Prop.
487 116 40 22 N:o
542 115 20 21 7.

287 317 131 25 Finlands
441 316 137 26 Ständers
599 314 164 27 underdåni-

220 366 34 24 ga
271 365 67 18 svar
356 358 7 24 i
383 357 117 31 anledning
518 357 26 25 af
560 357 57 25 Hans
635 355 129 32 Kejserliga

221 398 117 31 Majestäts
366 396 80 33 nådiga
473 396 148 33 proposition,
651 394 113 32 angående

221 437 128 31 inteckning
375 437 7 24 i
408 437 133 24 mekaniska
568 437 40 24 och
636 435 129 26 industriela

221 478 58 25 verk
302 480 56 23 samt
380 477 48 25 med
450 477 48 25 dem
519 477 113 25 likartade
650 476 115 25 inrättnin-

222 525 50 25 gar.

75 593 244 28 Stormäktigste,
340 591 226 29 Allernådigste
586 591 125 29 Kejsare

267 633 50 22 och
337 632 179 22 Storfurstel

87 691 70 22 Sedan
179 690 102 22 Finlands
299 690 90 22 Ständer
407 690 36 21 vid
461 691 83 21 senaste
558 690 99 28 landtdag
671 690 8 22 i
694 690 73 22 under-

20 726 63 28 dånig
104 725 89 29 petition
214 724 97 26 anhållit,
334 724 36 22 det
391 724 81 22 täcktes
495 724 79 22 Hans
598 724 170 29 Kejserliga

20 760 136 29 Majestät
177 760 8 21 i
202 759 65 22 nåder
280 759 43 22 låta
337 758 128 22 underkasta
478 759 96 27 gällande
589 759 130 29 lagstiftning
734 767 34 13 an-

21 795 78 28 gående
114 794 199 28 förlagsinteckning
327 801 27 14 en
369 793 123 28 fullständig
506 793 91 22 revision
612 796 54 19 samt
679 793 90 22 derefter

23 829 102 28 förelägga
147 828 118 23 Ständerna
286 827 63 29 nådig
368 827 129 29 proposition
512 827 8 22 i
534 830 77 24 ämnet,
627 829 38 21 har
679 828 90 22 Eders

23 863 143 28 Majestät,
182 863 49 21 med
245 862 59 22 bifall
319 862 72 22 härtill
404 862 49 22 låtit
466 863 96 21 utarbeta
572 865 54 20 samt
635 863 8 21 i
653 863 63 28 nådig
725 870 44 21 pro-

25 897 85 30 position
125 897 34 22 till
173 897 128 22 Ständernas
315 897 129 28 granskning
452 897 40 22 och
506 897 116 28 antagande
632 897 138 22 öfverlemnat

26 934 25 20 att
73 932 76 28 förslag
170 931 34 22 till
221 931 126 29 förordning,
364 931 108 28 angående
487 931 123 29 inteckning
624 931 8 22 i
647 931 123 22 mekaniska

27 966 33 22 ch
75 966 123 22 industriela
212 966 52 21 verk
279 968 54 19 samt
347 966 49 21 med
410 965 48 22 dem
474 965 103 23 likartade
592 966 145 28 inrättningar.

90 1000 43 23 Vid
147 1000 183 28 handläggningen
345 1000 24 21 af
381 1000 57 22 detta
452 1000 78 22 ärende
545 1000 63 22 hafva
623 1001 56 21 inom
695 1001 26 21 de
730 1005 41 17 sär-

29 1035 61 22 skilda
111 1035 88 22 stånden
221 1034 71 23 fattats
313 1034 121 29 skiljaktiga
456 1035 76 26 beslut,
555 1035 8 22 i
586 1036 35 21 det
635 1036 82 22 Preste-
732 1036 39 20 och

31 1070 154 22 3ondestånden
199 1069 92 29 godkänt
305 1069 156 22 ofvannämnda
476 1069 216 29 författningsförslag,
712 1070 60 21 hvar-

31 1105 41 21 lera
93 1105 53 21 dock
167 1104 49 22 med
238 1104 61 26 vissa,
322 1104 135 22 sinsemellan
478 1104 57 22 olika
549 1104 144 29 förändringar
707 1104 8 22 i
729 1104 43 22 det-

33 1147 74 18 amma,
130 1139 110 21 hvaremot
260 1139 42 22 den
323 1138 77 29 nådiga
421 1138 157 30 propositionen
593 1138 70 22 blifvit
677 1139 24 22 af
713 1139 59 21 såväl

34 1173 143 29 Uidderskapet
192 1174 39 21 och
245 1173 69 22 Adeln
329 1181 45 13 som
389 1173 178 28 Borgareståndet
581 1173 77 29 afböjd.

90 1208 45 22 Vid
149 1208 74 21 sådant
237 1207 131 22 förhållande
383 1208 39 21 och
437 1207 27 22 då
479 1207 81 22 således
574 1208 37 21 två
625 1208 60 21 stånd
704 1208 8 21 i
727 1207 46 22 sina

37 1243 54 21 eslut
113 1244 84 20 stannat
210 1244 57 20 emot
281 1242 26 21 de
321 1241 37 22 två
372 1241 73 29 öfriga,
461 1241 23 22 få
498 1241 119 23 Ständerna
631 1242 37 21 hos
681 1242 92 21 Eders

37 1276 154 29 Cejserliga
206 1276 134 29 Majestät
354 1276 8 21 i
377 1276 169 29 underdånighet
561 1277 88 26 anmäla,
665 1279 31 20 att
710 1277 64 27 något

39 1311 138 22 ;sänderbeslut
191 1311 7 21 i
213 1311 73 28 frågan
299 1310 48 22 icke
362 1311 90 22 kommit
466 1311 35 22 till
515 1311 67 22 stånd.

91 1345 103 22 Finlands
209 1345 90 22 Ständer
313 1345 120 22 framhärda
448 1347 40 20 etc.

92 1379 141 28 Helsingfors,
248 1379 40 21 den
303 1379 28 21 29
346 1379 63 28 April
426 1380 62 21 1882.

288 1473 49 3 —
345 1465 167 19 0
