1025 1620
270 95 83 24 Ständ.
367 97 38 22 Sv.
421 109 28 3 —
463 96 71 29 Prop.
551 97 40 22 N:o
606 97 34 22 15.
784 98 13 20 3

78 159 85 27 ingripa
184 159 32 20 uti
236 165 27 14 en
278 157 101 22 framtida
393 158 151 23 innehafvares
559 160 51 26 rätt,
624 159 67 23 hafva
705 159 122 22 Ständerna

78 193 34 21 till
126 194 11 25 $
152 194 14 19 2
180 192 59 27 fogat
254 191 136 28 bestämning
406 193 79 25 derom,
500 195 33 20 att
548 193 34 21 för
596 193 109 22 vinnande
716 193 24 22 af
747 193 78 22 inmut-

79 227 51 27 ning
145 227 13 21 å
172 226 90 21 boställe
284 227 161 27 underlydande
465 227 51 27 jord
539 227 109 28 samtycke
664 228 39 21 bör
717 227 107 26 utverkas,

78 263 59 19 utom
152 260 24 21 af
188 259 160 27 innehafvaren,
362 261 81 27 jemväl
457 261 25 21 af
494 262 26 20 de
535 261 156 28 myndigheter,
707 269 45 14 som
767 262 58 22 öfver

78 295 100 21 bostället
192 295 64 21 hafva
270 294 108 21 inseende.

146 329 29 21 Ur
190 329 68 21 andra
279 335 63 14 mom.
363 329 25 21 af
400 329 71 21 denna
486 329 11 27 $
512 329 66 22 hafva
592 329 122 22 Ständerna
728 330 97 22 uteslutit

78 364 128 26 stadgandet
221 364 79 24 derom,
316 365 33 18 att
362 363 107 22 inmutare
484 363 25 22 af
520 363 221 28 sjömalmsfyndighet
756 365 19 27 ej
791 365 35 21 mä

78 397 108 21 meddelas
201 404 28 20 ny
244 397 105 21 mutsede]
362 398 67 20 innan
445 400 32 18 tre
493 398 23 20 är
530 397 91 21 förflutit
632 398 54 21 efter
696 399 36 20 det
742 398 83 28 fyndig-

78 431 37 21 het
130 431 24 21 af
166 431 78 21 honom
260 431 130 27 öfvergifvits
405 432 52 21 eller
471 432 205 27 inmutningsrätten
699 432 125 22 förverkats.

78 465 66 21 Detta
166 466 118 26 stadgande
306 472 61 20 synes
389 462 66 25 bafva
473 466 123 21 tillkommit
610 466 8 20 i
633 466 65 27 afsigt
713 468 32 19 att
760 466 65 28 stäfja

80 500 36 20 det
131 499 112 26 missbruk,
266 506 45 14 som
330 501 101 20 stundom
446 502 35 25 egt
496 508 46 13 rum
558 500 137 25 derutinnan,
711 502 32 20 att
756 501 68 21 inmu-

80 536 46 19 tare
142 534 23 21 af
178 534 249 27 sjömalmsfyndigheter,
443 537 52 18 utan
511 537 31 19 att
558 534 116 22 verkställa
683 534 141 22 föreskrifven

79 568 147 27 bearbetning,
240 568 112 22 bibehällit
367 569 32 26 sig
413 569 36 21 vid
464 569 33 21 sin
510 569 179 27 inmutningsrätt
703 576 78 21 genom
791 572 33 19 att

79 603 63 21 hvart
164 605 67 19 annat
249 604 23 20 är
287 605 76 25 uttaga
378 610 41 20 nya
433 603 123 22 mutsedlar.
588 603 48 22 Men
652 604 28 21 dä
695 605 129 26 stadgandet

80 637 40 20 lätt
135 637 43 21 kan
194 637 100 27 kringgäs
309 637 40 21 och
364 637 135 26 missbruket,
510 638 67 27 enligt
588 637 132 22 Ständernas
731 639 92 26 mening,

80 671 88 22 säkrare
190 671 75 28 stäfjas
285 672 45 21 dels
344 679 77 20 genom
436 673 163 27 bestämningen
615 674 79 25 derom,
709 676 34 18 att
757 674 67 20 andre

80 707 28 20 än
124 713 62 20 egare
208 706 52 21 eller
282 706 115 27 anläggare
413 707 23 21 af
448 707 55 21 bruk
518 707 33 21 för
566 707 109 27 sjömalms
697 707 127 27 tillgodogö-

80 741 66 20 rande
161 740 47 21 icke
229 740 115 27 medgifves
365 741 183 27 inmutningsrätt,
564 741 46 21 dels
624 748 77 20 genom
715 741 109 21 föreskrif-

80 777 36 18 ten
132 781 33 14 om
181 775 62 26 ärligt
266 775 133 27 fullgörande
415 775 24 21 af
456 775 98 21 bestämd
568 775 202 28 arbetsskyldighet,
786 776 38 20 der

80 808 46 21 icke
141 809 93 26 lindring
256 809 46 20 häri
321 809 24 21 af
362 809 167 27 bergsstyrelsen
544 810 123 26 medgifves,
682 809 64 22 hafva
761 810 62 20 Stän-

80 843 66 20 derna
161 845 71 18 ansett
248 843 40 20 den
304 843 79 27 nädiga
398 844 172 26 propositionens
585 843 164 27 ifrägavarande
765 844 57 20 stad-

79 878 76 25 gande,
178 884 45 13 som
245 878 94 20 deremot
354 877 71 21 kunde
441 877 96 22 medföra
552 877 125 27 betänkliga
692 878 132 27 svärigheter

78 911 34 21 för
126 918 63 20 egare
204 912 51 20 eller
269 911 115 27 anläggare
400 912 23 20 af
436 911 176 27 förädlingsverk,
628 912 73 21 hvilka
716 912 24 21 af
752 919 26 15 en
794 912 29 21 el-

78 945 32 21 ler
124 952 72 14 annan
212 945 115 28 anledning
342 946 108 21 förverkat
465 946 33 21 sin
512 946 184 28 inmutningsrätt,
707 946 74 22 kunna
790 948 33 20 ut-

78 979 88 21 lemnas.

146 1014 63 26 183
224 1014 39 21 har
278 1014 67 21 första
360 1021 62 14 mom.
438 1015 116 26 undergätt
569 1022 27 14 en
611 1014 211 22 redaktionsföränd-

79 1048 47 26 ring
148 1050 55 19 samt
225 1056 25 13 ur
273 1049 68 27 tredje
363 1056 62 13 mom.
448 1050 66 20 orden
533 1050 24 20 »ä
571 1048 129 28 kronojord»
718 1050 69 20 säsom
803 1048 20 28 ej

78 1082 123 27 tillräckligt
224 1082 138 26 omfattande,
381 1083 40 21 fått
436 1084 52 26 utgå
503 1083 109 21 äfvensom
627 1083 48 21 från
691 1083 52 21 sista
757 1090 64 14 mom.

78 1116 66 21 orden
168 1116 36 21 >»af
223 1116 47 28 fyra
284 1118 158 26 gvadratversts
457 1117 123 21 arealvidd»
596 1117 109 21 uteslutits
721 1116 23 22 af
757 1116 65 22 orsak

78 1152 32 19 att
125 1151 35 20 det
175 1150 34 22 för
223 1151 88 21 Kultala
325 1152 80 20 station
420 1151 104 22 utbrutna
538 1152 87 20 område
640 1152 8 20 i
663 1152 50 21 vidd
728 1151 49 21 vida
792 1151 34 21 öf-

78 1185 101 27 verstiger
194 1186 64 26 sagde
274 1186 64 24 areal,
353 1186 113 21 hvarutom
481 1185 71 21 Enare
567 1185 125 28 församling
706 1186 7 20 i
729 1184 94 28 enlighet

77 1219 49 20 med
141 1218 95 28 verkliga
251 1219 143 22 förhållandet
409 1219 42 21 fått
465 1219 33 21 sin
513 1219 79 28 riktiga
601 1219 131 27 benämning
742 1219 81 27 kapell.

144 1253 10 20 I
170 1253 217 22 öfverensstämmelse
402 1254 49 20 med
467 1254 36 20 det
518 1254 118 27 stadgande
656 1245 120 30 Ständerna
790 1253 34 20 in-

77 1286 42 22 fört
134 1287 7 21 i
156 1288 11 26 $
182 1288 11 20 1
210 1288 78 26 derom,
304 1291 32 18 att
351 1288 221 28 sjömalmsfyndighet
590 1289 36 20 mä
640 1288 75 21 kunna
729 1288 95 21 inmutas

77 1322 76 20 endast
168 1321 32 21 för
215 1322 61 26 bruk,
291 1322 89 22 hvarvid
395 1324 66 20 sådan
477 1322 65 22 malm
561 1322 159 28 tillgodogöres,
736 1322 39 20 har
789 1321 8 21 i
813 1323 11 25 $

76 1356 14 20 4
104 1356 94 27 infogats
213 1356 109 22 föreskrift
345 1358 79 24 derom,
440 1359 31 19 att
487 1358 48 24 den,
551 1364 45 14 som
611 1356 93 22 ansöker
720 1363 33 14 om
768 1358 55 18 mut-

78 1390 58 20 sedel
151 1391 13 19 å
179 1391 226 27 sjömalmstyndighet,
421 1391 38 21 bör
475 1391 73 27 styrka
563 1392 36 20 det
613 1391 43 21 han
672 1392 25 20 är
711 1392 63 26 egare
789 1390 33 20 till

77 1422 51 22 eller
143 1424 84 22 erhållit
242 1425 98 21 tillstånd
351 1427 31 19 att
392 1425 93 27 anlägga
495 1425 68 27 dylikt
574 1425 55 21 bruk
639 1425 113 24 hvarutom
762 1424 61 21 Stän-
