1006 1623
237 102 13 20 2
405 103 80 23 Ständ.
502 104 37 22 Sv.
557 117 23 2 —
597 105 72 28 Prop.
685 104 41 23 N:o
741 104 21 22 4.

208 164 24 22 af
245 164 94 23 åverkan
356 166 12 21 å
382 165 42 22 fast
433 166 151 29 fornlemning,
596 168 91 28 erbjuda
697 168 42 20 den
749 166 106 22 tilltalade
867 172 26 14 en
903 164 55 22 före-

207 200 110 26 vändning
339 202 33 19 att
393 201 83 27 påyrka
498 201 50 28 laga
569 202 124 28 bevisnings
708 202 155 21 föreställande
878 202 79 23 derom,

208 236 32 19 att
263 234 170 28 fornlemningen
454 236 8 21 i
477 236 59 21 tiden
559 236 111 28 verkligen
693 236 124 22 tillkommit
833 236 7 21 i
855 236 66 27 något
936 234 25 22 af

206 268 142 23 omförmälda
364 270 74 27 syften.
469 271 50 21 Med
541 271 102 22 afseende
657 272 55 20 härå
727 271 40 21 och
783 272 28 20 då
825 270 25 22 af
863 271 42 20 den
921 270 36 21 nå-

206 304 51 27 diga
278 304 161 28 propositionen
461 305 48 21 icke
531 306 100 28 framgår,
655 308 33 20 att
706 306 91 21 Eders
816 305 142 27 Majestät

206 338 68 22 skulle
290 339 35 22 vid
341 340 62 20 dessa
418 340 39 21 ord
471 340 58 21 fästa
545 341 41 21 den
601 341 108 21 särskilda
723 340 51 28 vigt,
790 347 45 14 som
851 340 35 22 vid
901 339 56 22 vissa

206 374 69 21 andra
297 374 60 21 delar
372 374 24 21 af
412 374 109 28 förslaget,
545 375 64 22 hafva
633 375 123 22 Ständerna
779 376 53 20 trott
847 375 110 20 desamma

206 408 74 22 kunna
296 409 64 21 derur
375 408 111 23 uteslutas.

274 444 74 27 Enligt
370 445 10 26 $
400 445 13 20 3
431 444 55 21 skall
507 445 234 28 ersättningsbeloppet
763 444 33 21 för
818 445 41 20 den
881 443 74 27 skada,

205 486 45 14 som
272 486 64 21 egare
358 479 52 21 eller
428 479 140 22 innehafvare
583 480 25 21 af
617 481 51 27 jord
683 480 97 21 kommer
795 481 32 19 att
841 479 45 21 lida
901 479 54 21 deri-

204 521 83 20 genom,
304 515 32 20 att
351 513 144 28 fornlemning
509 513 107 23 förklaras
625 515 52 21 böra
688 514 119 21 bibehållas
818 513 137 26 oförändrad,

204 548 130 21 bestämmas
350 555 76 20 genom
441 549 68 20 sådan
525 555 38 21 syn
579 549 40 21 och
633 549 123 27 värdering,
773 555 45 15 som
832 549 7 20 i
854 548 101 27 gällande

204 583 209 28 expropriationslag
428 584 25 20 är
467 583 142 22 föreskrifven
623 583 34 22 för
673 584 120 21 utrönande
805 583 24 21 af
837 583 74 22 värdet
921 582 34 21 för

203 617 68 26 mark,
294 617 87 22 hvilken
403 617 25 22 af
445 618 115 27 jordegare
582 618 33 21 för
637 618 122 27 menighets
774 617 66 22 behof
853 617 100 21 afträdes.

203 653 34 20 Då
259 652 120 21 emellertid
406 653 237 27 expropriationslagen
675 652 143 22 tillerkänner
843 651 112 27 sakegare,

202 693 46 15 som
263 688 50 21 med
328 689 157 26 synemännens
500 688 113 27 värdering
629 688 18 27 ej
665 687 91 28 åtnöjes,
773 688 43 19 rätt
831 688 32 19 att
877 687 77 20 under-

201 721 65 22 kasta
288 723 125 20 densamma
435 723 54 26 gode
505 723 61 20 mäns
581 722 52 21 eller
649 721 104 22 domstols
768 721 107 28 pröfning,
891 727 62 20 synes

200 755 186 29 följdrigtigheten
402 757 79 26 fordra,
497 759 32 18 att
545 757 40 20 slik
601 758 43 19 rätt
659 757 7 20 i
681 757 61 20 detta
763 755 37 22 fall
815 755 47 21 icke
879 755 75 22 blifver

200 791 79 21 honom
302 791 114 27 frånkänd,
439 791 56 22 helst
514 791 83 21 kronan
612 791 40 21 här
667 793 24 19 är
707 792 42 20 den
765 797 41 15 ena
821 792 76 25 parten
913 789 40 21 och

199 828 154 26 synemännen,
368 826 73 22 hvilka
456 829 58 18 utses
529 826 24 22 af
566 826 161 22 vederbörande
738 826 112 26 guvernör,
862 824 91 21 sålunda

199 861 69 27 väljas
290 861 24 21 af
335 862 72 20 denna
428 863 61 25 parts
510 860 85 22 ombud.
625 861 50 21 Med
698 860 102 21 afseende
819 859 54 21 härå
887 859 65 21 hafva

199 895 123 22 Ständerna
336 896 8 20 i
360 897 10 25 $
386 896 13 20 3
414 896 101 27 upptagit
531 902 26 15 en
573 895 136 27 bestämning
725 894 25 22 af
763 893 142 23 omförmälda
919 893 32 21 in-

197 930 79 22 nehäll.

266 964 42 22 Till
322 966 11 26 $
348 965 15 20 4
377 964 66 22 hafva
458 965 121 21 Ständerna
594 966 71 20 ansett
681 964 32 27 sig
729 963 53 21 böra
797 962 50 28 foga
863 964 30 19 ett
908 962 43 21 till-

196 999 56 28 lägg,
268 999 151 21 innefattande
435 999 149 27 berättigande
599 999 33 21 för
647 998 156 27 Arkeologiska
818 997 133 21 kommissio-

196 1041 43 14 nen
262 1036 40 24 att,
324 1035 38 20 der
377 1034 24 20 sä
417 1034 74 27 nödigt
507 1034 92 27 pröfvas,
615 1034 45 21 läta
675 1034 133 20 iständsätta
823 1032 56 21 fasta
893 1031 55 21 forn-

195 1068 128 28 lemningar,
339 1068 73 22 hvilka
428 1068 23 22 af
465 1068 60 21 älder
539 1068 90 22 förfallit
644 1068 53 21 eller
707 1067 26 21 af
743 1074 73 14 annan
827 1066 64 22 orsak
901 1066 48 20 ska-

196 1104 48 20 dats
260 1103 53 21 eller
328 1102 95 22 rubbats.

263 1138 10 20 I
292 1139 23 25 $$
334 1138 12 20 7
364 1138 40 21 och
423 1138 14 20 9
453 1145 51 13 anse
527 1138 121 20 Ständerna
664 1138 26 20 de
706 1136 123 27 föreslagna
851 1135 97 21 bötesbe-

194 1172 81 28 loppen
290 1172 76 22 kunna
379 1172 106 28 betydligt
501 1173 117 25 nedsättas,
634 1172 141 27 hvarigenom
791 1170 62 22 äfven
869 1170 41 21 den
926 1170 22 20 ät

194 1208 104 20 domaren
313 1207 100 21 lemnade
428 1207 131 27 rättigheten
575 1209 32 19 att
621 1207 74 27 lämpa
714 1205 83 21 straffet
813 1204 54 21 efter
882 1204 65 20 förse-

193 1242 71 20 elsens
286 1241 148 22 beskaffenhet
457 1242 80 21 erhölle
551 1249 26 14 en
593 1242 7 20 i
615 1242 134 20 Ständernas
765 1239 66 21 tanke
847 1238 100 27 rigtigare

192 1276 153 28 begränsning.
375 1276 48 21 Den
445 1276 110 22 allmänna
573 1276 115 27 meningen
704 1275 67 21 bland
787 1272 58 23 såväl
859 1272 88 28 jurister

192 1317 46 15 som
261 1311 69 27 öfriga
352 1310 141 28 medborgare
513 1311 7 21 i
539 1311 73 21 landet
635 1310 39 21 har
693 1310 30 27 på
739 1315 75 15 senare
829 1308 32 20 tid
876 1306 71 28 börjat

191 1345 100 22 alltmera
306 1346 109 21 bestämdt
431 1346 70 20 uttala
516 1346 31 26 sig
563 1347 56 19 emot
630 1344 74 22 alltför
714 1344 51 21 vida
776 1342 170 22 strafflatituder.

190 1380 10 20 I
215 1380 63 27 fråga
293 1387 35 15 om
343 1381 82 20 sådana
440 1380 118 26 förseelser,
575 1387 44 14 som
634 1380 8 20 i
657 1381 10 25 $
683 1380 13 20 7
713 1378 64 25 afses,
797 1378 24 20 är
837 1383 26 14 en
879 1376 67 20 större

190 1414 79 22 latitud
285 1414 102 22 särskildt
403 1414 104 28 olämplig
521 1416 67 20 redan
604 1414 91 25 derföre,
706 1414 33 20 att
751 1411 72 28 dylika
834 1410 112 21 förseelser

188 1448 71 22 sällan
282 1450 62 21 torde
359 1449 140 27 förekomma,
515 1450 85 22 hvilken
617 1446 162 28 omständighet
795 1446 33 21 för
843 1446 101 21 domaren
