1025 1623
313 84 22 24 U.
353 83 23 24 B.
392 94 30 6 —
438 83 62 30 Prop.
517 83 38 24 N:o
572 82 31 25 14.
777 82 28 22 23

281 141 85 22 Snaror
381 140 29 28 af
421 141 48 21 alla
483 141 49 28 slag
547 141 36 21 mä
599 140 95 22 hvarken
710 141 13 21 &
738 146 51 22 egen
806 139 30 22 el-

212 176 32 21 ler
259 183 86 14 annans
360 175 63 22 mark
437 176 110 28 utläggas,
569 178 60 19 utom
638 175 44 28 för
696 174 114 29 ripfängst
827 173 9 22 i

211 209 165 29 Lappmarkens
392 209 77 23 härad.
500 209 117 22 Dessutom
631 217 52 14 vare
692 209 76 28 fällor
783 208 52 28 för-

213 244 82 28 bjudna
311 244 104 27 öfverallt
429 245 9 20 i
453 244 81 22 landet.

144 313 35 21 2:0
194 312 164 28 Hrägavarande
372 312 133 28 proposition
520 313 46 26 har,
584 312 7 22 i
607 311 63 29 afsigt
684 313 33 21 att
731 311 107 28 befrämja

74 347 141 27 förökningen
230 346 23 23 af
265 346 125 29 matnyttigt
409 346 104 27 vildbräd,
535 346 94 28 förlängt
651 346 67 23 slutet
738 347 28 27 pä
787 345 51 23 frid-

74 381 155 28 lysningstiden
243 380 34 22 för
291 387 52 16 svan
359 392 26 5 —
401 393 28 4 —
446 393 25 4 —
488 381 42 22 alla
545 383 59 20 arter
626 380 23 23 af
666 380 122 28 andslägtet
809 386 26 15 m.

74 421 28 16 m.
118 415 48 22 frän
181 415 42 22 den
239 416 27 21 14
280 415 43 22 Juli
338 415 34 22 till
387 415 41 22 den
443 415 28 22 29
486 415 8 22 i
508 421 82 16 samma
612 415 78 22 mänad
713 416 55 21 samt
789 414 49 22 lätit

76 449 195 28 fridlysningstiden
288 449 33 22 för
336 449 42 22 alla
394 449 66 28 öfriga
476 449 46 28 slag
545 449 22 22 af
587 449 79 29 nyttigt
681 449 99 22 viläbräd
801 448 38 22 be-

78 490 70 22 gynna
163 483 40 22 den
219 484 26 21 15
261 483 103 22 Februari
380 483 41 22 och
436 483 57 23 sluta
508 484 42 21 den
564 485 29 21 20
615 483 97 28 Augusti.
744 482 95 23 Oaktadt

76 519 112 26 utskottet,
211 519 70 21 såsom
297 518 42 27 mig
354 518 80 28 tyckes,
456 519 29 27 pä
505 519 56 27 goda
575 518 48 22 skäl
643 518 84 28 antagit
748 517 92 27 förläng-

76 553 78 28 ningen
169 553 7 21 i
191 552 99 23 afseende
305 553 13 21 å
333 559 58 20 svan,
406 553 115 22 eiderhona
534 559 27 16 m.
573 559 27 16 m.
612 552 109 23 äfvensom
730 552 48 22 icke
787 553 53 20 utan

78 587 47 22 skäl
140 587 106 23 förkastat
260 587 206 27 tidsbestämningen
482 604 11 9 ,
497 587 40 22 den
553 587 26 22 15
595 587 118 22 Februari"
724 586 8 22 i
742 585 99 23 afseende

78 622 13 21 å
106 621 68 28 öfriga
188 621 46 28 slag
249 621 23 22 af
285 621 79 28 nyttigt
379 621 104 27 vildbråd,
499 621 40 22 har
553 621 107 22 utskottet
674 621 48 22 icke
736 620 47 22 haft
799 619 44 22 till-

58 664 2 2 +
79 655 94 28 räckliga
187 655 48 22 skäl
249 654 33 23 för
296 655 33 22 sin
343 655 124 28 förändring
482 655 23 22 af
522 655 204 28 tidsbestämningen
748 655 29 21 20
799 654 43 21 Au-

80 689 56 29 gusti
150 689 33 22 till
199 689 41 22 den
255 690 13 21 9
283 689 8 22 i
305 695 82 16 samma
400 689 85 27 månad,
501 691 23 27 ty
539 695 26 16 en
579 689 135 28 förlängning
729 688 23 23 af
759 688 84 28 fridlys-

80 724 121 28 ningstiden
215 724 68 22 måste
298 724 35 22 väl
348 724 7 21 i
370 724 37 22 det
424 724 91 22 sednare
537 723 110 23 afseendet
671 724 22 22 få
715 729 62 17 anses
798 722 45 22 lika

82 758 122 28 nödvändig
218 764 46 16 som
278 758 8 22 i
301 758 36 22 det
352 758 62 22 förra.
445 758 156 22 Erfarenheten
615 758 41 22 har
671 758 107 27 nemligen
793 756 50 22 äda-

83 793 72 28 galagt
170 795 38 25 att,
231 794 70 21 såsom
317 793 39 22 ock
372 792 119 23 motiverna
505 792 33 23 till
553 792 41 23 den
616 792 79 29 nådiga
716 790 128 31 propositio-

81 834 41 15 nen
140 827 75 28 uttala,
239 827 111 26 ,honorna
372 827 23 22 af
414 827 115 28 matnyttig
551 827 122 28 skogsfogel
694 829 58 20 ännu
775 825 69 23 under

82 861 58 22 förra
154 861 82 23 hälften
251 861 23 22 af
286 861 92 28 Augusti
392 861 79 22 månad
486 861 39 23 allt
539 861 33 22 för
586 861 48 28 lätt,
654 861 141 28 synnerligast
809 865 37 22 ge-

82 903 50 15 nom
148 896 70 28 skytte
232 896 49 22 med
297 896 54 25 lock,
370 896 74 22 kunna
458 895 151 28 bortskjutas."
639 896 115 22 Dessutom
770 897 24 20 är
809 894 36 21 det

82 930 33 22 för
128 930 75 27 jägare
218 929 121 28 välbekant,
362 932 33 20 att
409 930 113 28 harjagten
537 930 68 22 under
619 930 49 22 hela
689 929 92 28 Augusti
802 929 44 21 må-

83 965 42 21 nad
140 964 33 22 för
187 964 108 22 honornas
310 964 122 28 drägtighet
446 965 48 22 icke
509 964 199 23 öfverensstämmer
732 963 49 22 med
804 962 42 28 god

83 998 136 28 hushållning
233 998 7 21 i
256 997 100 24 afseende
370 999 13 22 å
399 999 59 22 detta
474 999 83 28 nyttiga
572 999 103 22 vildbråd.

291 1062 49 21 Den
356 1063 8 20 i
379 1062 63 21 slutet
459 1061 30 28 af
503 1061 77 27 första
602 1062 114 28 meningen
738 1059 108 30 ingående

225 1096 205 28 tidsbestämningen
446 1097 55 25 ,den
516 1097 30 21 20
565 1097 108 27 Augustiv
699 1096 9 21 i
728 1096 16 27 $
768 1095 29 20 11
821 1092 30 28 af

223 1131 82 28 nädiga
319 1131 167 28 propositionen
509 1131 64 21 borde
595 1130 95 27 derföre,
710 1130 69 27 enligt
800 1128 47 21 min

223 1166 63 27 dsigt,
303 1165 139 24 oförändrad
458 1165 126 22 bibehållas.

293 1212 34 20 3:0
343 1211 36 21 På
394 1211 98 27 anförda
502 1211 49 21 skäl
562 1211 65 20 borde
637 1210 65 27 äfven
713 1209 135 22 tidsbestäm-

225 1246 79 27 ningen
320 1245 55 26 ,den
390 1247 14 19 9
419 1245 108 28 Augusti?
543 1245 8 21 i
565 1245 15 28 $
595 1246 30 20 13
640 1244 29 27 af
681 1244 113 21 utskottets
817 1243 33 20 be-

225 1279 108 22 tänkande
348 1279 87 28 utbytas
450 1282 45 19 mot
510 1279 40 22 den
565 1281 30 20 20
611 1279 95 28 Augusti
726 1278 69 27 enligt
811 1277 38 20 nå-

225 1314 52 28 diga
293 1314 172 28 propositionen.

155 1378 35 20 4:0
205 1377 112 22 Utskottet
332 1377 40 21 har
387 1376 54 22 efter
460 1376 131 22 sistnämnda
607 1376 11 28 $
633 1376 65 22 infört
713 1382 26 16 en
762 1373 89 24 alldeles

87 1416 34 22 ny,
138 1411 111 27 åsyftande
265 1413 33 20 att
310 1411 107 27 jagthund
432 1411 55 22 skall
501 1411 70 22 under
584 1411 49 22 hela
649 1411 41 21 den
705 1410 45 22 deri
766 1408 87 28 angifna

158 1452 139 17 Sammansatta
309 1451 51 23 Lag-
374 1450 32 18 och
419 1450 194 18 Ekonomiutskottets
625 1450 117 18 betänkande
754 1449 38 18 N:o
810 1448 17 17 3.
