1036 1620
204 102 12 21 8
411 101 22 23 U.
451 101 22 22 B.
488 113 29 6 —
534 101 62 29 Prop.
613 101 37 23 N:o
667 101 28 22 I6.

174 157 43 22 ifall
234 158 39 21 den
289 158 45 22 icke
349 157 55 28 finge
419 159 56 27 köpa
494 159 68 21 denna
585 166 51 14 vara
658 158 22 22 af
700 158 47 21 sina
769 164 92 20 grannar
880 157 52 21 eller

175 192 157 27 arbetsgifvare,
355 193 139 27 synnerligast
509 193 100 22 vintertid
625 194 44 21 ofta
680 192 68 22 skulle
763 192 80 27 nödgas
858 192 74 21 endast

176 226 47 22 med
234 228 71 20 vatten
314 227 109 26 nedskölja
433 227 31 21 sin
473 228 61 21 äfven
549 234 78 15 annars
642 228 85 26 knappa
735 226 54 22 kost.
805 226 81 22 Jemväl
894 226 39 21 har

176 261 106 21 utskottet
296 261 45 21 icke
356 262 81 21 kunnat
453 262 44 21 inse
505 262 190 26 nödvändigheten,
713 260 52 22 eller
781 267 35 15 ens
838 260 95 28 lämplig-

176 295 70 26 heten,
263 295 21 21 af
298 298 31 19 att
344 298 51 24 göra
409 296 42 27 vin,
471 297 66 26 jemte
552 296 63 27 kaffe,
638 297 43 25 the,
706 295 92 22 choklad
813 295 39 22 och
867 295 67 21 andra

176 330 168 26 icke-spirituösa
359 330 94 28 drycker,
469 331 32 21 till
518 330 88 22 föremål
628 331 34 21 för
676 336 82 16 samma
772 329 162 27 undantagslag-

177 364 95 26 stiftning
287 371 44 15 som
347 364 20 22 öl
383 365 38 21 och
437 367 78 25 porter.
546 360 112 27 Utskottet
673 365 39 21 har
727 364 34 22 väl
776 364 46 22 icke
837 363 97 22 förbisett

178 398 144 27 önskligheten
338 399 22 21 af
374 401 31 19 att
421 400 30 20 uti
467 406 24 15 en
507 400 90 21 särskild
612 399 124 26 förordning
757 398 22 21 få
800 397 134 22 sammanfat-

178 433 49 21 tade
242 432 42 22 alla
300 433 157 27 bestämningar
466 434 108 26 angående
586 451 9 8 ,
600 434 118 25 värdshus-,
735 432 122 26 konditori-,
872 432 62 27 krog-

179 467 38 22 och
233 474 68 15 annan
310 468 252 27 utskänkningsrörelse*,
578 469 13 20 &
606 468 80 21 hvilket
701 467 57 27 slags
773 467 80 26 näring,
869 466 65 27 enligt

179 503 18 20 7.
214 502 93 27 punkten
323 502 5 21 i
352 503 31 20 14.
400 502 13 27 &
439 502 22 21 af
484 503 149 26 förordningen
649 509 33 14 om
699 501 132 27 näringarne,
849 501 26 21 de
898 501 37 20 all-

178 538 78 19 männa
271 536 143 27 stadgandena
429 537 78 26 isagde
520 537 122 26 förordning
654 537 17 26 ej
681 539 38 18 äro
728 535 142 27 tilllämpliga;
886 541 48 15 men

180 571 25 21 då
211 571 39 20 den
259 570 117 27 föreslagna
383 571 158 27 ,förordningen
552 571 108 27 angående
666 571 95 21 vilkoren
769 570 32 21 för
806 569 128 27 försäljning,

180 605 30 21 till
226 605 102 26 förtäring
343 606 26 26 pä
377 605 78 27 stället,
471 605 22 22 af
506 606 41 26 vin,
564 606 150 27 maltdrycker,
731 604 55 22 kaffe
801 604 39 21 och
862 603 72 27 andra,

179 639 168 27 icke-spirituösa
362 640 109 27 drycker",
496 640 45 21 icke
558 647 36 14 ens
610 640 53 21 efter
679 640 40 21 den
736 638 146 27 omarbetning
903 639 33 20 ut-

180 673 80 22 skottet
278 673 81 22 försökt
380 675 129 20 underkasta
531 675 127 25 densamma,
683 673 91 22 befanns
796 672 86 27 lämplig
904 673 32 20 att

180 707 50 28 fylla
245 708 69 21 denna
328 708 62 21 lucka
405 708 7 21 i
427 708 164 28 lagstiftningen,
615 711 54 19 samt
685 708 106 21 utskottet
813 707 45 21 icke
880 706 56 22 velat

181 743 41 20 öka
236 742 80 21 antalet
324 742 22 21 af
353 743 26 21 de
389 743 220 27 osammanhängande
619 743 39 21 och
669 741 127 27 bristfälliga
806 741 131 26 stadganden

182 783 33 15 om
231 776 110 22 värdshus-
356 777 39 21 och
415 777 239 27 utskänkningsrörelse,
678 783 46 15 som
747 776 56 21 förut
818 775 118 26 förefinnas,

180 811 40 21 har
234 811 105 21 utskottet
354 812 70 20 ansett
439 811 39 21 den
495 811 75 27 nädiga
586 811 171 27 propositionens
775 810 104 26 egentliga
898 809 40 27 syf-

182 845 63 21 temäl
261 845 49 21 bäst
324 845 73 21 vinnas
411 852 77 20 genom
511 848 32 19 att
565 846 114 21 inskränka
702 844 91 22 berörde
815 843 123 28 lagförslags

181 879 93 22 innehäll
290 880 74 21 endast
379 880 32 20 till
428 880 148 28 maltdrycker.
608 880 60 22 Efter
684 880 37 20 det
731 878 109 28 uppgiften
851 878 88 21 sålunda

182 914 67 21 blifvit
263 914 116 26 förenklad,
403 914 39 22 har
457 915 105 21 utskottet
579 914 68 21 funnit
663 914 25 22 de
703 913 106 22 särskilda
831 912 109 26 lagförsla-

182 954 39 21 gen
238 954 33 15 om
287 948 123 27 försäljning
425 949 32 21 till
473 948 131 28 afhemtning
619 949 39 21 och
674 954 35 16 om
720 947 123 27 försäljning
857 946 31 21 till
898 946 41 21 för-

183 982 69 27 täring
267 983 13 21 å
294 982 71 22 stället
381 983 113 27 lämpligen
509 983 71 21 kunna
603 983 83 21 förenas
709 981 34 21 till
759 988 24 14 en
803 982 54 20 enda
872 997 8 8 ,
888 980 52 21 För-

184 1017 93 27 ordning
293 1024 33 14 om
339 1016 142 28 försäljning
501 1018 38 20 och
562 1017 147 27 utskänkning
726 1016 29 26 af
775 1015 164 27 maltdrycker*,

183 1050 32 22 för
229 1051 63 21 hvars
307 1051 93 21 innehäll
416 1052 103 21 utskottet
534 1058 28 14 nu
578 1052 38 26 gär
632 1054 32 18 att
679 1051 115 26 redogöra:

252 1085 34 28 81
304 1088 117 19 motsvarar
436 1086 12 27 &
461 1088 9 19 1
487 1086 7 21 i
509 1086 100 26 förslaget
624 1086 32 21 till
667 1084 125 26 förordning
803 1090 34 15 om
847 1083 94 21 vilkoren

184 1119 31 22 för
230 1119 122 28 försäljning
367 1120 22 21 af
403 1120 26 26 öl,
445 1123 73 24 porter
533 1120 38 21 och
588 1120 66 21 andra
666 1120 59 26 jästa
735 1118 96 27 drycker,
847 1118 47 21 med
904 1124 38 14 un-

185 1154 77 27 dantag
277 1153 23 22 af
312 1154 55 21 hvad
386 1154 44 21 deri
451 1157 60 24 säges
536 1161 33 14 om
585 1154 121 26 forslingen,
734 1152 79 21 hvilket
838 1152 104 21 utskottet

184 1188 119 27 lämpligast
318 1190 70 20 ansett
403 1188 52 22 böra
471 1189 70 27 flyttas
556 1189 32 20 till
604 1189 12 20 6
633 1190 18 24 $.

252 1222 113 28 Uttrycket
381 1222 40 26 ,,öl,
438 1225 73 25 porter
526 1223 39 21 och
581 1223 66 21 andra
660 1223 57 26 jästa
734 1221 102 27 drycker"
853 1220 38 21 har
911 1222 32 18 ut-

185 1256 79 22 skottet
280 1257 27 27 pä
322 1257 26 21 de
361 1256 62 22 flesta
437 1257 76 22 ställen
526 1257 6 21 i
548 1257 149 27 förordningen
723 1257 72 19 ansett
819 1256 69 20 kunna
912 1256 32 19 ut-

185 1290 59 28 bytas
261 1293 45 19 mot
321 1292 150 26 maltdrycker,
493 1292 68 21 såsom
578 1291 44 21 dels
638 1292 95 20 kortare.
759 1289 45 21 dels
819 1288 61 22 äfven
894 1288 50 21 kor-

185 1325 89 24 rektare,
301 1328 50 18 enär
366 1325 32 21 till
415 1326 69 26 ,jästa
499 1326 101 27 drycker"
617 1326 114 26 rätteligen
755 1324 66 21 borde
845 1323 99 21 hänföras

186 1359 58 21 äfven
261 1360 34 20 vin
310 1366 26 14 m.
351 1359 20 21 fl.
389 1366 17 15 a.

253 1394 111 22 Utskottet
379 1394 39 21 har
433 1394 47 22 icke
495 1396 69 20 ansett
579 1394 77 26 skäligt
671 1394 80 25 bet:ga
769 1392 123 26 ölbryggare
917 1392 27 26 pä

186 1428 121 22 landsorten
323 1428 130 27 rättigheten
469 1431 32 19 att
516 1428 45 22 från
576 1428 121 27 bryggeriet
713 1426 34 22 till
764 1426 129 26 afhemtning
904 1425 40 21 för-

254 1468 191 18 Ekonomiutskottets
458 1469 115 17 betänkande
586 1468 37 18 N:o
637 1468 16 16 3.
