1028 1620
312 103 19 19 U.
348 103 19 19 B.
382 113 28 4 —
425 102 55 25 Prop.
495 102 29 20 N:o
539 101 31 21 15.

275 419 230 23 Ekonomiutskottets
524 419 141 23 betänkande
684 420 39 23 N:o
738 420 13 23 6
766 421 8 22 i
789 426 36 17 an-

207 454 92 29 ledning
313 454 26 23 af
350 454 59 22 Hans
424 454 127 29 Kejserliga
561 454 113 30 Majestäts
685 454 82 30 nädiga
778 461 48 23 pro-

209 489 95 29 position
326 495 34 17 om
382 489 127 29 antagande
531 489 26 23 af
576 496 28 16 en
622 490 144 29 inmutnings-
786 490 41 22 och

208 524 166 28 grufvestadga.

141 587 105 27 Samtliga
261 587 97 22 Ständen
373 587 64 22 hafva
452 587 33 22 till
501 587 215 23 Ekonomiutskottet
726 588 104 28 hänskju-

71 622 28 22 tit
119 622 71 22 denna
209 622 139 28 proposition,
369 628 46 16 som
431 622 82 28 ätföljts
529 622 23 21 af
565 624 33 20 ett
613 622 48 22 utaf
674 629 26 15 en
716 622 33 22 för
765 622 66 22 ända-

73 657 66 21 mälet
154 657 87 21 nedsatt
256 656 80 22 komite
352 656 116 28 uppgjordt
483 656 81 28 förslag
579 657 33 21 till
626 656 127 28 författning
765 657 8 21 i
787 659 45 20 äm-

72 693 44 25 net,
137 691 110 22 hvarefter
261 692 108 21 utskottet
384 692 28 26 pä
427 692 96 26 begäran
537 691 48 22 frän
600 692 122 27 Kejserliga
737 692 96 21 Senaten

72 726 43 22 fätt
133 727 110 26 emottaga
263 726 18 27 ej
302 726 82 22 mindre
400 726 26 22 de
441 726 150 27 underdäniga
605 726 127 22 utlätanden
747 726 85 22 landets

74 760 113 22 Hofrätter
202 760 40 22 och
258 760 135 22 Guvernörer
408 762 57 20 samt
476 756 221 26 Öfvermasmästaren
707 760 36 22 vid
754 760 79 28 Bergs-

74 796 108 26 styrelsen
194 795 67 27 jemte
277 797 32 19 ett
323 801 40 20 par
377 795 135 26 bruksägare
528 794 59 23 öfver
602 795 68 26 sagda
681 794 82 28 förslag
773 794 61 27 afgif-

75 829 37 26 vit,
133 831 28 20 än
176 829 62 22 äfven
253 829 131 27 protokollet
399 829 60 22 öfver
475 835 26 15 en
516 829 36 22 vid
567 829 101 22 ärendets
683 829 153 27 föredragning

75 864 8 21 i
97 863 122 28 Kejserliga
235 863 93 22 Senaten
344 863 112 22 förefallen
471 863 140 28 omröstning.

147 991 39 21 Att
206 990 39 22 här
261 991 77 21 utreda
352 991 145 27 uppkomsten
513 990 22 22 af
551 991 37 21 det
603 991 93 21 svenska
710 991 128 26 bergsrega-

77 1026 38 26 let,
135 1025 63 22 torde
213 1025 48 22 icke
277 1025 54 22 höra
345 1025 33 22 till
394 1026 120 21 utskottets
530 1025 91 28 uppgift.
652 1025 42 22 Det
710 1025 62 22 torde
788 1030 52 16 vara

78 1060 97 27 tillfylles
192 1062 31 19 att
239 1062 84 24 nämna,
340 1060 37 21 det
393 1060 145 27 grundsatsen
554 1066 34 15 om
603 1060 93 21 kronans
713 1061 45 20 rätt
769 1059 33 21 till
813 1059 27 21 de

79 1095 7 21 i
99 1095 90 27 jordens
205 1095 46 21 inre
267 1095 110 27 befintliga
391 1095 128 26 mineralier,
536 1095 33 21 till
585 1095 49 21 stöd
649 1094 33 22 för
696 1094 89 21 hvilken
795 1095 46 19 rätt

80 1136 49 15 man
142 1129 81 28 jemväl
238 1130 58 21 velat
310 1130 93 27 åberopa
418 1129 183 28 Helgeandholms
617 1131 69 20 mötes
702 1129 73 22 beslut
786 1127 23 22 af
818 1127 24 22 är

81 1165 63 25 1282,
166 1164 69 21 första
255 1164 84 27 gängen
353 1164 50 21 fullt
416 1164 80 27 tydligt
511 1163 81 22 uttalas
606 1164 32 21 uti
654 1164 93 25 Konung
763 1161 81 23 Gustaf

81 1199 63 21 I:stes
165 1198 48 22 bref
231 1199 33 21 till
283 1199 159 27 bergsmännen
461 1198 30 27 pä
510 1198 59 22 Nora
584 1199 82 26 skogen
681 1198 41 21 den
739 1199 26 19 27
782 1197 60 21 Mars

83 1235 62 24 1551,
167 1233 59 21 hvari
245 1233 66 22 bland
326 1235 65 19 annat
407 1234 64 25 säges
488 1234 33 20 att
538 1232 41 27 ,ail
595 1232 118 27 malmberg
729 1232 7 21 i
752 1230 91 27 Sverige

81 1268 51 27 lyda
147 1268 33 21 till
196 1267 99 28 Sveriges
311 1268 88 21 krona".
429 1267 68 21 Detta
513 1267 106 21 erkändes
633 1266 80 28 jemväl
729 1265 22 23 af
765 1265 78 22 Rikets

83 1302 94 22 Ständer
192 1302 91 22 medelst
299 1302 41 22 den
355 1301 132 23 bekräftelse
504 1302 27 21 de
547 1302 41 21 den
601 1303 10 19 1
622 1301 44 22 Juli
680 1302 54 20 1560
745 1299 99 23 lemnade

83 1337 28 27 pä
130 1337 126 27 konungens
276 1338 131 20 testamente
422 1336 33 22 till
470 1336 33 22 sin
519 1342 40 15 son
574 1336 77 26 Hertig
666 1335 60 22 Karl.
758 1334 86 22 Samma

84 1372 118 27 grundsats
218 1372 116 27 genomgär
349 1372 122 21 sedermera
487 1371 49 21 med
551 1370 58 22 vissa
619 1369 173 23 modifikationer
802 1368 44 22 alla

84 1406 55 22 efter
155 1406 70 22 denna
239 1406 32 22 tid
287 1406 103 22 utkomna
405 1404 222 28 bergsförfattningar.
658 1404 69 22 Ordet
745 1403 99 27 ,regale*

154 1446 192 19 Ekonomiutskottets
359 1445 116 19 betänkande
488 1446 37 17 N:o
537 1445 17 17 6.
