1039 1625
213 136 12 21 2
423 137 21 22 U.
462 137 22 23 B.
500 149 30 5 —
546 137 63 29 Prop.
626 138 36 22 N:o
680 138 22 22 II.

185 193 122 22 sedermera
329 194 7 20 i
358 194 37 22 sitt
417 194 78 27 afgifna
518 202 48 14 svar
589 196 28 26 på
632 196 40 20 den
688 195 83 27 Nådiga
786 195 158 27 propositionen

185 228 40 21 och
247 228 47 21 från
318 229 54 21 1874
387 230 34 20 års
436 229 74 27 början
526 230 40 21 har
582 229 92 22 derefter
689 230 111 21 tullsatsen
815 229 129 22 fortfarande

185 262 82 26 utgjort
285 263 95 25 grunden
395 263 32 21 för
442 264 168 26 tolagsafgiftens
625 264 144 26 beräknande,
784 266 51 19 utan
851 266 32 19 att
897 264 47 21 här-

186 295 43 22 tills
245 297 65 26 något
326 297 97 27 missnöje
438 298 49 21 med
504 298 69 21 denna
589 298 117 27 anordning
721 297 140 22 förnummits.

255 331 50 20 Med
330 330 98 23 afseende
450 332 52 21 härå
525 332 40 21 har
587 333 106 20 utskottet
708 331 47 22 icke
770 332 73 21 tvekat
858 334 32 19 att
904 332 41 21 för-

185 364 53 21 orda
260 364 59 21 bifall
341 365 31 21 till
395 365 40 22 den
457 373 29 14 nu
508 366 146 27 föreliggande
677 366 83 27 Nådiga
779 366 164 27 propositionen,

184 398 86 22 hvilken
286 399 55 22 afser
356 402 32 19 att
402 399 130 23 fortfarande
547 401 108 21 bibehålla
670 401 111 21 tullsatsen
792 401 68 21 såsom
876 401 68 26 grund

185 432 33 21 för
240 433 167 27 tolagsafgiftens
429 434 142 22 beräknande.
603 435 82 21 Endast
704 435 7 21 i
726 434 59 27 fråga
801 441 34 15 om
851 435 39 20 den
905 435 38 26 tid,

185 468 33 20 för
233 467 85 22 hvilken
334 469 90 21 nämnda
442 469 65 27 zrund
522 469 68 22 borde
606 469 116 22 fastställas
738 471 31 19 att
780 469 61 26 gälla,
853 469 38 21 har
903 475 42 16 me-

185 501 136 28 ningsutbyte
344 502 56 22 inom
423 503 104 22 utskottet
550 505 37 25 ägt
609 510 52 15 rum.
694 503 49 22 Med
759 503 80 28 hänsyn
855 503 32 21 till
903 504 40 21 den

185 535 83 28 Nådiga
290 537 131 27 proposition
443 544 35 15 om
501 538 137 22 motionsrätt
660 537 33 22 för
716 538 121 26 ständerna,
859 544 44 16 som
920 540 24 19 är

184 570 69 22 denna
267 571 103 27 landtdag
384 571 100 28 förelagd,
501 572 38 22 och
556 579 35 15 om
607 572 62 22 hvars
685 572 119 27 antagande
819 573 64 26 något
898 572 46 21 tvif-

183 604 34 22 vel
241 605 17 26 ej
283 605 71 22 kunde
376 607 82 26 uppstå,
474 606 40 22 har
529 607 41 21 den
585 607 55 26 åsigt
655 606 95 27 uttalats,
767 607 35 21 det
817 606 127 22 bestämnin-

184 645 41 20 gen
240 641 32 19 att
287 639 92 22 berörda
394 641 68 26 grund
478 640 53 22 skall
547 641 59 27 tjena
621 640 32 22 till
669 640 105 27 efterföljd
797 642 84 25 ,,intills
897 641 46 20 der-

185 680 33 13 om
242 674 42 20 kan
305 674 8 20 i
328 675 179 27 grundlagsenlig
523 676 94 26 ordning
633 675 140 27 annorlunda
789 676 101 26 stadgas"
907 682 36 14 nu-

184 714 59 15 mera
263 708 71 22 kunde
352 709 129 26 godkännas.
512 710 82 21 Genom
609 710 164 21 motionsrätten
789 710 83 20 komme
887 712 56 18 stän-

185 742 65 21 derna
266 742 6 21 i
288 742 82 22 tillfälle
385 746 38 24 att,
439 746 38 19 när
492 744 56 21 helst
563 744 128 21 förändrade
701 743 147 22 förhållanden
859 744 84 26 påkalla

183 778 32 19 ett
237 776 129 27 frångående
388 777 22 22 af
424 778 41 21 den
484 778 122 22 nuvarande
621 778 96 27 grunden
733 778 32 21 för
780 778 161 27 tolagsafgiften,

183 810 32 21 till
231 811 135 26 regeringens
382 813 118 26 antagande
514 812 109 27 förelägga
640 815 31 18 ett
687 812 132 27 fullständigt
828 812 115 27 lagförslag

182 844 7 21 i
212 846 78 25 ämnet,
314 845 40 21 och
376 845 60 22 äfven
459 852 34 15 om
516 847 59 20 detta
591 847 46 20 icke
653 846 80 21 erhölle
749 846 113 27 styrelsens
877 845 65 27 bifall,

182 885 51 14 vore
254 879 74 26 frågan
350 880 47 21 icke
416 880 120 27 derigenom
552 880 78 22 försatt
645 881 6 20 i
667 881 69 26 någon
753 883 68 18 sämre
837 880 105 27 ställning,

182 915 27 19 än
226 919 34 15 om
276 913 40 21 den
332 913 111 23 bestämda
457 915 123 27 tidsperiod,
596 915 32 21 till
644 915 85 21 hvilken
745 915 113 21 ständerna
873 915 70 20 kunde

182 947 116 22 inskränka
320 948 40 21 den
383 950 121 21 nuvarande
520 950 108 26 grundens
644 949 105 26 ciltighet,
765 949 66 21 skulle
847 949 48 27 löpa
911 948 32 21 till

181 981 57 22 ända
256 984 51 19 utan
326 984 32 19 att
377 989 27 21 ny
420 983 33 27 lag
468 984 7 21 i
490 986 72 19 ämnet
577 983 69 22 blifvit
661 983 22 22 af
697 984 67 26 begge
779 983 164 22 statsmakterna

182 1019 99 23 antagen.
312 1016 104 23 Flertalet
438 1017 22 22 af
481 1018 116 21 utskottets
615 1018 119 21 ledamöter
749 1017 39 22 har
803 1017 54 22 dock
873 1019 70 19 ansett

183 1049 41 22 den
240 1050 22 21 af
276 1051 54 21 1872
347 1051 40 21 och
404 1053 54 20 1877
469 1053 61 20 årens
541 1052 87 21 ständer
638 1052 96 21 uttalade
745 1051 118 27 grundsats,
875 1053 31 19 att
918 1057 25 15 en

181 1084 95 28 tillfällig
290 1085 64 27 skatt,
374 1086 67 22 sådan
456 1093 45 15 som
517 1087 41 21 den
574 1093 28 15 nu
618 1086 169 27 ifrågavarande,
803 1087 34 20 må
853 1086 91 21 bestäm-

181 1125 46 15 mas
243 1120 75 20 endast
334 1119 32 22 för
380 1120 42 22 viss
438 1120 119 28 begränsad
572 1120 38 27 tid,
628 1121 52 21 böra
696 1120 109 26 vidhållas,
817 1120 55 21 helst
887 1122 57 19 stän-

183 1153 77 21 dernas
275 1154 137 21 motionsrätt
427 1157 56 19 ännu
498 1155 46 21 icke
560 1154 69 22 blifvit
645 1155 40 27 lag,
695 1157 56 19 samt
766 1155 40 20 den
817 1154 126 26 omständig-

179 1186 45 28 het,
232 1190 33 18 att
280 1188 115 22 ständerna
410 1188 46 22 icke
472 1190 70 20 kunna
558 1189 102 26 deltaga
649 1182 12 37 i
671 1188 212 27 tull-lagstiftningen,
893 1188 51 21 fort-

179 1221 89 22 farande
291 1222 100 22 utöfvade
411 1223 115 27 inflytande
550 1224 28 26 på
593 1223 85 27 frågans
695 1223 137 21 bedömande.
864 1222 80 21 Förän-

181 1256 66 20 drade
262 1256 106 27 principer
383 1256 7 21 i
406 1256 213 28 tull-lagstiftningen,
631 1257 109 21 äfvensom
756 1256 109 22 städernas
881 1256 65 21 behof

179 1289 24 22 af
216 1290 102 21 förökade
334 1290 124 27 inkomster,
469 1291 71 21 kunde
555 1293 53 25 göra
623 1293 32 19 ett
669 1291 130 27 frångående
815 1290 22 22 af
852 1291 39 21 den
907 1296 38 15 nu-

179 1324 94 21 varande
295 1325 96 26 grunden
407 1326 80 26 nödigt,
510 1326 39 20 och
574 1326 68 21 ehuru
657 1326 109 21 utskottet
780 1325 47 21 icke
842 1324 101 26 betviflat,

178 1360 33 19 att
226 1358 8 21 i
248 1359 77 20 sådant
340 1358 37 21 fall
392 1359 135 27 regeringens
543 1359 60 22 bifall
619 1359 70 22 dertill
705 1359 72 21 kunde
788 1359 79 26 vinnas,
877 1358 67 21 borde

178 1392 56 21 dock
256 1392 46 21 icke
326 1393 122 26 ständerna,
471 1393 7 21 i
500 1399 26 15 en
549 1393 210 27 beskattningsfråga
781 1394 70 20 såsom
868 1393 74 26 denna,

178 1425 45 22 låta
238 1426 39 21 allt
292 1426 64 21 blifva
372 1427 107 22 beroende
494 1428 27 26 på
537 1427 41 22 den
594 1428 67 21 andra
676 1427 153 22 statsmaktens
850 1426 94 27 förgodt-

178 1456 106 25 finnande.
316 1461 41 20 Vid
377 1461 125 27 utlöpandet
517 1461 23 22 af
554 1462 41 21 den
611 1461 124 28 tidsperiod,
752 1461 32 21 för
798 1461 85 21 hvilken
903 1462 41 21 den

246 1500 193 19 Ekonomiutskottets
451 1501 117 18 betänkande
580 1501 38 18 N:o
632 1502 16 18 1.

254 1521 64 14 it
