1025 1620
230 115 25 20 14
544 115 34 22 N:o
594 115 19 22 2.

271 182 23 28 g)
311 184 32 20 att
358 182 33 22 för
406 183 72 27 öfrigt,
495 184 48 20 med
558 184 101 22 afseende
675 184 12 21 å
704 184 165 26 vaccinationen,
885 184 65 21 ställa

200 217 33 26 sig
256 217 33 21 till
312 223 112 21 noggrann
446 218 145 22 efterrättelse
610 219 17 27 ej
648 219 82 21 mindre
750 219 40 21 den
813 218 137 26 instruktion,

200 257 45 15 som
270 251 23 21 af
313 251 222 28 Medicinalstyrelsen
553 253 105 26 utfärdas,
678 255 27 19 än
721 252 62 22 äfven
799 253 26 21 de
840 252 110 26 föreskrif-

199 286 41 24 ter,
264 285 73 21 hvilka
358 286 211 22 Provincialläkaren
592 287 41 21 kan
653 287 58 21 finna
730 287 47 21 skäl
797 289 32 19 att
847 287 103 21 meddela.

271 319 151 27 Stadgandena
444 321 6 21 i
471 327 62 15 mom.
553 321 18 26 b,
587 328 16 18 c,
624 322 20 24 d,
661 328 15 18 e,
699 321 9 27 f
729 322 39 20 och
782 328 14 20 g
819 321 22 21 af
855 320 95 28 denna
933 315 19 37 $

199 354 62 21 skola
279 354 6 21 i
301 354 129 28 tillämpliga
446 356 60 20 delar
522 356 61 20 äfven
599 356 58 26 gälla
672 356 33 21 för
721 356 26 21 de
757 362 109 20 personer,
877 355 73 21 hvilka

197 388 50 21 med
264 389 41 20 den
320 390 7 19 i
343 390 11 26 $
372 391 9 18 1
398 390 109 27 medgifna
521 392 50 24 rätt,
588 393 51 18 utan
656 393 32 18 att
703 396 52 15 vara
766 390 23 21 af
798 390 152 21 kommunerne

198 423 33 20 till
247 423 146 22 vaccinatörer
408 426 100 25 antagna,
524 425 159 21 vaccinationen
700 424 81 21 utöfva.

543 493 12 28 $
573 494 31 20 12.

269 531 41 22 Till
326 533 106 21 vinnande
448 533 22 21 af
486 535 69 19 större
575 533 123 27 pålitlighet
716 533 6 20 i
739 533 101 21 afseende
855 533 12 21 &
882 534 67 20 vacci-

197 566 241 27 nationsdagböckerna,
455 568 54 21 skall
525 568 36 21 vid
577 568 221 25 kommunalstämma,
819 567 129 22 företrädes-

196 601 32 20 vis
244 601 57 21 inom
317 601 235 27 kommunalnämnden,
563 604 58 19 utses
639 609 24 14 en
680 602 53 21 eller
748 601 53 22 flera
818 602 130 27 tillsynings-

196 637 55 24 män,
275 635 73 22 hvilka
370 637 37 20 det
426 637 81 26 äligger
526 639 37 24 att,
585 643 25 15 en
631 637 51 21 hvar
698 637 57 20 inom
772 637 54 20 visst
842 636 107 21 bestämdt

197 670 93 26 omräde,
314 671 101 26 antingen
438 673 52 19 utan
508 672 119 26 ersättning
647 672 53 20 eller
716 672 58 19 emot
789 671 70 26 skälig
874 671 73 21 veder-

195 704 96 27 gällning
314 705 23 20 af
357 705 129 22 kommunen
508 706 74 27 åtfölja
604 706 149 21 vaccinatören
772 705 68 21 under
865 706 79 20 dennes

196 737 162 28 förrättningar,
375 739 115 21 öfvervaka
505 740 172 21 vaccinationens
694 740 57 26 gäng
762 741 56 19 samt
829 739 34 21 vid
875 740 72 26 hvarje

197 772 58 21 såväl
271 773 123 26 ympnings-
410 780 47 15 som
472 774 201 26 granskningsmöte
689 780 101 20 genomsc
806 773 38 21 och
861 774 32 20 till
904 774 43 20 rik-

195 806 97 26 tigheten
307 807 102 27 bestyrka
419 808 118 26 dagboken.

539 871 12 27 8
570 872 29 20 13.

266 909 166 28 Presterskapet
447 911 7 20 i
470 910 179 27 församlingarna
669 911 40 21 bör
725 910 45 21 låta
786 910 32 26 sig
835 910 110 26 angeläget

194 949 52 15 vara
271 945 32 19 att
320 944 35 21 vid
370 944 103 27 lämpliga
488 945 98 21 tillfällen
603 946 38 20 hos
657 946 107 25 allmogen
781 945 67 20 väcka
863 944 40 26 håg
914 945 34 21 för

193 978 163 22 vaccinationen
380 981 55 19 samt
458 980 111 20 framhålla
592 980 79 21 dennas
696 981 60 19 stora
776 985 56 21 sign
852 979 37 21 och
909 979 38 21 all-

193 1014 80 19 männa
289 1014 67 25 nytta.
888 1024 4 6 '

265 1046 171 23 Vederbörande
458 1050 59 24 prest
536 1049 6 19 i
561 1048 73 27 hvarje
654 1048 128 26 församling
802 1048 81 26 äligger
903 1050 44 18 sär-

193 1080 78 21 skildt:

265 1115 22 26 a)
304 1117 38 24 att,
352 1116 54 20 efter
422 1116 127 26 delfäendet,
566 1117 27 26 pä
609 1116 83 27 sätti$
706 1118 26 19 10
742 1122 63 14 mom.
813 1111 12 36 d
842 1118 24 18 är
877 1116 68 26 sagdt,

192 1148 24 21 af
230 1149 26 21 de
279 1149 69 21 under
368 1150 36 21 det
422 1150 131 27 föregäende
569 1151 46 20 äret
630 1151 63 21 förda
709 1150 237 27 vaccinationsdagböc-

191 1182 74 27 kerna,
289 1183 48 21 frän
360 1184 109 21 desamma
491 1185 30 20 uti
545 1185 125 27 kyrkboken
690 1185 106 20 anteckna
816 1184 41 21 alla
878 1185 68 20 under

191 1216 48 22 året
254 1218 146 26 vaccinerade,
412 1219 108 21 äfvensom
532 1219 53 26 dem,
597 1219 72 21 hvilka
681 1218 111 22 bofunnits
802 1224 52 15 vara
865 1220 80 19 oemot-

191 1251 82 27 tagliga
289 1252 34 20 för
338 1253 79 25 vaccin,
434 1253 91 21 hvarhos
541 1254 110 20 enahanda
667 1253 131 26 anteckning
812 1252 78 27 jemväl
906 1252 39 20 bör

191 1285 39 21 ske
246 1286 28 26 pä
290 1286 70 26 grund
375 1286 22 21 af
411 1287 111 21 företedda
537 1287 173 27 flyttningsbevis
732 1289 56 19 samt
804 1287 58 21 bevis
879 1286 22 21 af
915 1286 29 20 lä-

192 1319 52 21 kare
261 1320 54 21 eller
330 1321 97 21 enskilde
443 1322 154 26 vaccinatörer;
945 1332 9 11 .

264 1354 21 26 bd)
301 1357 33 19 att
350 1355 88 27 årligen,
454 1355 45 21 före
514 1356 107 26 utgången
637 1356 22 21 af
674 1356 60 20 Mars
746 1355 84 25 månad,
842 1355 32 20 till
885 1354 59 21 kom-

190 1388 182 22 munalnämnden
400 1388 90 22 aflemna
512 1390 139 26 fullständiga
675 1389 169 26 förteckningar,
870 1390 75 25 uppta-

189 1422 70 25 gande
283 1422 60 22 säväl
368 1424 42 20 alla
432 1424 67 21 under
522 1425 36 21 det
577 1424 129 27 föregäende
727 1424 48 20 äret
794 1424 7 20 i
817 1423 126 21 kommunen
