1031 1620
207 107 29 20 26
431 107 19 20 U.
466 107 20 20 B.
502 117 28 4 —
544 107 54 24 Prop.
614 107 28 20 N:o
656 107 30 20 15.

250 172 12 20 3
277 176 63 17 mom.
356 171 146 28 Likalydande
518 171 50 23 med
583 171 151 22 motsvarande
750 177 63 15 mom.
827 171 8 21 i
849 171 41 22 den
901 170 39 22 nä-

176 205 56 27 diga
246 206 168 27 propositionen.

320 268 22 28 88
359 271 26 19 49
402 269 39 22 och
458 271 33 20 50.
518 268 32 29 ($$
567 271 27 20 50
610 269 40 22 och
666 271 26 20 51
709 269 7 21 i
731 268 69 28 prop.)

250 303 154 23 Oförändrade.

530 366 11 28 8
557 369 34 19 51.

251 401 65 27 Öfver
332 406 92 27 grufvor,
440 413 46 16 som
501 407 116 22 bearbetas
634 407 39 22 och
689 407 47 21 icke
751 406 7 21 i
774 406 32 22 sin
818 406 72 22 helhet
901 408 37 20 äro

178 439 51 23 från
252 441 69 26 dagen
344 441 48 22 fullt
412 441 119 28 äskädliga,
552 441 55 22 skall
622 441 135 28 grufegaren,
773 443 39 20 när
826 441 113 28 Bergssty-

181 475 73 22 relsen
276 475 68 22 finner
364 475 36 23 det
420 476 81 28 nödigt,
520 476 46 22 läta
584 476 29 28 pä
628 483 53 20 egen
702 475 121 23 bekostnad
838 477 102 26 upprätta

182 515 126 22 noggranna
324 510 40 22 och
378 510 140 29 fullständiga
532 511 85 27 kartor;
628 511 97 22 börande
736 510 65 23 dessa
810 510 40 22 och
862 516 76 16 annars

181 544 113 22 tillkomna
308 544 155 31 grufvekartor,
479 545 55 23 efter
544 546 188 28 Bergsstyrelsens
743 545 97 28 pröfning
851 545 40 21 och
902 545 37 21 be-

182 579 141 27 stämmande,
332 586 77 21 genom
417 580 139 28 grufegarens
564 580 86 28 försorg
658 581 7 22 i
675 581 50 21 män
734 579 23 23 af
762 579 66 23 behof
834 579 106 28 komplet-

182 615 59 20 teras
257 615 57 20 samt
329 616 33 21 ett
376 615 108 28 exemplar
500 615 24 22 af
536 615 102 28 samtliga
652 615 76 22 kartor
742 615 57 22 inom
814 615 38 26 tid,
863 620 47 16 som
920 614 22 22 af

182 648 177 28 Bergsstyrelsen
374 649 138 28 bestämmes,
528 650 33 22 dit
575 650 109 27 insändas,
701 650 36 22 vid
752 649 98 28 äfventyr
860 651 32 20 att
903 649 37 28 dy-

181 682 46 23 lika
241 683 75 22 kartor
331 683 63 28 eljest
408 691 77 20 genom
500 684 190 28 Bergsstyrelsens
705 683 171 23 föranstaltande
886 689 53 22 upp-

182 718 70 21 rättas
263 718 29 27 pä
304 718 138 27 grufegarens
454 719 127 27 bekostnad,
593 718 110 23 äfvensom
714 721 33 20 ett
757 720 65 20 annat
832 718 108 27 exemplar

179 751 27 22 af
226 752 102 22 kartorna
351 753 74 22 städse
444 760 51 15 vara
514 753 33 23 för
567 753 162 23 vederbörande
745 753 194 28 bergstjensteman

179 787 39 21 vid
234 787 137 27 grufvefältet
387 788 136 28 tillgängligt.

434 856 10 29 8
461 859 33 20 52.
520 857 20 28 ($
556 859 26 19 53
599 857 7 21 i
620 857 69 27 prop.)

248 874 15 44 1
280 902 64 16 mom.
376 897 64 22 Såväl
456 898 69 22 under
541 898 42 22 den
598 898 32 21 tid
640 898 161 22 försöksarbete
811 897 73 28 pågår,
895 903 45 15 som

181 930 43 22 ock
240 930 55 23 efter
314 932 36 22 det
366 932 67 22 utmål
452 932 70 22 blifvit
537 932 67 28 lagdt,
621 932 71 27 äligge
708 933 38 21 det
760 931 113 28 grufegare
889 931 53 22 eller

181 964 118 23 förvaltare
314 968 34 20 att
363 967 111 27 angäende
491 967 26 22 de
533 967 6 21 i
555 966 115 28 grufvorna
681 966 82 28 ärligen
774 966 124 22 verkstälda
908 972 33 15 ar-

182 999 65 21 beten
263 1002 57 19 samt
336 1000 59 22 öfver
410 1001 102 28 beloppet
527 1001 23 22 af
563 1008 85 15 vunnen
664 1001 64 21 malm
739 1000 53 23 eller
802 1000 74 22 metall
886 1002 55 20 samt

182 1033 132 28 uppfordrad
338 1034 87 29 ofyndig
444 1036 87 27 bergart
550 1036 110 22 äfvensom
680 1036 72 21 dertill
767 1035 97 22 använda
880 1035 62 27 dags-

179 1068 84 22 verken
287 1068 41 22 och
349 1069 118 23 kostnader
489 1070 46 22 föra
550 1076 126 21 noggranna
690 1070 162 26 anteckningar,
868 1068 77 23 hvaraf

178 1104 156 26 sammandrag
357 1104 124 22 sedermera
499 1105 55 21 skall
574 1104 34 23 för
622 1105 75 27 hvarje
713 1104 24 22 år
752 1104 108 22 tillställas
876 1104 66 26 Berg-

182 1138 111 21 mästaren
315 1138 59 21 inom
393 1139 109 27 utgången
521 1138 23 22 af
557 1139 103 22 Februari
676 1139 79 21 månad
770 1139 37 21 det
821 1138 121 28 påföljande

180 1170 58 27 året,
254 1171 36 22 vid
305 1172 43 22 vite
364 1172 23 22 af
400 1173 63 27 tjugu
478 1173 61 22 mark
554 1179 35 16 om
605 1173 79 22 sådant
698 1173 130 22 uraktlåtes.
858 1172 84 22 Samma

182 1205 125 32 skyldighet
322 1207 70 27 åligge
408 1207 62 22 äfven
486 1208 48 26 den,
548 1214 46 15 som
610 1208 108 22 bedrifver
733 1207 85 22 vaskeri
834 1209 56 19 samt
900 1207 43 27 sjö-

181 1240 129 28 malmstägt
331 1241 53 22 eller
406 1242 115 22 bearbetar
541 1242 111 28 fyndighet
671 1242 7 22 i
693 1242 48 22 lösa
756 1241 117 29 jordlager.
903 1241 41 22 Vid

182 1274 115 23 enahanda
312 1276 43 21 vite
370 1276 41 22 bör
426 1282 65 21 egare
510 1276 53 23 eller
574 1276 116 23 förvaltare
700 1276 23 22 af
732 1276 81 28 grufva,
824 1276 119 22 bearbetad

182 1308 112 28 fyndighet
309 1310 7 21 i
328 1310 118 28 jordlager,
465 1312 85 21 vaskeri
566 1311 53 23 eller
637 1312 161 27 sjömalmstägt
812 1310 90 22 aflemna
918 1310 26 22 de

179 1343 77 23 vidare
280 1343 115 29 uppgifter,
419 1344 73 23 hvilka
511 1346 176 27 Bergsstyrelsen
710 1346 44 21 kan
776 1344 57 23 finna
848 1344 96 28 nödigt
932 1339 15 38 i

178 1377 46 23 och
240 1377 33 23 för
289 1385 26 15 en
330 1384 112 22 noggrann
457 1380 163 27 bergsstatistik
634 1380 102 22 infordra.

253 1414 13 20 2
282 1419 63 16 mom.
362 1413 146 23 oförändradt.

251 1451 204 21 Ekonomieutskottets
468 1454 117 18 betänkande
597 1455 37 17 N:o
646 1455 17 17 6.
