1017 1617
239 106 14 24 8
408 108 82 26 Ständ.
505 110 38 24 Sv.
558 123 28 5 —
601 110 72 30 Prop.
689 109 40 25 N:o
746 108 21 25 2.

279 173 37 22 vid
329 174 12 26 $
356 173 29 22 10
398 181 63 15 mom.
477 175 33 28 d):
526 176 34 20 att
573 175 68 21 orden
655 191 13 11 ,,
669 174 150 28 nästföljande
829 174 40 22 år”
879 174 8 21 i
896 172 66 23 slutet

209 206 26 22 af
251 206 70 23 första
334 208 114 28 meningen
462 209 77 22 kunna
553 209 113 22 föranleda
679 210 43 20 den
737 208 176 28 uppfattningen,
928 209 34 20 att

210 241 89 22 dermed
320 248 75 16 menas
414 244 70 21 andra
498 244 47 21 året
559 243 55 22 efter
627 243 177 22 vaccinationens
818 242 143 26 förrättande,

209 274 84 23 kvilket
303 276 49 22 icke
366 278 62 21 torde
442 278 84 26 afsetts,
541 278 101 22 hvarföre
657 284 27 16 en
699 277 160 28 omredigering
871 276 35 22 till
917 276 46 23 vin-

210 311 72 21 nande
297 311 25 21 af
334 312 106 28 tydlighet
454 312 114 22 erfordras.
598 312 123 22 Ständerna
735 312 66 22 hafva
815 312 64 22 äfven
889 313 73 20 ansett

211 344 42 22 den
274 345 40 26 tid,
329 352 47 16 som
389 347 123 27 medgifvits
526 347 162 28 presterskapet
703 346 41 22 och
759 346 201 22 kommunalnämn-

209 379 42 21 den
265 378 36 22 för
315 380 162 27 dagböckernas
492 381 134 28 granskning
640 388 42 20 nog
696 381 75 28 knapp
787 380 41 22 och
842 381 56 26 våga
912 381 48 20 der-

207 412 47 22 före
269 413 110 29 tillstyrka
394 415 48 22 dess
459 415 155 22 utsträckande
629 415 34 22 för
676 415 163 28 presterskapet
854 414 33 21 till
902 415 59 20 med-

207 447 31 22 let
260 447 26 22 af
304 448 94 23 februari
412 450 41 21 och
467 450 35 22 för
516 450 235 23 kommunalnämnden
765 449 34 22 till
814 450 109 27 utgången
938 448 26 22 af

208 488 85 16 samma
306 484 91 26 månad;

275 517 38 22 vid
327 519 11 26 $
354 519 37 21 13:
407 521 33 19 att
454 519 44 22 den
512 519 142 28 bestämning,
665 526 47 14 som
722 518 119 22 innehälles
851 518 8 21 i
869 519 90 20 sednare

207 551 64 22 delen
293 551 25 22 af
337 559 63 16 mom.
420 553 30 26 b),
466 553 105 28 börjande
585 555 50 20 med
649 554 68 21 orden
731 555 76 25 ,,samt,
822 553 30 21 då
865 553 95 21 vaccina-

207 586 221 29 tionsdagböckerna”,
437 595 64 21 synes
511 588 53 21 böra
578 588 74 28 flyttas
661 587 34 22 till
705 587 66 22 slutet
781 587 26 22 af
813 594 64 14 mom.
885 587 30 28 a),
925 586 34 21 för

206 622 33 19 att
253 620 118 29 förebygga
386 623 36 20 det
437 622 157 27 missförstånd,
609 625 33 19 att
659 621 299 28 vaccinationsdagböckerna

205 654 49 22 icke
275 655 94 22 behöfde
390 656 24 21 af
426 657 161 22 vederbörande
602 659 59 26 prest
676 656 123 22 återställas
814 655 34 22 till
862 656 96 21 kommu-

206 689 148 22 nalnämnden
375 690 73 22 förrän
470 691 8 21 i
499 691 58 22 Mars
572 692 85 25 månad,
673 691 70 21 ehuru
758 691 63 20 dessa
836 689 123 28 dagböcker

206 723 69 28 enligt
296 725 12 26 8
329 724 29 21 10
372 731 63 15 mom.
451 726 23 27 d)
489 726 67 21 redan
571 725 7 21 i
592 725 92 22 Januari
698 725 80 21 månad
793 724 53 22 böra
860 724 25 21 af
897 723 61 22 kom-

205 757 185 22 munalnämnden
405 759 34 21 till
453 759 193 28 provincialläkare
660 759 113 27 insändas;

274 792 37 22 vid
326 794 11 25 &
352 793 38 21 14:
405 795 33 20 att
453 793 7 22 i
475 801 63 14 mom.
553 794 23 29 a)
592 795 66 20 orden
669 793 138 28 ,,ympnings-
817 793 40 22 och
867 792 89 28 gransk-

206 826 150 27 ningsmöten”
371 828 61 21 torde
447 828 53 21 böra
515 829 79 21 ändras
609 828 33 21 till
658 828 138 28 ,,ympnings-
807 827 52 22 eller
868 826 91 29 gransk-

206 860 158 27 ningsmöten”,
388 863 52 20 enär
461 862 208 27 provincialläkaren
693 861 107 28 svårligen
821 862 62 21 torde
900 861 59 22 med-

205 894 70 22 hinna
285 897 33 19 att
328 895 112 22 öfvervara
448 896 107 22 hvardera
565 897 8 20 i
583 897 43 21 alla
636 895 93 23 besökta
739 897 112 24 områden;
862 895 96 23 hvarför-

205 931 62 19 utom
281 929 119 27 anmärkts,
416 932 33 19 att
464 931 8 20 i
487 931 65 21 slutet
566 931 25 21 af
598 937 83 15 samma
691 932 11 25 $
714 937 28 15 en
751 930 129 28 hänvisning
889 930 69 28 gjorts

204 963 35 21 till
265 965 12 26 &
295 964 35 26 30,
345 964 68 21 ehuru
428 965 72 27 någon
514 966 12 26 $
541 966 49 21 med
604 966 73 21 denna
691 971 99 15 nummer
804 965 49 21 icke
867 965 8 20 i
890 964 67 28 regle-

205 1000 84 19 mentet
303 998 153 27 förekommer;

273 1032 36 22 vid
331 1034 12 25 $
364 1033 38 21 16:
425 1036 33 19 att
473 1034 27 21 de
515 1033 129 28 åligganden
659 1033 8 22 i
682 1033 103 22 afseende
800 1034 13 21 &
827 1033 130 23 vaccinatio-

204 1072 50 20 nen,
277 1066 74 22 hvilka
365 1068 29 27 på
408 1067 75 22 landet
497 1069 38 20 äro
549 1068 236 22 kommunalnämnden
799 1069 136 26 uppdragna,
950 1068 8 21 i

203 1101 50 20 stad
277 1107 64 22 synas
363 1101 53 22 böra
438 1102 150 26 öfverlemnas,
602 1102 48 21 icke
665 1102 35 21 till
713 1101 114 28 magistrat
842 1102 52 21 eller
908 1103 50 20 ord-

203 1134 117 29 ningsrätt,
343 1137 53 20 utan
419 1136 71 21 direkt
504 1136 34 21 till
552 1136 243 27 helsovårdsnämnden,
809 1136 93 27 hvilken,
920 1143 37 15 en-

202 1168 41 27 ligt
257 1169 156 28 förordningen
428 1171 42 21 den
485 1172 29 20 22
523 1171 51 21 Dec.
585 1171 62 26 1879,
657 1171 42 21 har
708 1171 33 27 sig
751 1171 128 28 uppdraget,
889 1171 68 21 bland

202 1205 77 24 annat,
301 1205 34 19 att
355 1205 191 27 uppmärksamma
568 1205 111 22 allmänna
700 1205 142 22 helsovården
856 1205 8 21 i
879 1205 77 21 staden

202 1236 41 22 och
265 1237 118 23 öfvervaka
398 1238 156 23 efterlefnaden
569 1239 25 22 af
605 1239 102 28 gällande
722 1238 135 22 föreskrifter
871 1240 85 24 derom;

271 1272 37 22 vid
330 1274 11 25 $
363 1273 37 20 18:
422 1275 34 19 att
470 1274 126 27 lämpligare
610 1274 35 22 val
659 1273 26 22 af
697 1273 172 27 tillsyningsmän
884 1274 8 20 i
907 1274 49 20 stad

201 1306 64 20 torde
287 1306 75 22 kunna
383 1307 82 26 träffas,
485 1314 35 15 om
534 1308 61 21 desse
610 1310 59 20 utses
684 1307 26 22 af
721 1308 235 22 helsovårdsnämnden

201 1341 64 24 samt,
288 1340 8 21 i
319 1340 141 22 konformitet
481 1342 49 21 med
552 1342 131 27 stadgandet
703 1342 8 21 i
726 1343 8 26 &
752 1342 35 25 12,
803 1342 152 21 företrädesvis

201 1372 69 22 bland
293 1375 48 21 dess
355 1375 148 27 medlemmar,
518 1376 74 22 hvilka
606 1376 127 27 härigenom
748 1376 64 22 äfven
826 1382 72 16 vunne
912 1375 43 22 till-

200 1407 53 21 fälle
268 1410 34 20 att
317 1411 52 25 taga
383 1411 101 21 närmare
498 1410 121 22 kännedom
634 1418 36 14 om
685 1410 271 22 sundhetsförhållandena

200 1442 8 21 i
223 1442 86 26 staden;
