1036 1620
324 107 22 23 U.
363 107 22 22 B.
401 118 29 6 —
447 106 60 29 Prop.
524 106 37 23 N:o
578 107 29 22 16.
792 105 23 20 11

90 165 101 22 händelse
214 165 150 26 förordningen
387 164 85 21 komme
497 166 31 19 att
550 163 63 22 träda
637 163 7 21 i
669 162 97 27 gällande
790 160 57 22 kraft

90 200 7 21 i
121 199 88 22 Januari
233 199 83 26 mänad,
341 198 110 27 magistrat
476 198 68 21 skulle
568 204 51 15 vara
645 200 92 23 tvungen
761 197 32 20 att
818 194 29 22 af-

90 233 51 22 bida
165 233 36 22 det
224 233 92 27 följande
345 234 47 21 året
421 233 32 21 för
482 232 32 22 sin
544 231 155 27 framställning
722 231 7 20 i
759 229 88 22 ärendet

90 267 33 22 till
147 267 196 27 stadsfullmäktige.
376 267 37 22 Uti
437 273 62 15 mom.
524 267 12 21 2
559 267 39 21 har
622 267 105 20 utskottet
751 263 96 23 uteslutit

90 302 204 27 tidsbestämningen
310 301 70 26 ,inom
396 301 103 22 Februari
514 301 98 26 månad",
638 300 88 22 emedan
749 299 36 21 det
804 298 44 21 må-

91 336 72 22 hända
186 336 46 22 icke
256 336 59 21 alltid
340 342 50 15 vore
413 335 82 27 möjligt
520 337 32 20 att
582 335 88 22 slutföra
697 333 88 23 ärendet
809 332 38 21 hos

91 370 191 27 stadsfullmäktige
298 370 38 22 och
352 370 137 27 magistraten
509 371 24 20 så
548 369 68 27 tidigt,
642 371 32 20 att
696 367 152 27 handlingarne

91 405 57 21 inom
173 405 103 21 Februari
304 405 76 21 månad
405 405 71 20 hunne
505 404 32 21 till
562 403 151 28 länestyrelsen
743 401 104 26 afsändas,

95 439 39 21 och
149 439 201 26 tidsbestämningen
375 438 47 22 icke
446 438 69 22 heller
529 444 62 22 synes
607 444 51 15 vara
673 437 92 22 särdeles
781 436 68 21 makt-

92 472 131 28 påliggande.
254 474 42 20 Det
314 474 20 20 3.
349 479 62 15 mom.
439 475 24 19 är
487 473 23 21 af
532 473 106 21 utskottet
655 472 84 27 tillagdt
756 470 48 22 med
820 469 29 23 af-

94 507 77 22 seende
187 508 57 24 derå,
270 509 32 20 att
319 508 68 26 någon
403 514 27 20 ny
446 507 134 27 anläggning,
605 506 170 28 nyuppkommen
790 505 59 21 kom-

92 542 132 21 munikation
239 548 17 15 o.
274 548 16 15 s.
306 548 18 15 v.
341 542 70 21 kunde
426 541 112 22 framkalla
563 543 32 20 ett
613 541 118 21 oförutsedt
749 539 66 22 behof
828 538 23 22 af

93 570 222 33 utskänkningsställe,
340 576 33 21 för
392 576 83 21 hvilket
489 576 37 22 fall
542 576 111 27 magistrat
668 575 37 21 bör
720 573 129 23 förbehällas

93 612 44 20 rätt
151 612 33 20 att
198 612 52 25 göra
266 610 154 27 framställning
435 610 33 22 till
483 610 191 27 stadsfullmäktige
698 609 61 22 äfven
782 608 67 22 under

93 644 73 28 loppet
180 644 23 22 af
217 645 25 21 de
258 646 36 20 tvä
309 646 30 25 är,
354 644 133 28 regleringen
503 644 69 22 afsett.

162 678 12 29 &
192 680 23 20 11
233 681 118 20 motsvarar
366 678 29 29 88
411 680 14 20 4
441 679 40 21 och
497 680 12 20 5
534 679 7 21 i
562 678 101 27 förslaget
678 678 31 21 till
725 676 124 28 förordning
864 675 11 27 $
893 676 33 20 11.

93 719 34 15 om
142 713 96 22 vilkoren
253 713 33 22 för
301 713 123 27 försäljning
439 713 33 21 till
487 713 103 27 förtäring
612 714 27 26 pä
654 712 76 22 stället.
761 711 88 22 Utskot-

92 748 32 20 tet
138 747 40 22 har
192 748 18 26 ej
226 750 71 19 ansett
312 748 31 26 sig
357 748 72 21 kunna
444 747 85 23 biträda
544 748 40 21 den
599 747 7 21 i
622 747 159 27 propositionen
795 745 54 21 före-

92 781 74 27 slagna
181 782 123 27 anordning,
330 784 31 20 att
386 782 113 27 magistrat
522 782 68 21 skulle
609 782 62 21 hvart
686 783 65 20 annat
765 781 25 21 är
805 780 44 21 läta

92 816 51 26 utgä
163 822 25 15 en
204 816 129 27 uppmaning
357 816 32 21 till
414 815 66 23 täflan
506 823 34 14 om
563 814 285 29 utskänkningsrättigheter,

93 850 88 21 emedan
190 850 104 22 utskottet
308 850 89 27 befarat,
413 852 33 19 att
462 851 59 21 detta
536 850 67 21 skulle
614 849 109 22 framkalla
739 855 26 15 en
780 850 69 20 större

93 884 133 27 spekulation
242 884 7 21 i
264 885 70 21 denna
347 885 94 21 branche
457 887 27 19 än
499 884 105 23 mähända
619 891 50 14 vore
684 883 97 27 önskligt.
811 882 39 22 Ut-

92 919 82 21 skottet
198 919 40 21 har
263 919 82 22 derföre
367 919 144 27 omredigerat
528 925 62 15 mom.
609 920 10 20 1
646 919 85 26 derhän,
757 919 32 20 att
814 917 36 22 det

92 952 75 22 blifver
187 953 153 22 öfverlemnadt
363 960 58 15 mera
436 954 24 21 ät
483 954 40 21 den
539 953 95 22 enskilda
658 951 191 28 företagsamheten

93 989 32 19 att
149 987 81 22 ansöka
254 987 266 28 utskänkningsrättighet,
546 987 39 22 och
610 987 137 28 magistraten
769 986 80 21 lemnas

93 1023 64 26 öppet
172 1024 32 19 att
219 1021 73 22 bifalla
307 1021 178 28 ansökningarne,
510 1022 6 21 i
532 1022 41 21 den
588 1023 49 20 män
653 1022 60 21 dessa
728 1023 37 20 äro
781 1020 68 21 fören-

92 1055 43 28 liga
150 1056 48 21 med
213 1056 26 21 de
248 1056 106 22 allmänna
369 1056 165 27 bestämningar,
550 1056 233 28 stadsmyndigheterne
799 1054 51 22 eller

92 1089 151 28 länestyrelsen
262 1091 34 21 för
310 1091 71 27 hvarje
396 1091 159 22 tvä-ärstermin
576 1091 94 26 vidtagit.
701 1090 64 22 Mom.
783 1089 12 21 2
811 1088 38 22 har

91 1124 105 22 utskottet
220 1124 71 27 tillagt
316 1125 48 21 med
389 1125 104 22 särskildt
522 1125 98 22 afseende
649 1125 13 21 &
686 1123 163 27 utskänknings-

90 1158 96 27 bolagen.

161 1193 10 27 8
190 1194 24 21 12
240 1195 118 20 motsvarar
374 1193 12 28 &
403 1194 19 21 6.
439 1193 7 22 i
462 1193 101 27 förslaget
578 1193 32 22 till
624 1193 125 26 förordning
763 1198 35 15 om
814 1191 36 22 vil-
865 1192 13 28 $
895 1192 33 21 12.

93 1226 66 22 koren
174 1227 33 21 för
221 1227 123 27 försäljning
359 1227 32 21 till
407 1227 106 28 förtäring
527 1228 27 27 pä
569 1228 77 21 stället.

159 1261 111 22 Utskottet
294 1262 38 21 har
346 1262 49 22 låtit
415 1262 68 22 orden
505 1279 10 8 ,
518 1262 47 22 med
581 1262 142 26 vederbörligt
738 1260 110 22 tillstånd"

91 1296 57 26 utgå,
173 1296 88 21 emedan
287 1296 125 21 tvifvelsmål
431 1296 97 27 uttalats,
552 1296 102 22 huruvida
678 1296 65 27 något
767 1294 82 28 lagrum

90 1330 71 22 kunde
182 1330 104 28 åberopas
310 1330 34 22 för
358 1330 152 22 meddelandet
525 1331 22 21 af
558 1330 96 22 tillstånd
668 1330 32 22 till
716 1329 133 27 anläggande

90 1362 22 22 af
125 1364 102 22 värdshus
242 1365 28 26 på
284 1364 79 22 landet.

159 1398 11 28 $
194 1399 26 21 13
238 1401 119 19 motsvarar
372 1400 13 25 8
401 1400 19 20 8.
437 1399 8 21 i
461 1399 100 27 förslaget
576 1399 32 21 till
623 1398 124 27 förordning
763 1404 34 15 om
813 1398 36 21 vil-
864 1398 14 28 &
896 1398 32 21 13.

89 1431 66 23 koren
170 1432 33 22 för
217 1432 123 28 försäljning
355 1434 32 20 till
403 1434 139 27 afhemtning.

158 1472 190 18 Ekonomiutskottets
361 1473 120 19 betänkande
494 1474 35 18 N:o
542 1474 11 16 3
