1028 1623
200 94 24 21 16
416 96 19 19 U.
451 95 18 20 B.
484 106 30 4 —
529 96 54 24 Prop.
598 96 28 19 N:o
641 96 31 20 15.

169 158 119 28 förbjudet;
305 160 41 21 och
361 166 40 21 ege
417 161 47 26 den,
481 160 65 22 hvars
562 162 45 20 rätt
621 160 71 22 blifvit
706 160 129 27 förnärmad,
848 162 33 20 att
891 162 39 19 när

170 193 41 22 han
235 193 42 27 vill,
298 193 22 22 få
335 195 79 22 verkan
435 195 23 22 af
470 195 124 22 mutsedeln
610 195 77 22 häfven
702 201 78 21 genom
795 195 78 28 klagan
889 195 39 21 hos

169 227 183 28 Bergsstyrelsen,
369 235 34 16 om
419 229 41 22 den
475 229 112 22 inmutade
605 229 138 28 fyndigheten
760 230 19 27 ej
795 231 64 26 utgör
874 229 56 22 före-

170 262 43 21 mål
235 261 34 23 för
290 263 121 28 inmutniog
430 264 66 27 enligt
511 265 14 26 $
543 266 18 24 1,
577 270 48 16 men
642 264 55 22 efter
712 264 109 27 stämning
836 264 40 21 hos
892 264 37 22 do-

170 303 81 20 maren,
267 303 35 16 om
316 297 33 22 för
364 299 147 26 inmutningen
527 300 66 20 annat
608 299 77 21 hinder
699 300 81 20 möter.

239 331 35 22 Dä
292 332 91 22 klander
402 332 22 22 af
436 333 109 22 mutsedel
560 333 7 22 i
582 333 94 22 berörda
691 332 37 23 fall
744 333 75 28 gjorts,
834 333 35 21 mä
885 333 43 21 Gu-

170 367 105 20 vernören
298 367 28 27 pä
348 368 120 27 ansökning
486 368 100 22 meddela
605 367 79 23 förbud
699 367 34 23 för
749 368 95 22 arbetets
859 367 70 22 vidta-

171 400 71 27 gande
258 401 53 22 eller
325 401 150 24 fortsättande.

241 437 12 20 3
267 441 63 16 mom.
347 435 146 24 oförändradt.

521 499 11 29 8
549 502 32 19 13.

242 541 11 19 1
270 545 62 16 mom.
348 540 45 21 lika
408 536 48 26 med
471 541 11 26 $
502 542 24 20 13
542 541 7 20 i
565 541 42 21 den
622 540 79 27 nädiga
716 540 169 27 propositionen.

241 575 14 19 2
271 579 62 16 mom.
364 574 207 28 Inmutningsrätten
582 575 32 21 till
625 574 165 28 guldfyndighet
800 574 7 21 i
816 574 46 22 lösa
870 573 59 28 jord-

171 607 61 28 lager
247 614 50 16 vare
313 610 52 20 utan
380 609 72 22 vidare
472 610 93 27 omgäng
579 609 115 23 förverkad
710 609 27 22 dä
751 610 121 21 inmutaren
887 608 43 23 för-

172 644 95 20 summat
289 645 33 20 att
343 644 57 21 inom
416 643 141 24 föreskrifven
573 645 32 21 tid
620 645 88 27 erlägga
724 645 41 21 den
780 644 6 21 i
803 643 10 29 $
830 645 10 20 1
852 643 78 22 omför-

171 677 74 22 mälda
260 677 67 28 afgift.

519 713 11 29 8
548 716 32 19 14.

241 746 43 22 Vill
299 747 137 23 innehafvare
452 748 23 22 af
488 748 109 22 mutsedel
613 748 123 22 densamma
748 748 23 21 åt
781 754 69 15 annan
862 746 68 23 öfver-

171 780 51 28 låta,
239 781 56 22 skall
311 781 151 23 öfverlätelsen
477 782 122 28 skriftligen
614 782 90 22 tecknas
720 782 13 22 &
743 782 132 26 mutsedeln;
891 781 40 22 och

173 815 82 28 äligger
276 817 41 21 den
333 823 42 21 nya
390 817 160 28 innehafvaren,
568 817 37 22 vid
621 817 98 27 äfventyr
734 818 33 20 att
782 816 150 23 öfverlätelsen

173 850 62 27 eljest
251 853 24 19 är
289 851 64 26 ogild,
369 851 19 28 ej
405 851 92 22 allenast
511 852 58 21 inom
585 852 69 21 sextio
671 851 67 28 dagar
754 851 56 22 efter
824 851 38 22 det
876 853 56 19 mut-

172 885 75 22 sedeln
263 885 90 22 kommit
367 886 8 21 i
390 886 54 22 hans
460 889 46 25 ägo,
524 887 85 21 anmäla
624 886 34 27 sig
672 886 41 21 hos
724 886 166 27 Bergmästaren
900 884 33 23 för

174 919 127 22 erhällande
317 920 22 21 af
353 921 80 21 dennes
453 921 132 27 päteckning
601 921 57 26 derä,
676 922 52 20 utan
744 920 47 26 ock,
808 920 7 21 i
829 919 103 22 händelse

173 953 153 23 Ofverlätelsen
341 955 24 21 af
378 955 167 28 Bergmästaren
562 956 132 26 godkännes,
712 955 57 22 inom
784 955 44 21 lika
843 955 31 21 tid
885 954 48 22 der-

173 988 55 22 efter
243 989 118 27 bevisligen
381 990 127 22 underrätta
527 990 163 22 vederbörande
702 989 116 28 jordägare
834 989 52 22 eller
901 989 31 20 in-

172 1023 117 22 nehafvare
305 1029 34 16 om
355 1024 151 23 öfverlätelsen
523 1025 41 21 och
574 1025 45 21 låta
629 1024 123 22 mutsedeln
763 1024 55 27 ånyo
828 1023 104 27 kungöra.

242 1059 13 20 2
271 1065 62 15 mom.
364 1059 110 22 Mutsedel
494 1060 13 21 &
527 1059 224 28 sjömalmsfyndighet
770 1058 33 22 fär
818 1057 114 23 öfverlätas

173 1093 79 21 endast
267 1093 32 21 till
315 1095 66 26 ägare
397 1094 52 21 eller
465 1094 116 27 anläggare
597 1093 23 22 af
632 1093 56 22 bruk
703 1093 34 22 för
747 1092 186 28 tillgodogörande

173 1126 22 23 af
208 1127 107 28 sjömalm.

242 1164 13 20 3
271 1169 62 15 mom.
349 1163 139 28 likalydande
502 1163 51 22 med
569 1165 13 19 4
597 1169 63 16 mom.
676 1163 7 21 i
698 1161 169 29 propositionen.

478 1268 15 20 3
508 1267 115 25 Kapitlet.

291 1317 38 23 Om
344 1317 135 30 skärpnings
495 1317 42 23 och
551 1318 69 22 annat
634 1316 176 24 försöksarbete.

522 1382 11 26 8
551 1383 32 20 15.

242 1409 143 23 Oförändrad.

241 1448 205 20 Ekonomieutskottets
459 1448 117 20 betänkande
591 1450 37 17 N:o
640 1450 16 16 6.
