1053 2339
224 519 12 20 6
531 522 35 22 N:o
582 522 30 22 12.

268 589 115 26 Angående
408 591 85 26 sytning
512 597 46 15 som
574 591 139 21 härförinnan
730 591 70 21 blifvit
817 593 67 24 någon
901 590 46 20 från

195 623 170 22 kronohemman
388 625 6 20 i
418 625 48 26 laga
488 626 91 26 ordning
594 626 122 25 tillerkänd,
733 626 56 26 gälle
805 625 53 21 hvad
875 625 71 20 derom

195 658 24 20 är
243 658 107 26 stadgadt,
374 665 47 15 men
441 659 17 27 ej
476 660 34 20 må
526 660 168 21 kronohemman
710 660 114 21 framdeles
840 660 47 20 med
903 661 43 25 syt-

196 692 50 26 ning
262 692 95 21 belastas
373 693 52 22 eller
441 700 51 20 egor
509 695 34 20 vid
560 694 138 21 öfverlåtelse
714 694 47 21 från
772 694 126 27 lägenheten
909 701 38 14 un-

195 726 111 27 dantagas.

268 761 41 21 Vid
333 761 135 23 öfverlätelse
491 763 22 21 af
535 763 176 27 besittningsrätt
730 763 32 21 till
782 763 164 21 kronohemman

196 802 50 14 vare
270 796 67 21 åbons
361 797 52 21 barn
432 798 40 21 och
488 798 54 21 efter
558 799 48 21 dem
622 799 53 21 hans
691 799 107 20 föräldrar
814 798 133 27 berättigade

195 832 32 19 att
243 830 201 28 besittningsrätten
461 833 73 26 börda,
551 833 27 27 på
594 835 43 19 sätt
656 834 3 20 i
677 834 26 20 22
719 833 11 27 $
747 835 93 19 nämnes.

520 920 66 26 Kap.
602 920 23 21 2.

287 975 33 22 Om
337 976 101 22 särskilda
453 977 21 21 af
490 976 82 22 åborätt
588 977 126 28 härflytande
731 977 125 27 rättigheter.

550 1034 11 28 8
577 1036 19 20 9.

268 1068 46 26 Åbo
338 1074 13 20 &
373 1074 167 21 kronohemman
563 1081 51 15 vare
630 1075 79 21 tillåtet
725 1077 33 19 att
773 1075 125 26 lägenheten
914 1075 33 21 för

194 1107 75 27 längre
292 1108 52 20 eller
367 1109 86 21 kortare
480 1109 32 21 del
536 1109 23 21 af
576 1110 32 20 sin
624 1110 163 26 besittningstid
804 1110 32 20 till
851 1116 68 14 annan
936 1110 12 20 å

195 1142 91 21 arrende
309 1142 96 27 upplåta,
429 1150 34 14 om
491 1143 146 27 Guvernören,
661 1144 64 21 hvars
749 1144 99 26 pröfning
873 1144 75 20 aftalet

195 1176 73 21 derom
291 1176 40 21 bör
354 1177 150 25 underställas,
528 1178 125 26 godkänner
671 1184 107 21 personen
795 1178 39 21 och
848 1178 99 21 arrende-

195 1210 104 22 vilkoren.

540 1241 12 27 $
570 1242 32 20 10.

251 1280 44 21 Vill
318 1280 40 21 äbo
382 1281 44 20 låta
450 1281 12 20 å
484 1281 122 21 hemmanet
629 1281 93 26 anlägga
739 1283 55 24 torp,
811 1281 78 20 ansöke
905 1281 42 20 till-

195 1313 63 22 stånd
275 1314 71 21 dertill
363 1315 22 20 af
400 1315 146 26 Guvernören,
568 1321 44 15 som
629 1315 55 21 låter
700 1321 39 21 syn
756 1315 12 21 å
784 1315 72 21 stället
871 1315 77 21 förrät-

193 1350 34 19 tas
251 1349 23 20 af
291 1349 148 27 kronofogden
455 1350 52 21 eller
523 1350 138 21 länsmannen
679 1351 62 25 samt,
757 1350 7 21 i
780 1349 38 22 fall
834 1350 114 21 ansöknin-

193 1389 41 20 gen
251 1383 94 21 derefter
360 1383 91 27 bifalles,
468 1384 140 21 föreskrifver
624 1385 55 20 hvad
695 1385 49 20 från
760 1386 72 25 torpet
846 1385 33 20 till
891 1385 56 20 hem-

194 1419 83 19 manets
302 1418 75 26 styrka
401 1424 32 15 om
458 1419 46 20 året
527 1419 39 20 bör
590 1419 65 20 minst
673 1421 97 24 utgöras,
790 1421 55 18 samt
860 1425 34 14 om
910 1419 38 20 och

193 1451 56 21 huru
265 1452 78 26 många
354 1452 104 21 frihetsår
469 1453 35 21 må
514 1455 102 25 torparen
628 1453 110 21 förunnas.
762 1453 9 20 I
784 1453 75 20 sådant
871 1453 77 20 ärende

193 1486 34 20 må
250 1486 96 21 hvarken
369 1487 59 21 lösen
453 1488 52 21 eller
528 1494 70 14 annan
617 1488 93 20 kostnad
730 1487 108 21 sökanden
855 1487 92 26 åläggas.

193 1520 43 21 Vill
260 1521 47 25 den,
331 1527 43 14 som
392 1521 23 21 af
429 1521 40 22 åbo
486 1522 31 21 till
534 1524 87 24 torpare
637 1522 33 21 för
687 1523 58 19 vissa
761 1525 23 17 är
800 1521 99 26 antagits,
917 1523 32 19 att

194 1554 77 22 aftalet
287 1555 73 21 derom
377 1556 54 21 skall
448 1558 58 20 emot
522 1564 26 20 ny
564 1557 41 20 åbo
621 1557 63 26 gälla,
703 1557 79 25 begäre
798 1556 149 21 Guvernörens

193 1589 139 21 stadfästelse
356 1590 63 26 derå;
443 1591 38 21 och
506 1591 61 21 skola
590 1592 65 25 sagde
679 1591 61 26 aftal,
763 1590 62 21 äfven
844 1590 52 21 efter
913 1591 36 20 det

192 1623 123 21 hemmanet
330 1624 71 21 blifvit
417 1625 53 27 köpt
486 1626 32 20 till
540 1626 77 25 skatte,
633 1632 52 14 vara
701 1625 107 26 gällande,
825 1625 71 20 derest
912 1631 36 14 an-

192 1658 71 20 mälan
281 1664 33 14 om
330 1658 77 22 aftalet
423 1660 39 20 hos
474 1660 164 26 Länestyrelsen
650 1660 70 26 gjorts
731 1660 57 20 inom
800 1660 40 20 den
850 1659 7 20 i
869 1659 79 20 skatte-

192 1692 202 26 köpskungörelsen
419 1696 82 18 utsatta
525 1694 121 20 klandertid
671 1694 39 20 och
735 1694 122 25 inteckning
877 1693 71 21 seder-

192 1733 59 14 mera
275 1727 71 21 blifvit
365 1728 50 20 sökt
432 1728 40 21 sist
488 1729 34 19 vid
539 1729 36 20 det
591 1729 52 25 ting,
660 1735 45 14 som
723 1728 55 21 först
795 1728 84 20 infaller
895 1728 54 20 efter

192 1763 32 19 ett
240 1762 30 25 år,
289 1762 65 20 sedan
371 1762 157 22 skattebrefvet
543 1763 114 21 utfärdats.
683 1763 107 20 Beträdes
804 1765 85 23 torpare
901 1762 47 20 med

191 1795 151 23 försummelse
365 1797 7 20 i
396 1797 146 27 fullgörandet
564 1798 23 20 af
609 1798 46 20 sina
679 1798 136 25 åligganden,
834 1797 51 20 eller
901 1797 48 20 med

191 1830 95 21 åverkan
311 1831 53 21 eller
387 1838 70 15 annan
481 1832 154 22 öfverträdelse
651 1832 23 21 af
688 1832 58 21 hvad
761 1832 35 25 lag
812 1837 33 15 om
861 1831 88 21 förvalt-
