1036 1623
324 128 19 19 U.
359 128 20 20 B.
397 138 24 4 —
439 127 54 25 Prop.
510 128 31 19 N:o
557 127 31 20 12.
797 127 12 20 3

145 188 67 26 Äfven
228 192 70 22 denna
312 193 14 26 8
340 192 121 22 innehåller
476 192 128 27 hänvisning
620 192 33 21 till
664 192 107 22 särskilda
779 190 59 23 stad-

77 227 94 28 ganden;
188 226 40 22 och
244 227 59 21 såväl
319 226 22 22 af
355 227 70 22 denna
445 227 116 27 anledning
576 233 47 15 som
638 226 34 22 för
687 228 33 20 att
734 227 63 21 vinna
813 232 26 15 en

77 261 94 27 behöflig
185 261 116 28 utredning
316 268 33 15 om
365 262 128 21 äborättens
508 263 64 20 natur
586 261 41 22 och
642 260 162 28 hufvuddragen
819 259 23 23 af

78 297 50 21 dess
150 296 116 28 uppkomst
288 296 81 22 tilläter
391 296 34 28 sig
445 296 114 22 Utskottet
575 298 33 20 att
623 296 40 22 här
678 295 161 23 sammanställa

78 331 67 27 nägra
160 331 126 22 dithörande
301 330 196 23 sakförhällanden.

149 366 71 22 Sedan
243 366 93 22 svenska
355 366 83 22 kronan
461 368 46 20 mot
530 366 69 22 slutet
617 366 23 21 af
653 366 131 22 medeltiden
799 365 40 22 och

79 407 42 22 nya
143 401 70 22 tidens
235 400 75 28 början
330 400 71 28 tillagt
417 400 33 28 sig
466 400 156 28 eganderätten
637 400 33 22 till
686 400 28 22 all
730 401 40 22 den
783 399 56 29 jord,

80 441 47 16 som
142 437 57 21 ännu
214 436 48 21 icke
277 442 37 15 var
330 442 76 21 genom
423 436 73 27 stadig
511 435 74 28 odling
602 437 66 26 tagen
683 435 7 22 i
705 435 84 22 enskild
803 435 38 22 be-

81 470 95 27 sittning,
201 471 107 27 uppstodo
331 471 57 21 inom
411 470 90 28 Sverige
521 471 41 22 och
576 471 8 21 i
599 471 117 27 synnerhet
730 470 7 21 i
751 469 91 22 Finland

81 511 27 16 en
124 507 46 20 stor
184 505 80 27 mängd
279 505 104 26 hemman,
399 505 80 26 hvilka,
496 505 72 22 säsom
583 507 111 26 upptagna
708 505 30 27 pä
747 505 94 21 kronans

80 540 67 27 mark,
172 540 90 27 ansägos
283 539 33 22 för
331 540 50 22 dess
397 540 143 27 tillhörighet.
570 540 48 22 Den
634 541 44 20 rätt
691 540 151 28 bebyggarene

80 574 23 22 af
125 575 64 22 dessa
212 575 40 21 och
275 574 66 22 andra
362 575 127 26 kronogods
513 576 112 26 gentemot
647 575 82 21 kronan
752 575 88 26 erhöllo,

79 609 75 22 kunde
176 609 48 22 icke
240 609 64 22 blifva
320 615 68 16 annan
405 611 27 20 än
447 609 93 22 landbos
557 610 13 21 ä
584 609 133 22 främmande
729 609 56 28 jord,
801 609 41 22 och

81 650 49 15 man
145 643 67 22 finner
228 644 61 22 äfven
304 645 33 20 att
351 644 147 22 förhällandet
513 644 91 22 emellan
619 645 82 21 kronan
717 644 40 22 och
765 645 78 21 krono-

81 679 111 21 bönderna
207 679 74 21 städse
296 679 121 21 betraktats
435 679 40 21 och
492 679 129 22 behandlats
638 679 72 22 säsom
725 680 32 21 ett
764 678 79 23 förhäl-

81 713 64 22 lande
160 713 77 22 mellan
250 713 114 28 jordegare
380 713 41 22 och
437 713 87 27 landbo,
541 720 34 15 om
592 714 40 21 ock
648 714 81 21 kronan
743 714 32 21 tid
790 713 56 22 efter

82 754 70 15 annan
174 748 88 27 beviljat
285 748 46 21 sina
345 748 84 22 bönder
444 749 59 21 vissa
518 748 115 27 förmoner,
649 748 86 22 hvartill
751 748 41 21 den
808 754 37 15 en-

82 782 40 27 ligt
137 782 108 22 allmänna
259 783 64 28 lagen
339 783 48 22 icke
402 783 57 21 varit
475 783 123 27 förpligtad.
629 783 168 22 Kronoäboerne
808 789 37 15 an-

83 819 62 25 togos
161 816 23 22 af
196 818 94 22 kronans
304 818 137 27 tjenstemän,
457 818 206 28 landshöfdingarne
679 818 40 22 och
734 818 111 27 fogdarne,

84 854 57 19 emot
157 852 129 28 erläggande
301 852 23 22 af
337 853 77 27 städja,
431 853 7 21 i
454 853 76 28 början
546 853 34 22 för
593 859 38 16 sex
647 853 24 21 är
686 852 99 27 isender,
796 858 49 15 men

83 886 125 22 sedermera
223 887 62 22 äfven
300 888 28 26 pä
342 888 75 26 längre
433 888 40 26 tid,
491 888 40 22 och
547 888 38 21 det
600 894 64 22 synes
680 887 115 26 sannolikt,
812 888 33 20 att

83 920 143 23 förhällandet
248 921 117 29 efterhand,
383 922 132 22 ätminstone
535 923 13 21 &
564 930 26 14 en
606 923 35 21 del
657 924 64 25 orter,
737 921 108 27 öfvergätt

84 955 32 21 till
139 955 156 29 lifstidsstädja.
325 956 80 22 Likasä
427 957 64 22 torde
507 958 68 21 redan
591 957 83 27 ganska
688 956 64 28 tidigt
767 956 79 21 iaktta-

84 990 49 26 gits,
150 992 32 19 att
203 990 36 22 vid
261 990 178 23 kronohemmans
457 992 53 21 äbos
527 992 42 21 död
584 992 56 21 hans
656 998 44 19 son,
717 991 38 22 der
771 996 26 16 en
813 990 34 22 sä-

85 1020 45 26 dan
148 1024 53 27 fans,
224 1024 42 23 fick
285 1025 118 23 efterträda
417 1026 82 22 honom
515 1026 73 22 såsom
604 1026 53 22 värd
672 1026 29 28 på
715 1026 130 25 hemmanet,

85 1059 75 22 såvida
174 1060 48 21 icke
238 1066 66 16 sonen
319 1061 28 27 på
362 1061 68 27 något
445 1063 48 19 sätt
507 1060 109 23 förverkat
624 1060 173 23 vederbörandes
805 1059 43 22 för-

85 1094 97 22 troende.
213 1094 147 28 Uppkomsten
383 1095 23 22 af
427 1102 28 15 en
479 1096 68 22 sådan
562 1096 40 22 sed
617 1102 39 15 var
670 1095 25 22 så
709 1095 87 27 mycket
811 1100 37 15 na-

85 1128 103 28 turligare
211 1136 47 15 som
279 1130 125 28 landslagen
421 1131 108 27 stadgade
546 1132 38 25 att,
601 1136 35 16 om
651 1130 79 22 landbo
747 1130 42 26 dog
804 1134 45 16 me-

86 1162 41 22 dan
151 1162 145 28 giftostemma
309 1165 86 26 varade,
419 1164 117 28 giftobolet
555 1165 71 21 skulle
642 1164 69 22 ärfvas
727 1163 60 23 såväl
803 1168 46 16 som

85 1196 97 28 fäderne,
207 1198 114 22 hvarutom
337 1199 108 27 Kongliga
461 1200 103 21 Plakatet
580 1200 42 21 den
638 1201 27 19 30
680 1199 44 22 Juli
741 1199 55 21 1600
812 1197 38 21 be-

85 1232 91 27 stämde,
201 1234 33 20 att
256 1233 28 21 då
305 1233 72 22 bonde
393 1240 79 20 genom
490 1234 71 22 döden
577 1234 86 27 afginge
678 1234 63 21 innan
757 1231 94 23 städsle-

87 1266 51 22 åren
161 1272 51 16 voro
234 1269 45 25 ute,
303 1267 91 22 hustrun
409 1268 52 22 med
478 1268 82 22 barnen
575 1268 71 22 skulle
662 1268 80 22 besitta
755 1266 97 22 hemma-

86 1302 38 20 net
149 1306 46 21 ,om
218 1301 43 22 hon
282 1302 36 22 det
332 1302 60 21 makt
407 1302 80 22 hafver
503 1304 32 20 att
550 1302 70 22 bruka
636 1302 40 22 och
691 1301 88 23 behålla
793 1300 58 21 vill”.

85 1334 50 22 Men
158 1335 72 27 något.
239 1336 89 21 allmänt
343 1336 130 27 stadgande,
491 1343 46 16 som
553 1337 71 21 skulle
639 1336 118 27 berättigat
771 1334 80 22 krono-

87 1369 40 21 åbo
150 1372 33 19 att
201 1370 55 22 efter
270 1370 156 28 giftostemmas
441 1372 85 27 utgång
539 1372 66 22 blifva
621 1372 54 27 ånyo
691 1372 92 24 antagen
799 1368 54 22 eller

86 1402 54 22 hans
157 1410 38 15 son
211 1406 33 20 att
259 1405 86 22 framför
360 1406 68 21 andra
444 1408 64 20 utses
524 1407 32 21 till
572 1406 54 22 hans
646 1404 148 26 efterträdare,
803 1403 48 21 fans

86 1437 48 21 icke
158 1438 40 21 och
221 1446 37 14 var
280 1440 107 21 måhända
411 1440 50 22 icke
483 1440 23 22 af
518 1441 69 21 heller
602 1440 23 22 af
639 1438 214 27 omständigheterna

156 1476 196 20 Ekonomiutskottets
365 1479 121 19 betänkande
499 1480 36 18 N:o
547 1481 16 17 8.
