1014 1617
273 112 81 23 Ständ.
370 112 37 23 Sv.
423 124 27 4 —
465 112 72 28 Prop.
553 112 40 23 N:o
608 112 22 22 9.
774 112 13 20 7

268 175 106 28 egoskifte
389 176 59 24 eller,
464 175 39 21 der
517 182 29 21 ny
561 175 121 27 gradering
696 174 53 21 eller
759 174 57 20 klas-

268 209 114 27 sifikation
397 208 30 28 af
430 209 105 28 sakegare
545 209 113 25 ästundas,
670 208 48 22 med
729 208 87 27 ledning

268 243 70 27 deraf
353 246 56 18 samt
429 243 57 27 efter
503 244 110 27 pröfning
629 243 29 27 af
669 243 99 21 delarnes
782 243 35 20 in-

270 277 75 21 bördes
360 277 147 27 förhållande
532 278 35 21 till
586 278 127 20 hvarandra
723 276 94 28 föreslå,

269 311 57 21 huru
346 312 83 27 mycket
450 312 31 27 af
497 312 40 21 den
553 312 113 28 ostyckade
682 310 136 28 lägenhetens

270 346 84 20 mantal
366 346 38 20 och
420 346 59 20 skatt
489 346 38 20 bör
535 346 107 20 hvardera
658 346 60 20 delen
727 346 90 22 åsättas,

270 380 111 25 hvarefter
396 380 163 21 landtmätaren
571 380 105 20 insänder
686 373 132 27 instrumen-

270 416 28 19 tet
314 413 61 27 öfver
386 413 169 28 förrättningen
571 414 36 21 till
616 415 140 26 guvernören,
766 419 52 18 som,

271 455 33 14 om
326 447 44 21 han
393 448 24 20 så
440 447 77 28 nödigt
527 447 83 28 finner,
626 448 8 20 i
650 448 90 21 ärendet
756 447 62 21 hörer

272 482 214 21 länelandtmätaren
501 482 38 21 och
555 482 78 25 andra,
650 482 72 21 hvilka
734 482 8 20 i
752 481 66 21 saken

272 516 73 21 kunna
362 516 69 21 lemna
447 516 132 28 erforderlig
594 516 124 27 utredning.

520 568 15 27 $
549 569 20 19 4.

345 609 72 20 Anser
445 610 142 25 guvernören,
618 608 42 21 den
690 607 129 22 tillämnade

272 642 148 27 styckningen,
435 643 69 26 enligt
520 642 66 27 ofvan
601 643 107 27 stadgade
715 642 103 28 grunder,

272 676 74 21 kunna
370 677 91 24 tillåtas,
485 676 58 28 gifve
565 677 73 27 utslag
660 677 100 26 deröfver
782 675 38 21 och

274 710 111 21 bestämme
408 710 73 21 tillika
505 711 56 20 huru
584 710 137 28 lägenhetens
736 709 85 22 mantal

274 744 36 22 och
332 745 59 20 skatt
414 745 51 20 böra
485 746 32 26 på
538 745 25 21 de
578 745 74 21 skilda
668 744 152 27 lägenheterna

268 778 113 28 fördelas;
392 779 54 28 foge
462 779 39 21 ock
520 780 83 20 anstalt
619 786 33 14 om
667 778 130 27 anteckning
813 777 8 20 i

274 813 69 21 länets
359 813 38 20 och
413 813 104 21 häradets
526 813 107 28 jordebok
648 816 56 18 samt
715 813 106 20 inberätte

274 848 8 19 i
304 847 115 21 enahanda
441 847 102 27 afseende
563 848 75 21 härom
654 848 35 20 till
706 847 115 21 Kommar-

274 881 149 28 expeditionen
446 882 8 20 i
479 881 103 22 Senatens
605 881 217 27 Ekonomiedeparte-

274 918 62 19 ment.

523 962 14 27 $
553 963 19 20 5.

343 1001 83 21 Finner
441 1004 135 25 guvernören
591 1002 34 27 sig
640 1001 46 22 icke
695 1001 76 21 kunna
782 1007 41 14 an-

274 1035 119 28 sökningen
409 1036 87 27 bifalla,
507 1035 84 27 förvise
606 1036 65 21 saken
687 1036 35 21 till
732 1035 92 21 härads-

274 1072 46 19 rätt
339 1070 37 21 och
393 1070 109 27 förordne
518 1071 77 20 ombud
611 1071 35 20 till
662 1069 122 22 bevakande
800 1075 22 19 a)

274 1103 96 22 kronans
386 1107 45 18 rätt
447 1107 57 18 samt
519 1105 126 27 öfversände
656 1104 167 27 handlingarna

274 1138 8 20 i
305 1139 90 20 ärendet
410 1139 47 20 med
473 1139 105 21 åtecknad
592 1139 135 27 förvisnings
744 1137 80 21 resolu-

276 1173 51 24 tion,
350 1173 86 21 hvilken
460 1172 64 27 äfven
547 1173 38 21 bör
601 1175 96 25 upptaga
714 1173 48 24 den,
778 1177 46 15 som

276 1206 71 27 blifvit
362 1207 36 20 till
412 1207 81 21 sådant
509 1207 77 21 ombud
601 1207 82 26 utsedd,
700 1207 35 20 till
751 1205 73 21 veder-

275 1240 95 22 börande
385 1240 149 28 kronobetjent
547 1241 42 27 för
605 1244 32 18 att
652 1240 112 22 sökanden
779 1239 43 21 till-

274 1275 85 21 ställas.
394 1275 45 21 Vill
461 1276 112 20 sökanden
595 1275 67 21 saken
679 1275 37 21 vid
730 1274 94 21 härads-

274 1311 72 19 rätten
365 1309 114 28 fullfölja,
498 1310 85 20 anmäle
599 1310 125 20 densamma
740 1308 84 21 derstä-

274 1343 37 21 des
334 1343 38 21 och
393 1344 42 20 låte
452 1344 115 28 bevisligen
583 1350 33 14 om
632 1344 59 20 tiden
702 1342 43 28 för
760 1344 65 18 ären-

274 1378 46 20 dets
344 1378 134 28 behandling
499 1378 36 20 vid
558 1378 95 20 bemälde
674 1379 46 19 rätt
743 1375 83 22 under-

275 1414 59 18 rätta
345 1412 174 21 kronoombudet.
542 1412 164 21 Häradsrätten
718 1417 50 21 eger
776 1409 50 21 der-

275 1446 61 27 efter,
353 1447 68 27 enligt
437 1447 26 20 de
479 1448 8 18 i
501 1447 16 27 $
527 1448 13 19 1
551 1446 105 27 stadgade
665 1444 105 28 grunder,
782 1450 40 14 un-
