1014 1620
292 86 28 22 U.
335 86 28 22 B.
379 98 27 3 —
421 85 73 29 Prop.
509 86 41 22 N:o
565 85 21 22 3.
770 85 13 20 3

126 149 41 22 Vid
189 149 161 28 granskningen
372 149 25 22 af
410 150 42 21 den
467 150 80 27 nädiga
562 149 170 28 propositionen,
748 148 63 22 hvars

55 183 167 27 bestämmelser,
242 184 81 28 jemväl
338 184 7 21 i
361 185 27 21 de
406 184 66 26 delar,
488 184 45 21 deri
550 185 111 20 desamma
675 183 73 23 afvika
762 182 48 22 frän

55 220 37 21 det
114 219 122 21 Ständerna
257 219 37 22 vid
312 221 85 19 senaste
413 219 106 27 landtdag
533 218 113 28 förelagda
661 217 149 28 författnings-

55 253 109 28 förslaget,
180 253 106 22 utskottet
296 253 8 21 i
314 253 117 22 allmänhet
441 253 72 22 funnit
523 253 104 28 lämpliga
637 253 42 22 och
688 252 121 28 tidsenliga,

54 288 40 21 har
115 287 107 22 utskottet
244 287 48 22 icke
315 288 47 22 haft
377 288 118 28 anledning
510 288 80 21 föreslå
605 288 153 27 nägra;andra
772 288 37 20 än-

54 323 88 28 dringar
164 323 7 21 i
193 322 128 27 hufvudsak,
342 324 29 20 än
393 323 134 22 beträffande
551 324 13 20 6
587 323 40 22 och
648 323 29 21 10
692 324 29 26 $$.
751 322 59 21 Enär

54 357 46 22 ofta
114 357 84 22 händer
212 359 33 20 att
259 357 48 22 icke
322 357 122 22 arbetsföra
458 365 110 20 personer,
584 357 64 23 äfven
666 358 82 21 sädana
763 363 46 15 som

53 392 58 22 inom
135 399 53 20 egen
211 391 102 22 kommun
328 392 87 28 åtnjuta
430 392 125 28 fattigvård,
571 392 105 22 anträffas
691 392 117 27 kringstry-

53 426 70 22 kande
133 426 8 22 i
151 427 69 21 andra
230 426 126 22 kommuner
371 428 54 20 utan
437 427 106 28 bergning
553 427 41 21 och
604 426 92 22 förande
706 428 31 20 ett
748 426 60 22 osed-

53 461 38 28 ligt
106 461 136 26 lefnadssätt,
258 461 40 21 har
308 461 106 22 utskottet
429 464 80 24 ansett,
524 464 33 20 att
573 462 64 21 sädan
650 456 82 37 vanart,
742 460 66 22 borde

52 496 76 28 stäfjas
143 502 79 21 genom
235 496 145 22 korrektionel
392 496 139 28 behandling,
541 496 88 22 hvilken
640 496 56 22 dock
706 495 48 22 icke
764 495 44 22 kan

51 532 29 27 pä
101 531 72 27 grund
192 530 25 22 af
230 531 36 21 det
280 530 149 28 föreliggande
445 531 245 27 författningsförslaget
705 532 41 26 äga
760 537 48 15 rum

51 566 7 21 i
73 572 74 15 annan
162 564 111 28 händelse,
288 566 28 21 än
331 567 33 20 att
378 566 70 21 sådan
463 573 78 21 person
557 566 87 27 pröfvas
658 572 53 16 vara
726 565 33 22 för
768 565 38 22 all-

51 601 80 20 männa
147 599 129 22 säkerheten
290 600 74 28 vädlig
378 600 41 22 och
433 600 42 22 har
489 600 106 22 utskottet
611 600 72 22 derför
696 600 111 28 föreslagit

50 634 68 22 sådan
133 634 91 28 ändring
239 634 8 22 i
262 635 13 21 6
290 636 10 26 $
316 637 32 20 att
364 635 63 23 äfven
443 635 48 23 icke
505 635 121 23 arbetsföra
641 642 109 21 personer,
760 642 46 15 som

50 668 97 22 beträdts
162 670 50 20 med
227 670 37 20 det
278 669 8 21 i
300 670 12 20 1
328 671 11 25 &
350 670 143 22 omförmälda
504 671 46 27 slag
561 671 25 21 af
593 670 127 27 lösdrifveri,
731 670 75 22 kunna

49 704 74 21 dömas
137 703 34 21 till
185 703 72 23 förvar
266 704 8 21 i
284 704 200 29 arbetsinrättning.
520 705 41 22 Vid
575 704 134 29 granskning
724 704 24 23 af
760 705 45 27 lag-

49 738 115 28 förslagets
178 738 28 21 10
222 740 17 26 $,
256 746 45 15 som
316 740 24 20 är
356 740 134 27 ordagrannt
506 740 234 23 öfverensstämmande
755 740 50 22 med

47 774 29 20 12
91 774 11 26 8
117 772 8 22 i
140 774 42 20 den
196 772 26 22 af
234 773 121 23 Ständerna
370 774 35 22 vid
421 777 88 20 senaste
524 775 105 27 landtdag
647 777 97 26 antagna
761 774 44 22 för-

50 807 129 27 fattningen,
195 807 41 22 har
250 808 59 21 inom
331 808 106 23 utskottet
454 810 92 26 erfarits,
569 811 33 20 att
620 810 71 21 denna
706 811 11 26 &
732 810 73 21 kunde

48 841 130 22 missförstäs
200 842 90 27 derhän,
312 845 32 20 att
359 843 157 23 kommunerne
531 851 50 16 vore
596 844 8 22 i
619 844 74 28 hvarje
708 844 38 22 fall
760 844 43 22 för-

48 877 96 27 pligtade
166 878 32 21 att
220 878 82 21 ersätta
321 877 95 23 kronans
431 879 119 22 kostnader
565 879 34 22 för
613 879 138 23 lösdrifvares
767 879 36 22 be-

47 911 117 22 fordrande
185 911 34 22 till
238 912 141 23 Guvernören
401 913 41 22 och
466 915 63 21 deras
543 914 169 22 hemsändande.
728 926 27 4 —
769 913 35 22 Dä

47 945 153 23 lösdrifveriets
216 946 108 29 stäfjande
348 948 121 22 emellertid
490 949 69 22 mäste
575 956 62 15 anses
651 950 79 27 utgöra
743 955 60 16 mera

47 982 31 20 ett
100 980 85 28 statligt
204 981 29 21 än
248 981 135 23 kommunalt
400 983 101 27 intresse,
516 983 40 22 har
571 985 36 21 det
622 986 59 26 synts
696 984 106 22 utskottet

46 1022 59 15 mera
120 1015 236 24 öfverensstämmande
370 1019 51 20 med
435 1018 92 23 rättvisa
541 1019 41 21 och
596 1019 98 28 billighet
704 1021 32 20 att
746 1025 55 15 sam-

45 1049 67 22 hället
127 1049 8 22 i
157 1051 48 20 dess
220 1050 73 23 helhet
309 1052 71 22 säsom
394 1053 111 22 härintills
520 1053 93 22 drabbas
628 1053 25 22 af
665 1055 63 21 dessa
742 1054 58 21 kost-

45 1085 73 20 nader.
149 1084 110 23 Utskottet
282 1086 40 22 har
344 1087 18 28 ej
386 1087 69 22 heller
470 1088 113 29 uppfattat
597 1091 85 20 senaste
698 1089 103 22 Ständers

45 1118 70 22 beslut
135 1119 9 21 i
166 1120 90 22 ärendet
278 1121 104 22 innebära
405 1129 27 15 en
455 1123 25 22 så
495 1123 120 23 vidsträckt
630 1123 122 30 skyldighet
766 1124 34 21 för

44 1153 162 27 kommunerne,
228 1162 47 15 som
296 1156 40 21 här
358 1157 65 22 ofvan
447 1159 96 27 antydts,
565 1160 53 20 utan
641 1160 76 21 endast
737 1160 63 21 deras

43 1188 145 28 förpligtande
211 1192 39 24 att,
271 1191 57 27 enlig
348 1192 74 27 regeln
443 1193 8 21 i
474 1193 28 21 39
525 1195 11 25 $
555 1193 25 22 af
591 1193 154 29 förordningen
760 1201 38 15 an-

43 1224 82 27 gående
140 1222 111 24 allmänna
266 1224 145 29 fattigvården
426 1226 8 22 i
449 1226 76 23 landet
540 1227 25 22 af
577 1228 42 22 den
629 1228 27 22 17
666 1228 58 22 Mars
734 1229 64 26 1879,

43 1264 92 16 ansvara
156 1258 8 21 i
186 1259 92 22 nämndt
299 1260 124 23 hänseende
445 1262 36 22 för
503 1263 81 21 sådane
604 1263 132 27 lösdrifvare,
752 1271 46 15 som

41 1292 75 22 kunna
129 1292 103 23 hänföras
247 1294 33 22 till
296 1295 26 21 de
332 1295 8 21 i
352 1297 15 19 2
378 1297 11 26 $
399 1296 25 22 af
432 1296 164 29 siståberopade
611 1297 127 30 förordning
753 1306 45 15 om-

41 1326 107 23 förmälda
161 1334 109 21 personer.
291 1328 34 22 Då
334 1330 14 20 4
358 1330 29 27 $i
397 1330 106 29 förslaget
513 1332 112 22 allaredan
635 1332 120 23 innehåller
771 1341 27 15 en

41 1362 114 28 anvisning
170 1369 35 15 om
219 1362 135 24 förfarandet
365 1366 50 21 med
430 1366 86 28 tiggare
531 1367 40 22 och
586 1367 34 21 till
633 1367 118 29 fattigvård
760 1368 37 23 be-

41 1396 107 28 rättigade
170 1404 109 21 personer,
295 1398 87 23 hvilken
402 1401 117 28 anvisning
540 1402 171 28 uppenbarligen
734 1404 63 22 äfven

40 1430 78 23 hänför
133 1432 32 28 sig
179 1432 34 22 till
228 1433 142 24 omförmälda
385 1436 27 21 39
427 1437 19 26 8,
461 1436 42 23 har
518 1436 117 24 utskottets
644 1437 70 24 flertal
725 1442 73 20 ansett
