1028 1623
378 94 79 23 Ständ.
473 96 38 24 Sv.
528 109 27 3 —
570 98 71 28 Prop.
658 98 40 23 N:o
713 98 34 22 15.

392 158 34 21 det
441 161 107 27 utrymme
560 161 32 27 pä
608 161 95 26 marken,
720 161 111 21 hvarinom
846 160 43 21 han
904 166 30 14 se-

391 192 98 23 dermera
509 194 43 21 har
573 197 39 24 att,
635 195 47 22 med
697 195 79 22 andres
792 193 142 26 uteslutande,

391 227 79 22 arbetet
485 228 99 28 bedrifva
595 231 61 20 såväl
666 230 67 27 ofvan
743 236 44 15 som
797 230 70 21 under
873 228 62 28 jord;

391 261 36 21 och
443 269 36 21 ege
489 262 64 29 förty
569 264 123 21 inmutaren
708 267 32 18 att
760 264 36 21 till
811 263 124 22 erhällande

391 295 30 27 af
431 297 81 20 sådant
528 299 70 20 utmä!
613 299 127 27 skriftligen
756 299 87 21 anmäla
853 298 33 27 sig
898 297 38 20 hos

392 329 215 29 bergmästaren,
571 325 8 40 =
584 325 28 40 sä
629 336 64 18 snart
715 333 39 21 den
778 332 93 29 angifna
881 331 54 28 fyn-

392 364 99 28 digheten
506 366 89 21 medelst
604 367 158 28 jordrymning
773 367 52 21 eller
835 366 101 28 brytning

392 398 73 28 blifvit
487 401 64 27 gjord
573 401 103 28 åtkomlig
699 401 38 22 och
758 402 25 21 sä
799 400 88 27 blottad,
903 402 33 19 att

393 433 39 22 den
449 435 36 20 till
500 437 42 24 art,
559 436 48 27 läge
622 436 52 21 eller
689 435 126 28 sträckning
829 435 37 21 och
877 434 59 22 mäk-

393 467 65 28 tighet
474 469 99 22 bedömas
589 469 54 26 kan;
659 469 94 22 börande
767 471 9 20 i
791 469 73 28 hvarje
884 469 52 21 hän-

393 503 56 20 delse
473 503 107 22 anhållan
603 511 33 14 om
658 505 185 27 utmålsläggning
862 503 30 28 af
903 503 32 20 in-

392 540 84 18 mutare
497 540 72 25 göras,
589 538 41 27 för
650 539 119 28 fyndighet
792 539 8 20 i
819 538 117 29 jordlager

393 572 57 21 inom
465 575 29 18 ett
510 573 26 20 år
551 576 55 18 samt
620 573 38 26 för
667 573 118 28 fyndighet
795 573 8 20 i
814 573 49 28 berg
879 573 56 20 inom

394 607 33 20 två
443 607 32 25 år,
491 607 96 22 räknadt
597 607 59 28 från
672 608 40 21 den
724 608 42 27 dag
777 607 116 21 mutsedeln
904 609 30 18 ut-

392 641 95 26 färdats,
505 642 35 21 vid
554 641 102 29 äfventyr
678 645 32 18 att
729 642 207 27 inmutningsrätten

394 675 60 28 eljest
469 683 62 14 anses
541 676 129 27 förverkad.

431 707 2 4 *
455 710 187 28 Utmålsläggning
658 711 42 21 kan
709 710 103 28 påkallas
818 710 82 28 jemväl
911 709 30 28 af

388 745 133 27 jordegaren
536 746 53 20 eller
603 746 164 27 innehafvaren,
789 752 47 14 men
851 744 85 22 kostna-

395 779 40 21 den
446 779 42 26 för
503 780 211 28 utmälsläggningen
730 779 57 21 skall
802 779 68 21 i.alla
888 778 48 28 fall

396 813 83 22 drabba
495 815 128 20 inmutaren.

451 848 16 21 I
479 848 102 27 afseende
596 849 13 20 å
628 849 32 27 sjö
681 848 99 27 förfares
802 849 47 20 med
871 848 69 21 utmäl

396 883 55 27 efter
473 883 56 21 hvad
547 883 71 21 derom
635 884 8 20 i
657 883 30 28 $$
701 884 34 25 40,
751 884 28 20 41
789 881 43 23 och
846 883 30 21 42
892 884 48 19 sär-

396 917 67 21 skildt
478 918 95 27 stadgas.

637 976 15 27 $
666 977 35 20 26.

455 1020 72 21 Sedan
549 1021 136 21 inmutarens
701 1021 8 20 i
723 1021 15 27 $
752 1021 29 21 25
797 1020 143 28 vmförmälda

398 1055 109 24 anmälan,
523 1055 73 21 deruti
611 1055 44 20 han
664 1055 84 27 jemvä!
762 1055 56 21 skall
832 1055 34 21 till
877 1061 64 14 namn

398 1089 37 21 och
458 1089 87 21 hemvist
567 1089 106 28 uppgifva
696 1089 41 21 den
760 1089 53 21 eller
835 1089 26 21 de
877 1089 64 27 jord-

398 1131 68 20 egare,
482 1124 57 20 inom
555 1123 83 21 hvilkas
654 1124 87 21 omräde
756 1123 42 22 han
815 1123 79 22 önskar
910 1125 32 19 att

398 1159 37 20 sitt
451 1158 67 21 utmål
534 1157 92 27 erhålla,
643 1158 35 21 till
690 1157 160 29 bergmästaren
860 1157 80 22 inkom-

399 1193 44 25 mit,
466 1193 53 20 eller
541 1192 39 21 ock
597 1193 121 27 jordegare
734 1193 52 20 eller
802 1192 141 27 innehafvare

396 1227 101 26 påkallat
512 1227 194 28 utmälsläggning,
724 1233 49 14 vare
784 1227 158 28 bergmästaren

399 1261 52 21 eller
473 1261 40 21 den
529 1261 8 20 i
552 1261 55 21 hans
622 1261 64 21 ställe
703 1260 131 28 förordnats
857 1261 86 28 skyldig

400 1298 39 23 att,
459 1296 25 20 så
502 1296 51 26 fort
576 1295 35 21 ske
626 1295 43 21 kan
686 1295 38 21 oeh
740 1296 77 27 tjenlig
833 1295 70 21 årstid
918 1297 26 18 är

395 1330 39 27 för
449 1330 91 26 handen,
556 1330 213 28 utmålsläggningen
783 1330 30 27 på
829 1325 73 37 stället
911 1325 32 37 fö-

400 1368 81 24 retaga.
