<?xml version="1.0" encoding="UTF-8"?>
<alto xmlns="http://www.loc.gov/standards/alto/ns-v3#" xmlns:xlink="http://www.w3.org/1999/xlink" xmlns:xsi="http://www.w3.org/2001/XMLSchema-instance" xsi:schemaLocation="http://www.loc.gov/standards/alto/ns-v3# http://www.loc.gov/alto/v3/alto-3-0.xsd">
	<Description>
		<MeasurementUnit>pixel</MeasurementUnit>
		<sourceImageInformation>
			<fileName>/tmp/tess_z_8s4s3a_input.PNG</fileName>
		</sourceImageInformation>
		<OCRProcessing ID="OCR_0">
			<ocrProcessingStep>
				<processingSoftware>
					<softwareName>tesseract 5.3.4</softwareName>
				</processingSoftware>
			</ocrProcessingStep>
		</OCRProcessing>
	</Description>
	<Layout>
		<Page WIDTH="1009" HEIGHT="1617" PHYSICAL_IMG_NR="0" ID="page_0">
			<PrintSpace HPOS="0" VPOS="0" WIDTH="1009" HEIGHT="1617">
				<ComposedBlock ID="cblock_0" HPOS="295" VPOS="83" WIDTH="497" HEIGHT="29">
					<TextBlock ID="block_0" HPOS="295" VPOS="83" WIDTH="497" HEIGHT="29">
						<TextLine ID="line_0" HPOS="295" VPOS="83" WIDTH="497" HEIGHT="29">
							<String ID="string_0" HPOS="295" VPOS="84" WIDTH="27" HEIGHT="22" WC="0.91" CONTENT="U."/><SP WIDTH="16" VPOS="84" HPOS="322"/>
							<String ID="string_1" HPOS="338" VPOS="83" WIDTH="26" HEIGHT="22" WC="0.89" CONTENT="B."/><SP WIDTH="16" VPOS="83" HPOS="364"/>
							<String ID="string_2" HPOS="380" VPOS="95" WIDTH="26" HEIGHT="4" WC="0.90" CONTENT="—"/><SP WIDTH="16" VPOS="95" HPOS="406"/>
							<String ID="string_3" HPOS="422" VPOS="84" WIDTH="72" HEIGHT="28" WC="0.95" CONTENT="Prop."/><SP WIDTH="17" VPOS="84" HPOS="494"/>
							<String ID="string_4" HPOS="511" VPOS="85" WIDTH="40" HEIGHT="22" WC="0.96" CONTENT="N:o"/><SP WIDTH="15" VPOS="85" HPOS="551"/>
							<String ID="string_5" HPOS="566" VPOS="86" WIDTH="22" HEIGHT="21" WC="0.95" CONTENT="9."/><SP WIDTH="177" VPOS="86" HPOS="588"/>
							<String ID="string_6" HPOS="765" VPOS="88" WIDTH="27" HEIGHT="21" WC="0.96" CONTENT="13"/>
						</TextLine>
					</TextBlock>
				</ComposedBlock>
				<ComposedBlock ID="cblock_1" HPOS="266" VPOS="148" WIDTH="559" HEIGHT="401">
					<TextBlock ID="block_1" HPOS="515" VPOS="148" WIDTH="64" HEIGHT="26">
						<TextLine ID="line_1" HPOS="515" VPOS="148" WIDTH="64" HEIGHT="26">
							<String ID="string_7" HPOS="515" VPOS="148" WIDTH="15" HEIGHT="26" WC="0.91" CONTENT="$"/><SP WIDTH="16" VPOS="148" HPOS="530"/>
							<String ID="string_8" HPOS="546" VPOS="149" WIDTH="33" HEIGHT="20" WC="0.96" CONTENT="11."/>
						</TextLine>
					</TextBlock>
					<TextBlock ID="block_2" HPOS="338" VPOS="185" WIDTH="486" HEIGHT="32">
						<TextLine ID="line_2" HPOS="338" VPOS="185" WIDTH="486" HEIGHT="32">
							<String ID="string_9" HPOS="338" VPOS="185" WIDTH="152" HEIGHT="29" WC="0.92" CONTENT="Likalydande"/><SP WIDTH="16" VPOS="185" HPOS="490"/>
							<String ID="string_10" HPOS="506" VPOS="188" WIDTH="50" HEIGHT="20" WC="0.93" CONTENT="med"/><SP WIDTH="16" VPOS="188" HPOS="556"/>
							<String ID="string_11" HPOS="572" VPOS="189" WIDTH="10" HEIGHT="26" WC="0.91" CONTENT="$"/><SP WIDTH="16" VPOS="189" HPOS="582"/>
							<String ID="string_12" HPOS="598" VPOS="188" WIDTH="45" HEIGHT="22" WC="0.89" CONTENT="10i"/><SP WIDTH="13" VPOS="188" HPOS="643"/>
							<String ID="string_13" HPOS="656" VPOS="189" WIDTH="80" HEIGHT="27" WC="0.92" CONTENT="nädiga"/><SP WIDTH="10" VPOS="189" HPOS="736"/>
							<String ID="string_14" HPOS="746" VPOS="196" WIDTH="78" HEIGHT="21" WC="0.93" CONTENT="propo-"/>
						</TextLine>
					</TextBlock>
					<TextBlock ID="block_3" HPOS="270" VPOS="220" WIDTH="309" HEIGHT="58">
						<TextLine ID="line_3" HPOS="270" VPOS="220" WIDTH="100" HEIGHT="22">
							<String ID="string_15" HPOS="270" VPOS="220" WIDTH="100" HEIGHT="22" WC="0.92" CONTENT="sitionen."/>
						</TextLine>
						<TextLine ID="line_4" HPOS="515" VPOS="250" WIDTH="64" HEIGHT="28">
							<String ID="string_16" HPOS="515" VPOS="250" WIDTH="14" HEIGHT="28" WC="0.92" CONTENT="$"/><SP WIDTH="16" VPOS="250" HPOS="529"/>
							<String ID="string_17" HPOS="545" VPOS="252" WIDTH="34" HEIGHT="20" WC="0.91" CONTENT="12."/>
						</TextLine>
					</TextBlock>
					<TextBlock ID="block_4" HPOS="266" VPOS="282" WIDTH="559" HEIGHT="267">
						<TextLine ID="line_5" HPOS="338" VPOS="282" WIDTH="486" HEIGHT="32">
							<String ID="string_18" HPOS="338" VPOS="282" WIDTH="74" HEIGHT="28" WC="0.91" CONTENT="Egare"/><SP WIDTH="16" VPOS="282" HPOS="412"/>
							<String ID="string_19" HPOS="428" VPOS="283" WIDTH="30" HEIGHT="27" WC="0.91" CONTENT="af"/><SP WIDTH="10" VPOS="283" HPOS="458"/>
							<String ID="string_20" HPOS="468" VPOS="284" WIDTH="98" HEIGHT="28" WC="0.91" CONTENT="lagligen"/><SP WIDTH="14" VPOS="284" HPOS="566"/>
							<String ID="string_21" HPOS="580" VPOS="278" WIDTH="118" HEIGHT="40" WC="0.90" CONTENT="afsöndrad"/><SP WIDTH="12" VPOS="278" HPOS="698"/>
							<String ID="string_22" HPOS="710" VPOS="287" WIDTH="51" HEIGHT="27" WC="0.93" CONTENT="jord"/><SP WIDTH="12" VPOS="287" HPOS="761"/>
							<String ID="string_23" HPOS="773" VPOS="293" WIDTH="51" HEIGHT="15" WC="0.93" CONTENT="vare"/>
						</TextLine>
						<TextLine ID="line_6" HPOS="270" VPOS="316" WIDTH="554" HEIGHT="32">
							<String ID="string_24" HPOS="270" VPOS="316" WIDTH="86" HEIGHT="28" WC="0.90" CONTENT="skyldig"/><SP WIDTH="23" VPOS="316" HPOS="356"/>
							<String ID="string_25" HPOS="379" VPOS="319" WIDTH="39" HEIGHT="23" WC="0.94" CONTENT="att,"/><SP WIDTH="23" VPOS="319" HPOS="418"/>
							<String ID="string_26" HPOS="441" VPOS="318" WIDTH="59" HEIGHT="20" WC="0.96" CONTENT="inom"/><SP WIDTH="21" VPOS="318" HPOS="500"/>
							<String ID="string_27" HPOS="521" VPOS="319" WIDTH="41" HEIGHT="21" WC="0.96" CONTENT="den"/><SP WIDTH="10" VPOS="319" HPOS="562"/>
							<String ID="string_28" HPOS="572" VPOS="319" WIDTH="43" HEIGHT="27" WC="0.93" CONTENT="för"/><SP WIDTH="15" VPOS="319" HPOS="615"/>
							<String ID="string_29" HPOS="630" VPOS="320" WIDTH="99" HEIGHT="28" WC="0.92" CONTENT="lagfarts"/><SP WIDTH="16" VPOS="320" HPOS="729"/>
							<String ID="string_30" HPOS="745" VPOS="320" WIDTH="79" HEIGHT="22" WC="0.92" CONTENT="ansök-"/>
						</TextLine>
						<TextLine ID="line_7" HPOS="271" VPOS="351" WIDTH="552" HEIGHT="28">
							<String ID="string_31" HPOS="271" VPOS="352" WIDTH="53" HEIGHT="27" WC="0.93" CONTENT="ning"/><SP WIDTH="16" VPOS="352" HPOS="324"/>
							<String ID="string_32" HPOS="340" VPOS="351" WIDTH="106" HEIGHT="28" WC="0.95" CONTENT="stadgade"/><SP WIDTH="16" VPOS="351" HPOS="446"/>
							<String ID="string_33" HPOS="462" VPOS="352" WIDTH="38" HEIGHT="26" WC="0.96" CONTENT="tid,"/><SP WIDTH="17" VPOS="352" HPOS="500"/>
							<String ID="string_34" HPOS="517" VPOS="353" WIDTH="35" HEIGHT="21" WC="0.93" CONTENT="sin"/><SP WIDTH="16" VPOS="353" HPOS="552"/>
							<String ID="string_35" HPOS="568" VPOS="354" WIDTH="93" HEIGHT="21" WC="0.96" CONTENT="åtkomst"/><SP WIDTH="10" VPOS="354" HPOS="661"/>
							<String ID="string_36" HPOS="671" VPOS="354" WIDTH="40" HEIGHT="21" WC="0.93" CONTENT="hos"/><SP WIDTH="11" VPOS="354" HPOS="711"/>
							<String ID="string_37" HPOS="722" VPOS="354" WIDTH="101" HEIGHT="22" WC="0.92" CONTENT="Härads-"/>
						</TextLine>
						<TextLine ID="line_8" HPOS="270" VPOS="385" WIDTH="553" HEIGHT="32">
							<String ID="string_38" HPOS="270" VPOS="387" WIDTH="73" HEIGHT="19" WC="0.96" CONTENT="rätten"/><SP WIDTH="9" VPOS="387" HPOS="343"/>
							<String ID="string_39" HPOS="352" VPOS="385" WIDTH="113" HEIGHT="28" WC="0.96" CONTENT="behörigen"/><SP WIDTH="8" VPOS="385" HPOS="465"/>
							<String ID="string_40" HPOS="473" VPOS="387" WIDTH="76" HEIGHT="27" WC="0.96" CONTENT="styrka"/><SP WIDTH="9" VPOS="387" HPOS="549"/>
							<String ID="string_41" HPOS="558" VPOS="387" WIDTH="36" HEIGHT="21" WC="0.70" CONTENT="och"/><SP WIDTH="8" VPOS="387" HPOS="594"/>
							<String ID="string_42" HPOS="602" VPOS="388" WIDTH="46" HEIGHT="21" WC="0.70" CONTENT="låta"/><SP WIDTH="10" VPOS="388" HPOS="648"/>
							<String ID="string_43" HPOS="658" VPOS="388" WIDTH="165" HEIGHT="29" WC="0.96" CONTENT="handlingarna"/>
						</TextLine>
						<TextLine ID="line_9" HPOS="266" VPOS="418" WIDTH="558" HEIGHT="31">
							<String ID="string_44" HPOS="266" VPOS="418" WIDTH="42" HEIGHT="27" WC="0.94" CONTENT="för"/><SP WIDTH="11" VPOS="418" HPOS="308"/>
							<String ID="string_45" HPOS="319" VPOS="419" WIDTH="115" HEIGHT="27" WC="0.96" CONTENT="framtida"/><SP WIDTH="14" VPOS="419" HPOS="434"/>
							<String ID="string_46" HPOS="448" VPOS="421" WIDTH="121" HEIGHT="27" WC="0.96" CONTENT="utredning"/><SP WIDTH="15" VPOS="421" HPOS="569"/>
							<String ID="string_47" HPOS="584" VPOS="421" WIDTH="8" HEIGHT="20" WC="0.92" CONTENT="i"/><SP WIDTH="11" VPOS="421" HPOS="592"/>
							<String ID="string_48" HPOS="603" VPOS="421" WIDTH="99" HEIGHT="28" WC="0.91" CONTENT="lagfarts"/><SP WIDTH="13" VPOS="421" HPOS="702"/>
							<String ID="string_49" HPOS="715" VPOS="422" WIDTH="109" HEIGHT="27" WC="0.92" CONTENT="protokol-"/>
						</TextLine>
						<TextLine ID="line_10" HPOS="272" VPOS="453" WIDTH="552" HEIGHT="30">
							<String ID="string_50" HPOS="272" VPOS="453" WIDTH="28" HEIGHT="20" WC="0.95" CONTENT="let"/><SP WIDTH="26" VPOS="453" HPOS="300"/>
							<String ID="string_51" HPOS="326" VPOS="453" WIDTH="84" HEIGHT="28" WC="0.95" CONTENT="intaga."/><SP WIDTH="40" VPOS="453" HPOS="410"/>
							<String ID="string_52" HPOS="450" VPOS="453" WIDTH="71" HEIGHT="22" WC="0.85" CONTENT="Sedan"/><SP WIDTH="23" VPOS="453" HPOS="521"/>
							<String ID="string_53" HPOS="544" VPOS="455" WIDTH="36" HEIGHT="20" WC="0.96" CONTENT="må"/><SP WIDTH="17" VPOS="455" HPOS="580"/>
							<String ID="string_54" HPOS="597" VPOS="455" WIDTH="81" HEIGHT="28" WC="0.93" CONTENT="jorden"/><SP WIDTH="26" VPOS="455" HPOS="678"/>
							<String ID="string_55" HPOS="704" VPOS="456" WIDTH="120" HEIGHT="26" WC="0.92" CONTENT="intecknas,"/>
						</TextLine>
						<TextLine ID="line_11" HPOS="272" VPOS="484" WIDTH="553" HEIGHT="34">
							<String ID="string_56" HPOS="272" VPOS="487" WIDTH="52" HEIGHT="20" WC="0.96" CONTENT="dock"/><SP WIDTH="15" VPOS="487" HPOS="324"/>
							<String ID="string_57" HPOS="339" VPOS="487" WIDTH="46" HEIGHT="22" WC="0.96" CONTENT="icke"/><SP WIDTH="11" VPOS="487" HPOS="385"/>
							<String ID="string_58" HPOS="396" VPOS="487" WIDTH="44" HEIGHT="28" WC="0.93" CONTENT="för"/><SP WIDTH="14" VPOS="487" HPOS="440"/>
							<String ID="string_59" HPOS="454" VPOS="489" WIDTH="96" HEIGHT="28" WC="0.92" CONTENT="sytning."/><SP WIDTH="25" VPOS="489" HPOS="550"/>
							<String ID="string_60" HPOS="575" VPOS="484" WIDTH="142" HEIGHT="32" WC="0.86" CONTENT="Öfverlåtelse"/><SP WIDTH="11" VPOS="484" HPOS="717"/>
							<String ID="string_61" HPOS="728" VPOS="489" WIDTH="30" HEIGHT="28" WC="0.96" CONTENT="af"/><SP WIDTH="6" VPOS="489" HPOS="758"/>
							<String ID="string_62" HPOS="764" VPOS="489" WIDTH="61" HEIGHT="29" WC="0.96" CONTENT="dylik"/>
						</TextLine>
						<TextLine ID="line_12" HPOS="266" VPOS="521" WIDTH="366" HEIGHT="28">
							<String ID="string_63" HPOS="266" VPOS="521" WIDTH="55" HEIGHT="28" WC="0.94" CONTENT="jord"/><SP WIDTH="16" VPOS="521" HPOS="321"/>
							<String ID="string_64" HPOS="337" VPOS="522" WIDTH="35" HEIGHT="20" WC="0.96" CONTENT="må"/><SP WIDTH="16" VPOS="522" HPOS="372"/>
							<String ID="string_65" HPOS="388" VPOS="523" WIDTH="21" HEIGHT="26" WC="0.95" CONTENT="ej"/><SP WIDTH="15" VPOS="523" HPOS="409"/>
							<String ID="string_66" HPOS="424" VPOS="523" WIDTH="8" HEIGHT="19" WC="0.96" CONTENT="i"/><SP WIDTH="16" VPOS="523" HPOS="432"/>
							<String ID="string_67" HPOS="448" VPOS="522" WIDTH="53" HEIGHT="21" WC="0.96" CONTENT="börd"/><SP WIDTH="16" VPOS="522" HPOS="501"/>
							<String ID="string_68" HPOS="517" VPOS="523" WIDTH="115" HEIGHT="22" WC="0.96" CONTENT="klandras."/>
						</TextLine>
					</TextBlock>
				</ComposedBlock>
				<ComposedBlock ID="cblock_2" HPOS="266" VPOS="585" WIDTH="560" HEIGHT="381">
					<TextBlock ID="block_5" HPOS="514" VPOS="585" WIDTH="66" HEIGHT="28">
						<TextLine ID="line_13" HPOS="514" VPOS="585" WIDTH="66" HEIGHT="28">
							<String ID="string_69" HPOS="514" VPOS="585" WIDTH="16" HEIGHT="28" WC="0.91" CONTENT="$"/><SP WIDTH="16" VPOS="585" HPOS="530"/>
							<String ID="string_70" HPOS="546" VPOS="587" WIDTH="34" HEIGHT="20" WC="0.92" CONTENT="13."/>
						</TextLine>
					</TextBlock>
					<TextBlock ID="block_6" HPOS="340" VPOS="618" WIDTH="482" HEIGHT="29">
						<TextLine ID="line_14" HPOS="340" VPOS="618" WIDTH="482" HEIGHT="29">
							<String ID="string_71" HPOS="340" VPOS="618" WIDTH="56" HEIGHT="21" WC="0.96" CONTENT="Lika"/><SP WIDTH="21" VPOS="618" HPOS="396"/>
							<String ID="string_72" HPOS="417" VPOS="620" WIDTH="50" HEIGHT="20" WC="0.96" CONTENT="med"/><SP WIDTH="23" VPOS="620" HPOS="467"/>
							<String ID="string_73" HPOS="490" VPOS="620" WIDTH="12" HEIGHT="20" WC="0.96" CONTENT="1"/><SP WIDTH="24" VPOS="620" HPOS="502"/>
							<String ID="string_74" HPOS="526" VPOS="626" WIDTH="63" HEIGHT="15" WC="0.96" CONTENT="mom."/><SP WIDTH="23" VPOS="626" HPOS="589"/>
							<String ID="string_75" HPOS="612" VPOS="620" WIDTH="8" HEIGHT="21" WC="0.87" CONTENT="i"/><SP WIDTH="43" VPOS="620" HPOS="620"/>
							<String ID="string_76" HPOS="663" VPOS="621" WIDTH="26" HEIGHT="20" WC="0.96" CONTENT="12"/><SP WIDTH="17" VPOS="621" HPOS="689"/>
							<String ID="string_77" HPOS="706" VPOS="620" WIDTH="24" HEIGHT="21" WC="0.96" CONTENT="af"/><SP WIDTH="13" VPOS="620" HPOS="730"/>
							<String ID="string_78" HPOS="743" VPOS="620" WIDTH="79" HEIGHT="27" WC="0.94" CONTENT="nådiga"/>
						</TextLine>
					</TextBlock>
					<TextBlock ID="block_7" HPOS="272" VPOS="652" WIDTH="308" HEIGHT="69">
						<TextLine ID="line_15" HPOS="272" VPOS="652" WIDTH="169" HEIGHT="27">
							<String ID="string_79" HPOS="272" VPOS="652" WIDTH="169" HEIGHT="27" WC="0.96" CONTENT="propositionen."/>
						</TextLine>
						<TextLine ID="line_16" HPOS="517" VPOS="694" WIDTH="63" HEIGHT="27">
							<String ID="string_80" HPOS="517" VPOS="694" WIDTH="15" HEIGHT="27" WC="0.93" CONTENT="$"/><SP WIDTH="15" VPOS="694" HPOS="532"/>
							<String ID="string_81" HPOS="547" VPOS="695" WIDTH="33" HEIGHT="19" WC="0.94" CONTENT="14."/>
						</TextLine>
					</TextBlock>
					<TextBlock ID="block_8" HPOS="266" VPOS="727" WIDTH="560" HEIGHT="164">
						<TextLine ID="line_17" HPOS="345" VPOS="727" WIDTH="481" HEIGHT="28">
							<String ID="string_82" HPOS="345" VPOS="727" WIDTH="43" HEIGHT="21" WC="0.90" CONTENT="Vid"/><SP WIDTH="22" VPOS="727" HPOS="388"/>
							<String ID="string_83" HPOS="410" VPOS="727" WIDTH="102" HEIGHT="28" WC="0.87" CONTENT="arfsfall,"/><SP WIDTH="24" VPOS="727" HPOS="512"/>
							<String ID="string_84" HPOS="536" VPOS="728" WIDTH="38" HEIGHT="21" WC="0.93" CONTENT="der"/><SP WIDTH="10" VPOS="728" HPOS="574"/>
							<String ID="string_85" HPOS="584" VPOS="728" WIDTH="56" HEIGHT="27" WC="0.95" CONTENT="flere"/><SP WIDTH="12" VPOS="728" HPOS="640"/>
							<String ID="string_86" HPOS="652" VPOS="727" WIDTH="48" HEIGHT="28" WC="0.96" CONTENT="fått"/><SP WIDTH="16" VPOS="727" HPOS="700"/>
							<String ID="string_87" HPOS="716" VPOS="728" WIDTH="35" HEIGHT="21" WC="0.95" CONTENT="del"/><SP WIDTH="15" VPOS="728" HPOS="751"/>
							<String ID="string_88" HPOS="766" VPOS="728" WIDTH="8" HEIGHT="20" WC="0.93" CONTENT="i"/><SP WIDTH="18" VPOS="728" HPOS="774"/>
							<String ID="string_89" HPOS="792" VPOS="727" WIDTH="34" HEIGHT="21" WC="0.84" CONTENT="lä-"/>
						</TextLine>
						<TextLine ID="line_18" HPOS="270" VPOS="761" WIDTH="554" HEIGHT="28">
							<String ID="string_90" HPOS="270" VPOS="761" WIDTH="82" HEIGHT="28" WC="0.91" CONTENT="genhet,"/><SP WIDTH="24" VPOS="761" HPOS="352"/>
							<String ID="string_91" HPOS="376" VPOS="762" WIDTH="34" HEIGHT="20" WC="0.92" CONTENT="mä"/><SP WIDTH="23" VPOS="762" HPOS="410"/>
							<String ID="string_92" HPOS="433" VPOS="761" WIDTH="107" HEIGHT="28" WC="0.91" CONTENT="arfskifte"/><SP WIDTH="14" VPOS="761" HPOS="540"/>
							<String ID="string_93" HPOS="554" VPOS="762" WIDTH="36" HEIGHT="21" WC="0.93" CONTENT="ske"/><SP WIDTH="16" VPOS="762" HPOS="590"/>
							<String ID="string_94" HPOS="606" VPOS="762" WIDTH="88" HEIGHT="21" WC="0.93" CONTENT="medelst"/><SP WIDTH="16" VPOS="762" HPOS="694"/>
							<String ID="string_95" HPOS="710" VPOS="761" WIDTH="114" HEIGHT="28" WC="0.92" CONTENT="styckning"/>
						</TextLine>
						<TextLine ID="line_19" HPOS="271" VPOS="795" WIDTH="554" HEIGHT="29">
							<String ID="string_96" HPOS="271" VPOS="796" WIDTH="53" HEIGHT="21" WC="0.87" CONTENT="eller"/><SP WIDTH="23" VPOS="796" HPOS="324"/>
							<String ID="string_97" HPOS="347" VPOS="795" WIDTH="192" HEIGHT="29" WC="0.87" CONTENT="jordafsöndring"/><SP WIDTH="31" VPOS="795" HPOS="539"/>
							<String ID="string_98" HPOS="570" VPOS="797" WIDTH="67" HEIGHT="27" WC="0.93" CONTENT="enligt"/><SP WIDTH="30" VPOS="797" HPOS="637"/>
							<String ID="string_99" HPOS="667" VPOS="795" WIDTH="158" HEIGHT="27" WC="0.92" CONTENT="ofvanstäende"/>
						</TextLine>
						<TextLine ID="line_20" HPOS="270" VPOS="830" WIDTH="552" HEIGHT="28">
							<String ID="string_100" HPOS="270" VPOS="830" WIDTH="104" HEIGHT="27" WC="0.95" CONTENT="grunder,"/><SP WIDTH="26" VPOS="830" HPOS="374"/>
							<String ID="string_101" HPOS="400" VPOS="831" WIDTH="25" HEIGHT="20" WC="0.92" CONTENT="sä"/><SP WIDTH="27" VPOS="831" HPOS="425"/>
							<String ID="string_102" HPOS="452" VPOS="831" WIDTH="46" HEIGHT="20" WC="0.92" CONTENT="vidt"/><SP WIDTH="23" VPOS="831" HPOS="498"/>
							<String ID="string_103" HPOS="521" VPOS="830" WIDTH="147" HEIGHT="28" WC="0.92" CONTENT="arfvingarna"/><SP WIDTH="23" VPOS="830" HPOS="668"/>
							<String ID="string_104" HPOS="691" VPOS="831" WIDTH="35" HEIGHT="27" WC="0.93" CONTENT="sig"/><SP WIDTH="23" VPOS="831" HPOS="726"/>
							<String ID="string_105" HPOS="749" VPOS="831" WIDTH="73" HEIGHT="20" WC="0.92" CONTENT="derom"/>
						</TextLine>
						<TextLine ID="line_21" HPOS="266" VPOS="864" WIDTH="89" HEIGHT="27">
							<String ID="string_106" HPOS="266" VPOS="864" WIDTH="89" HEIGHT="27" WC="0.91" CONTENT="förena."/>
						</TextLine>
					</TextBlock>
					<TextBlock ID="block_9" HPOS="339" VPOS="900" WIDTH="401" HEIGHT="66">
						<TextLine ID="line_22" HPOS="515" VPOS="900" WIDTH="64" HEIGHT="27">
							<String ID="string_107" HPOS="515" VPOS="900" WIDTH="15" HEIGHT="27" WC="0.92" CONTENT="$"/><SP WIDTH="15" VPOS="900" HPOS="530"/>
							<String ID="string_108" HPOS="545" VPOS="900" WIDTH="34" HEIGHT="20" WC="0.91" CONTENT="15."/>
						</TextLine>
						<TextLine ID="line_23" HPOS="339" VPOS="938" WIDTH="401" HEIGHT="28">
							<String ID="string_109" HPOS="339" VPOS="938" WIDTH="55" HEIGHT="21" WC="0.96" CONTENT="Lika"/><SP WIDTH="16" VPOS="938" HPOS="394"/>
							<String ID="string_110" HPOS="410" VPOS="939" WIDTH="49" HEIGHT="21" WC="0.93" CONTENT="med"/><SP WIDTH="17" VPOS="939" HPOS="459"/>
							<String ID="string_111" HPOS="476" VPOS="940" WIDTH="10" HEIGHT="26" WC="0.87" CONTENT="$"/><SP WIDTH="18" VPOS="940" HPOS="486"/>
							<String ID="string_112" HPOS="504" VPOS="940" WIDTH="26" HEIGHT="20" WC="0.95" CONTENT="14"/><SP WIDTH="15" VPOS="940" HPOS="530"/>
							<String ID="string_113" HPOS="545" VPOS="939" WIDTH="7" HEIGHT="21" WC="0.95" CONTENT="i"/><SP WIDTH="16" VPOS="939" HPOS="552"/>
							<String ID="string_114" HPOS="568" VPOS="939" WIDTH="172" HEIGHT="27" WC="0.96" CONTENT="propositionen."/>
						</TextLine>
					</TextBlock>
				</ComposedBlock>
				<ComposedBlock ID="cblock_3" HPOS="270" VPOS="997" WIDTH="555" HEIGHT="204">
					<TextBlock ID="block_10" HPOS="516" VPOS="997" WIDTH="64" HEIGHT="27">
						<TextLine ID="line_24" HPOS="516" VPOS="997" WIDTH="64" HEIGHT="27">
							<String ID="string_115" HPOS="516" VPOS="997" WIDTH="14" HEIGHT="27" WC="0.93" CONTENT="$"/><SP WIDTH="16" VPOS="997" HPOS="530"/>
							<String ID="string_116" HPOS="546" VPOS="997" WIDTH="34" HEIGHT="20" WC="0.94" CONTENT="16."/>
						</TextLine>
					</TextBlock>
					<TextBlock ID="block_11" HPOS="270" VPOS="1034" WIDTH="555" HEIGHT="167">
						<TextLine ID="line_25" HPOS="339" VPOS="1034" WIDTH="485" HEIGHT="30">
							<String ID="string_117" HPOS="339" VPOS="1035" WIDTH="51" HEIGHT="22" WC="0.93" CONTENT="Har"/><SP WIDTH="10" VPOS="1035" HPOS="390"/>
							<String ID="string_118" HPOS="400" VPOS="1035" WIDTH="134" HEIGHT="29" WC="0.91" CONTENT="afsöndring"/><SP WIDTH="10" VPOS="1035" HPOS="534"/>
							<String ID="string_119" HPOS="544" VPOS="1037" WIDTH="96" HEIGHT="27" WC="0.96" CONTENT="lagligen"/><SP WIDTH="12" VPOS="1037" HPOS="640"/>
							<String ID="string_120" HPOS="652" VPOS="1036" WIDTH="63" HEIGHT="25" WC="0.96" CONTENT="skett,"/><SP WIDTH="12" VPOS="1036" HPOS="715"/>
							<String ID="string_121" HPOS="727" VPOS="1035" WIDTH="35" HEIGHT="21" WC="0.93" CONTENT="må"/><SP WIDTH="12" VPOS="1035" HPOS="762"/>
							<String ID="string_122" HPOS="774" VPOS="1034" WIDTH="50" HEIGHT="21" WC="0.91" CONTENT="den-"/>
						</TextLine>
						<TextLine ID="line_26" HPOS="271" VPOS="1069" WIDTH="554" HEIGHT="28">
							<String ID="string_123" HPOS="271" VPOS="1077" WIDTH="82" HEIGHT="14" WC="0.96" CONTENT="samma"/><SP WIDTH="19" VPOS="1077" HPOS="353"/>
							<String ID="string_124" HPOS="372" VPOS="1071" WIDTH="22" HEIGHT="26" WC="0.95" CONTENT="ej"/><SP WIDTH="14" VPOS="1071" HPOS="394"/>
							<String ID="string_125" HPOS="408" VPOS="1077" WIDTH="76" HEIGHT="20" WC="0.93" CONTENT="genom"/><SP WIDTH="16" VPOS="1077" HPOS="484"/>
							<String ID="string_126" HPOS="500" VPOS="1070" WIDTH="124" HEIGHT="27" WC="0.92" CONTENT="storskiftes"/><SP WIDTH="16" VPOS="1070" HPOS="624"/>
							<String ID="string_127" HPOS="640" VPOS="1070" WIDTH="111" HEIGHT="27" WC="0.96" CONTENT="reglering"/><SP WIDTH="15" VPOS="1070" HPOS="751"/>
							<String ID="string_128" HPOS="766" VPOS="1069" WIDTH="59" HEIGHT="20" WC="0.96" CONTENT="inom"/>
						</TextLine>
						<TextLine ID="line_27" HPOS="270" VPOS="1102" WIDTH="555" HEIGHT="29">
							<String ID="string_129" HPOS="270" VPOS="1104" WIDTH="176" HEIGHT="27" WC="0.96" CONTENT="samfälligheten"/><SP WIDTH="17" VPOS="1104" HPOS="446"/>
							<String ID="string_130" HPOS="463" VPOS="1104" WIDTH="81" HEIGHT="21" WC="0.96" CONTENT="rubbas"/><SP WIDTH="15" VPOS="1104" HPOS="544"/>
							<String ID="string_131" HPOS="559" VPOS="1105" WIDTH="83" HEIGHT="24" WC="0.96" CONTENT="vidare,"/><SP WIDTH="16" VPOS="1105" HPOS="642"/>
							<String ID="string_132" HPOS="658" VPOS="1106" WIDTH="29" HEIGHT="19" WC="0.96" CONTENT="än"/><SP WIDTH="15" VPOS="1106" HPOS="687"/>
							<String ID="string_133" HPOS="702" VPOS="1105" WIDTH="34" HEIGHT="19" WC="0.92" CONTENT="att"/><SP WIDTH="10" VPOS="1105" HPOS="736"/>
							<String ID="string_134" HPOS="746" VPOS="1102" WIDTH="79" HEIGHT="27" WC="0.92" CONTENT="rättig-"/>
						</TextLine>
						<TextLine ID="line_28" HPOS="271" VPOS="1136" WIDTH="554" HEIGHT="30">
							<String ID="string_135" HPOS="271" VPOS="1139" WIDTH="35" HEIGHT="20" WC="0.96" CONTENT="het"/><SP WIDTH="16" VPOS="1139" HPOS="306"/>
							<String ID="string_136" HPOS="322" VPOS="1139" WIDTH="34" HEIGHT="20" WC="0.93" CONTENT="till"/><SP WIDTH="16" VPOS="1139" HPOS="356"/>
							<String ID="string_137" HPOS="372" VPOS="1138" WIDTH="80" HEIGHT="28" WC="0.93" CONTENT="afgäld"/><SP WIDTH="9" VPOS="1138" HPOS="452"/>
							<String ID="string_138" HPOS="461" VPOS="1139" WIDTH="59" HEIGHT="27" WC="0.96" CONTENT="från"/><SP WIDTH="17" VPOS="1139" HPOS="520"/>
							<String ID="string_139" HPOS="537" VPOS="1139" WIDTH="40" HEIGHT="20" WC="0.93" CONTENT="den"/><SP WIDTH="12" VPOS="1139" HPOS="577"/>
							<String ID="string_140" HPOS="589" VPOS="1137" WIDTH="137" HEIGHT="28" WC="0.91" CONTENT="afsöndrade"/><SP WIDTH="9" VPOS="1137" HPOS="726"/>
							<String ID="string_141" HPOS="735" VPOS="1136" WIDTH="90" HEIGHT="21" WC="0.96" CONTENT="marken"/>
						</TextLine>
						<TextLine ID="line_29" HPOS="271" VPOS="1172" WIDTH="461" HEIGHT="29">
							<String ID="string_142" HPOS="271" VPOS="1172" WIDTH="43" HEIGHT="21" WC="0.96" CONTENT="kan"/><SP WIDTH="14" VPOS="1172" HPOS="314"/>
							<String ID="string_143" HPOS="328" VPOS="1173" WIDTH="30" HEIGHT="28" WC="0.96" CONTENT="på"/><SP WIDTH="16" VPOS="1173" HPOS="358"/>
							<String ID="string_144" HPOS="374" VPOS="1179" WIDTH="75" HEIGHT="14" WC="0.92" CONTENT="annan"/><SP WIDTH="16" VPOS="1179" HPOS="449"/>
							<String ID="string_145" HPOS="465" VPOS="1173" WIDTH="156" HEIGHT="27" WC="0.92" CONTENT="stomlägenhet"/><SP WIDTH="15" VPOS="1173" HPOS="621"/>
							<String ID="string_146" HPOS="636" VPOS="1172" WIDTH="96" HEIGHT="27" WC="0.89" CONTENT="öfvergå."/>
						</TextLine>
					</TextBlock>
				</ComposedBlock>
				<ComposedBlock ID="cblock_4" HPOS="268" VPOS="1236" WIDTH="558" HEIGHT="204">
					<TextBlock ID="block_12" HPOS="515" VPOS="1236" WIDTH="64" HEIGHT="27">
						<TextLine ID="line_30" HPOS="515" VPOS="1236" WIDTH="64" HEIGHT="27">
							<String ID="string_147" HPOS="515" VPOS="1236" WIDTH="15" HEIGHT="27" WC="0.91" CONTENT="$"/><SP WIDTH="15" VPOS="1236" HPOS="530"/>
							<String ID="string_148" HPOS="545" VPOS="1237" WIDTH="34" HEIGHT="19" WC="0.96" CONTENT="17."/>
						</TextLine>
					</TextBlock>
					<TextBlock ID="block_13" HPOS="268" VPOS="1272" WIDTH="558" HEIGHT="168">
						<TextLine ID="line_31" HPOS="344" VPOS="1272" WIDTH="482" HEIGHT="31">
							<String ID="string_149" HPOS="344" VPOS="1275" WIDTH="44" HEIGHT="21" WC="0.91" CONTENT="Vill"/><SP WIDTH="17" VPOS="1275" HPOS="388"/>
							<String ID="string_150" HPOS="405" VPOS="1276" WIDTH="123" HEIGHT="27" WC="0.92" CONTENT="jordegare"/><SP WIDTH="23" VPOS="1276" HPOS="528"/>
							<String ID="string_151" HPOS="551" VPOS="1276" WIDTH="35" HEIGHT="20" WC="0.93" CONTENT="till"/><SP WIDTH="19" VPOS="1276" HPOS="586"/>
							<String ID="string_152" HPOS="605" VPOS="1281" WIDTH="88" HEIGHT="15" WC="0.90" CONTENT="annans"/><SP WIDTH="16" VPOS="1281" HPOS="693"/>
							<String ID="string_153" HPOS="709" VPOS="1272" WIDTH="117" HEIGHT="29" WC="0.92" CONTENT="nyttjande"/>
						</TextLine>
						<TextLine ID="line_32" HPOS="268" VPOS="1306" WIDTH="558" HEIGHT="30">
							<String ID="string_154" HPOS="268" VPOS="1310" WIDTH="31" HEIGHT="26" WC="0.91" CONTENT="pä"/><SP WIDTH="20" VPOS="1310" HPOS="299"/>
							<String ID="string_155" HPOS="319" VPOS="1309" WIDTH="74" HEIGHT="26" WC="0.91" CONTENT="lifstid"/><SP WIDTH="15" VPOS="1309" HPOS="393"/>
							<String ID="string_156" HPOS="408" VPOS="1310" WIDTH="53" HEIGHT="20" WC="0.95" CONTENT="eller"/><SP WIDTH="15" VPOS="1310" HPOS="461"/>
							<String ID="string_157" HPOS="476" VPOS="1310" WIDTH="58" HEIGHT="20" WC="0.96" CONTENT="vissa"/><SP WIDTH="17" VPOS="1310" HPOS="534"/>
							<String ID="string_158" HPOS="551" VPOS="1310" WIDTH="27" HEIGHT="20" WC="0.90" CONTENT="är"/><SP WIDTH="14" VPOS="1310" HPOS="578"/>
							<String ID="string_159" HPOS="592" VPOS="1309" WIDTH="92" HEIGHT="27" WC="0.96" CONTENT="upplåta"/><SP WIDTH="16" VPOS="1309" HPOS="684"/>
							<String ID="string_160" HPOS="700" VPOS="1308" WIDTH="73" HEIGHT="26" WC="0.96" CONTENT="någon"/><SP WIDTH="17" VPOS="1308" HPOS="773"/>
							<String ID="string_161" HPOS="790" VPOS="1306" WIDTH="36" HEIGHT="20" WC="0.96" CONTENT="del"/>
						</TextLine>
						<TextLine ID="line_33" HPOS="272" VPOS="1339" WIDTH="554" HEIGHT="33">
							<String ID="string_162" HPOS="272" VPOS="1344" WIDTH="29" HEIGHT="26" WC="0.96" CONTENT="af"/><SP WIDTH="19" VPOS="1344" HPOS="301"/>
							<String ID="string_163" HPOS="320" VPOS="1344" WIDTH="34" HEIGHT="20" WC="0.96" CONTENT="sin"/><SP WIDTH="11" VPOS="1344" HPOS="354"/>
							<String ID="string_164" HPOS="365" VPOS="1344" WIDTH="62" HEIGHT="28" WC="0.93" CONTENT="jord,"/><SP WIDTH="17" VPOS="1344" HPOS="427"/>
							<String ID="string_165" HPOS="444" VPOS="1350" WIDTH="51" HEIGHT="14" WC="0.92" CONTENT="vare"/><SP WIDTH="21" VPOS="1350" HPOS="495"/>
							<String ID="string_166" HPOS="516" VPOS="1344" WIDTH="35" HEIGHT="20" WC="0.93" CONTENT="det"/><SP WIDTH="17" VPOS="1344" HPOS="551"/>
							<String ID="string_167" HPOS="568" VPOS="1344" WIDTH="86" HEIGHT="25" WC="0.92" CONTENT="tillätet,"/><SP WIDTH="16" VPOS="1344" HPOS="654"/>
							<String ID="string_168" HPOS="670" VPOS="1344" WIDTH="44" HEIGHT="19" WC="0.96" CONTENT="när"/><SP WIDTH="15" VPOS="1344" HPOS="714"/>
							<String ID="string_169" HPOS="729" VPOS="1342" WIDTH="43" HEIGHT="20" WC="0.96" CONTENT="viss"/><SP WIDTH="16" VPOS="1342" HPOS="772"/>
							<String ID="string_170" HPOS="788" VPOS="1339" WIDTH="38" HEIGHT="21" WC="0.93" CONTENT="och"/>
						</TextLine>
						<TextLine ID="line_34" HPOS="271" VPOS="1373" WIDTH="555" HEIGHT="32">
							<String ID="string_171" HPOS="271" VPOS="1378" WIDTH="83" HEIGHT="27" WC="0.95" CONTENT="verklig"/><SP WIDTH="23" VPOS="1378" HPOS="354"/>
							<String ID="string_172" HPOS="377" VPOS="1378" WIDTH="47" HEIGHT="27" WC="0.95" CONTENT="lega"/><SP WIDTH="18" VPOS="1378" HPOS="424"/>
							<String ID="string_173" HPOS="442" VPOS="1380" WIDTH="42" HEIGHT="24" WC="0.89" CONTENT="för"/><SP WIDTH="24" VPOS="1380" HPOS="484"/>
							<String ID="string_174" HPOS="508" VPOS="1378" WIDTH="47" HEIGHT="20" WC="0.95" CONTENT="året"/><SP WIDTH="23" VPOS="1378" HPOS="555"/>
							<String ID="string_175" HPOS="578" VPOS="1377" WIDTH="102" HEIGHT="27" WC="0.96" CONTENT="betingad"/><SP WIDTH="19" VPOS="1377" HPOS="680"/>
							<String ID="string_176" HPOS="699" VPOS="1378" WIDTH="31" HEIGHT="18" WC="0.93" CONTENT="är."/><SP WIDTH="33" VPOS="1378" HPOS="730"/>
							<String ID="string_177" HPOS="763" VPOS="1373" WIDTH="63" HEIGHT="22" WC="0.95" CONTENT="Dock"/>
						</TextLine>
						<TextLine ID="line_35" HPOS="271" VPOS="1410" WIDTH="555" HEIGHT="30">
							<String ID="string_178" HPOS="271" VPOS="1412" WIDTH="57" HEIGHT="21" WC="0.93" CONTENT="skall"/><SP WIDTH="22" VPOS="1412" HPOS="328"/>
							<String ID="string_179" HPOS="350" VPOS="1411" WIDTH="134" HEIGHT="29" WC="0.92" CONTENT="afhandling"/><SP WIDTH="16" VPOS="1411" HPOS="484"/>
							<String ID="string_180" HPOS="500" VPOS="1412" WIDTH="73" HEIGHT="20" WC="0.96" CONTENT="derom"/><SP WIDTH="16" VPOS="1412" HPOS="573"/>
							<String ID="string_181" HPOS="589" VPOS="1411" WIDTH="128" HEIGHT="27" WC="0.86" CONTENT="skriftligen"/><SP WIDTH="16" VPOS="1411" HPOS="717"/>
							<String ID="string_182" HPOS="733" VPOS="1410" WIDTH="93" HEIGHT="26" WC="0.92" CONTENT="upprät-"/>
						</TextLine>
					</TextBlock>
				</ComposedBlock>
			</PrintSpace>
		</Page>
	</Layout>
</alto>
