1009 1620
293 94 28 22 U.
336 94 27 23 B.
380 106 28 3 —
423 94 72 28 Prop.
512 94 40 22 N:o
566 94 23 22 9.
777 93 13 22 5

63 157 58 28 förty
142 157 14 20 1
171 163 64 15 mom.
251 157 25 21 af
289 157 13 20 6
317 158 11 25 $
343 157 9 21 i
367 157 80 27 nådiga
463 156 164 28 propositionen
642 156 155 28 omredigerats
812 155 8 21 i

63 191 56 28 syfte
134 193 34 19 att
183 191 96 28 tydligen
294 191 71 21 uttala
380 191 67 26 detta,
463 190 120 29 hvarjemte
597 191 32 21 uti
645 191 66 21 slutet
725 190 24 22 af
749 185 13 38 $
777 189 43 22 till-

64 225 57 27 lagts
136 225 68 21 orden
221 225 52 22 »och
288 225 7 21 i
307 225 108 27 jordebok
428 224 95 27 införd»,
533 225 72 21 såsom
615 225 120 28 utgörande
745 223 75 23 afslut-

65 259 80 28 ningen
160 259 25 22 af
197 260 148 27 omgångarna
359 259 36 22 vid
410 259 192 28 ekostyckningen.

134 293 113 22 Utskottet
261 293 40 22 har
317 295 72 20 ansett
405 294 37 21 det
457 293 33 22 uti
506 293 80 28 nådiga
601 293 175 28 propositionens
786 293 11 26 $
807 292 14 21 7

65 328 171 22 (betänkandets
258 329 11 26 $
291 328 23 28 8)
337 328 41 21 och
401 329 49 20 dess
465 335 64 15 mom.
546 329 13 20 1
575 327 111 28 medgifna
700 327 121 22 tillståndet

66 364 33 19 att
114 369 78 20 genom
207 363 84 21 inlösen
305 362 26 21 af
342 362 63 21 mark
419 362 50 21 från
484 364 32 20 ett
527 362 53 21 eller
589 361 54 22 flera
652 362 101 21 hemman
763 360 59 23 bilda

66 403 27 14 en
109 404 28 20 ny
152 396 168 28 sjelfbestäende
335 396 108 27 lägenhet,
459 396 87 22 komma
561 398 33 20 att
609 395 98 22 medföra
721 398 44 19 stor
779 395 43 21 för-

66 430 81 28 virring
162 431 19 27 ej
198 430 92 22 allenast
305 430 134 22 beträffande
450 431 27 21 de
487 430 174 22 administrativa
671 430 41 22 och
719 429 104 29 judiciela

67 465 157 28 myndigheter,
247 472 46 14 som
316 465 67 27 enligt
403 466 15 20 4
440 465 41 21 och
497 467 13 19 5
525 466 24 26 $$
564 465 25 21 af
601 464 147 28 lagförslaget,
763 463 60 23 öfver

68 500 68 21 sådan
158 498 171 29 sammanföring
351 500 53 26 egde
427 501 32 19 att
482 499 71 22 utläta
567 499 39 28 sig,
622 501 53 19 utan
691 498 64 23 äfven
769 498 8 20 i
791 496 32 23 af-

67 535 79 20 seende
169 534 14 21 å
205 533 121 27 fördelning
348 533 25 22 af
385 533 150 28 hvarjehanda
549 533 187 25 insocknebesvär,
752 533 71 21 derest

67 568 48 23 icke
131 570 42 21 den
188 568 158 28 inskränkning
361 568 103 26 infördes,
479 570 34 20 att
522 568 160 28 lägenheterne,
693 567 48 22 frän
750 566 74 23 hvilka

68 605 27 20 de
118 603 71 22 skilda
205 603 87 22 delarne
307 603 70 21 skulle
391 603 165 26 sammanföras,
571 603 49 27 läge
635 603 43 21 alla
693 601 131 23 åtminstone

68 639 60 20 inom
142 644 83 15 samma
240 637 173 22 administrativa
427 638 96 25 omräde,
539 637 66 26 länet,
621 637 40 22 och
677 643 82 15 samma
767 634 58 29 judi-

68 672 56 21 viela
146 671 66 27 krets,
228 671 123 28 tingslaget.
381 671 140 22 Beträffande
544 673 47 20 åter
613 672 59 21 det
667 665 17 38 i
695 677 63 15 mom.
774 671 14 20 2
803 669 25 22 af

69 713 84 15 samma
175 707 12 26 $
209 707 131 21 omnämnda
362 705 98 29 egobyte,
476 706 41 21 har
537 706 106 21 utskottet
658 707 54 20 trott
727 706 37 20 det
778 703 48 22 icke

70 748 52 15 vara
144 741 77 27 nödigt
235 740 129 23 föreskrifva
378 741 70 27 någon
465 747 74 16 annan
554 740 165 27 inskränkning,
734 741 28 20 än
777 739 49 26 den,

71 777 33 19 att
126 775 28 21 de
176 775 132 28 lägenheter,
331 775 92 22 emellan
437 775 76 22 hvilka
527 775 106 28 egobyten
648 774 63 22 skola
725 773 102 27 försiggå,

71 809 53 21 böra
146 816 53 15 vara
221 809 93 27 belägna
327 810 8 20 i
350 816 82 15 samma
447 809 44 26 län,
508 811 53 20 enär
574 810 8 20 i
597 809 74 27 hvarje
686 808 39 22 fall
741 806 86 22 stomlä-

71 844 120 27 genhetens
213 844 71 21 forum
299 844 38 21 der
352 844 29 27 på
395 843 95 22 förhand
505 845 25 20 är
544 843 74 28 gifvet,
633 845 54 19 utan
702 844 33 20 att
750 842 79 21 sådant

72 878 44 22 kan
134 878 60 28 gifva
209 878 118 28 anledning
342 878 33 21 till
390 878 195 28 missuppfattning
600 878 52 21 eller
666 876 121 26 förvirring.
819 874 10 22 I

72 913 55 28 syfte
150 915 33 19 att
205 912 122 29 tydliggöra
349 914 67 25 detta,
438 912 41 22 har
495 914 11 26 $
521 913 14 21 7
549 912 8 22 i
571 912 80 28 nådiga
665 910 164 29 propositionen

72 947 70 22 blifvit
158 947 155 27 omredigerad.
343 948 116 21 Dessutom
473 947 67 22 hafva
555 948 68 26 några
637 947 81 21 smärre
734 942 97 30 språkfel

72 983 86 24 rättats,
174 984 56 19 samt
245 982 14 21 2
273 989 76 14 mom:s
364 982 89 26 slutord,
469 982 85 28 utbytts
569 983 58 20 emot
642 982 55 24 dem,
713 979 67 27 enligt
797 979 34 19 ut-

73 1016 93 22 skottets
189 1016 66 22 tanke
277 1016 166 28 fullständigare
465 1016 43 22 och
527 1016 109 28 riktigare,
653 1022 46 15 som
713 1014 118 22 utskottets

73 1050 115 22 redaktion
203 1050 25 22 af
240 1050 244 28 författningsförslaget
499 1050 126 22 innehåller.

142 1085 44 21 För
208 1087 33 19 att
263 1085 126 22 underlätta
411 1086 26 20 de
460 1086 121 27 omgångar
599 1085 36 22 vid
647 1082 185 30 jordafsöndring,

73 1119 75 22 hvilka
171 1121 10 25 $
205 1120 13 20 9
241 1119 24 22 af
278 1120 80 27 nådiga
372 1120 166 27 propositionen
553 1119 41 22 och
609 1120 10 26 $
635 1119 28 21 10
677 1118 26 22 af
715 1116 118 23 utskottets

73 1153 82 27 förslag
178 1153 143 27 omförmäler,
344 1154 41 21 har
406 1154 33 21 uti
458 1154 165 28 propositionen
637 1153 135 27 proceduren
787 1150 8 21 i
810 1150 25 21 sä

74 1187 68 22 mättö
165 1187 127 27 förenklats,
312 1190 33 20 att
361 1188 136 28 egostyckets
513 1188 143 22 utmärkande
670 1187 51 21 med
735 1186 100 21 rästenar

74 1222 41 21 och
138 1221 145 22 aftecknande
305 1221 48 22 icke
368 1223 136 27 nödvändigt
520 1222 102 22 behöfver
637 1221 37 22 ske
689 1221 26 22 af
726 1219 109 22 landtmä-

75 1259 53 24 tare,
144 1258 54 19 utan
211 1257 81 27 jemvä!
306 1256 44 22 kan
365 1256 111 28 företagas
492 1256 26 22 af
531 1258 63 20 stats-
609 1256 53 21 eller
671 1255 163 27 läneagronom,

74 1292 151 21 forstmästare
248 1291 52 22 eller
322 1292 106 27 ingeniör.
458 1292 36 21 Då
517 1291 107 22 utskottet
646 1291 73 21 ansett
734 1288 32 27 sig
781 1287 54 21 böra

74 1326 80 21 föreslå
177 1327 39 25 att,
239 1327 61 20 utom
316 1326 22 21 åt
353 1326 27 21 de
395 1326 154 27 uppräknade,
565 1324 64 23 äfven
644 1325 23 21 ät
683 1328 87 17 »annan
787 1320 48 22 sak-

75 1360 83 27 kunnig
173 1366 100 21 person»,
289 1360 36 21 må
339 1360 120 28 medgifvas
475 1361 46 21 rätt
536 1362 33 20 att
583 1359 99 27 företaga
692 1356 145 30 nyssberörda

74 1394 129 27 utstakning
227 1394 40 22 och
289 1394 134 28 afteckning,
443 1394 42 21 har
502 1395 25 20 sä
542 1393 64 27 skett,
622 1393 91 21 emedan
729 1389 108 23 utskottet

74 1430 73 19 ansett
171 1429 42 21 den
235 1429 132 21 omnämnda
390 1428 163 28 förrättningen
574 1434 53 16 vara
646 1426 25 22 af
683 1427 24 21 sä
723 1424 64 22 enkel
801 1424 36 21 be-
