1014 1620
221 111 30 20 12
396 113 82 22 Ständ.
494 113 38 23 Sv.
549 126 24 3 —
591 114 70 28 Prop.
678 115 42 22 N:o
734 115 22 22 9.

400 175 53 21 eller
476 177 191 28 jordafsöndring
697 178 68 27 enligt
793 177 158 28 ofvanstående

398 210 105 27 grunder,
533 211 78 21 såvida
640 211 149 28 arfvingarna
818 213 35 27 sig
878 213 71 20 derom

396 243 89 27 förena.

643 297 15 28 $
673 298 34 21 14.

471 336 37 21 Uti
522 338 147 27 guvernörens
685 337 92 28 slutliga
793 337 81 28 åtgärd
884 339 9 20 i
896 338 52 27 frå-

397 377 47 22 gor,
455 377 52 19 som,
519 371 68 27 enligt
602 371 73 21 denna
681 371 143 28 förordning,
835 371 31 28 af
872 372 77 21 honom

398 405 146 28 handläggas,
567 405 36 21 må
625 405 97 27 ändring
741 405 63 21 sökas
820 406 8 20 i
844 406 104 21 Senatens

398 438 270 27 Ekonomiedepartement
690 442 74 18 senast
781 439 54 28 före
857 440 90 21 klockan

398 473 48 27 tolf
456 474 14 20 å
485 474 108 21 nittionde
609 474 70 28 dagen
695 474 55 27 efter
766 474 132 27 delfåendet.

639 526 16 28 $
670 527 35 21 15.

465 566 51 21 Har
526 566 133 29 afsöndring
671 566 97 28 lagligen
780 566 61 25 skett,
851 566 36 21 mä
896 566 51 21 den-

397 607 83 14 samma
495 601 22 27 ej
531 607 76 21 genom
623 600 125 27 storskiftes
763 601 110 27 reglering
888 601 58 20 inom

396 634 177 28 samfälligheten
588 635 80 21 rubbas
683 635 83 24 vidare,
782 637 29 18 än
825 637 33 18 att
868 635 78 27 rättig-

397 669 35 20 het
448 669 36 21 till
499 669 80 27 afgäld
589 669 60 27 frän
659 669 43 21 den
713 669 133 27 afsöndrade
856 669 87 21 marken

396 703 45 21 kan
452 704 32 27 pä
499 710 76 14 annan
590 703 158 28 stomlägenhet
762 703 94 28 öfvergä.

637 755 14 28 $
667 756 35 20 16.

469 795 44 21 Vill
529 795 120 28 jordegare
672 795 37 21 till
726 801 87 15 annans
830 796 114 27 nyttjande

392 830 32 28 pä
441 830 74 26 Ufstid
532 830 53 21 eller
599 830 58 21 vissa
672 830 27 20 är
714 829 92 27 upplåta
822 830 72 27 någon
909 829 35 21 del

394 864 32 27 af
443 864 34 20 sin
497 864 61 28 jord,
573 870 52 14 vare
639 864 35 20 det
690 864 86 25 tillätet,
792 865 43 19 när
849 864 42 20 viss
906 863 38 21 och

395 898 84 28 verklig
501 898 48 27 lega
567 897 43 28 för
631 898 48 20 äret
702 897 103 28 betingad
821 899 32 19 är.
883 897 61 22 Dock

394 932 58 21 skall
468 932 135 27 afhandling
620 932 75 21 derom
710 930 126 28 skriftligen
851 934 93 26 upprät-

394 968 34 19 tas
450 966 47 25 och,
514 965 42 27 för
570 968 34 18 att
617 966 62 28 gälla
695 968 45 19 mot
755 966 68 27 tredje
838 972 56 20 man,
911 967 33 20 in-

395 1000 100 26 tecknas;
510 1000 112 27 äfvensom
637 1000 8 20 i
655 1000 103 27 afseende
768 1000 14 20 å
792 1001 151 21 arrendetiden

394 1034 112 28 iakttagas
524 1034 49 25 bör,
596 1034 58 21 hvad
671 1034 165 28 förordningen
852 1035 41 20 den
916 1036 28 20 13

392 1068 57 21 Juni
473 1069 56 21 1800
547 1075 32 14 om
595 1068 81 21 städsel
692 1068 39 21 och
747 1068 47 28 lega
810 1068 28 27 af
844 1068 55 28 jord
910 1069 32 27 på

393 1102 76 21 landet
479 1101 156 28 föreskrifver.

256 1142 107 27 Slutligen
378 1142 91 28 utbedja
484 1142 31 27 sig
531 1142 122 22 Ständerna
668 1144 33 19 att
717 1142 22 21 få
752 1142 7 21 i
770 1143 172 27 underdånighet

183 1176 96 26 anmäla,
302 1177 37 20 det
364 1176 124 22 Ständerna
515 1176 97 28 godkänt
641 1178 36 20 det
706 1177 49 21 dem
782 1177 80 27 jemväl
886 1177 55 21 före-

182 1209 68 27 lagda
263 1210 82 27 förslag
360 1210 33 21 till
407 1210 132 27 förordning,
563 1211 112 26 angående
690 1210 118 22 förändrad
823 1211 80 28 lydelse
918 1211 25 21 af

184 1243 11 26 $
210 1244 15 20 2
239 1243 8 21 i
262 1243 157 28 förordningen
441 1251 36 15 om
491 1245 126 27 inteckning
631 1245 7 20 i
653 1245 43 21 fast
711 1245 106 27 egendom
832 1244 25 22 af
870 1246 41 20 den
926 1245 13 20 9

182 1278 123 22 November
318 1279 64 22 1868.

254 1324 106 22 Finlands
378 1324 95 23 Ständer
487 1326 124 21 framhärda
625 1328 40 19 etc.

253 1369 143 28 Helsingfors,
412 1372 42 20 den
469 1372 15 20 4
499 1371 42 27 Maj
557 1372 62 22 1882.

314 1444 120 23 Helsingfors,
447 1446 17 17 J.
477 1446 66 18 Simelii
555 1447 98 22 arfvingars
664 1448 84 22 tryckeri,
763 1448 49 17 1882.
