1009 1620
228 102 15 20 4
400 102 80 23 Ständ.
496 103 39 23 Sv.
550 115 27 4 —
593 104 72 28 Prop.
681 103 41 23 N:o
736 103 22 22 4.

200 164 52 22 eller
273 164 110 27 förstöras,
406 168 53 19 utan
482 168 34 20 att
530 166 157 28 Arkeologiska
701 166 167 22 kommissionen
884 166 69 22 blifvit

200 200 73 20 derom
288 200 141 22 underrättad
444 204 56 18 samt
515 201 91 22 kommit
621 202 7 21 i
643 202 87 21 tillfälle
745 204 33 19 att
792 202 46 22 låta
853 202 101 21 afteckna

200 233 52 21 eller
273 233 83 23 afbilda
378 236 54 20 dem.
462 236 48 21 Den
526 236 92 22 sålunda
632 236 124 27 föreslagna
772 244 42 20 nya
829 238 33 26 $:n
877 236 40 22 har
932 236 24 22 af

200 268 122 22 Ständerna
342 269 88 28 intagits
453 272 97 20 närmast
573 271 55 21 efter
643 272 11 26 $
669 272 21 24 7,
706 270 82 22 hvilket
803 271 108 21 föranledt
926 278 27 14 en

199 303 93 27 ändring
307 303 25 22 af
344 304 27 21 de
385 304 96 28 följande
497 306 42 26 $$:s
555 306 199 27 ordningsnumror.

267 338 31 21 Pä
319 340 71 26 grund
412 340 24 21 af
456 341 36 20 det
515 340 93 22 anförda
634 340 22 22 fä
671 340 124 21 Ständerna
810 340 38 21 hos
864 340 90 21 Eders

199 372 168 29 Kejserliga
386 374 141 28 Majestät
542 375 7 21 i
564 374 173 28 underdänighet
753 374 93 26 anmäla,

461 411 31 20 att
514 409 129 27 Ständerna,
658 416 46 15 som
718 409 49 22 med
780 410 70 26 nägra
866 409 87 21 ändrin-

402 451 41 20 gar
460 444 37 21 och
512 444 74 28 tillägg
600 444 94 27 godkänt
709 443 41 22 den
764 443 82 28 nädiga
858 444 94 26 proposi-

405 479 77 26 tionen,
493 478 41 28 för
549 479 36 20 sin
600 479 34 21 del
648 478 85 27 antagit
748 484 26 15 en
788 478 27 21 sä
830 478 90 27 lydande

404 536 141 33 Förordning
560 536 116 33 angäende
690 535 100 25 forntida
803 535 150 25 minnesmär-

480 578 58 24 kens
556 578 109 24 fredande
684 577 42 25 och
746 577 132 24 bevarande.

461 624 55 21 Med
536 624 94 28 ändring
652 624 30 28 af
693 626 17 19 2
724 624 16 27 $
754 625 30 20 48
802 623 59 27 Kap.
877 623 32 21 M.
926 622 28 22 B.

404 658 36 20 och
456 658 78 28 Kongl.
551 658 79 28 brefvet
639 659 41 21 den
690 660 32 20 20
732 658 86 28 augusti
828 659 60 20 1755
898 660 56 19 samt

403 692 29 27 af
442 692 58 22 hvad
514 694 14 20 5
543 693 15 28 $
574 695 30 20 48
618 693 60 27 Kap.
694 693 34 21 M.
744 692 28 21 B.
788 692 118 22 innehäller
921 699 33 14 om

402 727 68 27 straff
477 727 41 27 för
533 727 59 27 brott,
614 734 45 15 som
674 727 108 28 nedanför
797 728 97 24 nämnas,
906 726 47 28 för-

402 761 80 21 ordnas
496 768 34 14 om
540 762 100 27 forntida
654 761 187 22 minnesmärkens
846 760 108 28 fredande

402 795 37 21 och
454 796 118 21 bevarande
587 803 45 14 som
642 796 84 27 följer:

654 842 16 27 $
684 843 20 19 1.

458 875 54 22 Alla
522 875 64 28 fasta
599 875 180 28 fornlemningar,
794 876 72 21 säsom
879 875 75 22 ruiner

402 909 53 28 efter
470 911 72 27 gamla
557 910 82 27 borgar,
656 911 56 25 slott,
724 909 83 28 fästen,
823 910 81 27 kyrkor,
916 910 36 21 ka-

397 944 51 26 pell,
472 944 92 22 bönehus
583 945 37 21 och
635 945 72 21 andra
722 944 107 28 märkliga
844 945 109 27 offentliga

401 977 134 28 byggnader
528 973 13 37 ;
557 978 116 28 ättehögar,
696 978 96 28 grafält,
808 978 144 26 stenkummel,

400 1012 140 27 värdhällar;
561 1014 79 25 stenar,
657 1012 119 27 klippblock
790 1012 38 22 och
842 1012 49 28 berg
906 1012 48 22 med

400 1046 111 28 runskrift
525 1047 50 22 eller
590 1047 70 21 andra
675 1046 116 28 inskrifter
805 1046 50 22 eller
873 1046 79 28 afbild-

400 1080 93 28 ningar;
507 1081 109 28 äfvensom
630 1081 99 21 stenkors
744 1080 37 22 och
791 1080 73 28 dylika
872 1081 81 21 vårdar

400 1117 57 19 samt
472 1116 70 21 andra
557 1116 105 21 likartade
682 1115 176 22 minnesmärken
872 1115 28 28 af
912 1116 41 21 den

400 1150 67 26 ålder,
490 1152 32 19 att
540 1150 24 21 de
578 1157 91 15 numera
684 1150 46 21 icke
745 1150 74 21 kunna
833 1156 64 15 anses
912 1150 40 22 till-

400 1183 54 22 höra
476 1184 84 22 enskild
579 1191 69 21 egare,
663 1184 71 22 varda
748 1184 124 27 härigenom
887 1186 65 25 tagna

399 1218 70 21 under
491 1219 74 26 lagens
587 1218 57 28 hägn
666 1217 39 22 och
715 1217 31 28 få
760 1217 83 22 således
858 1217 94 22 hvarken

400 1251 28 28 af
436 1252 91 27 jordens
548 1259 62 21 egare
632 1253 52 21 eller
704 1251 142 28 innehafvare
861 1252 51 21 eller
927 1252 29 27 af

400 1293 76 15 annan
496 1293 81 20 person
598 1287 128 27 förändras,
749 1286 78 22 rubbas
842 1287 50 21 eller
902 1286 48 27 för-

399 1321 73 21 störas
491 1321 69 22 under
586 1323 68 20 annat
676 1321 70 22 vilkor
767 1323 30 19 än
818 1321 41 21 här
880 1321 71 21 nedan

400 1355 95 28 stadgas.

646 1406 13 28 $
676 1408 23 20 2.

457 1440 113 29 Ästundar
596 1454 62 20 egare
684 1446 52 22 eller
760 1446 141 28 innehafvare
925 1448 29 28 af
