1031 1620
335 106 20 20 U.
370 106 19 19 B.
406 115 27 4 —
449 105 54 25 Prop.
519 105 30 20 N:o
563 105 31 20 15.
787 106 27 21 23

84 171 100 23 området
199 170 49 23 med
264 170 42 22 den
326 169 149 28 noggrannhet
489 170 117 27 bestämdt,
622 172 33 20 att
671 170 41 23 den
729 170 67 28 årliga
811 177 33 15 ar-

86 205 202 28 betsskyldigheten
304 205 67 22 sedan
385 205 36 21 må
435 205 74 21 kunna
523 205 53 22 derå
591 205 68 27 enligt
669 205 13 27 $
693 206 28 21 44
731 202 113 30 beräknas,

86 242 58 20 samt
159 241 116 26 gränserne
294 238 110 23 beskrifne
423 239 41 22 och
479 239 49 22 med
543 241 64 20 rösen
622 239 53 22 eller
689 240 68 21 andra
772 239 73 29 skiljo-

86 274 91 23 märken
195 273 101 23 försedde
317 274 49 22 med
380 274 141 27 iakttagande
537 273 24 23 af
573 274 58 22 hvad
645 275 12 26 $
673 276 13 20 4
702 281 35 15 om
750 275 49 22 räer
813 274 34 23 för

88 309 146 27 inmutningar
249 309 7 21 i
272 309 32 27 sjö
323 307 147 28 föreskrifver;
490 309 95 22 börande
601 309 94 22 särskild
709 309 64 22 karta
787 309 60 23 öfver

88 343 76 23 stället
178 344 121 27 upprättas,
317 343 38 23 der
370 343 18 27 ej
400 343 122 22 inmutaren
533 343 107 22 anskaffat
649 343 118 28 behörigen
777 343 70 29 styrkt

89 377 79 23 afstick
183 377 23 23 af
220 377 99 23 deröfver
333 377 58 22 förut
406 378 117 27 upprättad
539 378 69 27 karta,
625 378 13 22 å
650 378 85 23 hvilken
747 379 27 22 då
784 380 64 27 grän-

88 412 166 22 seskilnaderna
270 412 53 22 böra
338 412 131 27 uppdragas.

343 474 10 29 $
369 477 34 19 41.
427 474 20 29 ($
463 477 26 19 42
506 475 7 21 i
527 475 70 28 prop.)

162 510 142 22 Oförändrad.

441 562 11 27 $
469 563 34 21 42.

163 603 41 22 Vill
226 602 72 27 någon
319 602 90 22 klandra
432 602 101 23 faststäld
556 602 209 29 utmålsförrättning
784 603 7 21 i
811 603 39 27 sjö,

92 643 53 22 eger
160 638 42 21 den
216 637 119 28 missnöjde
350 639 33 20 att
397 637 34 22 sin
445 637 60 22 talan
515 638 37 21 vid
563 637 92 22 domstol
666 637 71 22 utföra
747 637 28 28 på
785 638 67 21 stem-

92 672 58 27 ning,
174 677 46 16 som
235 671 58 22 inom
308 671 63 22 nittio
387 672 68 27 dagar
470 672 68 22 sedan
553 671 245 28 förrättningsmannens
813 671 39 22 be-

92 707 47 22 slut
154 706 79 22 honom
248 706 117 27 bevisligen
381 706 115 28 delgifvits,
512 706 55 22 skall
583 707 142 27 vederparten
737 705 116 23 tillställas.

401 793 16 20 6
432 794 117 24 Kapitlet.

137 843 35 24 Om
188 843 150 29 rättighetens
353 842 126 24 bevarande
495 843 36 23 till
545 843 112 23 inmutade
673 842 144 30 fyndigheter

374 878 57 22 samt
446 878 134 23 hvilostånd.

447 930 11 28 8
475 932 34 20 43.

168 965 41 21 Till
231 964 139 22 försvarande
391 964 22 22 af
426 965 98 21 inmutad
542 964 111 29 fyndighet
668 971 51 16 vare
734 963 124 23 innehafva-

98 1006 40 16 ren
153 999 120 22 förbunden
288 1001 33 19 att
336 999 60 22 såväl
411 999 46 22 före
473 1006 46 16 som
535 1000 55 22 efter
602 999 209 28 utmålsläggningen
821 999 38 21 be-

100 1033 69 23 drifva
189 1034 85 22 arbetet
294 1034 25 21 så
333 1036 34 19 att
381 1034 14 21 å
409 1034 74 28 hvarje
499 1034 107 22 inmutadt
621 1034 88 22 område
724 1034 53 22 eller
792 1032 68 23 utmål

98 1068 86 28 årligen
206 1068 131 22 åtminstone
360 1068 187 28 bergsprängning
569 1069 32 21 till
624 1076 26 15 en
668 1068 125 22 kubikfamn
809 1067 52 23 eller

100 1102 43 22 fem
166 1102 162 22 kubikfamnars
349 1103 150 27 jordrymning
521 1104 53 21 eller
596 1104 41 21 ock
655 1104 66 21 annat
736 1102 58 28 gruf-
809 1102 53 22 eller

101 1136 245 29 grufbyggnadsarbete,
366 1138 153 21 motsvarande
539 1138 121 22 tvåhundra
677 1136 141 29 dagsverken,
834 1136 29 28 på

101 1172 77 22 stället
200 1172 82 22 utföres
304 1174 56 20 samt
382 1171 48 22 från
453 1172 68 22 utmål
536 1173 7 21 i
558 1172 46 23 lösa
621 1172 110 28 jordlager
750 1172 67 21 minst
832 1171 30 21 tio

102 1206 151 22 kubikfamnar
268 1206 82 27 årligen
365 1208 116 26 upptagas.

173 1241 42 21 Vid
230 1240 222 29 sjömalmsfyndighet
467 1240 66 23 varde
544 1241 67 27 årliga
621 1239 242 30 upptagningsskyldig-

103 1275 66 23 heten
185 1275 101 23 bestämd
301 1275 97 27 sålunda,
414 1277 33 20 att
463 1275 47 22 från
525 1275 74 29 hvarje
608 1275 108 23 inmutadt
727 1274 88 23 område
825 1273 40 23 bör

104 1312 109 26 upptagas
236 1310 52 28 fyra
305 1310 152 22 kubikfamnar
479 1310 70 27 malm,
573 1310 152 22 motsvarande
748 1308 117 23 etthundra

105 1344 111 28 trettiosju
230 1346 85 21 tunnor.

174 1379 178 28 Bergsstyrelsen
367 1380 41 27 må,
424 1382 39 20 när
479 1380 212 27 omständigheterna
707 1378 72 23 dertill
793 1378 72 22 föran-

104 1412 58 28 leda,
178 1414 30 27 på
227 1414 74 22 derom
319 1414 62 28 gjord
397 1414 94 28 skriftlig
506 1414 119 27 ansökning
639 1413 100 23 meddela
754 1413 113 26 inmutare,

176 1452 203 19 Ekonomieutskottets
393 1453 117 18 betänkande
527 1454 36 18 N:o
575 1454 16 17 6.
