1014 1617
280 104 81 22 Ständ.
377 104 38 22 Sv.
432 116 26 3 —
473 104 73 27 Prop.
561 103 41 22 N:o
618 103 22 21 9.
783 103 26 21 11

288 165 56 27 efter
366 166 213 21 länelandtmätaren
602 172 49 21 eger
666 168 33 18 att
715 166 72 20 derom
805 164 34 22 till

288 199 166 29 öfverstyrelsen
464 200 42 26 för
522 200 163 20 landtmäteriet
700 199 116 21 inderätta.

529 252 15 26 $
560 252 34 20 10.

356 291 46 20 Der
420 291 118 27 jordegare
561 298 75 20 genom
655 290 109 28 skriftligt
779 289 59 25 aftal

289 325 34 21 till
339 332 75 14 annan
434 324 114 26 öfverlätit
558 325 55 27 jord
625 326 31 26 pä
673 326 43 19 sätt
731 325 34 20 uti
780 324 29 27 $$
825 324 14 20 1

288 359 38 21 och
342 360 12 20 9
370 361 26 19 är
412 360 70 26 sagdt,
498 366 50 13 vare
566 359 65 27 äfven
646 359 40 20 den
701 358 137 22 sistnämnde

288 393 124 27 berättigad
427 396 32 18 att
470 394 35 20 till
516 393 41 21 den
567 393 96 21 sälunda
674 392 83 21 skedda
768 391 70 28 styck-

288 428 78 26 ningen
390 428 52 20 eller
457 427 160 27 afsöndringen
632 426 89 21 utverka
739 426 99 26 behörigt

288 462 102 20 tillständ
405 462 8 19 i
428 462 40 20 den
484 462 94 26 ordning
594 461 41 21 här
651 460 66 26 ofvan
724 460 41 27 för
772 460 65 27 jord-

288 502 62 20 egare
368 496 6 19 i
390 495 114 21 enahanda
520 495 101 22 afseende
632 494 161 27 föreskrifvits.

530 552 14 27 $
561 553 33 19 11.

356 592 72 26 Egare
444 592 29 27 af
485 592 96 27 lagligen
595 587 114 36 afsöndrad
724 591 48 27 jord
787 597 51 14 vare

287 626 85 27 skyldig
395 628 38 22 att,
456 626 58 20 inom
536 626 42 20 den
592 626 40 27 för
648 625 96 28 lagfarts
759 624 80 21 ansök-

288 661 50 26 ring
359 660 107 27 stadgade
484 661 36 25 tid,
537 662 35 19 sin
588 660 93 21 åtkomst
691 660 38 20 hos
745 659 92 21 härads-

288 696 71 19 rätten
382 694 115 27 behörigen
520 694 75 28 styrka
619 694 38 21 och
672 695 46 20 låta
734 693 103 21 handlin-

287 735 72 21 garna
378 728 40 27 för
438 729 113 27 framtida
575 729 117 26 utredning
715 728 8 20 i
739 727 98 28 lagfarts

284 763 132 27 protokollet
440 763 82 27 intaga.
557 762 72 21 Sedan
646 763 35 20 må
698 762 83 28 jorden
803 761 34 20 in-

289 797 93 26 tecknas,
398 797 53 21 dock
462 797 46 20 icke
514 797 42 27 för
566 798 95 26 sytning.
695 792 143 31 Öfverlåtelse

288 831 30 27 af
330 832 61 27 dylik
402 832 56 26 jord
475 832 33 20 må
524 832 20 26 ej
560 832 7 20 i
583 831 52 21 börd
650 830 113 22 klandras.

530 889 15 27 $
560 890 35 20 12.

356 928 148 27 Innehafvare
520 929 30 25 af
562 928 179 28 stomlägenheten
759 933 42 21 ege,
812 926 25 21 sä

288 963 63 27 länge
374 963 43 20 han
436 963 43 26 för
502 963 124 21 densamma
648 964 63 25 utgör
725 961 58 21 skatt
799 960 39 21 och

289 996 116 28 utskylder,
428 997 57 27 sjelf
504 997 98 27 uppbära
627 997 40 20 den
691 995 85 29 afgäld,
792 1001 45 14 som

287 1030 52 25 från
370 1030 124 28 afsöndrag
518 1032 55 26 jord
596 1032 34 20 till
653 1033 103 19 stommen
783 1028 54 21 ärli-

286 1072 40 20 gen
353 1065 102 27 erläggas
482 1066 69 24 skall;
576 1066 37 20 och
638 1066 59 27 njute
721 1064 44 20 han
790 1063 47 20 der-

282 1098 40 27 för
338 1100 68 20 sådan
424 1102 46 18 rätt
487 1100 37 20 och
540 1100 70 20 sådan
622 1100 98 26 förmån,
737 1105 45 14 som
799 1104 39 14 an-

286 1134 83 26 gående
385 1140 76 14 annan
472 1134 78 27 afgäld
561 1134 36 26 för
608 1134 43 27 fast
662 1133 103 27 egendom
775 1132 62 20 stad-

286 1167 44 26 gad
352 1169 32 19 är.
416 1168 86 21 Brister
524 1168 212 26 stominnehafvaren
752 1167 8 19 i
775 1167 63 26 utgö-

287 1201 76 21 randet
378 1202 30 26 af
419 1203 51 19 sina
486 1203 94 26 utlagor,
595 1202 35 20 må
643 1202 41 20 den
694 1200 87 28 afgäld,
792 1206 45 14 som

281 1234 41 27 för
345 1236 40 20 den
408 1236 136 26 afsöndrade
568 1236 59 20 delen
650 1236 86 21 obetald
752 1237 33 22 är,
802 1234 36 20 till

286 1268 93 22 bristens
397 1269 107 27 fyllande
526 1271 8 19 i
556 1270 95 27 stadgad
666 1270 96 26 ordning
779 1270 58 19 utta-

285 1309 40 20 yas
341 1304 51 20 eller
410 1304 47 20 med
473 1304 104 28 gvarstad
594 1304 107 27 beläggas.

528 1362 14 26 $
557 1362 33 20 13.

358 1400 42 22 Vid
424 1401 100 27 arfsfall,
550 1402 38 20 der
597 1402 56 26 flere
664 1401 50 27 fått
729 1400 35 20 del
781 1400 7 20 i
805 1400 31 20 lä-

284 1434 84 26 genhet,
391 1435 35 20 mä
447 1435 105 27 arfskifte
566 1435 35 21 ske
616 1435 89 21 medelst
720 1433 117 28 styckning
