1028 1620
232 100 27 21 18

397 101 80 23 Ständ.
492 102 39 23 Sv.
548 115 25 4 —
589 104 71 27 Prop.
676 104 40 22 N:o
732 103 33 22 15.

650 191 15 26 $
681 191 33 19 14.

469 234 45 22 Vill
529 235 141 27 innehafvare
681 236 30 26 af
717 236 103 20 mutsedel
829 236 123 20 densamma

409 269 22 21 åt
441 276 75 14 annan
527 268 113 28 öfverlåta,
651 270 57 21 skall
716 270 149 27 öfverlåtelsen
875 269 77 27 skrift-

409 303 55 27 ligen
482 303 84 21 tecknas
581 304 14 20 å
611 304 131 26 mutsedeln;
758 304 36 20 och
811 304 84 27 åligger
911 304 40 20 den

408 344 42 20 nya
473 337 166 28 innehafvaren,
663 339 35 20 vid
720 339 100 27 äfventyr
835 340 32 19 att
883 338 69 26 öfver-

409 371 89 21 låtelsen
513 372 61 27 eljest
588 374 27 19 är
630 372 66 28 ogild,
707 368 20 32 ej
737 372 93 21 allenast
840 373 57 20 inom
907 379 45 13 sex-

408 406 28 20 tio
453 406 72 26 dagar
540 406 57 27 efter
608 407 36 20 det
654 407 117 20 mutsedeln
782 406 86 21 kommit
880 407 7 20 i
897 406 54 21 hans

408 446 43 21 ego,
474 441 89 20 anmäla
585 441 33 27 sig
642 441 37 20 hos
694 440 160 28 bergmästaren
865 441 40 26 för
920 447 31 14 er-

407 473 104 22 hållande
532 474 29 27 af
579 475 79 20 dennes
675 475 132 27 påteckniny
823 475 59 25 derå,
897 477 54 19 utan

407 508 43 26 ock,
467 509 7 20 i
489 509 100 21 händelse
605 509 151 27 öfverlåtelsen
772 509 28 27 af
820 509 131 28 bergmästa-

407 550 37 14 ren
467 543 130 28 godkännes,
622 544 56 20 inom
701 544 45 20 lika
762 544 32 20 tid
810 544 93 25 derefter
919 543 30 21 be-

407 578 90 27 visligen
512 578 130 21 underrätta
665 578 156 21 vederbörande
832 578 119 28 jordegare

407 612 53 20 eller
482 611 140 28 innehafvare
641 619 32 14 om
690 612 147 27 öfverlåtelsen
853 612 36 21 och
905 612 45 21 låta

408 646 116 21 mutsedeln
542 647 55 27 ånyo
613 647 104 27 kungöra.

463 681 107 21 Mutsedel
592 682 13 20 å
620 681 228 28 sjömalmsfyndighet
859 681 42 27 får
915 681 35 27 öf-

407 715 94 21 verlåtas
523 716 76 20 endast
621 716 35 20 till
678 722 64 21 egare
764 716 52 20 eller
830 716 120 26 anläggare

407 750 29 25 af
448 749 54 21 bruk
514 749 38 26 för
568 750 188 28 tillgodogörande
772 749 29 26 af
810 750 104 27 sjömalm.

468 784 86 27 Vägrar
570 784 160 28 bergmästaren
746 786 32 18 att
788 784 116 27 godkänna
915 783 35 27 öf-

408 818 108 21 verlåtelse
539 818 29 27 af
582 818 108 25 mutsedel,
706 819 36 20 må
756 818 81 27 klagan
853 817 97 26 deröfver

407 851 35 22 ske
458 853 7 19 i
481 852 40 21 den
537 853 95 27 ordning
646 853 14 26 $
675 854 14 19 7
704 853 97 27 stadgar.

609 921 15 17 3
637 922 113 22 Kapitlet.

409 967 42 17 Om
462 966 159 23 skärpnings-
630 968 42 17 och
685 968 76 17 annat
769 966 180 22 försöksarbete.

644 1014 15 26 $
674 1013 34 21 15.

463 1058 55 25 Den,
541 1065 44 14 som
607 1058 91 26 undfått
720 1058 101 20 mutsedel
843 1058 13 19 å
878 1057 71 27 någon

402 1093 122 28 Fyndighet,
550 1100 49 13 vare
622 1092 122 28 berättigad
767 1094 32 18 att
814 1092 30 26 af
855 1093 94 26 angrän-

406 1127 65 21 sande
493 1126 63 22 mark
571 1126 97 28 begagna
684 1126 58 21 hvad
757 1126 35 20 till
807 1128 40 25 väg
863 1125 36 21 och
915 1128 34 18 ut-

406 1168 78 21 rymme
500 1162 8 19 i
523 1161 68 27 öfrigt
613 1160 76 28 nödigt
711 1162 27 19 är
755 1160 41 27 för
812 1160 137 20 anställande

406 1195 29 26 af
444 1196 80 20 sådant
539 1195 142 27 skärpnings-
704 1194 52 21 eller
770 1196 69 19 annat
849 1193 99 27 försöks-

406 1229 76 26 arbete,
505 1236 45 14 som
573 1229 35 21 till
622 1228 156 29 fyndighetens
794 1230 101 19 närmare
910 1234 39 14 un-

406 1263 129 28 dersökning
558 1263 38 21 och
618 1263 110 21 blottande
747 1262 117 27 erfordras,
881 1263 68 19 innan

405 1298 69 21 utmål
496 1297 76 28 derför
595 1298 85 27 lägges;
702 1297 54 20 dock
775 1296 57 21 skall
847 1296 50 26 han,
908 1295 42 27 för

405 1332 55 21 hvad
474 1332 43 21 han
534 1332 94 21 sålunda
644 1332 98 27 begagna
764 1330 44 27 får,
823 1330 63 29 gifva
901 1337 48 21 ega-

405 1373 37 14 ren
457 1367 52 20 eller
531 1365 157 28 innehafvaren
704 1365 30 27 af
742 1365 87 28 jorden,
845 1365 24 20 så
885 1364 63 27 länge

401 1400 171 27 försöksarbetet
583 1400 99 27 fortgår,
694 1400 49 26 full
754 1399 121 27 ersättning
891 1399 8 19 i
914 1399 34 20 år-

405 1436 29 26 lig
451 1435 69 27 afgift
536 1434 36 21 och
587 1441 50 14 vare
647 1434 90 28 jemväl,
753 1434 8 19 i
776 1432 100 22 händelse
886 1433 62 27 gruf-
