1025 1623
214 108 27 21 20
416 109 22 24 U.
455 110 22 22 B.
494 121 29 6 —
540 110 61 29 Prop.
618 111 36 22 N:o
671 111 31 22 14.

184 164 140 28 förbjudande
346 167 63 22 likväl
432 168 46 21 icke
500 169 52 20 utan
575 168 151 27 betänklighet.
761 169 62 21 Hvad
846 169 97 26 slutligen

184 199 219 28 fridlysningstiderna
418 203 73 26 angår,
515 203 39 21 har
576 203 105 21 utskottet
696 205 70 19 ansett
782 203 25 22 de
822 203 121 22 nuvarande

183 233 185 29 bestämningarna
384 243 50 15 vara
450 239 32 19 att
497 237 122 27 föredragas
635 237 87 22 framför
744 237 26 22 de
790 238 6 20 i
812 238 40 21 den
867 238 76 27 nädiga

183 269 159 27 propositionen
361 271 125 28 föreslagna,
510 272 48 21 med
574 272 108 27 undantag
698 272 75 21 endast
795 273 22 20 af
837 273 55 21 hvad
908 279 35 15 an-

182 304 37 26 gär
235 304 126 28 andslägtet,
385 305 100 22 beckasin
503 306 39 22 och
559 306 112 27 brushane,
691 307 71 21 hvilka
778 307 65 27 enligt
857 307 40 21 den
913 307 29 21 af-

181 337 63 28 lagda
260 339 84 22 sedelns
359 340 69 27 utslag
443 341 68 21 borde
526 341 93 27 skyddas
634 341 32 21 till
683 341 40 21 den
734 342 25 20 21
772 341 48 22 Juli.
838 354 25 2 —
879 341 10 22 I
904 341 38 22 allt

182 372 58 22 detta
257 373 62 22 söker
334 381 48 15 man
398 375 82 22 säledes
501 375 104 28 förgäfves
631 382 26 15 en
681 375 115 27 tillräcklig
820 376 68 27 grund
910 375 32 22 för

181 413 27 22 ny
223 407 41 28 lag.

251 443 33 21 Då
301 443 25 22 de
341 443 124 28 kraftigaste
480 445 101 26 åtgärder
602 444 135 27 beklagligen
760 444 68 22 blifvit
850 445 91 22 nödvän-

183 477 49 27 diga
246 477 33 22 för
295 479 32 20 att
342 481 57 19 emot
414 478 68 22 ulfvar
504 479 83 28 skydda
609 479 79 21 barnen
704 479 6 20 i
733 480 47 20 vårt
802 479 55 27 land,
880 486 61 21 synes

182 518 48 15 man
247 512 40 21 ock
302 512 119 28 berättigad
437 515 31 20 att
484 513 121 27 förutsätta,
629 514 35 21 det
680 513 100 22 behofvet
799 513 23 22 af
841 521 40 20 nya
901 514 39 21 och

182 546 202 28 ändamålsenligare
406 547 132 22 föreskrifter
561 549 109 26 angående
697 547 164 28 rofdjursjagten
885 548 54 22 varit

182 580 40 21 den
238 581 105 27 egentliga
358 582 140 27 anledningen
514 583 32 21 till
562 583 106 26 förslaget.

250 615 10 21 I
277 615 58 22 detta
350 616 120 22 hänseende
485 617 68 22 finner
572 623 49 15 man
643 617 60 22 äfven
726 619 33 20 att
781 624 25 15 en
830 617 109 22 tillskotts-

181 649 80 26 premie
278 650 32 21 för
325 650 91 23 fällande
431 651 23 22 af
468 658 56 21 varg,
545 652 66 27 björn,
633 652 20 21 lo
670 652 40 21 och
723 652 43 27 jerf
780 651 67 22 blifvit
866 651 71 22 utfäst.

181 683 49 22 Men
246 686 59 19 utom
321 685 36 21 det
372 687 32 20 att
420 687 104 21 utskottet
549 688 70 20 ansett
635 687 69 21 denna
728 687 80 27 premic
832 687 53 21 böra
909 687 30 20 in-

180 718 104 22 skränkas
299 720 32 20 till
347 720 97 22 dödande
460 721 22 21 af
495 728 57 20 varg,
568 721 42 21 kan
627 722 35 20 det
673 721 6 21 i
690 721 60 27 fråga
760 723 66 20 sättas
836 721 103 21 huruvida

180 754 32 20 ett
226 754 77 21 sådant
318 755 116 27 stadgande
450 756 39 20 bör
504 756 49 26 ingå
568 756 7 20 i
599 756 78 21 allmän
693 756 41 26 lag,
759 756 27 21 då
801 756 35 21 det
848 756 24 26 ju
894 756 45 20 står

180 788 103 27 styrelsen
299 788 45 22 fritt
360 790 37 26 att,
414 790 69 20 säsom
500 790 66 21 redan
581 790 63 27 skett,
662 790 54 22 efter
732 790 207 27 omständigheterna

179 828 77 20 genom
279 823 107 22 utlofvade
409 824 123 27 belöningar
555 825 52 21 söka
630 831 75 21 sporra
726 825 40 21 den
789 825 95 21 enskilda
906 824 32 21 till

180 857 135 22 verksamhet
329 857 33 22 för
377 858 118 27 rofdjurens
511 859 113 22 utödande.

248 891 63 22 Hvad
330 893 95 21 deremot
440 893 101 22 beträffar
556 893 74 27 sjelfva
643 894 75 26 jagten
733 893 28 26 på
777 893 86 27 rofdjur,
880 894 57 20 inne-

178 925 68 22 håller
261 926 145 27 föreliggande
420 927 78 27 förslag
514 928 62 26 ingen
592 935 26 20 ny
634 928 118 25 föreskrift;
770 930 21 25 ty
808 928 10 27 $
834 929 12 20 9
862 930 24 19 är
899 928 38 21 ord

178 959 33 21 för
226 961 40 20 ord
281 961 135 26 likalydande
431 962 49 21 med
494 969 81 14 samma
591 962 13 28 $
620 963 7 20 i
642 963 99 26 gällande
757 962 128 27 förordning.

247 995 73 20 Under
335 995 77 22 sådant
427 996 132 22 förhållande
575 997 39 21 och
629 997 7 21 i
653 997 141 21 betraktande
810 997 22 20 af
841 997 55 21 hvad
907 997 30 20 of-

178 1035 40 16 van
242 1029 85 21 anfördt
350 1032 30 24 är,
404 1031 79 26 nödgas
504 1031 37 26 jag
564 1033 63 25 öppet
643 1031 64 26 vidgå
722 1031 44 21 min
781 1031 108 26 oförmåga
905 1033 31 19 att

177 1063 55 20 fatta
252 1063 26 21 de
293 1064 53 25 skäl,
363 1071 46 14 som
425 1065 106 22 föranledt
547 1066 40 21 den
602 1066 78 26 nådiga
696 1066 164 26 propositionen.
893 1065 43 21 Min

178 1097 141 27 öfvertygelse
341 1101 25 18 är
389 1099 113 27 dessutom,
527 1101 31 20 att
579 1100 73 27 jagten
670 1100 48 21 icke
734 1100 41 21 kan
791 1100 46 21 från
853 1099 83 28 Utsjoki

177 1132 33 20 till
233 1132 76 27 Hangö
333 1133 192 28 ändamålsenligen
548 1135 93 26 regleras
663 1141 78 20 genom
762 1141 25 14 en
803 1134 38 21 och
857 1141 80 14 samma

178 1165 59 22 öfver
246 1166 38 21 allt
292 1167 43 20 lika
344 1167 106 26 bjudande
458 1169 39 26 lag.
514 1168 47 21 Ifall
570 1169 98 26 djurfång
678 1169 7 20 i
694 1169 48 20 vårt
752 1169 49 20 land
810 1169 52 20 skall
872 1168 65 21 blifva

177 1207 25 14 en
223 1201 101 21 rationelt
339 1201 110 22 bedrifven
468 1203 39 20 och
523 1203 155 26 vinstgifvande
695 1203 80 26 näring,
798 1203 68 20 måste
881 1202 55 21 hvad

176 1235 73 20 härtill
265 1235 63 21 hörer
345 1236 93 27 regleras
454 1237 56 20 olika
526 1237 53 21 efter
595 1237 56 22 olika
665 1237 199 21 ortsförhällanden.
891 1237 44 20 Mä-

176 1269 71 21 hända
269 1269 71 22 kunde
361 1277 111 21 omsorgen
488 1278 33 15 om
538 1279 26 14 en
579 1273 66 20 sådan
661 1272 113 26 reglering,
790 1272 27 26 pä
832 1272 67 26 grund
915 1271 22 21 af

176 1303 94 22 härefter
286 1305 85 26 lämpad
386 1305 41 27 lag,
443 1306 6 21 i
465 1306 112 22 framtiden
594 1306 140 22 öfverlemnas
748 1307 22 20 ät
781 1307 26 20 de
817 1306 119 26 föreslagna

175 1338 126 27 länstingen.
333 1340 49 21 Men
405 1340 64 21 innan
492 1341 75 21 sådant
589 1341 42 21 kan
653 1341 46 26 ske,
723 1341 67 21 måste
814 1341 61 21 dessa
892 1340 44 27 ting

175 1372 45 20 visa
235 1372 57 22 hvad
308 1374 25 20 de
349 1374 74 22 förmå.
450 1375 54 21 Vare
520 1375 88 21 härmed
623 1375 56 21 huru
696 1382 44 14 som
757 1375 61 21 helst.
841 1374 94 22 Hufvud-

175 1406 38 21 sak
229 1409 30 24 är,
276 1410 32 18 att
323 1408 160 28 lagstiftningen
498 1410 33 20 för
546 1411 32 19 att
593 1410 73 20 kunna
676 1410 7 20 i
695 1409 65 27 högre
771 1410 52 26 grad
834 1409 101 27 befrämja

176 1441 99 27 djurfäng
298 1442 70 21 såsom
392 1444 68 26 skydd
482 1444 39 21 och
544 1444 81 27 näring,
641 1444 70 21 måste
726 1444 27 26 gå
768 1444 6 20 i
790 1444 79 26 antydd
884 1445 51 20 rikt-

245 1481 143 19 Sammansatta
402 1486 46 20 Lag-
462 1484 32 17 och
506 1484 193 18 Fkonomiutskottets
712 1484 116 17 betänkande
841 1484 37 19 N:o
891 1485 17 19 3,
