1025 1620
223 106 25 20 18
534 107 36 21 N:o
585 107 20 22 2.

191 175 61 21 skola
275 175 163 27 vaccindepoter
460 176 93 22 inrättas
573 177 7 20 i
601 176 101 21 städerna
726 176 144 26 Helsingfors,
895 170 54 28 Åbo,

192 209 95 26 Wiborg,
304 209 91 27 Kuopio,
411 210 136 22 Nikolaistad
564 211 39 20 och
620 210 114 26 Uleåborg.
957 226 2 2 ,

264 243 43 21 Vid
326 244 74 26 hvarje
416 244 22 22 af
452 245 66 21 dessa
533 246 165 26 vaccindepoter
715 245 103 21 anställes
835 250 25 15 en
877 244 71 26 legiti-

192 278 73 20 merad
289 278 73 21 läkare
387 280 69 20 säsom
481 280 156 25 föreständare,
659 280 110 20 äfvensom
786 280 109 20 dessutom
913 278 34 20 vid

193 312 92 26 depoten
304 313 5 20 i
332 313 137 27 Helsingfors
489 314 36 20 tvä
541 314 253 25 vaccinationsbiträden,
811 320 23 14 en
852 313 95 20 vaccina-

192 348 35 19 tör
250 347 38 20 och
311 354 25 14 en
353 348 134 25 vaccinatris,
508 350 55 19 samt
578 348 36 21 vid
630 348 74 27 hvarje
720 348 23 20 af
757 348 26 20 de
800 347 68 27 öfriga
885 347 63 26 depo-

193 383 61 19 terna
271 383 37 24 ett,
325 382 57 21 helst
398 383 96 26 manligt,
510 383 238 21 vaccinationsbiträde.

265 415 185 23 Föreständarene
475 417 33 21 för
529 417 193 27 vaccindepoterna
738 418 89 25 antagas
843 416 23 21 af
880 415 69 21 Medi-

193 450 169 27 cinalstyrelsen,
387 458 44 14 som
454 451 62 22 äfven
540 454 51 24 äger
615 452 52 25 dem,
689 453 39 19 när
744 451 114 26 anledning
875 450 71 21 dertill

192 484 150 27 förekommer,
359 485 47 21 frän
423 486 147 27 befattningen
587 487 114 26 entlediga.

265 513 15 26 Ä
302 519 223 28 Medicinalstyrelsen
541 521 124 21 ankommer
679 521 80 26 jemväl
775 522 38 24 att,
830 520 27 27 pä
874 519 72 21 veder-

193 553 94 22 börande
311 555 226 26 depotföreständares
561 555 88 27 förslag,
673 557 105 19 utnämna
792 555 155 20 vaccinations-

192 588 113 21 biträdena
321 589 39 21 och
376 589 46 22 dem
438 590 49 21 med
503 591 162 20 konstitutoria!
682 590 64 21 förse.

538 654 10 26 8
565 655 33 19 21.

263 693 169 22 Vaccinationen
450 695 7 20 i
474 694 54 26 stad,
546 694 38 21 der
600 695 140 26 vaccindepot
756 696 24 18 är
796 694 90 25 förlagd,
903 699 43 14 om-

193 727 97 26 besörjes
306 727 23 22 af
344 728 103 27 depotens
464 728 149 21 föreständare
629 731 63 23 samt,
704 728 55 21 efter
770 729 52 20 hans
834 728 113 25 anvisning

192 761 39 21 och
250 762 70 21 under
335 762 54 21 hans
405 763 95 26 uppsigt,
516 763 22 20 af
554 763 25 21 de
596 763 35 21 vid
647 764 93 26 depoten
757 763 107 20 anställda
880 763 67 20 vacci-

193 796 210 26 nationsbiträdena;
423 804 55 19 men,
498 798 35 20 vid
549 798 93 21 hotande
659 798 53 21 eller
728 797 101 21 utbruten
846 797 101 26 koppfar-

193 832 35 19 sot
243 830 40 21 och
299 830 63 22 deraf
376 831 112 21 föranledd
504 832 65 20 talrik
585 832 134 21 vaccination
732 831 38 21 och
782 832 164 24 revaccination,

192 867 38 23 äge
251 865 165 21 föreständaren
436 868 44 19 rätt
495 868 32 19 att
542 867 54 20 äska
611 869 61 19 extra
689 866 258 21 vaccinationsbiträdens

192 900 122 26 antagande
330 900 23 21 af
367 900 82 22 staden.

263 934 168 22 Vaccinationen
448 936 49 20 sker
514 936 159 26 kostnadsfritt,
691 942 35 14 om
742 936 123 20 densamma
876 935 27 27 pä
915 937 32 19 ut-

190 970 58 20 satta
272 969 57 21 tider
352 970 128 21 verkställes
501 971 6 20 i
528 971 152 26 depotlokalen
698 970 53 21 eller
767 970 25 21 de
809 970 48 20 utaf
871 970 75 20 staden

192 1003 33 21 för
245 1004 174 21 vaceinationens
435 1004 134 22 förrättande
585 1005 105 27 upplätna
706 1004 92 26 lokaler;
815 1010 47 15 men
879 1004 68 21 kallas

191 1037 165 22 föreständaren
374 1039 52 21 eller
441 1039 53 21 hans
510 1040 85 20 biträde
611 1041 33 19 att
659 1040 37 20 vid
712 1042 66 18 annat
789 1039 85 21 tillfälle
885 1038 62 20 verk-

191 1072 65 21 ställa
279 1072 192 28 skyddsympning,
494 1074 39 21 bör
552 1074 140 26 godtgörelse
709 1073 73 21 derför
797 1073 99 26 erläggas
913 1080 34 14 cn-

191 1107 40 26 ligt
246 1106 226 23 öfverenskommelse.

538 1137 11 27 8
565 1138 34 19 22.

263 1176 202 27 Vaccindepoterna
476 1177 75 21 ställas
563 1177 68 21 under
642 1177 237 26 Medicinalstyrelsens
891 1183 56 14 ome-

190 1215 90 21 delbara
295 1216 103 21 inseende
415 1216 38 22 och
470 1217 50 27 lyda
535 1217 63 27 förty,
615 1218 6 20 i
637 1216 104 22 afseende
752 1216 12 21 &
774 1216 173 21 vaccinationens

190 1250 125 26 utöfvande,
342 1250 96 22 hvarken
466 1251 66 21 under
556 1251 225 21 Provincialläkarens
804 1251 52 21 eller
881 1250 67 21 under

191 1285 88 21 stadens
296 1285 138 21 kommunala
450 1286 159 26 myndigheters
626 1285 103 21 kontroll.

538 1349 11 27 s
566 1350 33 20 23.

262 1388 315 28 Vaccindepotföreständaren
593 1390 94 26 äligger:

262 1423 25 26 a)
303 1425 34 19 att
352 1423 112 23 oafbrutet
480 1424 127 22 underhålla
622 1424 164 22 vaccinationen
802 1423 7 21 i
820 1423 83 26 staden,
915 1423 34 21 för
