1036 1620
341 84 62 25 U..B.
419 95 29 25 —
465 83 61 30 Prop.
544 83 33 23 N:o
588 83 39 30 16.
803 82 25 21 21

232 141 91 22 vandlas
344 141 86 22 böterna
455 141 30 21 till
503 140 90 29 fängelse
609 141 36 21 vid
661 144 68 18 vatten
744 140 37 22 och
796 141 56 28 bröd,

233 176 144 21 motsvarande
392 183 25 14 en
434 175 101 29 tredjedel
551 175 25 27 af
589 175 157 29 bötesbeloppet.

509 246 16 25 $
538 244 37 22 23.

302 285 74 28 Hajva
392 285 14 20 &
420 284 147 29 försäljnings-
583 283 48 22 eller
646 284 207 28 utskänkningsställe

233 320 131 27 oordningar
386 319 100 29 inträfat
506 319 28 29 af
547 319 40 21 den
602 322 41 22 art,
658 322 32 18 att
702 319 150 29 innehafvaren

233 355 27 26 af
279 353 121 28 rättigheten
422 354 44 21 icke
481 354 40 21 kan
538 361 59 14 anses
612 361 36 21 ega
665 354 25 21 de
700 354 41 29 för
756 354 96 21 densam-

232 396 46 13 mas
301 389 113 27 utöfvande
435 388 138 28 erforderliga
595 389 130 28 egenskaper,
741 396 49 14 vare
805 396 47 13 ma-

231 423 75 28 gistrat
327 423 8 20 i
356 423 48 21 stad
427 422 37 21 och
486 422 127 29 länestyrelse
636 422 132 29 beträffande
784 422 69 22 landet

233 457 118 28 berättigad
374 461 31 17 att
424 456 107 30 förbjuda
553 456 99 22 rörelsens
674 458 75 21 vidare
771 457 81 28 bedrif-

234 492 72 22 vande.

508 545 15 24 $
539 543 34 21 24.

302 582 64 22 Hvad
391 582 39 22 här
446 583 64 29 ofvan
530 587 25 17 är
569 584 100 27 stadgadt
685 591 33 14 om
732 584 54 25 stad,
800 582 52 29 gälle

234 618 35 21 ock
293 625 32 14 om
350 618 84 28 köping.
468 617 14 21 I
497 618 54 25 stad,
567 618 38 21 der
620 618 110 28 magistrat
746 618 18 28 ej
775 618 78 28 finnes,

233 653 106 27 äfvensom
354 653 8 19 i
377 652 85 28 köping,
480 653 107 20 ankomme
603 653 13 20 &
632 653 38 20 der
685 652 71 21 tillsatt
766 651 89 22 särskild

232 687 84 28 styrelse
336 687 55 21 hvad
406 694 32 13 om
456 687 109 28 magistrat
579 687 9 20 i
603 687 68 21 denna
685 687 128 28 förordning
828 689 26 18 är

232 722 66 27 sagdt.
319 721 96 28 Köpings
426 722 178 27 röstberättigade
615 721 135 22 medlemmar
761 729 33 20 ege
806 729 46 14 ena-

234 756 70 21 handa
327 755 117 28 befogenhet
466 763 44 14 som
525 757 8 20 i
548 758 33 24 $$
596 756 28 21 10
641 756 34 21 och
690 756 28 21 14
742 759 26 18 är
785 756 68 20 stads-

233 790 129 28 fullmäktige
386 790 50 21 eller
452 790 81 21 allmän
550 790 168 21 rädhusstämma
735 790 119 21 tillerkänd.

509 861 16 24 $
538 858 38 22 25.

302 898 65 22 Hvad
393 899 8 20 i
426 898 71 22 denna
521 899 124 27 förordning
661 902 25 18 är
710 898 96 28 stadgadt
821 906 33 13 om

232 933 74 21 handel
330 934 48 20 med
403 933 145 29 maltdrycker
571 933 66 28 gäller
662 934 41 20 icke
723 932 131 28 svagdricka,

232 968 149 21 ästadkommet
396 975 80 21 genom
491 968 117 28 hembrygd,
625 968 46 22 med
687 968 82 20 biträde
785 967 70 21 endast

232 1004 26 28 af
270 1007 43 23 eget
329 1002 78 29 husfolk
419 1002 52 22 eller
486 1002 123 30 tjenstehjon,
624 1004 33 20 uti
671 1003 121 29 byggnader
809 1001 47 21 med

232 1038 70 28 vanlig
317 1038 111 28 inredning
452 1038 40 28 för
517 1037 168 29 huskällssysslor,
710 1045 34 13 om
764 1036 91 30 försälj-

232 1072 50 28 ning
298 1072 78 26 hvaraf
384 1072 171 29 föreskrifterna
575 1072 4 21 i
596 1070 88 30 Nådiga
699 1071 157 30 förordningen

230 1114 34 13 om
279 1107 129 27 näringarne
425 1108 26 27 af
466 1107 41 21 den
522 1107 35 21 31.
573 1106 63 21 Mars
651 1106 57 22 1879
725 1106 55 21 skola
801 1105 55 28 tjena

232 1140 32 22 till
280 1140 136 29 efterrättelse.
445 1140 128 29 Hembrygdt
589 1141 20 21 öl
624 1142 35 19 mä
674 1141 91 21 hvarken
781 1140 9 20 i
809 1140 48 20 stad

231 1174 50 23 eller
294 1176 31 28 pä
339 1175 71 21 landet
426 1175 32 21 till
474 1175 45 21 salu
536 1175 77 27 hållas;
633 1175 67 29 bryter
715 1176 69 28 någon
800 1174 58 22 häre-

232 1213 50 21 mot,
297 1210 83 27 strafes
396 1216 44 14 som
456 1210 9 20 i
480 1212 16 24 $
511 1210 29 21 18
554 1210 93 28 stadgas.

508 1274 16 25 $
541 1272 40 22 26.

300 1312 78 22 Denna
391 1313 148 29 förordning,
562 1313 134 29 hvarigenom
717 1311 141 29 härförinnan

230 1354 34 14 om
275 1347 135 28 försäljning
426 1348 38 21 och
480 1348 140 28 utskänkning
636 1348 25 30 af
673 1346 140 29 maltdrycker
828 1348 30 18 ut-

228 1382 92 28 färdade
335 1382 136 28 stadganden
487 1382 124 29 upphäfvas,
627 1382 75 22 länder
717 1380 33 22 till
763 1382 96 27 efterrät-

232 1415 46 23 telse
288 1416 57 28 från
360 1416 40 22 den
611 1417 28 21 dä
654 1416 42 21 alla
715 1415 62 29 förut
799 1414 58 22 med-

166 1454 193 20 Ekonomiutskottets
371 1455 120 19 betänkande
503 1457 37 17 N:o
553 1456 17 18 3.
