1034 1623
213 132 25 20 10
515 132 35 21 N:o
565 132 31 22 16.

181 200 69 26 dagen
266 200 47 21 före
332 202 48 20 sön-
396 201 53 21 eller
467 201 93 27 helgdag
576 202 33 20 till
625 202 91 20 klockan
734 207 37 15 sex
788 200 148 26 förmiddagen

181 234 173 28 nästpåföljande
371 236 128 26 söcknedag.

254 270 18 20 2.
303 270 46 21 Den
373 270 104 26 rättighet
499 270 33 21 till
556 270 148 27 utskänkning
724 270 22 20 af
763 270 36 20 vin
820 270 37 20 och
874 270 63 21 malt-

180 304 98 27 drycker,
295 310 46 15 som
357 305 42 21 kan
414 311 52 15 vara
482 305 104 21 särskildt
601 305 121 27 medgifven
739 304 142 26 konditorier,
897 304 40 21 ho-

180 338 62 22 teller
263 339 38 20 och
323 339 68 21 andra
409 340 175 26 näringsställen,
604 340 38 20 der
660 339 189 21 värdshusrörelse
864 338 71 26 idkas,

180 373 34 21 får
229 373 13 21 å
257 375 48 19 sön-
321 374 52 20 eller
388 374 93 26 helgdag
500 374 7 20 i
526 374 117 21 allmänhet
658 374 47 21 icke
720 373 86 21 utöfvas
822 373 69 21 under
908 373 27 21 ti-

180 408 41 21 den
240 407 35 21 för
293 408 79 21 allmän
391 409 134 26 gudstjenst;
544 409 54 20 dock
616 408 113 21 ankomme
749 408 37 21 det
801 408 12 20 å
829 408 107 26 Länesty-

180 442 56 21 relse
255 444 39 24 att,
314 442 48 22 med
382 442 81 28 hänsyn
483 443 33 21 till
533 442 210 22 ortsförhållandena
759 442 39 21 och
814 442 121 21 beskaffen-

180 476 64 22 heten
266 476 23 21 af
311 477 40 21 den
369 478 82 20 rörelse
470 478 7 20 i
497 478 73 26 dylika
588 477 106 21 värdshus
711 476 117 26 bedrifves,
845 476 65 22 sedan
927 477 6 20 i

180 511 48 21 stad
247 511 117 27 Magistrat
379 512 38 21 och
434 512 196 26 stadsfullmägtige
646 512 59 25 eller,
722 511 38 21 der
776 511 79 21 sådane
866 511 19 26 ej
896 510 40 22 fin-

180 552 45 20 nas,
242 546 79 21 allmän
332 546 173 22 rådhusstämma
516 546 70 22 blifvit
601 547 2 20 i
614 548 73 19 ämnet
697 546 74 26 hörde,
783 548 98 18 närmare
891 545 45 21 för-

180 580 68 21 ordna
267 586 35 15 om
321 581 66 26 tiden,
407 581 28 21 då
450 581 174 27 utskänkningen
640 581 6 20 i
663 580 73 28 dylika
752 580 107 21 värdshus
878 580 55 20 skall

179 621 53 15 vara
246 615 13 21 å
275 617 49 19 sön-
339 616 40 20 och
395 616 91 26 helgdag
502 616 85 20 instäld.

251 650 19 20 3.
301 650 74 21 Under
390 650 38 26 tid,
445 650 27 21 då
488 650 146 26 utskänkning
654 650 22 21 af
691 650 145 26 maltdrycker
852 651 23 19 är
890 648 46 22 för-

179 684 86 26 bjuden,
281 684 56 21 skall
353 684 252 27 utskänkningsrummet
620 684 69 22 hållas
706 684 131 26 tillstängdt.

532 749 47 27 88.

252 790 17 18 1.
301 788 33 22 Då
353 789 145 26 utskänkning
517 789 23 21 af
558 790 34 20 vin
609 789 39 21 och
664 788 145 27 maltdrycker
825 788 56 26 sker,
897 788 36 21 får

178 823 78 22 dörren
272 824 33 20 till
323 824 249 26 utskänkningsrummet
588 824 47 21 icke
651 831 53 14 vara
720 824 115 26 tillreglad.

250 859 19 20 2.
299 858 44 21 Der
366 859 146 26 utskänkning
534 859 24 20 af
578 859 93 20 nämnda
694 858 149 21 beskaffenhet
862 857 69 26 idkas,

178 893 55 21 skall
252 899 53 14 vara
323 893 92 27 anbragt
435 893 57 27 skylt
511 894 51 21 eller
582 894 79 27 tydligt
676 893 81 26 anslag,
774 899 46 14 som
836 892 97 27 angifver

178 927 109 21 rörelsens
303 927 152 22 beskaffenhet.

531 957 11 26 $
558 958 20 19 9.

250 997 17 19 1.
298 996 41 21 Vin
359 997 52 20 eller
431 997 119 26 maltdryck
566 997 34 20 må
615 997 47 21 icke
678 997 13 20 å
706 995 226 27 utskänkningsställe

176 1030 107 21 utlemnas
306 1030 33 21 till
363 1030 46 26 den,
433 1037 46 15 som
497 1031 137 27 synbarligen
654 1033 25 19 är
698 1030 139 26 öfverlastad,
855 1029 37 21 och
910 1029 19 27 ej

176 1064 68 22 heller
259 1065 34 21 till
309 1065 47 26 den,
373 1071 46 15 som
435 1066 46 20 icke
496 1066 93 26 uppnått
604 1066 81 20 femton
703 1065 29 21 år.

249 1100 18 20 2.
298 1100 53 26 Den,
369 1106 45 15 som
430 1102 24 19 är
469 1100 137 26 öfverlastad,
622 1100 34 21 får
672 1100 18 26 ej
710 1099 108 21 utdrifvas
833 1098 47 21 från
897 1100 34 19 ut-

176 1133 205 27 skänkningsställe,
405 1134 86 21 hvarest
513 1134 42 22 han
578 1135 35 20 vin
636 1134 53 22 eller
708 1133 120 27 maltdryck
844 1132 86 26 förtärt,

176 1168 53 21 eller
244 1168 39 21 der
298 1170 52 19 utan
366 1168 53 21 vård
435 1169 87 21 lemnas.

524 1232 11 28 8
553 1233 32 20 10.

247 1266 19 26 Å
282 1272 222 27 utskänkningsställe
524 1272 34 21 må
577 1272 35 21 vin
628 1272 53 21 eller
696 1270 121 28 maltdryck
833 1270 48 21 icke
896 1271 36 19 ut-

174 1306 80 26 borgas
271 1306 52 21 eller
338 1309 60 19 emot
413 1308 52 26 pant
479 1306 83 21 aflåtas.

520 1370 12 27 8
549 1371 32 20 11.

246 1410 55 26 Den,
317 1416 46 16 som
379 1411 63 21 idkar
456 1410 78 22 handel
549 1410 6 21 i
572 1412 70 25 öppen
657 1410 51 25 bod,
724 1409 35 21 mä
775 1409 18 25 ej
810 1408 33 21 till
863 1408 68 21 förtä-

174 1444 48 27 ring
244 1444 29 27 pä
295 1445 74 21 stället
391 1445 88 27 försälja
501 1445 35 21 vin
556 1445 53 21 eller
628 1444 146 26 maltdrycker
791 1443 52 21 eller
859 1442 73 27 öfriga
