1023 1620
309 101 23 22 U.
349 101 22 22 B.
387 112 30 5 —
433 100 61 29 Prop.
511 101 38 23 N:o
566 101 20 22 2.
772 99 24 20 15

335 158 33 21 Vid
383 158 12 28 &
412 158 31 26 11,
458 165 51 14 mom.
526 161 24 22 0).

136 198 9 21 I
161 198 40 21 den
216 197 68 22 finska
299 200 73 19 texten
382 198 62 21 torde
455 199 62 20 ordet
528 197 238 28 ,säästäväisyydellä*
775 195 53 22 böra

67 232 85 28 utbytas
172 234 44 19 mot
231 234 31 19 ett
277 232 124 27 lämpligare
416 233 91 27 uttryck,
524 235 14 18 t.
556 239 32 15 ex.
601 231 225 28 ,sääliväisyydellä".

393 295 32 21 Vid
441 295 12 28 8
470 295 30 21 13.

138 335 93 21 Sednare
247 335 59 21 delen
323 335 22 21 af
358 341 63 15 mom.
442 335 31 27 b),
488 335 104 27 börjande
608 335 48 21 med
673 334 65 21 orden
754 335 76 24 ,samt,

67 369 31 21 då
113 369 312 27 vaccinationsdagböckerna*
449 376 62 21 synes
526 369 54 22 böra
595 369 72 27 flyttas
682 368 33 22 till
730 367 64 22 slutet
810 366 22 22 af

69 410 63 15 mom.
148 406 30 24 al,
194 403 33 21 för
242 406 32 18 att
289 403 116 27 förebygga
420 403 37 21 det
471 403 155 26 missförstånd,
638 405 32 19 att
680 401 150 23 vaccinations-

69 437 148 27 dagböckerna
239 438 46 20 icke
306 436 92 22 behöfde
413 437 23 22 af
449 437 161 22 vederbörande
632 438 60 26 prest
711 434 119 23 återställas

70 472 34 21 till
126 472 228 21 kommunalnämnden
376 471 73 22 förrän
468 472 7 20 i
491 472 58 21 Mars
572 471 84 27 mänad,
681 471 67 21 ehuru
770 470 61 21 dessa

72 506 120 27 dagböcker
207 506 65 27 enligt
295 506 5 28 $
318 506 32 26 10,
367 512 63 15 mom.
447 506 22 26 d)
486 506 68 21 redan
569 506 7 20 i
591 505 89 22 Januari
693 504 76 22 månad
780 503 52 22 böra

71 540 24 22 af
108 540 228 22 kommunalnämnden
351 540 33 21 till
399 540 192 27 provincialläkare
606 540 106 22 insändas.

343 603 31 21 Vid
389 603 12 28 &
419 603 32 23 14,
467 610 51 14 mom.
535 603 26 25 2).

142 643 71 21 Orden
236 644 136 26 ,ympnings-
393 642 38 22 och
451 643 233 27 granskningsmöten*
706 642 60 22 torde
781 642 53 21 böra

70 677 80 22 ändras
165 677 32 21 till
212 678 138 27 ,ympnings-
364 678 54 20 eller
432 677 241 28 granskningsmöten*,
690 679 52 20 enär
752 676 82 28 provin-

73 711 128 22 cialläkaren
223 711 104 27 svärligen
346 712 61 21 torde
427 712 115 21 medhinna
558 713 32 20 att
606 711 110 22 öfvervara
730 710 105 22 hvardera

73 746 7 21 i
96 746 42 21 alla
152 746 90 21 besökta
256 746 108 21 omräden.

143 780 10 21 I
168 780 66 21 slutet
249 780 21 21 af
284 786 81 15 samma
380 780 11 28 $
407 780 100 22 hänvisas
524 780 33 22 till
572 786 27 15 en
615 780 12 28 &
644 781 33 26 30,
694 780 84 21 hvilken
788 779 48 21 sak-

73 820 39 15 nas
126 814 8 21 i
149 814 143 27 reglementet.

398 849 32 21 Vid
446 848 13 28 &
477 848 31 21 16.

143 889 33 20 Dä
191 895 75 20 genom
281 888 152 28 förordningen
449 889 43 22 den
508 890 26 21 22
551 890 49 21 Dec.
620 891 54 20 1879
690 889 103 26 stadgats,
805 889 32 20 att

72 922 9 21 i
96 922 72 27 hvarje
183 923 48 20 stad
246 923 39 20 bör
300 922 67 22 finnas
383 929 26 16 en
425 923 202 27 helsovärdsnämd,
643 923 60 22 hvari
713 922 63 29 polis-
786 921 52 22 eller

74 956 160 27 borgmästaren
250 957 39 21 och
304 957 150 22 stadsläkaren
470 960 38 19 äro
524 957 128 28 sjelfskrifna
662 958 124 25 ledamöter,
798 955 40 22 och

74 991 86 21 hvilken
175 991 39 21 har
229 991 31 27 sig
274 991 119 27 uppdraget
409 994 34 19 att
453 993 188 26 uppmärksamma
652 992 106 22 allmänna
768 990 70 22 helso-

75 1025 79 22 värden
169 1025 7 21 i
191 1025 81 27 staden,
289 1025 113 22 öfvervaka
419 1026 155 22 efterlefnaden
589 1026 22 23 af
624 1027 98 26 gällande
733 1023 106 24 föreskrif-

76 1061 33 20 ter
129 1059 72 22 derom
224 1061 54 20 samt
301 1059 77 22 föreslå
401 1060 104 27 åtgärder
528 1060 32 22 till
579 1061 47 22 dess
646 1059 154 26 förbättrande,
816 1059 23 20 sä

75 1099 62 16 anser
159 1094 105 21 utskottet
286 1093 32 27 sig
337 1093 55 22 böra
415 1094 122 27 hemställa,
554 1097 32 19 att
604 1095 26 22 de
648 1094 126 27 åligganden
789 1093 7 21 i
812 1091 29 22 af-

73 1127 79 22 seende
167 1128 13 21 å
194 1127 165 27 vaccinationen,
376 1128 73 21 hvilka
465 1129 28 26 på
509 1129 74 22 landet
598 1131 36 20 äro
646 1127 196 23 kommunalnämn-

74 1161 42 22 den
138 1161 129 27 uppdragna,
284 1162 7 21 i
306 1162 48 21 stad
377 1161 145 23 öfverlemnas
544 1163 46 22 icke
610 1163 33 21 till
663 1162 111 27 magistrat
789 1160 52 23 eller

74 1195 152 27 ordningsrätt,
242 1198 51 18 utan
309 1196 70 21 direkt
394 1196 33 21 till
443 1197 240 21 helsovårdsnämnden.

401 1252 33 22 Vid
450 1253 13 28 8
481 1254 32 20 18.

145 1292 110 21 Utskottet
276 1298 61 16 anser
357 1292 129 28 lämpligare
502 1292 36 23 val
553 1293 22 21 af
588 1293 168 28 tillsyningsmän
771 1291 73 21 kunna

76 1326 81 27 träffas,
174 1332 33 16 om
224 1326 60 21 desse
299 1328 58 19 utses
373 1326 22 22 af
409 1326 236 23 helsovårdsnämnden
660 1328 60 25 samt,
736 1326 8 21 i
758 1324 86 22 konfor-

76 1360 62 22 mitet
160 1360 48 22 med
231 1360 127 27 stadgandet
374 1360 6 21 i
396 1360 11 28 8
426 1362 33 25 12,
476 1361 152 22 företrädesvis
643 1360 65 22 bland
724 1360 47 21 dess
787 1358 57 22 med-

76 1394 95 27 lemmar,
195 1394 71 22 hvilka
287 1394 125 27 härigenom
435 1402 73 14 vunne
532 1395 82 21 tillfälle
635 1396 31 20 att
681 1397 50 25 taga
746 1396 98 19 närmare

77 1428 121 22 kännedom
214 1428 22 22 af
249 1428 270 22 sundhetsförhållandena
535 1430 7 20 i
556 1430 81 21 staden.

147 1468 190 17 Ekonomiutskottets
351 1468 120 17 betänkande
485 1468 40 18 N:o
538 1468 17 17 2.
