1028 1620
346 106 20 20 U.
382 106 19 20 B.
417 117 28 3 —
460 106 53 25 Prop.
529 106 31 20 N:o
575 106 30 20 15.
800 107 26 20 29

96 171 60 22 känd
170 172 56 20 samt
241 170 122 22 ändamälet
378 170 49 22 med
438 170 206 28 inmutningsrätten
654 172 91 25 vunnet;
759 171 38 27 jag
807 170 50 22 ville

97 205 57 22 dock
169 205 48 22 icke
235 204 112 22 utsträcka
361 204 102 23 förbudet
477 207 46 20 mot
538 205 120 27 inmutning
673 205 33 22 till
722 205 27 22 de
764 204 92 28 grufvor,

97 239 73 23 hvilka
185 238 131 28 öfvergifvits
333 239 52 22 eller
400 241 75 20 sönats
491 239 46 22 före
552 239 166 28 författningens
729 239 128 22 utfärdande

97 274 42 23 och
155 274 69 22 skulle
240 273 84 23 derföre
339 273 81 23 föreslä
434 273 96 28 följande
545 274 90 28 lydelse.

169 325 9 11 »
182 308 176 29 Malmfyndighet
372 308 8 22 i
395 309 59 27 berg,
471 315 46 16 som
533 309 56 22 efter
603 308 140 23 utfärdandet
757 308 23 23 af
789 309 69 22 denna

97 343 126 28 författning
245 343 57 22 varit
321 343 49 22 med
391 343 75 22 arbete
485 343 94 28 belaggd
603 343 41 22 och
659 343 130 28 öfvergifvits
806 343 52 22 eller

98 379 84 26 sönats,
198 377 32 23 får
245 378 19 27 ej
281 377 54 28 ånyo
350 377 94 22 inmutas
460 379 51 20 utan
528 378 98 22 tillstånd
638 377 23 23 af
666 378 131 28 jordegaren
806 378 52 23 eller

99 412 14 22 &
127 412 117 28 kronojord
259 411 23 22 af
295 410 174 24 innehafvaren*.

170 446 11 28 8
196 448 19 25 3,
231 452 63 16 mom.
312 448 18 20 1.
361 447 57 21 Enär
434 447 63 22 ordet
513 447 92 27 ,uthus*
622 446 48 23 icke
683 447 123 27 inbegriper
816 446 43 22 alla

99 481 37 23 vid
151 481 132 27 boningshus
300 481 52 23 eller
367 482 54 26 gärd
435 481 108 28 uppförda
557 482 131 28 byggnader,
705 482 25 22 sä
745 487 64 16 anser
821 481 38 28 jag

100 517 35 21 att
150 516 80 22 ordena
246 516 65 27 ,eller
327 516 80 22 uthus"
424 516 68 22 borde
507 516 88 28 utbytas
610 518 46 20 mot
668 516 66 27 ,eller
744 522 69 16 annan
824 515 35 22 vid

100 550 56 28 gärä
171 551 51 22 eller
237 551 78 22 bostad
331 550 92 28 uppförd
439 551 135 28 äbyggnad*.

171 585 11 28 8
198 588 18 19 5.
246 586 77 21 Denna
341 585 48 22 frän
405 586 60 22 äldre
481 586 151 27 författningar
647 586 102 22 hemtade
764 586 96 22 bestäm-

101 620 49 27 ning
164 621 73 24 .torde
256 627 95 20 numera,
373 620 68 22 sedan
460 621 85 22 landets
569 619 292 24 kommunikationsväsende

101 655 74 22 ernätt
190 661 25 16 en
231 656 70 21 större
317 655 130 28 utveckling,
463 655 67 22 blifva
545 655 131 28 öfverflödig.

172 689 34 22 Dä
218 689 256 28 företrädesrättigheten
482 690 32 21 till
523 689 123 23 erhällande
656 689 23 22 af
684 689 108 22 mutsedel
801 688 59 23 dess-

102 725 68 26 utom,
194 724 66 27 enligt
279 724 11 27 $
307 726 33 24 11,
359 725 64 26 göres
443 724 108 23 beroende
571 725 138 22 uteslutande
725 723 23 22 af
761 723 60 22 tiden
834 723 28 22 dä

103 758 97 23 ansökan
219 765 35 15 om
272 759 107 22 mutsedel
399 759 119 27 inkommit,
535 759 24 22 sä
575 759 70 22 skulle
661 765 78 21 genom
753 758 11 28 $
779 758 83 22 bortta-

103 793 71 27 gande
196 793 105 21 undvikas
321 793 159 27 förvecklingar
499 793 41 22 och
555 794 139 26 rättstvister,
711 793 73 22 hvilka
799 792 63 28 eljest

102 827 75 21 kunna
191 826 80 28 uppstå
286 827 32 21 till
329 826 53 29 följd
398 827 66 27 deraf,
481 829 32 20 att
528 828 169 27 bergmästaren,
713 827 35 22 vid
763 826 100 28 pröfning

102 860 24 23 af
139 861 118 23 mutsedels
273 861 150 27 ansökningar,
441 862 78 22 saknat
531 862 122 22 kännedom
668 868 34 16 om
714 862 27 22 de
751 860 23 23 af
783 861 80 21 krono-

103 895 65 28 fogde
184 896 51 22 eller
249 896 99 22 länsman
366 896 102 28 möjligen
483 896 102 28 vidtagne
601 896 107 28 åtgärder,
724 895 138 27 hvarigenom

103 930 73 28 någon
192 936 69 16 annan
277 932 27 20 än
320 931 47 26 den,
384 936 46 16 som
446 930 40 22 hos
501 931 170 27 Bergmästaren
681 931 34 27 sig
725 929 88 27 anmält,
828 934 35 17 re-

105 964 42 22 dan
162 964 117 22 förvärfvat
294 964 169 23 företrädesrätt
477 966 32 21 till
526 965 125 23 erhållande
666 965 22 22 af
700 963 117 24 mutsedel.

174 998 164 28 Ifrågavarande
361 1000 121 27 stadgande
504 1000 43 22 kan
567 1000 49 22 icke
630 1000 75 26 heller,
721 1000 72 21 såsom
810 997 54 23 erfa-

103 1034 107 22 renheten
225 1034 61 26 visat,
303 1034 83 28 skydda
401 1034 153 28 uppfinnarens
568 1036 51 26 rätt,
635 1036 23 26 ty
673 1035 72 27 någon
760 1039 46 16 som
821 1032 43 22 till-

105 1068 102 28 fälligtvis
229 1068 50 22 hört
299 1075 34 15 om
354 1071 33 20 ett
409 1069 148 28 mineralfynd,
581 1070 42 21 kan
641 1070 25 27 ju
687 1068 83 28 skynda
785 1068 34 27 sig
832 1066 33 23 till

104 1105 98 20 närmast
223 1103 84 22 boende
329 1103 136 28 kronofogde
485 1104 54 22 eller
559 1104 97 22 länsman
676 1104 41 22 och
733 1102 85 22 anmäla
832 1102 34 26 sig

104 1137 75 22 såsom
199 1138 106 22 inmutare
328 1138 33 22 till
385 1138 140 28 fyndigheten
548 1138 41 22 och
612 1138 91 22 sålunda
725 1136 139 23 tillerkännas

105 1172 170 22 företrädesrätt
296 1172 88 23 framför
399 1172 148 29 uppfinnaren,
563 1173 86 22 hvilken
665 1178 76 17 senare
756 1170 109 23 invecklas

105 1207 9 21 i
129 1206 53 22 tvist
197 1212 34 17 om
246 1207 73 22 bättre
333 1209 52 20 rätt.
401 1208 196 27 Bestämningarne
612 1208 7 21 i
634 1208 71 21 denna
719 1206 10 28 $
741 1205 68 22 borde
820 1205 47 22 der-

106 1240 47 23 före
168 1241 52 28 utgå
235 1247 26 16 ur
275 1241 245 29 författningsförslaget
535 1242 53 23 eller
603 1242 77 22 endast
694 1241 59 28 gälla
762 1239 35 22 för
806 1239 60 28 lapp-

106 1275 96 28 marken,
219 1275 38 23 der
271 1275 143 24 samfärdseln
429 1279 25 20 är
468 1277 62 28 ringa
545 1276 40 23 och
601 1276 137 28 postgängen
752 1275 58 27 trög.

176 1309 12 29 8
211 1312 33 25 12,
266 1317 64 16 mom.
355 1313 20 21 3.
405 1311 10 21 I
434 1311 61 23 detta
509 1313 96 21 moment
619 1311 49 22 ville
680 1311 39 27 jag
733 1308 82 24 föreslå
828 1307 40 23 föl-

105 1344 65 28 jande
186 1344 96 28 ändring.

179 1378 58 27 »Har
259 1379 66 28 något
341 1379 130 29 skärpnings
487 1380 53 22 eller
560 1382 67 20 annat
640 1378 151 30 grufvearbete
806 1376 62 23 verk-

104 1412 68 22 stälts
194 1413 29 27 på
244 1414 69 26 grund
335 1414 24 22 af
371 1415 116 27 mutsedel,
503 1421 48 16 som
565 1414 114 23 förklarats
696 1413 66 28 ogild,
778 1418 91 16 ansvare

177 1452 203 20 Ekonomieutskottets
392 1454 119 18 betänkande
526 1454 37 18 N:o
574 1454 18 18 6.
