1023 1623
328 57 23 24 U.
368 57 23 23 B.
407 68 33 7 —
452 56 62 30 Prop.
531 56 37 24 N:o
584 56 30 24 13.
807 56 12 20 9

158 117 48 21 Den
225 115 120 23 erfarenhet
359 115 62 22 torde
436 121 88 15 numera
538 114 74 21 kunna
626 114 63 21 ähses
703 120 51 15 vara
768 112 81 28 ganska

90 150 84 27 allmän,
197 152 33 20 att
251 150 26 21 de
298 149 66 27 lagar,
385 156 45 14 som
451 148 44 22 afse
509 150 33 20 att
557 148 107 27 begränsa
679 149 76 20 räntan
769 146 32 22 till
817 147 31 20 ett

90 184 52 22 visst
164 184 83 22 maximi
269 183 84 27 belopp,
377 184 33 21 stä
432 183 7 21 i
461 183 53 21 striä
537 182 49 22 med
607 181 92 23 ochtäro
715 180 132 27 vanmäktige

90 220 56 20 emot
167 218 40 21 den
224 217 111 27 orubbliga
350 217 137 22 ekonomiska
501 216 41 28 lag,
560 216 65 26 enligt
640 216 85 21 kvilken
740 215 65 28 priset
820 216 27 26 pä

89 252 72 26 hvarje
184 258 50 15 vara
250 251 39 22 och
305 252 88 21 sälunda
409 251 59 21 äfven
485 252 26 26 pä
527 250 125 28 penningen,
669 252 23 20 är
707 249 105 22 beroende
828 248 22 22 af

89 286 88 28 tillgång
199 286 39 22 och
258 286 133 27 efterfrågan.
422 286 75 22 Denna
514 285 121 22 erfarenhet
651 285 38 21 har
705 284 59 22 äfven
779 284 68 21 föran-

88 320 45 22 ledt
154 320 83 22 landets
253 320 87 21 ständer
355 322 32 19 att
402 320 65 21 redan
483 320 35 21 vid
533 322 77 19 tvenne
625 319 126 27 landtdagar
766 318 81 27 petitio-

89 360 51 16 nera
155 361 34 15 om
205 354 114 27 lagförslag
332 354 108 27 angående
450 354 148 21 ränteaftalets
609 354 125 26 frigörande.
755 354 46 20 Den
812 353 35 20 nä-

90 388 48 28 diga
160 388 130 28 proposition
309 388 6 21 i
335 390 77 24 ämnet,
429 394 45 16 som
489 388 101 27 förelagts
606 394 28 15 nu
650 387 126 21 församlade
791 389 56 19 stän-

90 423 42 26 der,
156 423 139 26 tillmötessär
311 423 53 21 dock
381 423 69 21 denna
465 422 99 22 anhållan
581 422 96 21 endast'i
693 422 80 27 ganska
788 421 59 26 ringa

89 457 54 22 män.
172 457 46 21 Den
233 456 40 21 fria
288 459 74 19 räntan
378 456 88 22 föreslås
482 457 75 21 endast
571 457 8 20 i
595 456 97 22 afseende
708 457 13 20 å
736 455 111 22 försträck-

88 491 75 27 ningar
178 492 27 27 pä
220 491 49 21 kort
283 491 31 21 tid
330 491 39 21 och
382 493 52 19 utan
445 491 99 21 säkerhet
555 491 23 21 af
586 490 122 27 inteckning
719 490 5 21 i
735 490 41 21 fast
787 496 60 20 egen-

90 525 54 27 dom,
167 525 52 22 eller
240 528 51 24 pant
315 525 21 21 af
354 525 7 20 i
381 525 65 21 sädan
463 525 102 27 egendom
581 525 124 21 intecknadt
720 523 125 28 skuldebref.

88 559 33 22 Då
140 559 64 22 likväl
220 559 134 27 lagförslaget
370 559 109 27 uppgifves
494 559 62 21 hafva
572 559 32 20 till
620 559 57 27 syfte.
689 561 32 19 att
736 558 111 22 förbereda

88 593 140 27 öfvergången
251 593 31 21 till
305 593 122 27 fullständig
442 593 63 21 frihet
520 593 34 21 vid
570 593 119 26 ränteaftal,
706 593 41 21 kan
763 593 40 22 den
820 599 27 14 nu

87 627 119 28 föreslagna
222 627 167 27 begränsningen
405 627 22 22 af
441 628 68 21 denna
524 627 64 22 frihet
598 627 32 21 till
642 627 74 22 endast
726 634 15 14 s.
753 627 20 21 k.
784 627 63 21 korta

87 667 80 21 papper
182 668 25 15 ur
222 661 63 27 sagde
301 662 106 27 synpunkt
423 661 99 28 möjligen
538 662 95 27 påkallas
649 661 40 22 och
705 668 60 15 anses
779 661 67 21 betin-

87 701 37 22 gas
147 695 21 22 af
182 696 40 21 den
238 696 127 25 varsamhet,
381 702 46 15 som
442 696 35 21 vid
492 703 41 20 nya
549 696 117 27 principers
681 695 143 28 inrymmande
840 695 6 20 i

87 729 158 28 lagstiftningen
268 730 60 21 alltid
346 732 24 19 är
385 732 32 19 att
432 729 106 27 förordas;
555 737 48 14 men
620 730 26 21 då
663 730 60 21 äfven
738 729 53 22 slika
806 729 40 20 för-

87 764 152 27 sträckningar,
263 764 68 21 såvidt
350 765 107 20 desamma
473 764 94 27 utgifvits
583 766 57 19 emot
655 764 100 21 säkerhet
770 763 22 22 af
805 763 41 21 fast

88 798 107 27 egendom,
217 800 79 20 ansetts
312 798 52 22 böra
379 798 75 22 härvid
465 799 132 27 undantagas
609 798 38 22 och
658 800 76 20 räntan
745 799 12 21 å
768 797 78 22 sådane

86 831 180 28 försträckningar
281 832 129 22 fortfarande
426 832 97 22 förblifva
538 832 86 26 fixerad,
641 833 40 21 har
695 833 59 21 detta
766 832 80 21 undan-

86 868 36 25 tag
137 866 33 22 väl
186 866 74 22 skenet
275 866 22 22 af
311 869 32 19 att
359 867 48 27 vilja
423 866 112 28 tillgodose
544 867 181 27 jordbrukarenes
735 867 110 25 intressen,

86 906 47 16 men
156 900 54 22 skall
233 900 116 27 säkerligen
371 901 7 20 i
401 900 145 28 verkligheten
566 901 65 21 lända
643 901 155 27 jordbrukaren
814 900 32 21 till

86 934 71 27 skada,
173 935 7 20 i
195 935 70 21 stället
281 934 32 22 för
328 935 32 21 till
375 941 55 21 gagn
468 935 31 28 Ty
515 935 102 27 naturligt
633 938 30 24 är,
679 937 32 20 att
727 942 33 14 om
777 934 33 21 vid
821 934 25 21 ti-

86 968 42 27 der,
153 968 25 22 då
194 969 220 27 penningetillgången
430 971 24 19 är
469 970 71 26 knapp
556 970 39 21 och
611 969 119 22 räntefoten
746 969 47 26 hög,
810 969 35 21 det

85 1004 24 20 är
123 1002 107 28 förbjudet
245 1005 31 19 att
291 1005 49 25 taga
355 1003 65 27 högre
436 1005 62 20 ränta
514 1006 26 19 än
557 1004 12 21 6
585 1006 88 24 procent
687 1004 35 20 vid
733 1002 112 22 försträck-

86 1037 76 27 ningar
177 1040 57 18 emot
249 1038 120 26 inteckning
384 1038 7 20 i
406 1037 41 22 fast
463 1038 109 26 egendom,
589 1038 76 21 medan
681 1039 75 20 räntan
771 1037 34 21 vid
817 1036 28 22 öf-

84 1071 45 27 riga
151 1070 179 28 försträckningar
352 1074 24 19 är
391 1071 33 28 fri,
441 1072 60 21 skola
516 1072 133 27 kapitalerne
664 1074 101 19 strömma
779 1072 25 20 åt
819 1071 26 21 de

83 1104 50 26 håll,
150 1105 37 21 der
202 1106 65 26 högre
283 1108 60 19 ränta
360 1106 104 27 erbjudes,
481 1106 39 22 och
532 1106 89 21 sålunda
632 1106 147 26 undamdragas
787 1105 59 27 jord-

83 1139 82 21 bruket.
188 1139 45 22 Och
249 1140 54 21 dock
319 1142 23 19 är
358 1140 35 22 det
405 1140 46 27 just
466 1141 68 21 under
549 1140 79 22 sådane
644 1140 61 27 tider;
721 1139 124 25 tideri-efter

82 1173 102 27 felslagna
199 1174 95 26 skördar,
311 1181 46 15 som
369 1175 128 27 jordbruket
513 1177 23 19 är
552 1175 6 21 i
574 1177 67 19 mesta
657 1174 65 29 behof
735 1174 23 22 af
768 1174 75 21 kredit.

151 1208 51 21 Man
222 1209 34 21 må
271 1209 18 27 ej
306 1211 56 25 säga,
380 1210 33 20 att
425 1209 78 27 jorden
519 1209 54 22 dock
590 1209 99 27 erbjuder
702 1208 143 28 jemnförelse-

82 1242 31 22 vis
127 1242 72 22 bättre
214 1242 99 22 säkerhet
329 1243 39 21 och
384 1243 91 21 sålunda
489 1243 54 22 skall
559 1243 68 22 förmå
642 1243 109 27 gvarhälla
761 1242 83 28 kapita-

81 1276 60 22 lerna
156 1276 61 22 äfven
233 1279 56 19 emot
305 1278 65 26 något
385 1277 60 28 lägre
460 1279 68 25 ränta,
544 1279 22 26 ty
582 1278 23 21 så
621 1280 24 19 är
661 1278 16 27 ej
694 1277 60 22 fallet
769 1276 76 26 åtpin-

81 1312 61 20 stone
164 1311 7 21 i
193 1317 25 15 en
242 1313 45 19 "tor
310 1311 34 22 del
364 1311 22 22 af
398 1311 80 27 landet,
495 1312 39 21 der
548 1312 132 28 kapitalerne
695 1313 102 21 strömma
812 1310 33 21 till

80 1344 82 22 banker
177 1345 40 21 och
233 1345 95 27 placeras
343 1345 7 21 i
365 1347 138 27 statspapper
518 1348 58 20 emot
591 1346 12 22 5
619 1347 90 26 procent
719 1345 39 23 och
769 1344 76 22 derun-

81 1378 43 27 der,
148 1380 76 21 medan
244 1379 157 27 jordbrukaren
420 1380 105 28 förgäfves
538 1380 99 28 erbjuder
653 1381 12 21 6
680 1380 94 28 procent.
806 1378 39 22 Or-

149 1418 142 23 Lagutskottets
303 1419 118 18 betänkande
432 1419 39 19 N:o
484 1420 17 17 1.
