1028 1617
279 112 79 22 Ständ.
373 112 38 23 Sv.
426 124 28 4 —
469 112 72 28 Prop.
556 112 40 22 N:o
611 112 35 22 10.
798 114 13 21 9

289 181 50 15 mon
355 175 26 21 de
397 175 52 21 böra
464 175 36 21 till
518 174 64 22 brons
599 174 101 29 byggnad
710 175 38 21 och
760 175 80 21 under-

290 208 47 21 håll
351 208 99 28 bidraga,
464 209 47 21 med
521 208 91 28 fästadt
624 208 103 28 afseende
736 209 104 27 förnäm-

291 243 67 27 ligast
368 243 14 20 å
393 242 40 22 den
448 245 63 25 nytta
529 243 46 21 dem
590 242 30 28 af
632 242 54 22 bron
702 243 137 28 tillskyndas.

319 276 84 27 Hvarje
424 276 194 28 vägbyggnadslag
641 278 27 19 är
690 276 98 28 obetaget
808 279 32 19 att

291 310 47 22 dess
353 314 50 24 väg-
419 310 37 22 och
472 310 281 28 brobyggnadsskyldighet,
767 311 72 21 antin-

291 352 42 20 gen
348 344 35 22 hel
398 344 38 22 och
451 344 74 22 hällen
547 345 52 21 eller
621 345 36 21 till
671 346 73 26 nägon
760 345 42 25 del,
818 345 23 20 ät

291 380 141 26 entreprenör
458 379 98 27 upplåta,
581 379 52 20 eller
648 378 39 22 ock
702 385 34 15 om
753 379 88 27 fullgö-

291 412 81 21 vandet
396 412 70 27 deraf
480 413 32 27 pä
535 415 70 18 annat
628 413 101 27 lämpligt
744 415 44 19 sätt
803 419 37 15 an-

292 447 82 25 ordna;
396 447 52 21 dock
465 447 57 21 skall
543 447 89 20 beslutet
648 447 72 21 derom
736 448 103 26 guvernö-

291 488 50 14 rens
361 481 123 28 afgörande
498 481 155 21 underställas.

366 514 202 28 Vägdyggnadslag,
591 522 44 14 som
651 515 41 21 har
707 515 34 28 sig
757 514 83 29 älagdt,

292 551 33 19 att
335 548 70 28 färja
420 549 61 26 öfver
503 549 129 27 vattendrag
647 550 85 20 inrätta
748 548 38 22 och
801 555 38 14 un-

291 582 108 26 derhälla,
417 584 35 20 mä
468 590 34 14 om
516 585 65 19 sättet
592 583 42 27 för
645 583 155 28 fullgörelsen,
816 584 27 25 af

292 617 57 21 hvad
359 618 8 20 i
377 618 81 20 sådant
473 616 101 28 afseende
579 617 160 27 föreskrifvits,
751 616 90 22 bestäm-

292 658 41 14 ma.
364 651 125 21 Enahanda
511 654 46 18 rätt
576 658 35 20 ege
626 651 214 28 vägbyggnadslaget

287 686 84 27 jemväl
386 686 8 20 i
412 686 104 26 afseende
538 686 12 20 &
569 686 216 27 färjpenningarnes
808 684 31 21 be-

293 720 57 27 lopp,
366 719 87 21 hvarom
470 720 88 21 beslutet
574 720 52 21 dock
640 720 58 21 skall
714 720 37 20 till
764 726 75 21 guver-

293 756 78 18 nörens
384 754 110 28 pröfning
518 754 138 27 hänskjutas.
688 754 69 25 Taxa,
774 753 67 27 enligt

293 788 86 20 hvilken
402 788 174 28 färjpenningar
589 788 29 27 få
634 787 118 29 uppdäras,
768 786 74 27 utfär-

294 822 41 21 das
350 822 30 27 af
390 824 134 25 guvernören
545 822 37 21 och
597 822 57 21 skall
669 822 35 20 vid
714 821 127 28 färjstället

293 863 55 14 vara
364 857 112 27 anslagen.

362 890 46 21 Der
430 891 136 27 vattendrag,
589 890 117 27 hvaröfver
724 889 68 28 färja
808 890 34 20 in-

293 926 71 19 rättas
380 924 37 21 och
439 924 144 21 underhållas
607 924 43 25 bör,
663 924 104 27 ätskiljer
783 922 59 22 olika

293 958 199 28 vägbyggnadslag,
509 959 35 21 mä
560 959 63 21 dessa
643 959 33 27 sig
700 958 92 21 emellan
808 956 35 28 öf-

294 992 160 22 verenskomma
470 1000 34 14 om
518 995 65 19 sättet
594 992 37 22 och
642 992 148 21 kostnaderna
801 990 42 28 för

290 1026 159 28 Jullgörandet
465 1026 30 28 af
502 1026 201 29 färjehällningen.

545 1084 15 27 $
575 1085 20 19 4.

363 1130 63 21 Inom
452 1130 76 27 hvarje
558 1129 193 28 vägbyggnadslag
780 1127 63 21 skola

293 1164 139 28 landsvägar
454 1164 38 20 och
514 1164 71 25 broar,
607 1164 9 20 i
633 1162 102 28 afseende
750 1162 14 20 å
779 1162 65 20 deras

294 1197 113 29 byggande
418 1198 37 20 och
468 1198 124 24 underhåll,
608 1198 8 20 i
626 1195 151 29 föreskrifven
794 1195 49 21 ord-

294 1232 55 27 ning
370 1232 104 27 fördelas
498 1232 91 21 emellan
613 1231 101 27 samtlige
735 1229 110 28 vägbygg-

294 1266 158 28 nadsskyldige
466 1273 63 21 egare
540 1265 37 22 och
587 1264 143 29 innehafvare
746 1263 30 27 af
782 1262 62 29 jord,

294 1300 111 21 hvaremot
430 1300 61 26 bruk,
510 1300 111 27 fabriker,
644 1300 73 27 sågar,
742 1303 103 23 gvarnar,

294 1333 149 29 ölbryggerier
458 1334 38 21 och
510 1333 231 22 bränvinsbrännerier
756 1331 90 27 deltaga

294 1368 81 22 såväl
367 1360 13 40 i
386 1368 102 28 byggnad
498 1368 30 28 af
534 1370 42 26 väg
586 1368 38 20 och
636 1368 42 25 bro,
689 1373 46 15 som
746 1366 9 20 i
764 1364 81 22 under-

294 1402 48 21 håll
357 1402 30 27 af
399 1402 47 21 dem
461 1402 48 21 med
524 1402 78 27 bidrag
617 1402 9 20 i
637 1402 134 26 penningar.

367 1436 105 21 Grunden
478 1436 42 27 för
530 1436 146 27 omförmälda
686 1436 51 26 väg-
749 1432 38 22 och
798 1432 47 22 bro-
