<?xml version="1.0" encoding="UTF-8"?>
<alto xmlns="http://www.loc.gov/standards/alto/ns-v3#" xmlns:xlink="http://www.w3.org/1999/xlink" xmlns:xsi="http://www.w3.org/2001/XMLSchema-instance" xsi:schemaLocation="http://www.loc.gov/standards/alto/ns-v3# http://www.loc.gov/alto/v3/alto-3-0.xsd">
	<Description>
		<MeasurementUnit>pixel</MeasurementUnit>
		<sourceImageInformation>
			<fileName>/tmp/tess_l9n089_g_input.PNG</fileName>
		</sourceImageInformation>
		<OCRProcessing ID="OCR_0">
			<ocrProcessingStep>
				<processingSoftware>
					<softwareName>tesseract 5.3.4</softwareName>
				</processingSoftware>
			</ocrProcessingStep>
		</OCRProcessing>
	</Description>
	<Layout>
		<Page WIDTH="1025" HEIGHT="1620" PHYSICAL_IMG_NR="0" ID="page_0">
			<PrintSpace HPOS="0" VPOS="0" WIDTH="1025" HEIGHT="1620">
				<ComposedBlock ID="cblock_0" HPOS="413" VPOS="107" WIDTH="379" HEIGHT="22">
					<TextBlock ID="block_0" HPOS="413" VPOS="107" WIDTH="379" HEIGHT="22">
						<TextLine ID="line_0" HPOS="413" VPOS="107" WIDTH="379" HEIGHT="22">
							<String ID="string_0" HPOS="413" VPOS="107" WIDTH="35" HEIGHT="21" WC="0.96" CONTENT="N:o"/><SP WIDTH="11" VPOS="107" HPOS="448"/>
							<String ID="string_1" HPOS="459" VPOS="107" WIDTH="20" HEIGHT="22" WC="0.96" CONTENT="2."/><SP WIDTH="302" VPOS="107" HPOS="479"/>
							<String ID="string_2" HPOS="781" VPOS="107" WIDTH="11" HEIGHT="20" WC="0.95" CONTENT="9"/>
						</TextLine>
					</TextBlock>
				</ComposedBlock>
				<ComposedBlock ID="cblock_1" HPOS="72" VPOS="175" WIDTH="754" HEIGHT="509">
					<TextBlock ID="block_1" HPOS="72" VPOS="175" WIDTH="752" HEIGHT="233">
						<TextLine ID="line_1" HPOS="72" VPOS="175" WIDTH="749" HEIGHT="28">
							<String ID="string_3" HPOS="72" VPOS="176" WIDTH="6" HEIGHT="21" WC="0.92" CONTENT="i"/><SP WIDTH="16" VPOS="176" HPOS="78"/>
							<String ID="string_4" HPOS="94" VPOS="175" WIDTH="12" HEIGHT="28" WC="0.89" CONTENT="$"/><SP WIDTH="16" VPOS="175" HPOS="106"/>
							<String ID="string_5" HPOS="122" VPOS="176" WIDTH="12" HEIGHT="21" WC="0.95" CONTENT="2"/><SP WIDTH="16" VPOS="176" HPOS="134"/>
							<String ID="string_6" HPOS="150" VPOS="175" WIDTH="23" HEIGHT="22" WC="0.96" CONTENT="af"/><SP WIDTH="13" VPOS="175" HPOS="173"/>
							<String ID="string_7" HPOS="186" VPOS="175" WIDTH="152" HEIGHT="27" WC="0.93" CONTENT="förordningen"/><SP WIDTH="15" VPOS="175" HPOS="338"/>
							<String ID="string_8" HPOS="353" VPOS="175" WIDTH="111" HEIGHT="27" WC="0.96" CONTENT="angående"/><SP WIDTH="15" VPOS="175" HPOS="464"/>
							<String ID="string_9" HPOS="479" VPOS="176" WIDTH="159" HEIGHT="21" WC="0.96" CONTENT="vaccinationen"/><SP WIDTH="16" VPOS="176" HPOS="638"/>
							<String ID="string_10" HPOS="654" VPOS="175" WIDTH="24" HEIGHT="22" WC="0.96" CONTENT="af"/><SP WIDTH="14" VPOS="175" HPOS="678"/>
							<String ID="string_11" HPOS="692" VPOS="176" WIDTH="68" HEIGHT="21" WC="0.96" CONTENT="denne"/><SP WIDTH="12" VPOS="176" HPOS="760"/>
							<String ID="string_12" HPOS="772" VPOS="175" WIDTH="49" HEIGHT="25" WC="0.96" CONTENT="dag,"/>
						</TextLine>
						<TextLine ID="line_2" HPOS="72" VPOS="209" WIDTH="749" HEIGHT="28">
							<String ID="string_13" HPOS="72" VPOS="209" WIDTH="33" HEIGHT="22" WC="0.94" CONTENT="för"/><SP WIDTH="15" VPOS="209" HPOS="105"/>
							<String ID="string_14" HPOS="120" VPOS="210" WIDTH="92" HEIGHT="21" WC="0.92" CONTENT="nämnda"/><SP WIDTH="16" VPOS="210" HPOS="212"/>
							<String ID="string_15" HPOS="228" VPOS="210" WIDTH="97" HEIGHT="21" WC="0.87" CONTENT="ändamä!"/><SP WIDTH="16" VPOS="210" HPOS="325"/>
							<String ID="string_16" HPOS="341" VPOS="210" WIDTH="71" HEIGHT="21" WC="0.92" CONTENT="blifvit"/><SP WIDTH="15" VPOS="210" HPOS="412"/>
							<String ID="string_17" HPOS="427" VPOS="209" WIDTH="24" HEIGHT="22" WC="0.93" CONTENT="af"/><SP WIDTH="13" VPOS="209" HPOS="451"/>
							<String ID="string_18" HPOS="464" VPOS="210" WIDTH="152" HEIGHT="21" WC="0.92" CONTENT="kommunerne"/><SP WIDTH="10" VPOS="210" HPOS="616"/>
							<String ID="string_19" HPOS="626" VPOS="210" WIDTH="8" HEIGHT="21" WC="0.93" CONTENT="i"/><SP WIDTH="11" VPOS="210" HPOS="634"/>
							<String ID="string_20" HPOS="645" VPOS="210" WIDTH="67" HEIGHT="27" WC="0.92" CONTENT="tjenst"/><SP WIDTH="10" VPOS="210" HPOS="712"/>
							<String ID="string_21" HPOS="722" VPOS="211" WIDTH="99" HEIGHT="25" WC="0.92" CONTENT="antagne,"/>
						</TextLine>
						<TextLine ID="line_3" HPOS="72" VPOS="243" WIDTH="751" HEIGHT="28">
							<String ID="string_22" HPOS="72" VPOS="249" WIDTH="48" HEIGHT="16" WC="0.93" CONTENT="men"/><SP WIDTH="16" VPOS="249" HPOS="120"/>
							<String ID="string_23" HPOS="136" VPOS="244" WIDTH="65" HEIGHT="21" WC="0.92" CONTENT="likväl"/><SP WIDTH="17" VPOS="244" HPOS="201"/>
							<String ID="string_24" HPOS="218" VPOS="244" WIDTH="68" HEIGHT="21" WC="0.92" CONTENT="önska"/><SP WIDTH="14" VPOS="244" HPOS="286"/>
							<String ID="string_25" HPOS="300" VPOS="244" WIDTH="209" HEIGHT="27" WC="0.92" CONTENT="vaccinationsyrket"/><SP WIDTH="15" VPOS="244" HPOS="509"/>
							<String ID="string_26" HPOS="524" VPOS="244" WIDTH="80" HEIGHT="26" WC="0.93" CONTENT="utöfva,"/><SP WIDTH="17" VPOS="244" HPOS="604"/>
							<String ID="string_27" HPOS="621" VPOS="244" WIDTH="62" HEIGHT="21" WC="0.93" CONTENT="skola"/><SP WIDTH="20" VPOS="244" HPOS="683"/>
							<String ID="string_28" HPOS="703" VPOS="243" WIDTH="71" HEIGHT="22" WC="0.91" CONTENT="dertill"/><SP WIDTH="15" VPOS="243" HPOS="774"/>
							<String ID="string_29" HPOS="789" VPOS="244" WIDTH="34" HEIGHT="20" WC="0.93" CONTENT="ut-"/>
						</TextLine>
						<TextLine ID="line_4" HPOS="72" VPOS="278" WIDTH="752" HEIGHT="27">
							<String ID="string_30" HPOS="72" VPOS="278" WIDTH="67" HEIGHT="21" WC="0.96" CONTENT="verka"/><SP WIDTH="16" VPOS="278" HPOS="139"/>
							<String ID="string_31" HPOS="155" VPOS="279" WIDTH="33" HEIGHT="26" WC="0.93" CONTENT="sig"/><SP WIDTH="16" VPOS="279" HPOS="188"/>
							<String ID="string_32" HPOS="204" VPOS="279" WIDTH="97" HEIGHT="21" WC="0.91" CONTENT="tillständ"/><SP WIDTH="16" VPOS="279" HPOS="301"/>
							<String ID="string_33" HPOS="317" VPOS="279" WIDTH="23" HEIGHT="21" WC="0.96" CONTENT="af"/><SP WIDTH="14" VPOS="279" HPOS="340"/>
							<String ID="string_34" HPOS="354" VPOS="279" WIDTH="40" HEIGHT="21" WC="0.93" CONTENT="den"/><SP WIDTH="15" VPOS="279" HPOS="394"/>
							<String ID="string_35" HPOS="409" VPOS="279" WIDTH="126" HEIGHT="26" WC="0.92" CONTENT="myndighet"/><SP WIDTH="14" VPOS="279" HPOS="535"/>
							<String ID="string_36" HPOS="549" VPOS="279" WIDTH="7" HEIGHT="20" WC="0.92" CONTENT="i"/><SP WIDTH="16" VPOS="279" HPOS="556"/>
							<String ID="string_37" HPOS="572" VPOS="279" WIDTH="135" HEIGHT="25" WC="0.92" CONTENT="kommunen,"/><SP WIDTH="17" VPOS="279" HPOS="707"/>
							<String ID="string_38" HPOS="724" VPOS="284" WIDTH="52" HEIGHT="20" WC="0.93" CONTENT="som,"/><SP WIDTH="13" VPOS="284" HPOS="776"/>
							<String ID="string_39" HPOS="789" VPOS="283" WIDTH="35" HEIGHT="16" WC="0.91" CONTENT="en-"/>
						</TextLine>
						<TextLine ID="line_5" HPOS="72" VPOS="312" WIDTH="752" HEIGHT="28">
							<String ID="string_40" HPOS="72" VPOS="313" WIDTH="41" HEIGHT="26" WC="0.89" CONTENT="ligt"/><SP WIDTH="23" VPOS="313" HPOS="113"/>
							<String ID="string_41" HPOS="136" VPOS="313" WIDTH="66" HEIGHT="26" WC="0.89" CONTENT="sagda"/><SP WIDTH="19" VPOS="313" HPOS="202"/>
							<String ID="string_42" HPOS="221" VPOS="313" WIDTH="125" HEIGHT="27" WC="0.92" CONTENT="stadgande,"/><SP WIDTH="19" VPOS="313" HPOS="346"/>
							<String ID="string_43" HPOS="365" VPOS="315" WIDTH="52" HEIGHT="25" WC="0.93" CONTENT="äger"/><SP WIDTH="16" VPOS="315" HPOS="417"/>
							<String ID="string_44" HPOS="433" VPOS="315" WIDTH="78" HEIGHT="25" WC="0.92" CONTENT="antaga"/><SP WIDTH="15" VPOS="315" HPOS="511"/>
							<String ID="string_45" HPOS="526" VPOS="313" WIDTH="128" HEIGHT="26" WC="0.91" CONTENT="vaccinatör,"/><SP WIDTH="16" VPOS="313" HPOS="654"/>
							<String ID="string_46" HPOS="670" VPOS="313" WIDTH="40" HEIGHT="21" WC="0.96" CONTENT="och"/><SP WIDTH="16" VPOS="313" HPOS="710"/>
							<String ID="string_47" HPOS="726" VPOS="312" WIDTH="34" HEIGHT="21" WC="0.93" CONTENT="mä"/><SP WIDTH="15" VPOS="312" HPOS="760"/>
							<String ID="string_48" HPOS="775" VPOS="313" WIDTH="49" HEIGHT="20" WC="0.90" CONTENT="der-"/>
						</TextLine>
						<TextLine ID="line_6" HPOS="73" VPOS="347" WIDTH="750" HEIGHT="27">
							<String ID="string_49" HPOS="73" VPOS="347" WIDTH="61" HEIGHT="26" WC="0.96" CONTENT="efter,"/><SP WIDTH="16" VPOS="347" HPOS="134"/>
							<String ID="string_50" HPOS="150" VPOS="349" WIDTH="58" HEIGHT="19" WC="0.96" CONTENT="emot"/><SP WIDTH="18" VPOS="349" HPOS="208"/>
							<String ID="string_51" HPOS="226" VPOS="347" WIDTH="40" HEIGHT="21" WC="0.96" CONTENT="den"/><SP WIDTH="20" VPOS="347" HPOS="266"/>
							<String ID="string_52" HPOS="286" VPOS="347" WIDTH="127" HEIGHT="27" WC="0.96" CONTENT="ersättning,"/><SP WIDTH="23" VPOS="347" HPOS="413"/>
							<String ID="string_53" HPOS="436" VPOS="353" WIDTH="45" HEIGHT="15" WC="0.96" CONTENT="som"/><SP WIDTH="20" VPOS="353" HPOS="481"/>
							<String ID="string_54" HPOS="501" VPOS="347" WIDTH="41" HEIGHT="21" WC="0.92" CONTENT="kan"/><SP WIDTH="16" VPOS="347" HPOS="542"/>
							<String ID="string_55" HPOS="558" VPOS="347" WIDTH="105" HEIGHT="27" WC="0.92" CONTENT="betingas,"/><SP WIDTH="17" VPOS="347" HPOS="663"/>
							<String ID="string_56" HPOS="680" VPOS="347" WIDTH="143" HEIGHT="21" WC="0.96" CONTENT="allmänheten"/>
						</TextLine>
						<TextLine ID="line_7" HPOS="73" VPOS="381" WIDTH="318" HEIGHT="27">
							<String ID="string_57" HPOS="73" VPOS="381" WIDTH="48" HEIGHT="22" WC="0.93" CONTENT="med"/><SP WIDTH="16" VPOS="381" HPOS="121"/>
							<String ID="string_58" HPOS="137" VPOS="382" WIDTH="101" HEIGHT="26" WC="0.92" CONTENT="ympning"/><SP WIDTH="15" VPOS="382" HPOS="238"/>
							<String ID="string_59" HPOS="253" VPOS="382" WIDTH="138" HEIGHT="26" WC="0.91" CONTENT="tillhandagä."/>
						</TextLine>
					</TextBlock>
					<TextBlock ID="block_2" HPOS="425" VPOS="416" WIDTH="48" HEIGHT="27">
						<TextLine ID="line_8" HPOS="425" VPOS="416" WIDTH="48" HEIGHT="27">
							<String ID="string_60" HPOS="425" VPOS="416" WIDTH="12" HEIGHT="27" WC="0.67" CONTENT="S"/><SP WIDTH="16" VPOS="416" HPOS="437"/>
							<String ID="string_61" HPOS="453" VPOS="417" WIDTH="20" HEIGHT="20" WC="0.67" CONTENT="2."/>
						</TextLine>
					</TextBlock>
					<TextBlock ID="block_3" HPOS="146" VPOS="454" WIDTH="679" HEIGHT="28">
						<TextLine ID="line_9" HPOS="146" VPOS="454" WIDTH="679" HEIGHT="28">
							<String ID="string_62" HPOS="146" VPOS="456" WIDTH="39" HEIGHT="20" WC="0.93" CONTENT="Till"/><SP WIDTH="18" VPOS="456" HPOS="185"/>
							<String ID="string_63" HPOS="203" VPOS="456" WIDTH="120" HEIGHT="21" WC="0.90" CONTENT="hvarandra"/><SP WIDTH="20" VPOS="456" HPOS="323"/>
							<String ID="string_64" HPOS="343" VPOS="456" WIDTH="121" HEIGHT="26" WC="0.90" CONTENT="gränsande"/><SP WIDTH="20" VPOS="456" HPOS="464"/>
							<String ID="string_65" HPOS="484" VPOS="456" WIDTH="131" HEIGHT="26" WC="0.93" CONTENT="kommuner,"/><SP WIDTH="21" VPOS="456" HPOS="615"/>
							<String ID="string_66" HPOS="636" VPOS="456" WIDTH="79" HEIGHT="26" WC="0.92" CONTENT="hvilka,"/><SP WIDTH="17" VPOS="456" HPOS="715"/>
							<String ID="string_67" HPOS="732" VPOS="454" WIDTH="67" HEIGHT="27" WC="0.93" CONTENT="enligt"/><SP WIDTH="15" VPOS="454" HPOS="799"/>
							<String ID="string_68" HPOS="814" VPOS="454" WIDTH="11" HEIGHT="27" WC="0.91" CONTENT="$"/>
						</TextLine>
					</TextBlock>
					<TextBlock ID="block_4" HPOS="74" VPOS="490" WIDTH="752" HEIGHT="159">
						<TextLine ID="line_10" HPOS="74" VPOS="490" WIDTH="752" HEIGHT="27">
							<String ID="string_69" HPOS="74" VPOS="491" WIDTH="12" HEIGHT="20" WC="0.78" CONTENT="2"/><SP WIDTH="24" VPOS="491" HPOS="86"/>
							<String ID="string_70" HPOS="110" VPOS="490" WIDTH="6" HEIGHT="21" WC="0.89" CONTENT="i"/><SP WIDTH="25" VPOS="490" HPOS="116"/>
							<String ID="string_71" HPOS="141" VPOS="490" WIDTH="303" HEIGHT="27" WC="0.85" CONTENT="vaccinationsförordningen,"/><SP WIDTH="20" VPOS="490" HPOS="444"/>
							<String ID="string_72" HPOS="464" VPOS="491" WIDTH="67" HEIGHT="21" WC="0.96" CONTENT="önska"/><SP WIDTH="18" VPOS="491" HPOS="531"/>
							<String ID="string_73" HPOS="549" VPOS="490" WIDTH="75" HEIGHT="22" WC="0.96" CONTENT="förena"/><SP WIDTH="18" VPOS="490" HPOS="624"/>
							<String ID="string_74" HPOS="642" VPOS="490" WIDTH="33" HEIGHT="27" WC="0.96" CONTENT="sig"/><SP WIDTH="16" VPOS="490" HPOS="675"/>
							<String ID="string_75" HPOS="691" VPOS="496" WIDTH="34" HEIGHT="15" WC="0.93" CONTENT="om"/><SP WIDTH="16" VPOS="496" HPOS="725"/>
							<String ID="string_76" HPOS="741" VPOS="495" WIDTH="85" HEIGHT="21" WC="0.90" CONTENT="gemen-"/>
						</TextLine>
						<TextLine ID="line_11" HPOS="75" VPOS="523" WIDTH="751" HEIGHT="29">
							<String ID="string_77" HPOS="75" VPOS="530" WIDTH="45" HEIGHT="15" WC="0.93" CONTENT="sam"/><SP WIDTH="16" VPOS="530" HPOS="120"/>
							<String ID="string_78" HPOS="136" VPOS="525" WIDTH="127" HEIGHT="25" WC="0.86" CONTENT="vaccinatör,"/><SP WIDTH="17" VPOS="525" HPOS="263"/>
							<String ID="string_79" HPOS="280" VPOS="525" WIDTH="60" HEIGHT="21" WC="0.93" CONTENT="skola"/><SP WIDTH="15" VPOS="525" HPOS="340"/>
							<String ID="string_80" HPOS="355" VPOS="525" WIDTH="74" HEIGHT="21" WC="0.93" CONTENT="derom"/><SP WIDTH="16" VPOS="525" HPOS="429"/>
							<String ID="string_81" HPOS="445" VPOS="525" WIDTH="80" HEIGHT="27" WC="0.91" CONTENT="ingifva"/><SP WIDTH="16" VPOS="525" HPOS="525"/>
							<String ID="string_82" HPOS="541" VPOS="525" WIDTH="94" HEIGHT="27" WC="0.93" CONTENT="skriftlig"/><SP WIDTH="16" VPOS="525" HPOS="635"/>
							<String ID="string_83" HPOS="651" VPOS="524" WIDTH="120" HEIGHT="26" WC="0.90" CONTENT="ansökning"/><SP WIDTH="22" VPOS="524" HPOS="771"/>
							<String ID="string_84" HPOS="793" VPOS="523" WIDTH="33" HEIGHT="21" WC="0.96" CONTENT="till"/>
						</TextLine>
						<TextLine ID="line_12" HPOS="75" VPOS="558" WIDTH="751" HEIGHT="27">
							<String ID="string_85" HPOS="75" VPOS="559" WIDTH="210" HEIGHT="21" WC="0.92" CONTENT="Provincialläkaren"/><SP WIDTH="19" VPOS="559" HPOS="285"/>
							<String ID="string_86" HPOS="304" VPOS="560" WIDTH="7" HEIGHT="20" WC="0.90" CONTENT="i"/><SP WIDTH="20" VPOS="560" HPOS="311"/>
							<String ID="string_87" HPOS="331" VPOS="561" WIDTH="67" HEIGHT="24" WC="0.90" CONTENT="orten,"/><SP WIDTH="21" VPOS="561" HPOS="398"/>
							<String ID="string_88" HPOS="419" VPOS="560" WIDTH="87" HEIGHT="21" WC="0.92" CONTENT="hvilken"/><SP WIDTH="14" VPOS="560" HPOS="506"/>
							<String ID="string_89" HPOS="520" VPOS="559" WIDTH="40" HEIGHT="21" WC="0.96" CONTENT="har"/><SP WIDTH="16" VPOS="559" HPOS="560"/>
							<String ID="string_90" HPOS="576" VPOS="561" WIDTH="32" HEIGHT="19" WC="0.93" CONTENT="att"/><SP WIDTH="16" VPOS="561" HPOS="608"/>
							<String ID="string_91" HPOS="624" VPOS="559" WIDTH="123" HEIGHT="21" WC="0.92" CONTENT="densamma"/><SP WIDTH="13" VPOS="559" HPOS="747"/>
							<String ID="string_92" HPOS="760" VPOS="558" WIDTH="66" HEIGHT="26" WC="0.92" CONTENT="jemte"/>
						</TextLine>
						<TextLine ID="line_13" HPOS="75" VPOS="592" WIDTH="751" HEIGHT="29">
							<String ID="string_93" HPOS="75" VPOS="595" WIDTH="49" HEIGHT="25" WC="0.92" CONTENT="eget"/><SP WIDTH="23" VPOS="595" HPOS="124"/>
							<String ID="string_94" HPOS="147" VPOS="593" WIDTH="111" HEIGHT="21" WC="0.96" CONTENT="utlåtande"/><SP WIDTH="23" VPOS="593" HPOS="258"/>
							<String ID="string_95" HPOS="281" VPOS="594" WIDTH="33" HEIGHT="20" WC="0.92" CONTENT="till"/><SP WIDTH="23" VPOS="594" HPOS="314"/>
							<String ID="string_96" HPOS="337" VPOS="594" WIDTH="234" HEIGHT="27" WC="0.91" CONTENT="Medicinalstyrelsens"/><SP WIDTH="21" VPOS="594" HPOS="571"/>
							<String ID="string_97" HPOS="592" VPOS="593" WIDTH="100" HEIGHT="27" WC="0.92" CONTENT="pröfning"/><SP WIDTH="21" VPOS="593" HPOS="692"/>
							<String ID="string_98" HPOS="713" VPOS="593" WIDTH="38" HEIGHT="21" WC="0.93" CONTENT="och"/><SP WIDTH="17" VPOS="593" HPOS="751"/>
							<String ID="string_99" HPOS="768" VPOS="592" WIDTH="58" HEIGHT="26" WC="0.86" CONTENT="afgö-"/>
						</TextLine>
						<TextLine ID="line_14" HPOS="75" VPOS="628" WIDTH="218" HEIGHT="21">
							<String ID="string_100" HPOS="75" VPOS="628" WIDTH="67" HEIGHT="20" WC="0.92" CONTENT="rande"/><SP WIDTH="16" VPOS="628" HPOS="142"/>
							<String ID="string_101" HPOS="158" VPOS="628" WIDTH="135" HEIGHT="21" WC="0.91" CONTENT="öfverlemna."/>
						</TextLine>
					</TextBlock>
					<TextBlock ID="block_5" HPOS="428" VPOS="656" WIDTH="47" HEIGHT="28">
						<TextLine ID="line_15" HPOS="428" VPOS="656" WIDTH="47" HEIGHT="28">
							<String ID="string_102" HPOS="428" VPOS="656" WIDTH="47" HEIGHT="28" WC="0.83" CONTENT="83."/>
						</TextLine>
					</TextBlock>
				</ComposedBlock>
				<ComposedBlock ID="cblock_2" HPOS="76" VPOS="694" WIDTH="757" HEIGHT="542">
					<TextBlock ID="block_6" HPOS="76" VPOS="694" WIDTH="755" HEIGHT="304">
						<TextLine ID="line_16" HPOS="147" VPOS="694" WIDTH="680" HEIGHT="29">
							<String ID="string_103" HPOS="147" VPOS="694" WIDTH="112" HEIGHT="29" WC="0.91" CONTENT="Rättighet"/><SP WIDTH="19" VPOS="694" HPOS="259"/>
							<String ID="string_104" HPOS="278" VPOS="699" WIDTH="38" HEIGHT="24" WC="0.95" CONTENT="att,"/><SP WIDTH="20" VPOS="699" HPOS="316"/>
							<String ID="string_105" HPOS="336" VPOS="699" WIDTH="39" HEIGHT="19" WC="0.93" CONTENT="när"/><SP WIDTH="20" VPOS="699" HPOS="375"/>
							<String ID="string_106" HPOS="395" VPOS="697" WIDTH="127" HEIGHT="21" WC="0.92" CONTENT="kommunen"/><SP WIDTH="16" VPOS="697" HPOS="522"/>
							<String ID="string_107" HPOS="538" VPOS="696" WIDTH="69" HEIGHT="22" WC="0.92" CONTENT="finner"/><SP WIDTH="16" VPOS="696" HPOS="607"/>
							<String ID="string_108" HPOS="623" VPOS="696" WIDTH="116" HEIGHT="26" WC="0.92" CONTENT="anledning"/><SP WIDTH="16" VPOS="696" HPOS="739"/>
							<String ID="string_109" HPOS="755" VPOS="695" WIDTH="72" HEIGHT="21" WC="0.89" CONTENT="dertill"/>
						</TextLine>
						<TextLine ID="line_17" HPOS="76" VPOS="730" WIDTH="751" HEIGHT="28">
							<String ID="string_110" HPOS="76" VPOS="731" WIDTH="138" HEIGHT="25" WC="0.93" CONTENT="förekomma,"/><SP WIDTH="15" VPOS="731" HPOS="214"/>
							<String ID="string_111" HPOS="229" VPOS="731" WIDTH="89" HEIGHT="21" WC="0.91" CONTENT="afskeda"/><SP WIDTH="20" VPOS="731" HPOS="318"/>
							<String ID="string_112" HPOS="338" VPOS="733" WIDTH="92" HEIGHT="25" WC="0.92" CONTENT="antagen"/><SP WIDTH="20" VPOS="733" HPOS="430"/>
							<String ID="string_113" HPOS="450" VPOS="731" WIDTH="123" HEIGHT="21" WC="0.92" CONTENT="vaccinatör"/><SP WIDTH="17" VPOS="731" HPOS="573"/>
							<String ID="string_114" HPOS="590" VPOS="731" WIDTH="73" HEIGHT="21" WC="0.96" CONTENT="tillhör"/><SP WIDTH="26" VPOS="731" HPOS="663"/>
							<String ID="string_115" HPOS="689" VPOS="730" WIDTH="138" HEIGHT="24" WC="0.96" CONTENT="kommunen;"/>
						</TextLine>
						<TextLine ID="line_18" HPOS="77" VPOS="765" WIDTH="751" HEIGHT="27">
							<String ID="string_116" HPOS="77" VPOS="766" WIDTH="54" HEIGHT="20" WC="0.96" CONTENT="dock"/><SP WIDTH="15" VPOS="766" HPOS="131"/>
							<String ID="string_117" HPOS="146" VPOS="766" WIDTH="42" HEIGHT="20" WC="0.96" CONTENT="kan"/><SP WIDTH="16" VPOS="766" HPOS="188"/>
							<String ID="string_118" HPOS="204" VPOS="765" WIDTH="61" HEIGHT="21" WC="0.93" CONTENT="äfven"/><SP WIDTH="21" VPOS="765" HPOS="265"/>
							<String ID="string_119" HPOS="286" VPOS="766" WIDTH="228" HEIGHT="26" WC="0.91" CONTENT="Medicinalstyrelsen,"/><SP WIDTH="20" VPOS="766" HPOS="514"/>
							<String ID="string_120" HPOS="534" VPOS="766" WIDTH="7" HEIGHT="20" WC="0.96" CONTENT="i"/><SP WIDTH="21" VPOS="766" HPOS="541"/>
							<String ID="string_121" HPOS="562" VPOS="765" WIDTH="102" HEIGHT="21" WC="0.93" CONTENT="händelse"/><SP WIDTH="15" VPOS="765" HPOS="664"/>
							<String ID="string_122" HPOS="679" VPOS="765" WIDTH="149" HEIGHT="21" WC="0.91" CONTENT="vaccinatören"/>
						</TextLine>
						<TextLine ID="line_19" HPOS="77" VPOS="799" WIDTH="752" HEIGHT="27">
							<String ID="string_123" HPOS="77" VPOS="800" WIDTH="57" HEIGHT="26" WC="0.96" CONTENT="gjort"/><SP WIDTH="16" VPOS="800" HPOS="134"/>
							<String ID="string_124" HPOS="150" VPOS="800" WIDTH="32" HEIGHT="26" WC="0.96" CONTENT="sig"/><SP WIDTH="17" VPOS="800" HPOS="182"/>
							<String ID="string_125" HPOS="199" VPOS="800" WIDTH="85" HEIGHT="26" WC="0.96" CONTENT="skyldig"/><SP WIDTH="15" VPOS="800" HPOS="284"/>
							<String ID="string_126" HPOS="299" VPOS="800" WIDTH="32" HEIGHT="20" WC="0.96" CONTENT="till"/><SP WIDTH="17" VPOS="800" HPOS="331"/>
							<String ID="string_127" HPOS="348" VPOS="800" WIDTH="27" HEIGHT="21" WC="0.96" CONTENT="fel"/><SP WIDTH="17" VPOS="800" HPOS="375"/>
							<String ID="string_128" HPOS="392" VPOS="800" WIDTH="53" HEIGHT="20" WC="0.95" CONTENT="eller"/><SP WIDTH="15" VPOS="800" HPOS="445"/>
							<String ID="string_129" HPOS="460" VPOS="800" WIDTH="136" HEIGHT="21" WC="0.96" CONTENT="vårdslöshet"/><SP WIDTH="14" VPOS="800" HPOS="596"/>
							<String ID="string_130" HPOS="610" VPOS="800" WIDTH="36" HEIGHT="20" WC="0.93" CONTENT="vid"/><SP WIDTH="10" VPOS="800" HPOS="646"/>
							<String ID="string_131" HPOS="656" VPOS="799" WIDTH="173" HEIGHT="21" WC="0.91" CONTENT="vaccinationens"/>
						</TextLine>
						<TextLine ID="line_20" HPOS="78" VPOS="832" WIDTH="751" HEIGHT="28">
							<String ID="string_132" HPOS="78" VPOS="833" WIDTH="115" HEIGHT="22" WC="0.92" CONTENT="utöfvande"/><SP WIDTH="16" VPOS="833" HPOS="193"/>
							<String ID="string_133" HPOS="209" VPOS="834" WIDTH="39" HEIGHT="21" WC="0.96" CONTENT="och"/><SP WIDTH="16" VPOS="834" HPOS="248"/>
							<String ID="string_134" HPOS="264" VPOS="833" WIDTH="46" HEIGHT="22" WC="0.96" CONTENT="icke"/><SP WIDTH="16" VPOS="833" HPOS="310"/>
							<String ID="string_135" HPOS="326" VPOS="834" WIDTH="23" HEIGHT="21" WC="0.96" CONTENT="af"/><SP WIDTH="14" VPOS="834" HPOS="349"/>
							<String ID="string_136" HPOS="363" VPOS="833" WIDTH="95" HEIGHT="22" WC="0.96" CONTENT="erhållen"/><SP WIDTH="17" VPOS="833" HPOS="458"/>
							<String ID="string_137" HPOS="475" VPOS="834" WIDTH="94" HEIGHT="26" WC="0.95" CONTENT="varning,"/><SP WIDTH="16" VPOS="834" HPOS="569"/>
							<String ID="string_138" HPOS="585" VPOS="833" WIDTH="112" HEIGHT="22" WC="0.96" CONTENT="meddelad"/><SP WIDTH="12" VPOS="833" HPOS="697"/>
							<String ID="string_139" HPOS="709" VPOS="833" WIDTH="22" HEIGHT="21" WC="0.93" CONTENT="af"/><SP WIDTH="9" VPOS="833" HPOS="731"/>
							<String ID="string_140" HPOS="740" VPOS="832" WIDTH="89" HEIGHT="21" WC="0.92" CONTENT="Provin-"/>
						</TextLine>
						<TextLine ID="line_21" HPOS="78" VPOS="867" WIDTH="753" HEIGHT="28">
							<String ID="string_141" HPOS="78" VPOS="868" WIDTH="136" HEIGHT="26" WC="0.92" CONTENT="cialläkaren,"/><SP WIDTH="24" VPOS="868" HPOS="214"/>
							<String ID="string_142" HPOS="238" VPOS="868" WIDTH="48" HEIGHT="21" WC="0.96" CONTENT="låtit"/><SP WIDTH="23" VPOS="868" HPOS="286"/>
							<String ID="string_143" HPOS="309" VPOS="869" WIDTH="33" HEIGHT="26" WC="0.96" CONTENT="sig"/><SP WIDTH="19" VPOS="869" HPOS="342"/>
							<String ID="string_144" HPOS="361" VPOS="870" WIDTH="64" HEIGHT="24" WC="0.96" CONTENT="rätta,"/><SP WIDTH="20" VPOS="870" HPOS="425"/>
							<String ID="string_145" HPOS="445" VPOS="868" WIDTH="29" HEIGHT="27" WC="0.96" CONTENT="på"/><SP WIDTH="16" VPOS="868" HPOS="474"/>
							<String ID="string_146" HPOS="490" VPOS="869" WIDTH="78" HEIGHT="20" WC="0.96" CONTENT="dennes"/><SP WIDTH="21" VPOS="869" HPOS="568"/>
							<String ID="string_147" HPOS="589" VPOS="869" WIDTH="97" HEIGHT="20" WC="0.96" CONTENT="anmälan"/><SP WIDTH="17" VPOS="869" HPOS="686"/>
							<String ID="string_148" HPOS="703" VPOS="868" WIDTH="39" HEIGHT="21" WC="0.90" CONTENT="och"/><SP WIDTH="16" VPOS="868" HPOS="742"/>
							<String ID="string_149" HPOS="758" VPOS="867" WIDTH="73" HEIGHT="21" WC="0.90" CONTENT="derest"/>
						</TextLine>
						<TextLine ID="line_22" HPOS="78" VPOS="901" WIDTH="752" HEIGHT="28">
							<String ID="string_150" HPOS="78" VPOS="903" WIDTH="66" HEIGHT="20" WC="0.96" CONTENT="saken"/><SP WIDTH="16" VPOS="903" HPOS="144"/>
							<String ID="string_151" HPOS="160" VPOS="909" WIDTH="62" HEIGHT="14" WC="0.96" CONTENT="anses"/><SP WIDTH="16" VPOS="909" HPOS="222"/>
							<String ID="string_152" HPOS="238" VPOS="903" WIDTH="18" HEIGHT="26" WC="0.96" CONTENT="ej"/><SP WIDTH="17" VPOS="903" HPOS="256"/>
							<String ID="string_153" HPOS="273" VPOS="903" WIDTH="72" HEIGHT="20" WC="0.96" CONTENT="kunna"/><SP WIDTH="15" VPOS="903" HPOS="345"/>
							<String ID="string_154" HPOS="360" VPOS="903" WIDTH="47" HEIGHT="20" WC="0.96" CONTENT="med"/><SP WIDTH="15" VPOS="903" HPOS="407"/>
							<String ID="string_155" HPOS="422" VPOS="903" WIDTH="127" HEIGHT="26" WC="0.95" CONTENT="ytterligare"/><SP WIDTH="16" VPOS="903" HPOS="549"/>
							<String ID="string_156" HPOS="565" VPOS="903" WIDTH="89" HEIGHT="26" WC="0.96" CONTENT="varning"/><SP WIDTH="16" VPOS="903" HPOS="654"/>
							<String ID="string_157" HPOS="670" VPOS="902" WIDTH="22" HEIGHT="21" WC="0.81" CONTENT="af:"/><SP WIDTH="15" VPOS="902" HPOS="692"/>
							<String ID="string_158" HPOS="707" VPOS="901" WIDTH="123" HEIGHT="22" WC="0.92" CONTENT="Medicinal-"/>
						</TextLine>
						<TextLine ID="line_23" HPOS="79" VPOS="935" WIDTH="750" HEIGHT="28">
							<String ID="string_159" HPOS="79" VPOS="937" WIDTH="105" HEIGHT="26" WC="0.93" CONTENT="styrelsen"/><SP WIDTH="16" VPOS="937" HPOS="184"/>
							<String ID="string_160" HPOS="200" VPOS="936" WIDTH="76" HEIGHT="27" WC="0.92" CONTENT="aflöpa,"/><SP WIDTH="16" VPOS="936" HPOS="276"/>
							<String ID="string_161" HPOS="292" VPOS="937" WIDTH="149" HEIGHT="21" WC="0.92" CONTENT="vaccinatören"/><SP WIDTH="18" VPOS="937" HPOS="441"/>
							<String ID="string_162" HPOS="459" VPOS="938" WIDTH="51" HEIGHT="20" WC="0.96" CONTENT="utan"/><SP WIDTH="16" VPOS="938" HPOS="510"/>
							<String ID="string_163" HPOS="526" VPOS="937" WIDTH="74" HEIGHT="21" WC="0.96" CONTENT="vidare"/><SP WIDTH="14" VPOS="937" HPOS="600"/>
							<String ID="string_164" HPOS="614" VPOS="936" WIDTH="48" HEIGHT="21" WC="0.96" CONTENT="från"/><SP WIDTH="20" VPOS="936" HPOS="662"/>
							<String ID="string_165" HPOS="682" VPOS="935" WIDTH="147" HEIGHT="27" WC="0.96" CONTENT="befattningen"/>
						</TextLine>
						<TextLine ID="line_24" HPOS="80" VPOS="971" WIDTH="69" HEIGHT="27">
							<String ID="string_166" HPOS="80" VPOS="971" WIDTH="69" HEIGHT="27" WC="0.96" CONTENT="skilja."/>
						</TextLine>
					</TextBlock>
					<TextBlock ID="block_7" HPOS="431" VPOS="1000" WIDTH="48" HEIGHT="27">
						<TextLine ID="line_25" HPOS="431" VPOS="1000" WIDTH="48" HEIGHT="27">
							<String ID="string_167" HPOS="431" VPOS="1000" WIDTH="11" HEIGHT="27" WC="0.91" CONTENT="8"/><SP WIDTH="16" VPOS="1000" HPOS="442"/>
							<String ID="string_168" HPOS="458" VPOS="1001" WIDTH="21" HEIGHT="20" WC="0.91" CONTENT="4."/>
						</TextLine>
					</TextBlock>
					<TextBlock ID="block_8" HPOS="80" VPOS="1038" WIDTH="752" HEIGHT="131">
						<TextLine ID="line_26" HPOS="151" VPOS="1038" WIDTH="680" HEIGHT="28">
							<String ID="string_169" HPOS="151" VPOS="1039" WIDTH="112" HEIGHT="24" WC="0.96" CONTENT="Kommun,"/><SP WIDTH="23" VPOS="1039" HPOS="263"/>
							<String ID="string_170" HPOS="286" VPOS="1046" WIDTH="46" HEIGHT="15" WC="0.96" CONTENT="som"/><SP WIDTH="24" VPOS="1046" HPOS="332"/>
							<String ID="string_171" HPOS="356" VPOS="1040" WIDTH="83" HEIGHT="26" WC="0.93" CONTENT="antagit"/><SP WIDTH="19" VPOS="1040" HPOS="439"/>
							<String ID="string_172" HPOS="458" VPOS="1040" WIDTH="128" HEIGHT="26" WC="0.91" CONTENT="vaccinatör,"/><SP WIDTH="21" VPOS="1040" HPOS="586"/>
							<String ID="string_173" HPOS="607" VPOS="1039" WIDTH="54" HEIGHT="22" WC="0.93" CONTENT="skall"/><SP WIDTH="16" VPOS="1039" HPOS="661"/>
							<String ID="string_174" HPOS="677" VPOS="1038" WIDTH="154" HEIGHT="27" WC="0.91" CONTENT="ofördröjligen"/>
						</TextLine>
						<TextLine ID="line_27" HPOS="81" VPOS="1072" WIDTH="751" HEIGHT="29">
							<String ID="string_175" HPOS="81" VPOS="1074" WIDTH="73" HEIGHT="21" WC="0.96" CONTENT="derom"/><SP WIDTH="16" VPOS="1074" HPOS="154"/>
							<String ID="string_176" HPOS="170" VPOS="1074" WIDTH="127" HEIGHT="21" WC="0.96" CONTENT="underrätta"/><SP WIDTH="15" VPOS="1074" HPOS="297"/>
							<String ID="string_177" HPOS="312" VPOS="1074" WIDTH="18" HEIGHT="27" WC="0.96" CONTENT="ej"/><SP WIDTH="17" VPOS="1074" HPOS="330"/>
							<String ID="string_178" HPOS="347" VPOS="1074" WIDTH="83" HEIGHT="21" WC="0.96" CONTENT="mindre"/><SP WIDTH="17" VPOS="1074" HPOS="430"/>
							<String ID="string_179" HPOS="447" VPOS="1073" WIDTH="140" HEIGHT="23" WC="0.96" CONTENT="Guvernören"/><SP WIDTH="15" VPOS="1073" HPOS="587"/>
							<String ID="string_180" HPOS="602" VPOS="1074" WIDTH="6" HEIGHT="21" WC="0.96" CONTENT="i"/><SP WIDTH="17" VPOS="1074" HPOS="608"/>
							<String ID="string_181" HPOS="625" VPOS="1074" WIDTH="64" HEIGHT="25" WC="0.96" CONTENT="länet,"/><SP WIDTH="16" VPOS="1074" HPOS="689"/>
							<String ID="string_182" HPOS="705" VPOS="1075" WIDTH="28" HEIGHT="19" WC="0.93" CONTENT="än"/><SP WIDTH="11" VPOS="1075" HPOS="733"/>
							<String ID="string_183" HPOS="744" VPOS="1072" WIDTH="88" HEIGHT="21" WC="0.92" CONTENT="Provin-"/>
						</TextLine>
						<TextLine ID="line_28" HPOS="80" VPOS="1107" WIDTH="752" HEIGHT="27">
							<String ID="string_184" HPOS="80" VPOS="1108" WIDTH="130" HEIGHT="21" WC="0.92" CONTENT="cialläkaren"/><SP WIDTH="15" VPOS="1108" HPOS="210"/>
							<String ID="string_185" HPOS="225" VPOS="1108" WIDTH="7" HEIGHT="21" WC="0.96" CONTENT="i"/><SP WIDTH="20" VPOS="1108" HPOS="232"/>
							<String ID="string_186" HPOS="252" VPOS="1110" WIDTH="67" HEIGHT="24" WC="0.95" CONTENT="orten,"/><SP WIDTH="21" VPOS="1110" HPOS="319"/>
							<String ID="string_187" HPOS="340" VPOS="1108" WIDTH="86" HEIGHT="21" WC="0.96" CONTENT="hvilken"/><SP WIDTH="21" VPOS="1108" HPOS="426"/>
							<String ID="string_188" HPOS="447" VPOS="1109" WIDTH="133" HEIGHT="20" WC="0.96" CONTENT="sistnämnde"/><SP WIDTH="15" VPOS="1109" HPOS="580"/>
							<String ID="string_189" HPOS="595" VPOS="1108" WIDTH="39" HEIGHT="21" WC="0.96" CONTENT="har"/><SP WIDTH="16" VPOS="1108" HPOS="634"/>
							<String ID="string_190" HPOS="650" VPOS="1109" WIDTH="32" HEIGHT="20" WC="0.96" CONTENT="att"/><SP WIDTH="15" VPOS="1109" HPOS="682"/>
							<String ID="string_191" HPOS="697" VPOS="1107" WIDTH="48" HEIGHT="21" WC="0.93" CONTENT="med"/><SP WIDTH="16" VPOS="1107" HPOS="745"/>
							<String ID="string_192" HPOS="761" VPOS="1108" WIDTH="71" HEIGHT="19" WC="0.88" CONTENT="anmä-"/>
						</TextLine>
						<TextLine ID="line_29" HPOS="80" VPOS="1142" WIDTH="504" HEIGHT="27">
							<String ID="string_193" HPOS="80" VPOS="1142" WIDTH="34" HEIGHT="21" WC="0.94" CONTENT="lan"/><SP WIDTH="16" VPOS="1142" HPOS="114"/>
							<String ID="string_194" HPOS="130" VPOS="1142" WIDTH="7" HEIGHT="21" WC="0.96" CONTENT="i"/><SP WIDTH="17" VPOS="1142" HPOS="137"/>
							<String ID="string_195" HPOS="154" VPOS="1144" WIDTH="72" HEIGHT="19" WC="0.96" CONTENT="ämnet"/><SP WIDTH="15" VPOS="1144" HPOS="226"/>
							<String ID="string_196" HPOS="241" VPOS="1143" WIDTH="32" HEIGHT="20" WC="0.93" CONTENT="till"/><SP WIDTH="16" VPOS="1143" HPOS="273"/>
							<String ID="string_197" HPOS="289" VPOS="1143" WIDTH="224" HEIGHT="26" WC="0.91" CONTENT="Medicinalstyrelsen"/><SP WIDTH="16" VPOS="1143" HPOS="513"/>
							<String ID="string_198" HPOS="529" VPOS="1143" WIDTH="55" HEIGHT="26" WC="0.96" CONTENT="ingå."/>
						</TextLine>
					</TextBlock>
					<TextBlock ID="block_9" HPOS="82" VPOS="1175" WIDTH="751" HEIGHT="61">
						<TextLine ID="line_30" HPOS="153" VPOS="1175" WIDTH="680" HEIGHT="23">
							<String ID="string_199" HPOS="153" VPOS="1177" WIDTH="29" HEIGHT="20" WC="0.96" CONTENT="På"/><SP WIDTH="20" VPOS="1177" HPOS="182"/>
							<String ID="string_200" HPOS="202" VPOS="1177" WIDTH="111" HEIGHT="21" WC="0.96" CONTENT="enahanda"/><SP WIDTH="19" VPOS="1177" HPOS="313"/>
							<String ID="string_201" HPOS="332" VPOS="1179" WIDTH="45" HEIGHT="19" WC="0.91" CONTENT="sätt"/><SP WIDTH="19" VPOS="1179" HPOS="377"/>
							<String ID="string_202" HPOS="396" VPOS="1177" WIDTH="93" HEIGHT="21" WC="0.91" CONTENT="förfares"/><SP WIDTH="20" VPOS="1177" HPOS="489"/>
							<String ID="string_203" HPOS="509" VPOS="1179" WIDTH="39" HEIGHT="19" WC="0.93" CONTENT="när"/><SP WIDTH="14" VPOS="1179" HPOS="548"/>
							<String ID="string_204" HPOS="562" VPOS="1177" WIDTH="122" HEIGHT="21" WC="0.91" CONTENT="vaccinatör"/><SP WIDTH="15" VPOS="1177" HPOS="684"/>
							<String ID="string_205" HPOS="699" VPOS="1176" WIDTH="72" HEIGHT="21" WC="0.96" CONTENT="blifvit"/><SP WIDTH="15" VPOS="1176" HPOS="771"/>
							<String ID="string_206" HPOS="786" VPOS="1175" WIDTH="47" HEIGHT="21" WC="0.96" CONTENT="från"/>
						</TextLine>
						<TextLine ID="line_31" HPOS="82" VPOS="1211" WIDTH="477" HEIGHT="25">
							<String ID="string_207" HPOS="82" VPOS="1211" WIDTH="32" HEIGHT="21" WC="0.96" CONTENT="sin"/><SP WIDTH="16" VPOS="1211" HPOS="114"/>
							<String ID="string_208" HPOS="130" VPOS="1211" WIDTH="120" HEIGHT="25" WC="0.95" CONTENT="befattning"/><SP WIDTH="16" VPOS="1211" HPOS="250"/>
							<String ID="string_209" HPOS="266" VPOS="1211" WIDTH="22" HEIGHT="21" WC="0.96" CONTENT="af"/><SP WIDTH="14" VPOS="1211" HPOS="288"/>
							<String ID="string_210" HPOS="302" VPOS="1211" WIDTH="129" HEIGHT="21" WC="0.93" CONTENT="kommunen"/><SP WIDTH="16" VPOS="1211" HPOS="431"/>
							<String ID="string_211" HPOS="447" VPOS="1211" WIDTH="112" HEIGHT="21" WC="0.90" CONTENT="afskedad."/>
						</TextLine>
					</TextBlock>
				</ComposedBlock>
				<ComposedBlock ID="cblock_3" HPOS="81" VPOS="1274" WIDTH="756" HEIGHT="168">
					<TextBlock ID="block_10" HPOS="81" VPOS="1274" WIDTH="756" HEIGHT="168">
						<TextLine ID="line_32" HPOS="436" VPOS="1274" WIDTH="47" HEIGHT="27">
							<String ID="string_212" HPOS="436" VPOS="1274" WIDTH="11" HEIGHT="27" WC="0.88" CONTENT="$"/><SP WIDTH="17" VPOS="1274" HPOS="447"/>
							<String ID="string_213" HPOS="464" VPOS="1274" WIDTH="19" HEIGHT="21" WC="0.93" CONTENT="5."/>
						</TextLine>
						<TextLine ID="line_33" HPOS="153" VPOS="1312" WIDTH="681" HEIGHT="28">
							<String ID="string_214" HPOS="153" VPOS="1313" WIDTH="138" HEIGHT="21" WC="0.96" CONTENT="Vaccination"/><SP WIDTH="23" VPOS="1313" HPOS="291"/>
							<String ID="string_215" HPOS="314" VPOS="1314" WIDTH="42" HEIGHT="20" WC="0.96" CONTENT="kan"/><SP WIDTH="25" VPOS="1314" HPOS="356"/>
							<String ID="string_216" HPOS="381" VPOS="1314" WIDTH="68" HEIGHT="20" WC="0.96" CONTENT="under"/><SP WIDTH="23" VPOS="1314" HPOS="449"/>
							<String ID="string_217" HPOS="472" VPOS="1314" WIDTH="74" HEIGHT="26" WC="0.96" CONTENT="hvarje"/><SP WIDTH="23" VPOS="1314" HPOS="546"/>
							<String ID="string_218" HPOS="569" VPOS="1313" WIDTH="31" HEIGHT="21" WC="0.96" CONTENT="tid"/><SP WIDTH="20" VPOS="1313" HPOS="600"/>
							<String ID="string_219" HPOS="620" VPOS="1312" WIDTH="28" HEIGHT="28" WC="0.96" CONTENT="på"/><SP WIDTH="16" VPOS="1312" HPOS="648"/>
							<String ID="string_220" HPOS="664" VPOS="1313" WIDTH="45" HEIGHT="21" WC="0.96" CONTENT="året"/><SP WIDTH="16" VPOS="1313" HPOS="709"/>
							<String ID="string_221" HPOS="725" VPOS="1312" WIDTH="109" HEIGHT="26" WC="0.96" CONTENT="företagas"/>
						</TextLine>
						<TextLine ID="line_34" HPOS="82" VPOS="1346" WIDTH="694" HEIGHT="28">
							<String ID="string_222" HPOS="82" VPOS="1347" WIDTH="39" HEIGHT="21" WC="0.96" CONTENT="och"/><SP WIDTH="15" VPOS="1347" HPOS="121"/>
							<String ID="string_223" HPOS="136" VPOS="1348" WIDTH="41" HEIGHT="25" WC="0.96" CONTENT="må,"/><SP WIDTH="17" VPOS="1348" HPOS="177"/>
							<String ID="string_224" HPOS="194" VPOS="1348" WIDTH="38" HEIGHT="20" WC="0.96" CONTENT="der"/><SP WIDTH="15" VPOS="1348" HPOS="232"/>
							<String ID="string_225" HPOS="247" VPOS="1347" WIDTH="77" HEIGHT="21" WC="0.96" CONTENT="sådant"/><SP WIDTH="15" VPOS="1347" HPOS="324"/>
							<String ID="string_226" HPOS="339" VPOS="1348" WIDTH="34" HEIGHT="26" WC="0.96" CONTENT="sig"/><SP WIDTH="14" VPOS="1348" HPOS="373"/>
							<String ID="string_227" HPOS="387" VPOS="1350" WIDTH="54" HEIGHT="24" WC="0.96" CONTENT="göra"/><SP WIDTH="15" VPOS="1350" HPOS="441"/>
							<String ID="string_228" HPOS="456" VPOS="1348" WIDTH="62" HEIGHT="25" WC="0.96" CONTENT="låter,"/><SP WIDTH="17" VPOS="1348" HPOS="518"/>
							<String ID="string_229" HPOS="535" VPOS="1349" WIDTH="51" HEIGHT="19" WC="0.93" CONTENT="utan"/><SP WIDTH="16" VPOS="1349" HPOS="586"/>
							<String ID="string_230" HPOS="602" VPOS="1347" WIDTH="82" HEIGHT="21" WC="0.90" CONTENT="afbrott"/><SP WIDTH="15" VPOS="1347" HPOS="684"/>
							<String ID="string_231" HPOS="699" VPOS="1346" WIDTH="77" HEIGHT="26" WC="0.96" CONTENT="fortgå."/>
						</TextLine>
						<TextLine ID="line_35" HPOS="154" VPOS="1376" WIDTH="681" HEIGHT="32">
							<String ID="string_232" HPOS="154" VPOS="1376" WIDTH="17" HEIGHT="26" WC="0.93" CONTENT="Å"/><SP WIDTH="16" VPOS="1376" HPOS="171"/>
							<String ID="string_233" HPOS="187" VPOS="1383" WIDTH="41" HEIGHT="25" WC="0.96" CONTENT="ort,"/><SP WIDTH="16" VPOS="1383" HPOS="228"/>
							<String ID="string_234" HPOS="244" VPOS="1382" WIDTH="38" HEIGHT="20" WC="0.96" CONTENT="der"/><SP WIDTH="11" VPOS="1382" HPOS="282"/>
							<String ID="string_235" HPOS="293" VPOS="1381" WIDTH="110" HEIGHT="27" WC="0.96" CONTENT="svårighet"/><SP WIDTH="9" VPOS="1381" HPOS="403"/>
							<String ID="string_236" HPOS="412" VPOS="1381" WIDTH="69" HEIGHT="21" WC="0.96" CONTENT="finnes"/><SP WIDTH="11" VPOS="1381" HPOS="481"/>
							<String ID="string_237" HPOS="492" VPOS="1381" WIDTH="34" HEIGHT="21" WC="0.93" CONTENT="för"/><SP WIDTH="10" VPOS="1381" HPOS="526"/>
							<String ID="string_238" HPOS="536" VPOS="1381" WIDTH="171" HEIGHT="21" WC="0.91" CONTENT="vaccinationens"/><SP WIDTH="11" VPOS="1381" HPOS="707"/>
							<String ID="string_239" HPOS="718" VPOS="1380" WIDTH="117" HEIGHT="22" WC="0.91" CONTENT="oafbrutna"/>
						</TextLine>
						<TextLine ID="line_36" HPOS="81" VPOS="1414" WIDTH="756" HEIGHT="28">
							<String ID="string_240" HPOS="81" VPOS="1415" WIDTH="107" HEIGHT="27" WC="0.92" CONTENT="fortgång,"/><SP WIDTH="17" VPOS="1415" HPOS="188"/>
							<String ID="string_241" HPOS="205" VPOS="1416" WIDTH="55" HEIGHT="20" WC="0.96" CONTENT="skall"/><SP WIDTH="15" VPOS="1416" HPOS="260"/>
							<String ID="string_242" HPOS="275" VPOS="1416" WIDTH="124" HEIGHT="21" WC="0.95" CONTENT="densamma"/><SP WIDTH="14" VPOS="1416" HPOS="399"/>
							<String ID="string_243" HPOS="413" VPOS="1415" WIDTH="131" HEIGHT="21" WC="0.96" CONTENT="verkställas"/><SP WIDTH="16" VPOS="1415" HPOS="544"/>
							<String ID="string_244" HPOS="560" VPOS="1414" WIDTH="67" HEIGHT="22" WC="0.97" CONTENT="under"/><SP WIDTH="17" VPOS="1414" HPOS="627"/>
							<String ID="string_245" HPOS="644" VPOS="1414" WIDTH="39" HEIGHT="21" WC="0.96" CONTENT="den"/><SP WIDTH="16" VPOS="1414" HPOS="683"/>
							<String ID="string_246" HPOS="699" VPOS="1420" WIDTH="74" HEIGHT="16" WC="0.93" CONTENT="varma"/><SP WIDTH="15" VPOS="1420" HPOS="773"/>
							<String ID="string_247" HPOS="788" VPOS="1414" WIDTH="49" HEIGHT="26" WC="0.90" CONTENT="ärs-"/>
						</TextLine>
					</TextBlock>
				</ComposedBlock>
			</PrintSpace>
		</Page>
	</Layout>
</alto>
