1006 1620
212 103 22 17 10
443 102 24 19 U.
480 102 22 19 B.
516 112 22 3 —
549 101 63 24 Prop.
625 101 37 19 N:o
675 101 19 19 4.

188 166 64 15 anses
266 159 92 27 befogad
373 162 31 19 att
418 161 67 26 draga
500 161 124 21 densamma
638 160 68 20 under
721 158 104 22 domstols
835 157 104 27 pröfning.

188 194 74 21 Ehuru
278 194 11 27 8
304 194 8 20 i
328 194 68 21 denna
410 194 68 27 punkt
493 194 19 27 ej
528 196 24 20 är
567 194 50 21 fullt
631 193 74 28 tydlig,
720 192 63 22 torde
798 192 23 21 af
835 192 36 21 det
886 197 54 16 sam-

189 228 113 27 manhang,
317 228 60 22 hvari
393 229 47 21 dess
457 229 68 27 begge
540 230 118 20 momenter
672 227 72 22 blifvit
755 227 70 21 stälda
835 226 33 22 till
879 226 61 22 hvar-

189 262 73 26 andra,
286 262 41 22 den
342 263 86 21 slutsats
446 263 72 21 kunna
534 263 84 27 dragas,
634 264 32 20 att
681 262 35 22 det
731 262 59 21 förra
805 261 136 21 alternativet

188 298 24 19 är
233 297 7 21 i
262 297 158 27 propositionen
443 297 100 27 åsyftadt.
574 297 34 21 Då
623 297 36 21 det
674 296 127 24 emellertid,
817 295 7 21 i
838 294 102 22 händelse

188 332 141 26 värderingen
351 332 125 21 verkställes
492 332 24 21 af
528 332 91 21 utsedde
635 332 107 26 synemän,
758 330 47 21 icke
821 329 67 21 fiunes
903 328 37 22 nå-

188 372 41 20 gon
252 366 114 27 anledning
388 368 31 19 att
441 366 116 22 inskränka
580 364 217 28 ersättningsfrågans
812 364 128 26 behandling

187 400 57 21 inom
264 400 66 21 andra
348 402 88 25 gränser
455 403 26 18 än
498 401 32 24 de,
546 400 72 21 hvilka
632 400 8 21 i
655 398 232 28 expropriationslagen
902 400 37 18 äro

187 433 136 26 föreskrifna,
345 435 39 20 har
402 435 23 21 af
446 441 25 15 en
487 435 35 21 del
537 434 214 22 utskottsledamöter
766 433 79 27 yrkats,
862 434 31 19 att
907 433 32 20 ut-

186 469 102 27 tryckligt
310 469 117 27 stadgande
446 470 66 21 borde
527 469 7 21 i
554 469 11 27 $
581 469 80 21 införas
677 468 79 25 derom,
774 469 31 19 att
818 467 120 26 jordegare,

188 509 45 15 som
255 503 47 22 icke
324 504 60 26 nöjes
406 504 48 21 med
474 504 40 21 den
532 503 24 22 af
570 505 143 26 synemännen
728 501 123 22 verkstälda
866 500 73 21 värde-

188 538 82 27 ringen,
287 544 51 21 eger
352 538 130 21 underkasta
497 539 123 20 densamma
635 537 103 22 domstols
750 535 99 28 pröfning
861 535 38 21 och
910 534 29 21 af-

187 573 100 26 görande.
318 572 37 21 Ett
370 572 76 21 sådant
461 573 117 26 stadgande
593 578 51 15 vore
660 571 67 26 enligt
738 571 61 20 desse
811 570 128 21 ledamöters

187 606 57 27 åsigt
266 606 24 21 så
312 606 83 27 mycket
414 613 58 15 mera
487 606 108 27 behöfligt,
612 612 45 15 som
673 605 37 22 det
725 604 44 22 ofta
785 605 55 20 visat
855 604 38 27 sig,
909 605 31 19 att

186 641 145 26 värderingar,
347 641 122 21 verkstälda
480 641 22 21 af
513 641 25 21 de
553 641 59 26 lägre
624 639 169 22 administrativa
803 639 136 26 tjenstemän-

186 681 48 20 nen,
250 675 44 21 lida
309 675 23 21 af
346 678 45 18 stor
403 675 125 27 ensidighet.

255 709 50 22 Men
321 710 27 21 då
362 709 120 22 Utskottets
498 709 110 28 pluralitet
619 709 59 21 detta
688 707 89 22 oaktadt
788 708 52 20 trott
851 707 32 26 sig
894 706 45 21 icke

186 743 53 22 böra
261 744 107 27 tillstyrka
391 745 69 26 någon
482 745 90 26 ändring
593 743 23 22 af
630 744 12 21 3
658 743 45 28 $:ns
719 742 88 27 lydelse,
823 741 63 21 hafva
901 740 38 21 föl-

183 778 66 27 jande
272 779 130 26 synpunkter
420 778 56 21 varit
494 779 33 20 för
545 778 111 21 Utskottet
671 777 123 27 afgörande.
824 770 18 27 Å
857 781 40 16 ena
912 775 27 20 si-

186 812 42 21 dan
243 812 39 21 har
298 812 40 21 den
354 813 90 26 ändring
460 812 22 22 af
496 812 45 28 $:ns
557 812 87 27 lydelse,
657 818 45 14 som
714 811 34 21 vid
760 810 55 21 1872
826 810 34 20 års
871 809 68 21 landt-

186 846 42 27 dag
250 847 90 27 vidtogs,
364 846 47 22 icke
433 847 74 21 vunnit
522 846 26 22 H.
565 847 25 21 K.
606 846 50 22 M:ts
672 844 161 28 godkännande,
850 843 39 21 och
904 843 35 21 det

186 887 62 21 synes
265 881 85 21 derföre
366 888 44 14 mer
426 883 25 19 än
468 881 148 27 tvifvelaktigt,
628 880 105 22 huruvida
744 886 25 14 en
781 884 68 16 annan
859 878 80 26 utgång

184 922 29 14 nu
236 916 71 20 kunde
329 915 112 27 påräknas.
472 910 17 27 Å
508 916 67 21 andra
594 916 60 20 sidan
670 915 58 21 visar
743 914 36 20 det
795 914 32 25 sig
841 912 34 21 vid
891 914 48 19 när-

184 956 60 15 mare
263 950 163 26 undersökning,
445 952 32 19 att
492 950 44 28 $:ns
551 950 111 26 praktiska
680 948 135 26 tillämpning
829 947 7 21 i
851 947 88 21 allmän-

184 984 38 21 het
243 984 47 21 icke
313 984 54 21 skall
390 984 66 21 blifva
478 984 87 21 förenad
584 984 48 21 med
652 984 26 20 de
698 982 143 27 olägenheter,
857 987 45 15 som
918 980 23 21 af

185 1018 50 21 dess
251 1018 6 20 i
273 1017 77 27 många
365 1018 116 21 afseenden
493 1017 212 22 otillfredsställande
717 1016 112 26 affattning
839 1014 100 27 möjligen

184 1052 72 21 kunde
271 1053 81 19 väntas.
379 1052 47 21 Den
437 1052 125 26 ersättning,
574 1058 44 15 som
630 1052 67 26 enligt
708 1051 69 20 denna
787 1050 12 27 &
810 1050 40 20 kan
862 1048 77 27 ifräga-

183 1086 93 24 komma,
299 1086 33 21 får
348 1086 66 27 enligt
429 1086 124 28 uttryckligt
568 1086 120 26 stadgande
704 1084 47 22 afse
767 1084 76 21 endast
857 1083 82 26 verklig

183 1120 79 21 förlust
285 1121 38 20 och
339 1120 119 27 olägenhet,
476 1126 45 15 som
536 1120 128 27 tillskyndas
678 1119 116 27 jordegare
810 1117 128 26 derigenom,

183 1156 33 19 att
238 1154 120 21 fornminne
382 1154 18 27 ej
420 1154 34 21 får
473 1154 23 21 af
508 1154 78 21 honom
601 1155 7 20 i
624 1153 65 27 något
704 1152 101 22 afseende
821 1151 117 21 förändras.

183 1188 71 27 Tager
269 1195 48 14 man
332 1188 74 21 vidare
417 1189 6 20 i
439 1189 147 26 betraktande,
598 1190 32 19 att
640 1187 85 22 landets
736 1186 56 21 fasta
802 1185 137 22 fornlemnin-

182 1228 39 20 gar
237 1224 37 19 äro
288 1222 156 27 jemförelsevis
460 1222 28 26 få,
504 1224 55 19 samt
574 1224 32 19 att
620 1222 36 21 det
672 1220 59 22 antal
746 1220 66 21 bland
828 1220 69 24 dessa,
912 1218 27 27 på

182 1256 84 22 hvilkas
290 1256 138 26 begagnande
452 1256 83 22 enskild
548 1256 114 27 jordegare
678 1256 43 20 kan
737 1256 53 25 göra
805 1253 83 27 skäliga
903 1259 35 15 an-

182 1290 72 27 språk,
265 1292 25 19 är
300 1292 56 19 ännu
367 1290 88 26 mindre,
467 1291 24 21 så
501 1291 67 25 torde,
580 1303 26 3 —
617 1290 49 21 med
680 1289 102 21 afseende
791 1288 79 27 jemväl
881 1287 58 25 derå,

182 1326 32 20 att
229 1325 40 21 den
286 1324 120 22 Ständerna
421 1324 118 22 förunnade
555 1325 163 21 motionsrätten
732 1325 81 25 öppnar
824 1328 26 15 en
860 1327 79 21 genare

181 1360 41 25 väg
244 1358 35 21 för
297 1359 99 26 partiella
411 1359 155 27 förbättringar
581 1359 23 21 af
618 1359 88 27 lagarne
722 1360 27 18 än
766 1357 47 25 den,
829 1362 46 15 som
890 1356 49 20 här-

181 1392 67 22 intills
263 1392 81 22 kunnat
362 1392 24 22 af
396 1392 119 23 Ständerna
525 1394 108 24 beträdas,
645 1405 27 3 —
684 1393 36 21 det
731 1398 52 15 vara
793 1391 58 21 klart
861 1392 31 19 att
903 1390 36 21 nå-

250 1432 124 22 Lagutskottets
386 1433 104 17 betänkande
503 1434 33 16 N:o
552 1434 14 16 7.
