1003 1617
308 103 23 23 U.
347 103 23 23 B.
387 112 30 10 —
431 102 63 30 Prop.
509 103 38 24 N:o
563 104 22 23 6.
780 105 12 20 7

61 161 201 28 stolsexpeditioner
283 161 97 22 använda
400 160 69 23 finska
491 161 87 28 språket
597 161 73 23 vinnes
684 162 47 22 icke
745 167 75 22 genom

63 196 71 22 blotta
148 194 116 23 teoretiska
278 194 155 23 förberedelser
447 195 40 22 och
502 195 138 23 akademiska
655 195 104 28 öfningar:
773 195 47 22 dess

63 230 147 22 förvärfvande
224 230 125 22 förutsätter
364 229 109 27 äfvenSatt
487 230 88 27 språket
589 230 91 22 kommit
695 230 32 22 till
741 229 80 27 verklig

63 264 135 28 användning
219 264 8 22 i
249 264 221 28 domstolspraktiken.
500 264 29 22 Ju
543 259 87 27 snarare
644 254 62 42 detta
719 258 101 33 inträffar,

63 299 62 22 desto
147 298 44 22 förr
212 298 60 22 skola
287 298 83 22 landets
384 304 66 22 yngre
462 299 89 27 jurister
565 298 81 23 erhålla
661 299 41 22 den
717 298 104 27 färdighet

63 333 8 22 i
85 332 70 23 finska
168 333 97 27 språkets
280 332 133 28 behandling,
424 339 46 15 som
481 334 90 27 mången
582 333 22 22 af
613 334 48 21 dem
671 335 57 20 ännu
737 332 83 27 saknar,

63 368 41 22 och
126 368 60 22 desto
207 367 44 22 förr
272 367 54 21 skall
341 367 60 22 äfven
417 367 41 22 den
473 367 68 23 finska
556 367 132 23 kurialstilen
698 362 67 27 vinna
780 367 41 21 den

63 402 86 27 fasthet,
171 408 46 16 som
238 401 34 22 för
292 401 195 22 tillfredsställande
505 401 23 22 af
545 401 124 23 rättslifvets
684 401 65 22 behof
762 403 24 20 är
800 400 23 23 af

63 436 108 29 synnerlig
185 436 49 27 vigt.
255 436 42 21 Det
312 437 24 20 är
351 437 32 20 att
398 435 87 28 hoppas,
502 437 33 20 att
550 436 25 21 de
586 435 178 28 bristfälligheter,
775 441 45 16 som

64 471 69 22 under
154 471 69 26 någon
245 469 32 22 tid
298 469 86 22 komma
403 472 33 19 att
451 469 85 23 vidlåda
551 477 26 15 en
593 470 34 22 del
643 470 96 22 domares
754 469 67 22 finska

64 505 151 28 expeditioner,
238 504 74 22 endast
334 504 6 21 i
362 504 158 28 undantagsfall
542 505 60 22 skola
617 504 77 23 beröra
708 503 113 29 expeditio-

64 544 78 17 nernas
164 539 130 27 väsendtliga
307 539 100 27 innehåll,
423 539 40 22 och
479 539 108 22 desamma
601 539 63 22 torde
679 539 82 22 derföre
775 538 46 22 icke

64 573 55 22 böra
140 573 77 22 räknas
239 573 32 21 till
291 573 26 22 de
332 573 157 28 oöfverstigliga
504 573 97 28 hindren,
617 573 55 22 helst
687 579 25 16 en
727 575 46 20 stor
788 572 33 23 del

65 608 24 22 af
108 607 155 28 befolkningen,
286 607 68 22 ehuru
371 607 115 28 ingalunda
501 607 94 28 okunnig
610 614 34 15 om
660 607 62 22 dessa
736 607 85 22 hinders

64 642 92 27 tillvaro,
169 641 65 22 likväl
249 641 87 22 allmänt
351 642 98 27 påyrkar,
458 644 33 19 att
506 641 104 23 reformen
625 642 7 21 i
647 641 60 28 fråga
721 641 102 27 ofördröj-

65 676 57 27 ligen
137 676 104 22 slutföres.

135 711 62 21 Hvad
212 711 46 22 åter
274 711 25 22 de
314 711 60 22 äldre
389 711 115 22 domarene
520 711 137 26 vidkommer,
666 711 39 22 har
719 710 46 22 icke
779 709 44 22 hel-

65 745 34 22 ler
112 745 111 22 Utskottet
238 745 203 27 velat”ifrägasätta,
452 747 33 20 att
496 745 26 22 de
532 745 69 22 skulle
610 747 46 20 mot
666 745 32 22 sin
708 744 49 27 vilja
767 743 56 28 åläg-

67 785 38 22 gas
119 779 84 22 utfärda
217 779 69 22 finska
300 779 151 28 expeditioner,
468 786 49 15 men
532 779 112 22 Utskottet
654 785 62 16 anser
724 779 47 21 icke
781 777 43 23 hel-

67 813 32 22 ler
122 814 58 21 detta
202 813 64 22 blifva
288 815 30 20 ett
340 813 91 28 verkligt
453 813 76 23 hinder
543 813 34 22 för
591 813 112 27 reformen,
720 813 26 22 dä
758 813 25 27 ju
798 812 25 22 de

67 847 69 23 finska
150 848 138 27 sakegarenes
303 849 44 21 rätt
361 848 8 21 i
384 848 59 22 detta
457 847 37 23 fall
509 848 42 22 kan
567 847 123 28 tillgodoses
704 853 76 22 genom
796 846 29 22 öf-

68 883 161 26 versättningar.

137 917 111 22 Utskottet
262 916 33 23 fär
310 917 62 22 alltsä
387 916 133 23 beträffande
535 917 73 27 frägan
624 917 8 21 i
647 917 48 22 dess
710 915 115 22 allmänhet

59 951 78 22 uttala
151 951 41 22 den
206 951 62 28 äsigt,

275 1028 32 19 att
329 1026 41 21 den
392 1026 8 20 i
423 1025 28 22 K.
475 1025 166 28 Förordningen
656 1025 30 27 af
697 1025 41 21 den
754 1025 13 20 1
784 1025 43 19 Au

204 1061 59 27 gusti
285 1061 59 21 1863
370 1060 89 26 nädigst
474 1060 117 28 påbjudna
610 1059 169 28 likställigheten
801 1057 29 27 af

206 1095 88 21 svenska
317 1095 38 20 och
371 1094 75 28 finska
469 1094 94 28 språken
587 1095 7 20 i
616 1093 102 28 afseende
735 1093 14 20 å
764 1092 63 21 deras

207 1129 141 28 användning
371 1129 36 21 vid
429 1129 147 21 domstolarne
593 1129 9 20 i
620 1129 74 21 landet
714 1128 8 20 i
736 1126 92 27 hufvud-

206 1164 40 21 sak
268 1163 45 22 icke
336 1164 38 21 bör
396 1165 131 27 uppskjutas
549 1162 85 27 utöfver
655 1163 42 21 den
714 1161 67 28 förut
796 1160 31 21 be-

207 1199 86 21 stämda
316 1199 64 26 tiden;
397 1205 47 14 men
463 1201 34 18 att
512 1199 8 19 i
535 1198 26 21 de
574 1197 52 25 fall,
642 1198 39 20 der
695 1197 133 26 undantags-

210 1232 162 29 bestämningar
396 1232 70 28 blifva
491 1232 147 28 oundvikliga,
664 1232 104 27 antingen
788 1229 41 28 för

207 1267 149 22 rättsvårdens
374 1267 175 21 säkerställande
564 1267 52 21 eller
630 1266 28 21 då
674 1266 94 25 domare,
784 1271 45 15 som

208 1302 22 28 ej
252 1304 38 19 äro
310 1302 95 27 pligtige
420 1304 33 19 att
466 1302 32 27 på
508 1301 76 28 finska
598 1300 88 28 språket
701 1299 80 29 affatta
796 1305 35 14 ex-

205 1336 131 28 peditioner,
358 1336 46 21 icke
426 1336 68 28 åtaga
516 1336 34 27 sig
565 1336 57 20 detta
632 1334 117 28 frivilligt,
764 1332 67 22 saken

210 1371 60 21 torde
292 1370 52 22 böra
368 1370 81 22 ordnas
471 1370 32 27 så,
526 1372 34 19 att
581 1368 158 23 vederbörande
756 1366 75 29 finska

207 1408 83 26 parter,
314 1405 29 21 då
366 1404 75 22 svensk
465 1405 122 27 expedition
610 1404 35 21 till
668 1404 48 20 dem
731 1401 100 29 utgifves,

210 1440 73 21 tillika
299 1439 85 22 erhålla
394 1439 63 28 finsk
472 1439 159 27 öfversättning
646 1436 72 28 deraf.

142 1480 140 22 Lagutskottets
295 1479 117 18 betänkande
425 1479 37 18 N:o
475 1480 17 17 9.
