1025 1620
418 115 34 22 N:o
468 116 31 21 15.
780 115 24 20 15

84 185 48 26 ken,
156 183 109 21 hvarinom
288 184 42 20 han
354 184 122 21 sedermera
499 184 39 21 har
561 186 38 25 att,
623 184 48 21 med
692 184 76 21 andres
788 185 46 18 ute-

85 218 105 27 slutande,
207 218 84 21 arbetet
307 218 97 21 bedrifva
424 218 59 21 såväl
499 218 62 21 ofvan
577 224 46 15 som
638 218 69 21 under
721 218 58 26 jord;
796 217 38 21 och

86 259 38 20 ege
146 252 56 27 förty
226 252 121 21 inmutaren
370 254 33 19 att
426 253 33 20 till
484 252 124 21 erhållande
631 252 23 21 af
675 253 77 20 sådant
768 251 66 21 utmål

86 286 121 27 skriftligen
223 286 84 21 anmäla
327 287 33 26 sig
379 287 39 20 hos
437 287 172 26 Bergmästaren,
626 287 24 20 så
665 288 62 19 snart
742 287 40 20 den
798 292 36 14 an-

85 321 59 26 gifna
159 321 138 26 fyndigheten
313 321 91 21 medelst
416 321 149 27 jordrymning
581 321 52 21 eller
648 321 102 27 brytning
765 320 71 22 blifvit

86 355 59 27 gjord
170 355 103 27 åtkomlig
297 355 37 21 och
359 360 24 16 så
402 355 91 27 blottad,
509 358 32 18 att
557 356 40 20 den
614 355 33 21 till
663 358 41 25 art,
720 355 47 27 läge
783 354 52 22 eller

86 390 125 25 sträckning
234 390 37 20 och
294 389 121 27 mäktighet
437 390 102 20 bedömas
560 390 53 25 kan;
629 390 95 20 börande
741 390 5 20 i
762 389 73 26 hvarje

86 424 102 21 händelse
213 424 99 20 anhållan
336 430 34 14 om
392 424 184 26 utmålsläggning
599 424 22 20 af
643 424 106 21 inmutare
765 425 69 25 göras,

86 458 32 21 för
142 458 111 27 fyndighet
277 458 5 20 i
296 458 110 27 jordlager
423 458 56 21 inom
496 461 31 18 ett
543 460 24 19 år
583 460 56 19 samt
654 458 32 21 för
702 457 111 28 fyndighet
828 456 7 21 i

87 492 52 26 berg
161 492 56 21 inom
240 494 32 19 tre
295 494 30 25 år,
342 493 92 21 räknadt
456 493 47 21 från
519 494 40 20 den
576 494 41 26 dag
632 492 121 22 mutsedeln
769 492 66 20 utfär-

87 526 55 28 dats,
164 527 36 21 vid
223 527 96 26 äfventyr
343 529 32 19 att
398 528 204 26 inmutningsrätten
626 528 60 26 eljest
711 533 62 15 anses
794 526 41 21 för-

87 562 86 20 verkad.

158 596 188 27 Utmälsläggning
361 597 42 20 kan
419 597 27 20 då
466 597 97 26 påkallas
578 596 78 27 jemväl
673 596 23 21 af
707 596 128 27 jordegaren

88 631 58 26 eller,
170 637 33 14 om
227 631 35 20 det
285 633 23 19 är
331 631 122 27 kronojord,
478 631 22 21 af
519 631 89 27 jordens
627 631 145 25 innehafvare,
788 636 48 15 men

88 665 119 21 kostnaden
223 665 32 20 för
270 665 211 26 utmålsläggningen
502 665 53 21 skall
573 665 6 20 i
595 665 43 20 alla
653 665 37 20 fall
707 664 82 21 drabba
805 664 31 20 in-

88 701 103 20 mutaren.

159 734 9 21 I
184 734 100 21 afseende
301 735 12 20 å
329 734 31 27 sjö
376 734 91 21 förfares
483 735 48 20 med
547 734 68 21 utmål
632 734 54 21 efter
697 734 54 21 hvad
764 733 72 21 derom

88 769 7 20 i
110 769 24 25 $$
151 770 33 25 41,
200 770 27 19 42
243 769 38 21 och
298 770 26 19 43
341 769 103 21 särskildt
460 769 94 26 stadgas.

432 833 10 25 8
459 832 34 20 26.

160 871 69 21 Sedan
246 872 131 20 inmutarens
394 871 5 20 i
416 873 11 24 &
444 872 26 19 25
491 871 139 21 omförmälda
645 870 106 27 anmälan,
768 869 69 21 deruti

88 906 42 20 han
144 906 78 26 jemväl
245 906 55 20 skall
316 906 33 20 till
370 912 63 14 namn
450 906 40 20 och
505 906 92 20 hemvist
612 905 100 27 uppgifva
728 905 41 20 den
785 904 53 21 eller

89 940 26 20 de
128 940 121 27 jordegare,
266 940 55 21 inom
341 940 85 20 hvilkas
446 940 87 21 omräde
549 940 42 20 han
608 940 80 20 önskar
704 941 31 19 att
751 938 39 21 sitt
805 940 32 18 ut-

88 974 43 21 mål
147 974 88 27 erhålla,
251 974 33 21 till
300 974 167 26 Bergmästaren
484 974 117 27 inkommit,
613 974 52 21 eller
675 974 40 20 ock
723 973 115 27 jordegare

89 1008 53 21 eller
158 1008 138 22 innehafvare
313 1009 22 21 af
349 1009 117 26 kronojord
482 1008 96 27 päkallat
588 1008 188 26 utmälsläggning,
787 1013 51 14 vare

88 1042 166 27 Bergmästaren
270 1043 85 27 skyldig
370 1045 39 25 att,
426 1044 24 20 sä
466 1043 43 21 fort
524 1043 38 21 ske
577 1043 43 21 kan
636 1043 39 21 och
682 1042 76 27 tjenlig
769 1041 69 21 årstid

89 1079 23 18 är
128 1077 125 27 förhanden,
269 1078 213 26 utmälsläggningen
498 1078 27 26 pä
541 1078 72 20 stället
629 1077 102 26 företaga.

432 1140 12 26 8
460 1141 34 20 27.

160 1180 242 26 Utmälsförrättningen
430 1180 56 21 skall
512 1181 28 26 pä
564 1180 132 20 inmutarens
718 1178 121 22 bekostnad

89 1214 127 21 verkställas
233 1214 23 21 af
269 1214 167 27 Bergmästaren
451 1215 51 20 med
517 1215 84 20 biträde
613 1214 22 21 af
644 1214 144 21 landtmätare
799 1213 38 20 och

88 1249 36 20 tvä
139 1249 54 26 gode
208 1250 59 24 män;
284 1249 39 20 och
338 1255 51 14 vare
405 1249 47 21 icke
468 1249 92 21 allenast
576 1249 93 20 särskild
684 1248 89 21 kallelse
789 1247 49 20 med

88 1283 83 27 uppgift
187 1290 33 14 om
236 1283 59 21 tiden
311 1284 40 20 och
366 1284 74 21 stället
456 1284 34 20 för
505 1284 158 26 förrättningen
673 1282 113 22 meddelad
794 1281 44 27 jor-

88 1317 53 21 dens
158 1324 69 20 egare,
244 1324 33 14 om
293 1318 69 21 denne
382 1320 24 18 är
426 1318 85 21 enskild
526 1324 85 20 person,
627 1318 39 20 och
682 1317 66 27 öfrige
763 1315 75 21 veder-

88 1351 94 22 börande
198 1358 45 14 som
259 1352 66 21 saken
347 1353 67 25 rörer,
434 1354 54 18 utan
504 1352 39 20 ock
558 1352 129 26 kungörelse
703 1358 33 14 om
750 1350 88 20 förrätt-

87 1385 79 27 ningen
181 1386 66 20 minst
262 1386 79 26 fjorton
361 1386 67 26 dagar
447 1386 59 21 förut
521 1386 87 26 uppläst
627 1386 7 20 i
649 1386 83 26 kyrkan
747 1384 34 21 till
798 1384 40 20 den

88 1419 52 21 eller
163 1420 26 21 de
209 1420 157 27 församlingar,
390 1420 56 21 inom
469 1420 85 21 hvilkas
575 1420 86 22 omräde
677 1420 35 21 det
728 1418 62 22 sökta
806 1420 32 19 ut-
