<?xml version="1.0" encoding="UTF-8"?>
<alto xmlns="http://www.loc.gov/standards/alto/ns-v3#" xmlns:xlink="http://www.w3.org/1999/xlink" xmlns:xsi="http://www.w3.org/2001/XMLSchema-instance" xsi:schemaLocation="http://www.loc.gov/standards/alto/ns-v3# http://www.loc.gov/alto/v3/alto-3-0.xsd">
	<Description>
		<MeasurementUnit>pixel</MeasurementUnit>
		<sourceImageInformation>
			<fileName>/tmp/tess_6jxyvpop_input.PNG</fileName>
		</sourceImageInformation>
		<OCRProcessing ID="OCR_0">
			<ocrProcessingStep>
				<processingSoftware>
					<softwareName>tesseract 5.3.4</softwareName>
				</processingSoftware>
			</ocrProcessingStep>
		</OCRProcessing>
	</Description>
	<Layout>
		<Page WIDTH="3576" HEIGHT="2694" PHYSICAL_IMG_NR="0" ID="page_0">
			<PrintSpace HPOS="0" VPOS="0" WIDTH="3576" HEIGHT="2694">
				<GraphicalElement ID="cblock_0" HPOS="242" VPOS="270" WIDTH="1513" HEIGHT="8"></GraphicalElement >
				<ComposedBlock ID="cblock_1" HPOS="448" VPOS="179" WIDTH="2753" HEIGHT="71">
					<TextBlock ID="block_0" HPOS="448" VPOS="179" WIDTH="2753" HEIGHT="71">
						<TextLine ID="line_0" HPOS="448" VPOS="179" WIDTH="2753" HEIGHT="71">
							<String ID="string_0" HPOS="448" VPOS="193" WIDTH="148" HEIGHT="57" WC="0.95" CONTENT="Förslag"/><SP WIDTH="31" VPOS="193" HPOS="596"/>
							<String ID="string_1" HPOS="627" VPOS="193" WIDTH="48" HEIGHT="44" WC="0.93" CONTENT="till"/><SP WIDTH="32" VPOS="193" HPOS="675"/>
							<String ID="string_2" HPOS="707" VPOS="186" WIDTH="357" HEIGHT="63" WC="0.92" CONTENT="sammanjemnkning"/><SP WIDTH="33" VPOS="186" HPOS="1064"/>
							<String ID="string_3" HPOS="1097" VPOS="191" WIDTH="35" HEIGHT="44" WC="0.93" CONTENT="af"/><SP WIDTH="30" VPOS="191" HPOS="1132"/>
							<String ID="string_4" HPOS="1162" VPOS="190" WIDTH="177" HEIGHT="45" WC="0.92" CONTENT="Ståndens"/><SP WIDTH="31" VPOS="190" HPOS="1339"/>
							<String ID="string_5" HPOS="1370" VPOS="189" WIDTH="204" HEIGHT="58" WC="0.96" CONTENT="skiljaktiga"/><SP WIDTH="31" VPOS="189" HPOS="1574"/>
							<String ID="string_6" HPOS="1605" VPOS="189" WIDTH="112" HEIGHT="44" WC="0.96" CONTENT="beslut"/><SP WIDTH="32" VPOS="189" HPOS="1717"/>
							<String ID="string_7" HPOS="1749" VPOS="188" WIDTH="181" HEIGHT="58" WC="0.93" CONTENT="angående"/><SP WIDTH="27" VPOS="188" HPOS="1930"/>
							<String ID="string_8" HPOS="1957" VPOS="187" WIDTH="214" HEIGHT="57" WC="0.96" CONTENT="Förordning"/><SP WIDTH="34" VPOS="187" HPOS="2171"/>
							<String ID="string_9" HPOS="2205" VPOS="200" WIDTH="53" HEIGHT="32" WC="0.96" CONTENT="om"/><SP WIDTH="32" VPOS="200" HPOS="2258"/>
							<String ID="string_10" HPOS="2290" VPOS="186" WIDTH="211" HEIGHT="57" WC="0.96" CONTENT="försäljning"/><SP WIDTH="33" VPOS="186" HPOS="2501"/>
							<String ID="string_11" HPOS="2534" VPOS="185" WIDTH="63" HEIGHT="45" WC="0.95" CONTENT="och"/><SP WIDTH="34" VPOS="185" HPOS="2597"/>
							<String ID="string_12" HPOS="2631" VPOS="183" WIDTH="229" HEIGHT="57" WC="0.96" CONTENT="utskänkning"/><SP WIDTH="33" VPOS="183" HPOS="2860"/>
							<String ID="string_13" HPOS="2893" VPOS="181" WIDTH="35" HEIGHT="46" WC="0.92" CONTENT="af"/><SP WIDTH="31" VPOS="181" HPOS="2928"/>
							<String ID="string_14" HPOS="2959" VPOS="179" WIDTH="242" HEIGHT="71" WC="0.92" CONTENT="maltdrycker."/>
						</TextLine>
					</TextBlock>
				</ComposedBlock>
				<ComposedBlock ID="cblock_2" HPOS="1756" VPOS="259" WIDTH="1651" HEIGHT="15">
					<TextBlock ID="block_1" HPOS="1756" VPOS="259" WIDTH="1651" HEIGHT="15">
						<TextLine ID="line_1" HPOS="1756" VPOS="259" WIDTH="1651" HEIGHT="15">
							<String ID="string_15" HPOS="1752" VPOS="251" WIDTH="118" HEIGHT="28" WC="0.71" CONTENT="—-"/><SP WIDTH="1" VPOS="251" HPOS="1870"/>
							<String ID="string_16" HPOS="1871" VPOS="251" WIDTH="2" HEIGHT="28" WC="0.47" CONTENT="-"/><SP WIDTH="1" VPOS="251" HPOS="1873"/>
							<String ID="string_17" HPOS="1874" VPOS="251" WIDTH="11" HEIGHT="28" WC="0.47" CONTENT="—-"/><SP WIDTH="12" VPOS="251" HPOS="1885"/>
							<String ID="string_18" HPOS="1897" VPOS="251" WIDTH="2" HEIGHT="28" WC="0.49" CONTENT="-"/><SP WIDTH="5" VPOS="251" HPOS="1899"/>
							<String ID="string_19" HPOS="1904" VPOS="251" WIDTH="2" HEIGHT="28" WC="0.52" CONTENT="."/><SP WIDTH="7" VPOS="251" HPOS="1906"/>
							<String ID="string_20" HPOS="1913" VPOS="251" WIDTH="118" HEIGHT="28" WC="0.46" CONTENT="..—.—--"/><SP WIDTH="8" VPOS="251" HPOS="2031"/>
							<String ID="string_21" HPOS="2039" VPOS="251" WIDTH="30" HEIGHT="28" WC="0.31" CONTENT="-&quot;--£"/><SP WIDTH="28" VPOS="251" HPOS="2069"/>
							<String ID="string_22" HPOS="2097" VPOS="251" WIDTH="68" HEIGHT="28" WC="0.0" CONTENT="—rFa"/><SP WIDTH="18" VPOS="251" HPOS="2165"/>
							<String ID="string_23" HPOS="2183" VPOS="251" WIDTH="41" HEIGHT="28" WC="0.0" CONTENT="a"/><SP WIDTH="5" VPOS="251" HPOS="2224"/>
							<String ID="string_24" HPOS="2229" VPOS="251" WIDTH="31" HEIGHT="28" WC="0.55" CONTENT="AX£&gt;"/><SP WIDTH="3" VPOS="251" HPOS="2260"/>
							<String ID="string_25" HPOS="2263" VPOS="251" WIDTH="2" HEIGHT="28" WC="0.92" CONTENT="8"/><SP WIDTH="17" VPOS="251" HPOS="2265"/>
							<String ID="string_26" HPOS="2282" VPOS="251" WIDTH="13" HEIGHT="28" WC="0.0" CONTENT="&gt;"/><SP WIDTH="10" VPOS="251" HPOS="2295"/>
							<String ID="string_27" HPOS="2305" VPOS="251" WIDTH="16" HEIGHT="28" WC="0.38" CONTENT=" X"/><SP WIDTH="15" VPOS="251" HPOS="2321"/>
							<String ID="string_28" HPOS="2336" VPOS="251" WIDTH="122" HEIGHT="28" WC="0.23" CONTENT="mwmw—"/><SP WIDTH="46" VPOS="251" HPOS="2458"/>
							<String ID="string_29" HPOS="2504" VPOS="251" WIDTH="31" HEIGHT="28" WC="0.13" CONTENT="oo"/><SP WIDTH="22" VPOS="251" HPOS="2535"/>
							<String ID="string_30" HPOS="2557" VPOS="251" WIDTH="121" HEIGHT="28" WC="0.31" CONTENT="O——-"/><SP WIDTH="47" VPOS="251" HPOS="2678"/>
							<String ID="string_31" HPOS="2725" VPOS="251" WIDTH="77" HEIGHT="28" WC="0.20" CONTENT="——"/><SP WIDTH="49" VPOS="251" HPOS="2802"/>
							<String ID="string_32" HPOS="2851" VPOS="251" WIDTH="76" HEIGHT="28" WC="0.32" CONTENT="———"/><SP WIDTH="198" VPOS="251" HPOS="2927"/>
							<String ID="string_33" HPOS="3125" VPOS="251" WIDTH="286" HEIGHT="28" WC="0.35" CONTENT="OO"/>
						</TextLine>
					</TextBlock>
				</ComposedBlock>
				<GraphicalElement ID="cblock_3" HPOS="242" VPOS="269" WIDTH="3165" HEIGHT="16"></GraphicalElement >
				<Illustration ID="cblock_4" HPOS="3370" VPOS="281" WIDTH="19" HEIGHT="1580"></Illustration>
				<ComposedBlock ID="cblock_5" HPOS="301" VPOS="310" WIDTH="2950" HEIGHT="49">
					<TextBlock ID="block_2" HPOS="301" VPOS="310" WIDTH="2950" HEIGHT="49">
						<TextLine ID="line_2" HPOS="301" VPOS="310" WIDTH="2950" HEIGHT="49">
							<String ID="string_34" HPOS="301" VPOS="325" WIDTH="33" HEIGHT="29" WC="0.93" CONTENT="8."/><SP WIDTH="99" VPOS="325" HPOS="334"/>
							<String ID="string_35" HPOS="433" VPOS="317" WIDTH="213" HEIGHT="38" WC="0.90" CONTENT="Ridderskapet"/><SP WIDTH="19" VPOS="317" HPOS="646"/>
							<String ID="string_36" HPOS="665" VPOS="325" WIDTH="47" HEIGHT="23" WC="0.93" CONTENT="och"/><SP WIDTH="21" VPOS="325" HPOS="712"/>
							<String ID="string_37" HPOS="733" VPOS="325" WIDTH="90" HEIGHT="23" WC="0.90" CONTENT="Adeln."/><SP WIDTH="229" VPOS="325" HPOS="823"/>
							<String ID="string_38" HPOS="1052" VPOS="323" WIDTH="258" HEIGHT="24" WC="0.67" CONTENT="Presteständet"/><SP WIDTH="286" VPOS="323" HPOS="1310"/>
							<String ID="string_39" HPOS="1596" VPOS="317" WIDTH="283" HEIGHT="38" WC="0.43" CONTENT="Borgarestähndet."/><SP WIDTH="293" VPOS="317" HPOS="1879"/>
							<String ID="string_40" HPOS="2172" VPOS="315" WIDTH="247" HEIGHT="38" WC="0.91" CONTENT="Bondeständet."/><SP WIDTH="285" VPOS="315" HPOS="2419"/>
							<String ID="string_41" HPOS="2704" VPOS="317" WIDTH="182" HEIGHT="23" WC="0.89" CONTENT="Utskottets"/><SP WIDTH="25" VPOS="317" HPOS="2886"/>
							<String ID="string_42" HPOS="2911" VPOS="310" WIDTH="340" HEIGHT="39" WC="0.87" CONTENT="jemnkningsförslag."/>
						</TextLine>
					</TextBlock>
				</ComposedBlock>
				<ComposedBlock ID="cblock_6" HPOS="274" VPOS="375" WIDTH="3095" HEIGHT="20">
					<TextBlock ID="block_3" HPOS="274" VPOS="375" WIDTH="3095" HEIGHT="20">
						<TextLine ID="line_3" HPOS="274" VPOS="375" WIDTH="3095" HEIGHT="20">
							<String ID="string_43" HPOS="270" VPOS="368" WIDTH="132" HEIGHT="34" WC="0.46" CONTENT="———————"/><SP WIDTH="1" VPOS="368" HPOS="402"/>
							<String ID="string_44" HPOS="403" VPOS="368" WIDTH="301" HEIGHT="34" WC="0.40" CONTENT="-—i—-"/><SP WIDTH="3" VPOS="368" HPOS="704"/>
							<String ID="string_45" HPOS="707" VPOS="368" WIDTH="5" HEIGHT="34" WC="0.92" CONTENT="-"/><SP WIDTH="2" VPOS="368" HPOS="712"/>
							<String ID="string_46" HPOS="714" VPOS="368" WIDTH="3" HEIGHT="34" WC="0.64" CONTENT="-"/><SP WIDTH="5" VPOS="368" HPOS="717"/>
							<String ID="string_47" HPOS="722" VPOS="368" WIDTH="12" HEIGHT="34" WC="0.70" CONTENT="-="/><SP WIDTH="9" VPOS="368" HPOS="734"/>
							<String ID="string_48" HPOS="743" VPOS="368" WIDTH="12" HEIGHT="34" WC="0.40" CONTENT="-+"/><SP WIDTH="10" VPOS="368" HPOS="755"/>
							<String ID="string_49" HPOS="765" VPOS="368" WIDTH="9" HEIGHT="34" WC="0.59" CONTENT="-"/><SP WIDTH="3" VPOS="368" HPOS="774"/>
							<String ID="string_50" HPOS="777" VPOS="368" WIDTH="8" HEIGHT="34" WC="0.84" CONTENT="-"/><SP WIDTH="7" VPOS="368" HPOS="785"/>
							<String ID="string_51" HPOS="792" VPOS="368" WIDTH="88" HEIGHT="34" WC="0.62" CONTENT="-=-"/><SP WIDTH="14" VPOS="368" HPOS="880"/>
							<String ID="string_52" HPOS="894" VPOS="368" WIDTH="8" HEIGHT="34" WC="0.69" CONTENT="-"/><SP WIDTH="1" VPOS="368" HPOS="902"/>
							<String ID="string_53" HPOS="903" VPOS="368" WIDTH="7" HEIGHT="34" WC="0.79" CONTENT="-"/><SP WIDTH="3" VPOS="368" HPOS="910"/>
							<String ID="string_54" HPOS="913" VPOS="368" WIDTH="46" HEIGHT="34" WC="0.47" CONTENT="-----"/><SP WIDTH="37" VPOS="368" HPOS="959"/>
							<String ID="string_55" HPOS="996" VPOS="368" WIDTH="35" HEIGHT="34" WC="0.3" CONTENT="XXX"/><SP WIDTH="1" VPOS="368" HPOS="1031"/>
							<String ID="string_56" HPOS="1032" VPOS="368" WIDTH="6" HEIGHT="34" WC="0.59" CONTENT="É"/><SP WIDTH="7" VPOS="368" HPOS="1038"/>
							<String ID="string_57" HPOS="1045" VPOS="368" WIDTH="16" HEIGHT="34" WC="0.42" CONTENT="8?"/><SP WIDTH="29" VPOS="368" HPOS="1061"/>
							<String ID="string_58" HPOS="1090" VPOS="368" WIDTH="105" HEIGHT="34" WC="0.52" CONTENT="-——"/><SP WIDTH="41" VPOS="368" HPOS="1195"/>
							<String ID="string_59" HPOS="1236" VPOS="368" WIDTH="29" HEIGHT="34" WC="0.54" CONTENT="€-"/><SP WIDTH="5" VPOS="368" HPOS="1265"/>
							<String ID="string_60" HPOS="1270" VPOS="368" WIDTH="25" HEIGHT="34" WC="0.34" CONTENT="-X"/><SP WIDTH="24" VPOS="368" HPOS="1295"/>
							<String ID="string_61" HPOS="1319" VPOS="368" WIDTH="61" HEIGHT="34" WC="0.18" CONTENT="="/><SP WIDTH="71" VPOS="368" HPOS="1380"/>
							<String ID="string_62" HPOS="1451" VPOS="368" WIDTH="356" HEIGHT="34" WC="0.29" CONTENT=" ——"/><SP WIDTH="12" VPOS="368" HPOS="1807"/>
							<String ID="string_63" HPOS="1819" VPOS="375" WIDTH="5" HEIGHT="20" WC="0.45" CONTENT="&gt;"/><SP WIDTH="1" VPOS="375" HPOS="1824"/>
							<String ID="string_64" HPOS="1825" VPOS="368" WIDTH="12" HEIGHT="34" WC="0.50" CONTENT="&gt;"/><SP WIDTH="37" VPOS="368" HPOS="1837"/>
							<String ID="string_65" HPOS="1874" VPOS="368" WIDTH="222" HEIGHT="34" WC="0.40" CONTENT="——--=—-?-"/><SP WIDTH="24" VPOS="368" HPOS="2096"/>
							<String ID="string_66" HPOS="2120" VPOS="368" WIDTH="295" HEIGHT="34" WC="0.4" CONTENT="?—..Zross"/><SP WIDTH="9" VPOS="368" HPOS="2415"/>
							<String ID="string_67" HPOS="2424" VPOS="368" WIDTH="20" HEIGHT="34" WC="0.4" CONTENT="+&quot;"/><SP WIDTH="2" VPOS="368" HPOS="2444"/>
							<String ID="string_68" HPOS="2446" VPOS="368" WIDTH="216" HEIGHT="34" WC="0.0" CONTENT="nt—Dnatmaa"/><SP WIDTH="5" VPOS="368" HPOS="2662"/>
							<String ID="string_69" HPOS="2667" VPOS="368" WIDTH="128" HEIGHT="34" WC="0.10" CONTENT="maana"/><SP WIDTH="78" VPOS="368" HPOS="2795"/>
							<String ID="string_70" HPOS="2873" VPOS="368" WIDTH="154" HEIGHT="34" WC="0.8" CONTENT="——Naaaatrn"/><SP WIDTH="22" VPOS="368" HPOS="3027"/>
							<String ID="string_71" HPOS="3049" VPOS="368" WIDTH="103" HEIGHT="34" WC="0.34" CONTENT="tt"/><SP WIDTH="59" VPOS="368" HPOS="3152"/>
							<String ID="string_72" HPOS="3211" VPOS="368" WIDTH="111" HEIGHT="34" WC="0.48" CONTENT="vw"/>
						</TextLine>
					</TextBlock>
				</ComposedBlock>
				<ComposedBlock ID="cblock_7" HPOS="309" VPOS="423" WIDTH="3048" HEIGHT="124">
					<TextBlock ID="block_4" HPOS="309" VPOS="423" WIDTH="3048" HEIGHT="124">
						<TextLine ID="line_4" HPOS="309" VPOS="423" WIDTH="3048" HEIGHT="37">
							<String ID="string_73" HPOS="309" VPOS="435" WIDTH="9" HEIGHT="20" WC="0.96" CONTENT="1"/><SP WIDTH="22" VPOS="435" HPOS="318"/>
							<String ID="string_74" HPOS="340" VPOS="423" WIDTH="14" HEIGHT="41" WC="0.95" CONTENT="|"/><SP WIDTH="12" VPOS="423" HPOS="354"/>
							<String ID="string_75" HPOS="366" VPOS="435" WIDTH="40" HEIGHT="21" WC="0.96" CONTENT="har"/><SP WIDTH="22" VPOS="435" HPOS="406"/>
							<String ID="string_76" HPOS="428" VPOS="434" WIDTH="49" HEIGHT="22" WC="0.96" CONTENT="med"/><SP WIDTH="22" VPOS="434" HPOS="477"/>
							<String ID="string_77" HPOS="499" VPOS="434" WIDTH="136" HEIGHT="21" WC="0.96" CONTENT="uteslutande"/><SP WIDTH="19" VPOS="434" HPOS="635"/>
							<String ID="string_78" HPOS="654" VPOS="433" WIDTH="24" HEIGHT="22" WC="0.96" CONTENT="af"/><SP WIDTH="13" VPOS="433" HPOS="678"/>
							<String ID="string_79" HPOS="691" VPOS="434" WIDTH="65" HEIGHT="21" WC="0.96" CONTENT="orden"/><SP WIDTH="17" VPOS="434" HPOS="756"/>
							<String ID="string_80" HPOS="773" VPOS="436" WIDTH="54" HEIGHT="18" WC="0.92" CONTENT="emot"/><SP WIDTH="15" VPOS="436" HPOS="827"/>
							<String ID="string_81" HPOS="842" VPOS="441" WIDTH="42" HEIGHT="18" WC="0.85" CONTENT=",er-"/><SP WIDTH="18" VPOS="441" HPOS="884"/>
							<String ID="string_82" HPOS="902" VPOS="423" WIDTH="12" HEIGHT="41" WC="0.97" CONTENT="|"/><SP WIDTH="10" VPOS="423" HPOS="914"/>
							<String ID="string_83" HPOS="924" VPOS="429" WIDTH="39" HEIGHT="26" WC="0.95" CONTENT="Har"/><SP WIDTH="22" VPOS="429" HPOS="963"/>
							<String ID="string_84" HPOS="985" VPOS="433" WIDTH="81" HEIGHT="27" WC="0.93" CONTENT="antagit"/><SP WIDTH="15" VPOS="433" HPOS="1066"/>
							<String ID="string_85" HPOS="1081" VPOS="433" WIDTH="29" HEIGHT="27" WC="0.89" CONTENT="&amp;s"/><SP WIDTH="15" VPOS="433" HPOS="1110"/>
							<String ID="string_86" HPOS="1125" VPOS="433" WIDTH="79" HEIGHT="27" WC="0.96" CONTENT="lydelse"/><SP WIDTH="16" VPOS="433" HPOS="1204"/>
							<String ID="string_87" HPOS="1220" VPOS="433" WIDTH="64" HEIGHT="27" WC="0.96" CONTENT="enligt"/><SP WIDTH="15" VPOS="433" HPOS="1284"/>
							<String ID="string_88" HPOS="1299" VPOS="433" WIDTH="77" HEIGHT="26" WC="0.93" CONTENT="nådiga"/><SP WIDTH="15" VPOS="433" HPOS="1376"/>
							<String ID="string_89" HPOS="1391" VPOS="439" WIDTH="47" HEIGHT="20" WC="0.93" CONTENT="pro-"/><SP WIDTH="18" VPOS="439" HPOS="1438"/>
							<String ID="string_90" HPOS="1456" VPOS="423" WIDTH="11" HEIGHT="41" WC="0.97" CONTENT="|"/><SP WIDTH="13" VPOS="423" HPOS="1467"/>
							<String ID="string_91" HPOS="1480" VPOS="433" WIDTH="40" HEIGHT="20" WC="0.96" CONTENT="har"/><SP WIDTH="16" VPOS="433" HPOS="1520"/>
							<String ID="string_92" HPOS="1536" VPOS="431" WIDTH="124" HEIGHT="22" WC="0.96" CONTENT="formulerat"/><SP WIDTH="15" VPOS="431" HPOS="1660"/>
							<String ID="string_93" HPOS="1675" VPOS="431" WIDTH="65" HEIGHT="21" WC="0.96" CONTENT="första"/><SP WIDTH="14" VPOS="431" HPOS="1740"/>
							<String ID="string_94" HPOS="1754" VPOS="438" WIDTH="41" HEIGHT="14" WC="0.93" CONTENT="mom."/><SP WIDTH="32" VPOS="438" HPOS="1795"/>
							<String ID="string_95" HPOS="1827" VPOS="430" WIDTH="100" HEIGHT="22" WC="0.93" CONTENT="sålunda:"/><SP WIDTH="18" VPOS="430" HPOS="1927"/>
							<String ID="string_96" HPOS="1945" VPOS="430" WIDTH="50" HEIGHT="24" WC="0.42" CONTENT=",,In-"/><SP WIDTH="18" VPOS="430" HPOS="1995"/>
							<String ID="string_97" HPOS="2013" VPOS="423" WIDTH="11" HEIGHT="41" WC="0.96" CONTENT="|"/><SP WIDTH="14" VPOS="423" HPOS="2024"/>
							<String ID="string_98" HPOS="2038" VPOS="430" WIDTH="39" HEIGHT="21" WC="0.93" CONTENT="har"/><SP WIDTH="23" VPOS="430" HPOS="2077"/>
							<String ID="string_99" HPOS="2100" VPOS="429" WIDTH="167" HEIGHT="22" WC="0.91" CONTENT="äterremitterat"/><SP WIDTH="23" VPOS="429" HPOS="2267"/>
							<String ID="string_100" HPOS="2290" VPOS="429" WIDTH="11" HEIGHT="27" WC="0.91" CONTENT="$"/><SP WIDTH="25" VPOS="429" HPOS="2301"/>
							<String ID="string_101" HPOS="2326" VPOS="428" WIDTH="33" HEIGHT="21" WC="0.96" CONTENT="för"/><SP WIDTH="26" VPOS="428" HPOS="2359"/>
							<String ID="string_102" HPOS="2385" VPOS="427" WIDTH="172" HEIGHT="26" WC="0.96" CONTENT="omformulering"/><SP WIDTH="15" VPOS="427" HPOS="2557"/>
							<String ID="string_103" HPOS="2572" VPOS="423" WIDTH="14" HEIGHT="41" WC="0.96" CONTENT="|"/><SP WIDTH="13" VPOS="423" HPOS="2586"/>
							<String ID="string_104" HPOS="2599" VPOS="427" WIDTH="110" HEIGHT="22" WC="0.96" CONTENT="Utskottet"/><SP WIDTH="15" VPOS="427" HPOS="2709"/>
							<String ID="string_105" HPOS="2724" VPOS="427" WIDTH="67" HEIGHT="21" WC="0.95" CONTENT="finner"/><SP WIDTH="16" VPOS="427" HPOS="2791"/>
							<String ID="string_106" HPOS="2807" VPOS="426" WIDTH="90" HEIGHT="26" WC="0.92" CONTENT="lagenlig"/><SP WIDTH="15" VPOS="426" HPOS="2897"/>
							<String ID="string_107" HPOS="2912" VPOS="425" WIDTH="109" HEIGHT="27" WC="0.92" CONTENT="pluralitet"/><SP WIDTH="14" VPOS="425" HPOS="3021"/>
							<String ID="string_108" HPOS="3035" VPOS="424" WIDTH="114" HEIGHT="22" WC="0.90" CONTENT="förefinnes"/><SP WIDTH="10" VPOS="424" HPOS="3149"/>
							<String ID="string_109" HPOS="3159" VPOS="423" WIDTH="32" HEIGHT="22" WC="0.93" CONTENT="för"/><SP WIDTH="10" VPOS="423" HPOS="3191"/>
							<String ID="string_110" HPOS="3201" VPOS="423" WIDTH="98" HEIGHT="27" WC="0.92" CONTENT="utrycket"/><SP WIDTH="12" VPOS="423" HPOS="3299"/>
							<String ID="string_111" HPOS="3311" VPOS="423" WIDTH="46" HEIGHT="25" WC="0.74" CONTENT=",,In-"/>
						</TextLine>
						<TextLine ID="line_5" HPOS="396" VPOS="452" WIDTH="2961" HEIGHT="38">
							<String ID="string_112" HPOS="396" VPOS="462" WIDTH="109" HEIGHT="28" WC="0.96" CONTENT="läggande"/><SP WIDTH="29" VPOS="462" HPOS="505"/>
							<String ID="string_113" HPOS="534" VPOS="463" WIDTH="28" HEIGHT="24" WC="0.92" CONTENT="af"/><SP WIDTH="26" VPOS="463" HPOS="562"/>
							<String ID="string_114" HPOS="588" VPOS="462" WIDTH="130" HEIGHT="28" WC="0.83" CONTENT="bevillning*"/><SP WIDTH="25" VPOS="462" HPOS="718"/>
							<String ID="string_115" HPOS="743" VPOS="462" WIDTH="141" HEIGHT="26" WC="0.92" CONTENT="omredigerat"/><SP WIDTH="68" VPOS="462" HPOS="884"/>
							<String ID="string_116" HPOS="952" VPOS="462" WIDTH="119" HEIGHT="27" WC="0.92" CONTENT="positionen"/><SP WIDTH="19" VPOS="462" HPOS="1071"/>
							<String ID="string_117" HPOS="1090" VPOS="462" WIDTH="7" HEIGHT="20" WC="0.93" CONTENT="i"/><SP WIDTH="16" VPOS="462" HPOS="1097"/>
							<String ID="string_118" HPOS="1113" VPOS="461" WIDTH="62" HEIGHT="27" WC="0.92" CONTENT="öfrigt"/><SP WIDTH="16" VPOS="461" HPOS="1175"/>
							<String ID="string_119" HPOS="1191" VPOS="461" WIDTH="127" HEIGHT="21" WC="0.92" CONTENT="oförändrad"/><SP WIDTH="15" VPOS="461" HPOS="1318"/>
							<String ID="string_120" HPOS="1333" VPOS="463" WIDTH="59" HEIGHT="19" WC="0.92" CONTENT="utom"/><SP WIDTH="16" VPOS="463" HPOS="1392"/>
							<String ID="string_121" HPOS="1408" VPOS="462" WIDTH="32" HEIGHT="20" WC="0.96" CONTENT="att"/><SP WIDTH="70" VPOS="462" HPOS="1440"/>
							<String ID="string_122" HPOS="1510" VPOS="460" WIDTH="120" HEIGHT="26" WC="0.92" CONTENT="nehafvare"/><SP WIDTH="20" VPOS="460" HPOS="1630"/>
							<String ID="string_123" HPOS="1650" VPOS="460" WIDTH="28" HEIGHT="26" WC="0.93" CONTENT="af"/><SP WIDTH="13" VPOS="460" HPOS="1678"/>
							<String ID="string_124" HPOS="1691" VPOS="460" WIDTH="99" HEIGHT="27" WC="0.89" CONTENT="bryggeri|"/><SP WIDTH="9" VPOS="460" HPOS="1790"/>
							<String ID="string_125" HPOS="1799" VPOS="459" WIDTH="42" HEIGHT="27" WC="0.93" CONTENT="för"/><SP WIDTH="17" VPOS="459" HPOS="1841"/>
							<String ID="string_126" HPOS="1858" VPOS="458" WIDTH="138" HEIGHT="27" WC="0.89" CONTENT="tillverkning"/><SP WIDTH="71" VPOS="458" HPOS="1996"/>
							<String ID="string_127" HPOS="2067" VPOS="458" WIDTH="87" HEIGHT="26" WC="0.91" CONTENT="derhän,"/><SP WIDTH="20" VPOS="458" HPOS="2154"/>
							<String ID="string_128" HPOS="2174" VPOS="459" WIDTH="31" HEIGHT="19" WC="0.93" CONTENT="att"/><SP WIDTH="16" VPOS="459" HPOS="2205"/>
							<String ID="string_129" HPOS="2221" VPOS="456" WIDTH="236" HEIGHT="28" WC="0.91" CONTENT="bryggeriinnehafvare"/><SP WIDTH="12" VPOS="456" HPOS="2457"/>
							<String ID="string_130" HPOS="2469" VPOS="455" WIDTH="47" HEIGHT="22" WC="0.91" CONTENT="frän"/><SP WIDTH="14" VPOS="455" HPOS="2516"/>
							<String ID="string_131" HPOS="2530" VPOS="456" WIDTH="27" HEIGHT="26" WC="0.96" CONTENT="pä"/><SP WIDTH="71" VPOS="456" HPOS="2557"/>
							<String ID="string_132" HPOS="2628" VPOS="455" WIDTH="111" HEIGHT="22" WC="0.91" CONTENT="nehafvare"/><SP WIDTH="17" VPOS="455" HPOS="2739"/>
							<String ID="string_133" HPOS="2756" VPOS="455" WIDTH="21" HEIGHT="21" WC="0.93" CONTENT="af"/><SP WIDTH="13" VPOS="455" HPOS="2777"/>
							<String ID="string_134" HPOS="2790" VPOS="454" WIDTH="119" HEIGHT="28" WC="0.81" CONTENT="bryggeri&quot;,"/><SP WIDTH="16" VPOS="454" HPOS="2909"/>
							<String ID="string_135" HPOS="2925" VPOS="454" WIDTH="32" HEIGHT="21" WC="0.93" CONTENT="för"/><SP WIDTH="16" VPOS="454" HPOS="2957"/>
							<String ID="string_136" HPOS="2973" VPOS="453" WIDTH="144" HEIGHT="22" WC="0.92" CONTENT="uteslutandet"/><SP WIDTH="15" VPOS="453" HPOS="3117"/>
							<String ID="string_137" HPOS="3132" VPOS="452" WIDTH="21" HEIGHT="22" WC="0.93" CONTENT="af"/><SP WIDTH="10" VPOS="452" HPOS="3153"/>
							<String ID="string_138" HPOS="3163" VPOS="452" WIDTH="65" HEIGHT="21" WC="0.92" CONTENT="orden"/><SP WIDTH="17" VPOS="452" HPOS="3228"/>
							<String ID="string_139" HPOS="3245" VPOS="453" WIDTH="70" HEIGHT="23" WC="0.0" CONTENT="emot"/><SP WIDTH="11" VPOS="453" HPOS="3315"/>
							<String ID="string_140" HPOS="3326" VPOS="458" WIDTH="31" HEIGHT="14" WC="0.93" CONTENT="er-"/>
						</TextLine>
						<TextLine ID="line_6" HPOS="395" VPOS="480" WIDTH="2962" HEIGHT="38">
							<String ID="string_141" HPOS="395" VPOS="491" WIDTH="67" HEIGHT="21" WC="0.92" CONTENT="första"/><SP WIDTH="24" VPOS="491" HPOS="462"/>
							<String ID="string_142" HPOS="486" VPOS="491" WIDTH="111" HEIGHT="27" WC="0.88" CONTENT="meningen"/><SP WIDTH="25" VPOS="491" HPOS="597"/>
							<String ID="string_143" HPOS="622" VPOS="490" WIDTH="33" HEIGHT="22" WC="0.96" CONTENT="till"/><SP WIDTH="24" VPOS="490" HPOS="655"/>
							<String ID="string_144" HPOS="679" VPOS="490" WIDTH="91" HEIGHT="28" WC="0.93" CONTENT="följande"/><SP WIDTH="23" VPOS="490" HPOS="770"/>
							<String ID="string_145" HPOS="793" VPOS="490" WIDTH="90" HEIGHT="28" WC="0.93" CONTENT="lydelse:"/><SP WIDTH="69" VPOS="490" HPOS="883"/>
							<String ID="string_146" HPOS="952" VPOS="492" WIDTH="13" HEIGHT="20" WC="0.90" CONTENT="ä"/><SP WIDTH="15" VPOS="492" HPOS="965"/>
							<String ID="string_147" HPOS="980" VPOS="490" WIDTH="66" HEIGHT="22" WC="0.93" CONTENT="andra"/><SP WIDTH="14" VPOS="490" HPOS="1046"/>
							<String ID="string_148" HPOS="1060" VPOS="490" WIDTH="65" HEIGHT="22" WC="0.92" CONTENT="raden"/><SP WIDTH="17" VPOS="490" HPOS="1125"/>
							<String ID="string_149" HPOS="1142" VPOS="490" WIDTH="64" HEIGHT="21" WC="0.92" CONTENT="orden"/><SP WIDTH="17" VPOS="490" HPOS="1206"/>
							<String ID="string_150" HPOS="1223" VPOS="492" WIDTH="69" HEIGHT="23" WC="0.90" CONTENT=",emot"/><SP WIDTH="15" VPOS="492" HPOS="1292"/>
							<String ID="string_151" HPOS="1307" VPOS="489" WIDTH="132" HEIGHT="27" WC="0.88" CONTENT="erläggande"/><SP WIDTH="72" VPOS="489" HPOS="1439"/>
							<String ID="string_152" HPOS="1511" VPOS="489" WIDTH="29" HEIGHT="27" WC="0.93" CONTENT="af"/><SP WIDTH="16" VPOS="489" HPOS="1540"/>
							<String ID="string_153" HPOS="1556" VPOS="488" WIDTH="146" HEIGHT="28" WC="0.82" CONTENT="maltdrycker"/><SP WIDTH="20" VPOS="488" HPOS="1702"/>
							<String ID="string_154" HPOS="1722" VPOS="495" WIDTH="35" HEIGHT="21" WC="0.92" CONTENT="ege"/><SP WIDTH="15" VPOS="495" HPOS="1757"/>
							<String ID="string_155" HPOS="1772" VPOS="488" WIDTH="102" HEIGHT="27" WC="0.95" CONTENT="rättighet"/><SP WIDTH="15" VPOS="488" HPOS="1874"/>
							<String ID="string_156" HPOS="1889" VPOS="490" WIDTH="38" HEIGHT="21" WC="0.95" CONTENT="att,"/><SP WIDTH="16" VPOS="490" HPOS="1927"/>
							<String ID="string_157" HPOS="1943" VPOS="490" WIDTH="54" HEIGHT="17" WC="0.95" CONTENT="utan"/><SP WIDTH="70" VPOS="490" HPOS="1997"/>
							<String ID="string_158" HPOS="2067" VPOS="486" WIDTH="73" HEIGHT="22" WC="0.93" CONTENT="landet"/><SP WIDTH="22" VPOS="486" HPOS="2140"/>
							<String ID="string_159" HPOS="2162" VPOS="486" WIDTH="86" HEIGHT="26" WC="0.92" CONTENT="beläget"/><SP WIDTH="15" VPOS="486" HPOS="2248"/>
							<String ID="string_160" HPOS="2263" VPOS="485" WIDTH="104" HEIGHT="27" WC="0.92" CONTENT="bryggeri,"/><SP WIDTH="18" VPOS="485" HPOS="2367"/>
							<String ID="string_161" HPOS="2385" VPOS="486" WIDTH="51" HEIGHT="20" WC="0.93" CONTENT="utan"/><SP WIDTH="17" VPOS="486" HPOS="2436"/>
							<String ID="string_162" HPOS="2453" VPOS="484" WIDTH="104" HEIGHT="26" WC="0.92" CONTENT="anmälan,"/><SP WIDTH="72" VPOS="484" HPOS="2557"/>
							<String ID="string_163" HPOS="2629" VPOS="484" WIDTH="102" HEIGHT="27" WC="0.91" CONTENT="läggande"/><SP WIDTH="25" VPOS="484" HPOS="2731"/>
							<String ID="string_164" HPOS="2756" VPOS="483" WIDTH="22" HEIGHT="21" WC="0.93" CONTENT="af"/><SP WIDTH="17" VPOS="483" HPOS="2778"/>
							<String ID="string_165" HPOS="2795" VPOS="482" WIDTH="128" HEIGHT="27" WC="0.90" CONTENT="bevillning*"/><SP WIDTH="17" VPOS="482" HPOS="2923"/>
							<String ID="string_166" HPOS="2940" VPOS="484" WIDTH="55" HEIGHT="20" WC="0.96" CONTENT="samt"/><SP WIDTH="14" VPOS="484" HPOS="2995"/>
							<String ID="string_167" HPOS="3009" VPOS="482" WIDTH="33" HEIGHT="21" WC="0.93" CONTENT="för"/><SP WIDTH="15" VPOS="482" HPOS="3042"/>
							<String ID="string_168" HPOS="3057" VPOS="481" WIDTH="129" HEIGHT="27" WC="0.92" CONTENT="antagandet"/><SP WIDTH="16" VPOS="481" HPOS="3186"/>
							<String ID="string_169" HPOS="3202" VPOS="480" WIDTH="23" HEIGHT="21" WC="0.93" CONTENT="af"/><SP WIDTH="13" VPOS="480" HPOS="3225"/>
							<String ID="string_170" HPOS="3238" VPOS="480" WIDTH="60" HEIGHT="21" WC="0.91" CONTENT="2:dra"/><SP WIDTH="16" VPOS="480" HPOS="3298"/>
							<String ID="string_171" HPOS="3314" VPOS="486" WIDTH="43" HEIGHT="15" WC="0.92" CONTENT="mo-"/>
						</TextLine>
						<TextLine ID="line_7" HPOS="398" VPOS="508" WIDTH="2958" HEIGHT="39">
							<String ID="string_172" HPOS="398" VPOS="520" WIDTH="134" HEIGHT="20" WC="0.91" CONTENT="Tillverkare"/><SP WIDTH="24" VPOS="520" HPOS="532"/>
							<String ID="string_173" HPOS="556" VPOS="519" WIDTH="30" HEIGHT="27" WC="0.93" CONTENT="af"/><SP WIDTH="21" VPOS="519" HPOS="586"/>
							<String ID="string_174" HPOS="607" VPOS="519" WIDTH="147" HEIGHT="28" WC="0.92" CONTENT="maltdrycker"/><SP WIDTH="20" VPOS="519" HPOS="754"/>
							<String ID="string_175" HPOS="774" VPOS="526" WIDTH="42" HEIGHT="20" WC="0.93" CONTENT="ege,"/><SP WIDTH="15" VPOS="526" HPOS="816"/>
							<String ID="string_176" HPOS="831" VPOS="522" WIDTH="53" HEIGHT="18" WC="0.96" CONTENT="utan"/><SP WIDTH="69" VPOS="522" HPOS="884"/>
							<String ID="string_177" HPOS="953" VPOS="518" WIDTH="29" HEIGHT="28" WC="0.92" CONTENT="af"/><SP WIDTH="11" VPOS="518" HPOS="982"/>
							<String ID="string_178" HPOS="993" VPOS="519" WIDTH="131" HEIGHT="27" WC="0.86" CONTENT="bevillning*"/><SP WIDTH="16" VPOS="519" HPOS="1124"/>
							<String ID="string_179" HPOS="1140" VPOS="518" WIDTH="112" HEIGHT="22" WC="0.95" CONTENT="uteslutits."/><SP WIDTH="141" VPOS="518" HPOS="1252"/>
							<String ID="string_180" HPOS="1393" VPOS="527" WIDTH="3" HEIGHT="1" WC="0.89" CONTENT=":"/><SP WIDTH="114" VPOS="527" HPOS="1396"/>
							<String ID="string_181" HPOS="1510" VPOS="518" WIDTH="97" HEIGHT="20" WC="0.84" CONTENT="särskild"/><SP WIDTH="25" VPOS="518" HPOS="1607"/>
							<String ID="string_182" HPOS="1632" VPOS="518" WIDTH="110" HEIGHT="24" WC="0.94" CONTENT="anmälan,"/><SP WIDTH="20" VPOS="518" HPOS="1742"/>
							<String ID="string_183" HPOS="1762" VPOS="516" WIDTH="54" HEIGHT="26" WC="0.94" CONTENT="från"/><SP WIDTH="22" VPOS="516" HPOS="1816"/>
							<String ID="string_184" HPOS="1838" VPOS="517" WIDTH="38" HEIGHT="20" WC="0.93" CONTENT="sitt"/><SP WIDTH="23" VPOS="517" HPOS="1876"/>
							<String ID="string_185" HPOS="1899" VPOS="516" WIDTH="98" HEIGHT="26" WC="0.96" CONTENT="bryggeri"/><SP WIDTH="70" VPOS="516" HPOS="1997"/>
							<String ID="string_186" HPOS="2067" VPOS="514" WIDTH="55" HEIGHT="28" WC="0.96" CONTENT="finge"/><SP WIDTH="16" VPOS="514" HPOS="2122"/>
							<String ID="string_187" HPOS="2138" VPOS="515" WIDTH="31" HEIGHT="21" WC="0.91" CONTENT="till."/><SP WIDTH="16" VPOS="515" HPOS="2169"/>
							<String ID="string_188" HPOS="2185" VPOS="514" WIDTH="131" HEIGHT="26" WC="0.92" CONTENT="afhemtning"/><SP WIDTH="15" VPOS="514" HPOS="2316"/>
							<String ID="string_189" HPOS="2331" VPOS="513" WIDTH="87" HEIGHT="27" WC="0.96" CONTENT="försälja"/><SP WIDTH="16" VPOS="513" HPOS="2418"/>
							<String ID="string_190" HPOS="2434" VPOS="513" WIDTH="75" HEIGHT="21" WC="0.96" CONTENT="endast"/><SP WIDTH="14" VPOS="513" HPOS="2509"/>
							<String ID="string_191" HPOS="2523" VPOS="512" WIDTH="35" HEIGHT="21" WC="0.96" CONTENT="hel"/><SP WIDTH="71" VPOS="512" HPOS="2558"/>
							<String ID="string_192" HPOS="2629" VPOS="515" WIDTH="84" HEIGHT="19" WC="0.95" CONTENT="mentet."/><SP WIDTH="32" VPOS="515" HPOS="2713"/>
							<String ID="string_193" HPOS="2745" VPOS="512" WIDTH="94" HEIGHT="21" WC="0.96" CONTENT="Emedan"/><SP WIDTH="26" VPOS="512" HPOS="2839"/>
							<String ID="string_194" HPOS="2865" VPOS="512" WIDTH="116" HEIGHT="20" WC="0.95" CONTENT="utskottets"/><SP WIDTH="24" VPOS="512" HPOS="2981"/>
							<String ID="string_195" HPOS="3005" VPOS="510" WIDTH="138" HEIGHT="26" WC="0.96" CONTENT="formulering"/><SP WIDTH="24" VPOS="510" HPOS="3143"/>
							<String ID="string_196" HPOS="3167" VPOS="508" WIDTH="23" HEIGHT="22" WC="0.92" CONTENT="af"/><SP WIDTH="26" VPOS="508" HPOS="3190"/>
							<String ID="string_197" HPOS="3216" VPOS="510" WIDTH="52" HEIGHT="19" WC="0.90" CONTENT="1:sta"/><SP WIDTH="25" VPOS="510" HPOS="3268"/>
							<String ID="string_198" HPOS="3293" VPOS="514" WIDTH="63" HEIGHT="20" WC="0.93" CONTENT="mom,"/>
						</TextLine>
					</TextBlock>
				</ComposedBlock>
				<ComposedBlock ID="cblock_8" HPOS="394" VPOS="536" WIDTH="2964" HEIGHT="130">
					<TextBlock ID="block_5" HPOS="394" VPOS="536" WIDTH="2964" HEIGHT="126">
						<TextLine ID="line_8" HPOS="394" VPOS="536" WIDTH="2963" HEIGHT="39">
							<String ID="string_199" HPOS="394" VPOS="548" WIDTH="97" HEIGHT="21" WC="0.96" CONTENT="särskild"/><SP WIDTH="20" VPOS="548" HPOS="491"/>
							<String ID="string_200" HPOS="511" VPOS="548" WIDTH="112" HEIGHT="27" WC="0.95" CONTENT="anmälan,"/><SP WIDTH="25" VPOS="548" HPOS="623"/>
							<String ID="string_201" HPOS="648" VPOS="548" WIDTH="104" HEIGHT="27" WC="0.96" CONTENT="rättighet"/><SP WIDTH="25" VPOS="548" HPOS="752"/>
							<String ID="string_202" HPOS="777" VPOS="550" WIDTH="32" HEIGHT="18" WC="0.96" CONTENT="att"/><SP WIDTH="17" VPOS="550" HPOS="809"/>
							<String ID="string_203" HPOS="826" VPOS="547" WIDTH="58" HEIGHT="27" WC="0.96" CONTENT="från"/><SP WIDTH="628" VPOS="547" HPOS="884"/>
							<String ID="string_204" HPOS="1512" VPOS="546" WIDTH="35" HEIGHT="21" WC="0.86" CONTENT="till"/><SP WIDTH="25" VPOS="546" HPOS="1547"/>
							<String ID="string_205" HPOS="1572" VPOS="545" WIDTH="137" HEIGHT="28" WC="0.87" CONTENT="afhemtning"/><SP WIDTH="9" VPOS="545" HPOS="1709"/>
							<String ID="string_206" HPOS="1718" VPOS="545" WIDTH="101" HEIGHT="27" WC="0.96" CONTENT="försälja"/><SP WIDTH="16" VPOS="545" HPOS="1819"/>
							<String ID="string_207" HPOS="1835" VPOS="544" WIDTH="84" HEIGHT="21" WC="0.93" CONTENT="sådana"/><SP WIDTH="17" VPOS="544" HPOS="1919"/>
							<String ID="string_208" HPOS="1936" VPOS="544" WIDTH="61" HEIGHT="28" WC="0.90" CONTENT="dryc-"/><SP WIDTH="70" VPOS="544" HPOS="1997"/>
							<String ID="string_209" HPOS="2067" VPOS="544" WIDTH="54" HEIGHT="26" WC="0.96" CONTENT="korg"/><SP WIDTH="15" VPOS="544" HPOS="2121"/>
							<String ID="string_210" HPOS="2136" VPOS="543" WIDTH="38" HEIGHT="21" WC="0.96" CONTENT="och"/><SP WIDTH="17" VPOS="543" HPOS="2174"/>
							<String ID="string_211" HPOS="2191" VPOS="542" WIDTH="6" HEIGHT="21" WC="0.96" CONTENT="i"/><SP WIDTH="16" VPOS="542" HPOS="2197"/>
							<String ID="string_212" HPOS="2213" VPOS="544" WIDTH="65" HEIGHT="20" WC="0.96" CONTENT="annat"/><SP WIDTH="15" VPOS="544" HPOS="2278"/>
							<String ID="string_213" HPOS="2293" VPOS="542" WIDTH="64" HEIGHT="21" WC="0.96" CONTENT="slutet"/><SP WIDTH="15" VPOS="542" HPOS="2357"/>
							<String ID="string_214" HPOS="2372" VPOS="541" WIDTH="48" HEIGHT="21" WC="0.96" CONTENT="kärl"/><SP WIDTH="11" VPOS="541" HPOS="2420"/>
							<String ID="string_215" HPOS="2431" VPOS="541" WIDTH="75" HEIGHT="22" WC="0.96" CONTENT="endast"/><SP WIDTH="10" VPOS="541" HPOS="2506"/>
							<String ID="string_216" HPOS="2516" VPOS="540" WIDTH="40" HEIGHT="21" WC="0.96" CONTENT="fem"/><SP WIDTH="73" VPOS="540" HPOS="2556"/>
							<String ID="string_217" HPOS="2629" VPOS="541" WIDTH="89" HEIGHT="21" WC="0.96" CONTENT="förutom"/><SP WIDTH="25" VPOS="541" HPOS="2718"/>
							<String ID="string_218" HPOS="2743" VPOS="540" WIDTH="7" HEIGHT="21" WC="0.96" CONTENT="i"/><SP WIDTH="21" VPOS="540" HPOS="2750"/>
							<String ID="string_219" HPOS="2771" VPOS="540" WIDTH="61" HEIGHT="21" WC="0.93" CONTENT="ofvan"/><SP WIDTH="16" VPOS="540" HPOS="2832"/>
							<String ID="string_220" HPOS="2848" VPOS="539" WIDTH="112" HEIGHT="22" WC="0.92" CONTENT="anmärkta"/><SP WIDTH="16" VPOS="539" HPOS="2960"/>
							<String ID="string_221" HPOS="2976" VPOS="538" WIDTH="63" HEIGHT="26" WC="0.96" CONTENT="delar,"/><SP WIDTH="18" VPOS="538" HPOS="3039"/>
							<String ID="string_222" HPOS="3057" VPOS="540" WIDTH="23" HEIGHT="19" WC="0.96" CONTENT="är"/><SP WIDTH="15" VPOS="540" HPOS="3080"/>
							<String ID="string_223" HPOS="3095" VPOS="540" WIDTH="90" HEIGHT="24" WC="0.96" CONTENT="antagen"/><SP WIDTH="16" VPOS="540" HPOS="3185"/>
							<String ID="string_224" HPOS="3201" VPOS="536" WIDTH="24" HEIGHT="22" WC="0.93" CONTENT="af"/><SP WIDTH="12" VPOS="536" HPOS="3225"/>
							<String ID="string_225" HPOS="3237" VPOS="536" WIDTH="120" HEIGHT="21" WC="0.91" CONTENT="ridderska-"/>
						</TextLine>
						<TextLine ID="line_9" HPOS="394" VPOS="564" WIDTH="2964" HEIGHT="40">
							<String ID="string_226" HPOS="394" VPOS="578" WIDTH="39" HEIGHT="20" WC="0.96" CONTENT="sitt"/><SP WIDTH="23" VPOS="578" HPOS="433"/>
							<String ID="string_227" HPOS="456" VPOS="576" WIDTH="99" HEIGHT="28" WC="0.96" CONTENT="bryggeri"/><SP WIDTH="23" VPOS="576" HPOS="555"/>
							<String ID="string_228" HPOS="578" VPOS="577" WIDTH="36" HEIGHT="21" WC="0.91" CONTENT="till"/><SP WIDTH="22" VPOS="577" HPOS="614"/>
							<String ID="string_229" HPOS="636" VPOS="576" WIDTH="138" HEIGHT="28" WC="0.91" CONTENT="afhemtning"/><SP WIDTH="9" VPOS="576" HPOS="774"/>
							<String ID="string_230" HPOS="783" VPOS="576" WIDTH="102" HEIGHT="28" WC="0.96" CONTENT="försälja"/><SP WIDTH="626" VPOS="576" HPOS="885"/>
							<String ID="string_231" HPOS="1511" VPOS="574" WIDTH="51" HEIGHT="21" WC="0.25" CONTENT="ker&quot;"/><SP WIDTH="24" VPOS="574" HPOS="1562"/>
							<String ID="string_232" HPOS="1586" VPOS="576" WIDTH="54" HEIGHT="20" WC="0.93" CONTENT="samt"/><SP WIDTH="23" VPOS="576" HPOS="1640"/>
							<String ID="string_233" HPOS="1663" VPOS="575" WIDTH="128" HEIGHT="20" WC="0.81" CONTENT="utmönstrat|"/><SP WIDTH="17" VPOS="575" HPOS="1791"/>
							<String ID="string_234" HPOS="1808" VPOS="573" WIDTH="49" HEIGHT="22" WC="0.81" CONTENT="hela"/><SP WIDTH="15" VPOS="573" HPOS="1857"/>
							<String ID="string_235" HPOS="1872" VPOS="572" WIDTH="65" HEIGHT="22" WC="0.93" CONTENT="andra"/><SP WIDTH="16" VPOS="572" HPOS="1937"/>
							<String ID="string_236" HPOS="1953" VPOS="578" WIDTH="43" HEIGHT="16" WC="0.90" CONTENT="mo-"/><SP WIDTH="71" VPOS="578" HPOS="1996"/>
							<String ID="string_237" HPOS="2067" VPOS="568" WIDTH="88" HEIGHT="35" WC="0.95" CONTENT="kannor."/><SP WIDTH="474" VPOS="568" HPOS="2155"/>
							<String ID="string_238" HPOS="2629" VPOS="571" WIDTH="35" HEIGHT="26" WC="0.94" CONTENT="pet"/><SP WIDTH="25" VPOS="571" HPOS="2664"/>
							<String ID="string_239" HPOS="2689" VPOS="569" WIDTH="38" HEIGHT="21" WC="0.94" CONTENT="och"/><SP WIDTH="26" VPOS="569" HPOS="2727"/>
							<String ID="string_240" HPOS="2753" VPOS="568" WIDTH="62" HEIGHT="22" WC="0.96" CONTENT="adeln"/><SP WIDTH="20" VPOS="568" HPOS="2815"/>
							<String ID="string_241" HPOS="2835" VPOS="569" WIDTH="55" HEIGHT="21" WC="0.93" CONTENT="samt"/><SP WIDTH="15" VPOS="569" HPOS="2890"/>
							<String ID="string_242" HPOS="2905" VPOS="567" WIDTH="182" HEIGHT="27" WC="0.92" CONTENT="borgareståndet,"/><SP WIDTH="17" VPOS="567" HPOS="3087"/>
							<String ID="string_243" HPOS="3104" VPOS="568" WIDTH="55" HEIGHT="20" WC="0.96" CONTENT="samt"/><SP WIDTH="16" VPOS="568" HPOS="3159"/>
							<String ID="string_244" HPOS="3175" VPOS="566" WIDTH="70" HEIGHT="20" WC="0.93" CONTENT="denna"/><SP WIDTH="14" VPOS="566" HPOS="3245"/>
							<String ID="string_245" HPOS="3259" VPOS="564" WIDTH="99" HEIGHT="22" WC="0.91" CONTENT="formule-"/>
						</TextLine>
						<TextLine ID="line_10" HPOS="395" VPOS="593" WIDTH="2962" HEIGHT="40">
							<String ID="string_246" HPOS="395" VPOS="606" WIDTH="85" HEIGHT="21" WC="0.88" CONTENT="sådana"/><SP WIDTH="31" VPOS="606" HPOS="480"/>
							<String ID="string_247" HPOS="511" VPOS="605" WIDTH="96" HEIGHT="28" WC="0.95" CONTENT="drycker."/><SP WIDTH="59" VPOS="605" HPOS="607"/>
							<String ID="string_248" HPOS="666" VPOS="605" WIDTH="53" HEIGHT="27" WC="0.92" CONTENT="friga"/><SP WIDTH="25" VPOS="605" HPOS="719"/>
							<String ID="string_249" HPOS="744" VPOS="605" WIDTH="59" HEIGHT="21" WC="0.95" CONTENT="delar"/><SP WIDTH="24" VPOS="605" HPOS="803"/>
							<String ID="string_250" HPOS="827" VPOS="604" WIDTH="23" HEIGHT="22" WC="0.96" CONTENT="af"/><SP WIDTH="22" VPOS="604" HPOS="850"/>
							<String ID="string_251" HPOS="872" VPOS="605" WIDTH="13" HEIGHT="26" WC="0.87" CONTENT="8"/><SP WIDTH="626" VPOS="605" HPOS="885"/>
							<String ID="string_252" HPOS="1511" VPOS="605" WIDTH="81" HEIGHT="19" WC="0.95" CONTENT="mentet"/><SP WIDTH="14" VPOS="605" HPOS="1592"/>
							<String ID="string_253" HPOS="1606" VPOS="603" WIDTH="7" HEIGHT="21" WC="0.96" CONTENT="i"/><SP WIDTH="15" VPOS="603" HPOS="1613"/>
							<String ID="string_254" HPOS="1628" VPOS="604" WIDTH="18" HEIGHT="24" WC="0.59" CONTENT="$."/><SP WIDTH="982" VPOS="604" HPOS="1646"/>
							<String ID="string_255" HPOS="2628" VPOS="598" WIDTH="46" HEIGHT="27" WC="0.93" CONTENT="ring"/><SP WIDTH="13" VPOS="598" HPOS="2674"/>
							<String ID="string_256" HPOS="2687" VPOS="597" WIDTH="78" HEIGHT="27" WC="0.92" CONTENT="jemväl"/><SP WIDTH="16" VPOS="597" HPOS="2765"/>
							<String ID="string_257" HPOS="2781" VPOS="597" WIDTH="198" HEIGHT="21" WC="0.92" CONTENT="öfverensstämmer"/><SP WIDTH="14" VPOS="597" HPOS="2979"/>
							<String ID="string_258" HPOS="2993" VPOS="596" WIDTH="48" HEIGHT="21" WC="0.93" CONTENT="med"/><SP WIDTH="16" VPOS="596" HPOS="3041"/>
							<String ID="string_259" HPOS="3057" VPOS="594" WIDTH="126" HEIGHT="26" WC="0.92" CONTENT="stadgandet"/><SP WIDTH="15" VPOS="594" HPOS="3183"/>
							<String ID="string_260" HPOS="3198" VPOS="594" WIDTH="7" HEIGHT="20" WC="0.97" CONTENT="i"/><SP WIDTH="16" VPOS="594" HPOS="3205"/>
							<String ID="string_261" HPOS="3221" VPOS="600" WIDTH="29" HEIGHT="14" WC="0.96" CONTENT="nu"/><SP WIDTH="9" VPOS="600" HPOS="3250"/>
							<String ID="string_262" HPOS="3259" VPOS="593" WIDTH="98" HEIGHT="27" WC="0.96" CONTENT="gällande"/>
						</TextLine>
						<TextLine ID="line_11" HPOS="396" VPOS="621" WIDTH="2961" HEIGHT="45">
							<String ID="string_263" HPOS="396" VPOS="630" WIDTH="118" HEIGHT="36" WC="0.92" CONTENT="godkända."/><SP WIDTH="2114" VPOS="630" HPOS="514"/>
							<String ID="string_264" HPOS="2628" VPOS="624" WIDTH="40" HEIGHT="31" WC="0.93" CONTENT="lag,"/><SP WIDTH="16" VPOS="624" HPOS="2668"/>
							<String ID="string_265" HPOS="2684" VPOS="626" WIDTH="97" HEIGHT="26" WC="0.92" CONTENT="inbjudas"/><SP WIDTH="15" VPOS="626" HPOS="2781"/>
							<String ID="string_266" HPOS="2796" VPOS="627" WIDTH="80" HEIGHT="25" WC="0.93" CONTENT="presta-"/><SP WIDTH="10" VPOS="627" HPOS="2876"/>
							<String ID="string_267" HPOS="2886" VPOS="625" WIDTH="39" HEIGHT="21" WC="0.93" CONTENT="och"/><SP WIDTH="15" VPOS="625" HPOS="2925"/>
							<String ID="string_268" HPOS="2940" VPOS="624" WIDTH="156" HEIGHT="22" WC="0.93" CONTENT="bondeständet"/><SP WIDTH="15" VPOS="624" HPOS="3096"/>
							<String ID="string_269" HPOS="3111" VPOS="624" WIDTH="39" HEIGHT="25" WC="0.95" CONTENT="att,"/><SP WIDTH="15" VPOS="624" HPOS="3150"/>
							<String ID="string_270" HPOS="3165" VPOS="622" WIDTH="50" HEIGHT="22" WC="0.93" CONTENT="med"/><SP WIDTH="14" VPOS="622" HPOS="3215"/>
							<String ID="string_271" HPOS="3229" VPOS="621" WIDTH="128" HEIGHT="27" WC="0.90" CONTENT="frängäende"/>
						</TextLine>
					</TextBlock>
				</ComposedBlock>
				<ComposedBlock ID="cblock_9" HPOS="2628" VPOS="650" WIDTH="730" HEIGHT="174">
					<TextBlock ID="block_6" HPOS="2628" VPOS="650" WIDTH="730" HEIGHT="174">
						<TextLine ID="line_12" HPOS="2629" VPOS="650" WIDTH="728" HEIGHT="37">
							<String ID="string_272" HPOS="2629" VPOS="654" WIDTH="80" HEIGHT="33" WC="0.89" CONTENT="afisina"/><SP WIDTH="7" VPOS="654" HPOS="2709"/>
							<String ID="string_273" HPOS="2716" VPOS="654" WIDTH="77" HEIGHT="27" WC="0.93" CONTENT="beslut,"/><SP WIDTH="18" VPOS="654" HPOS="2793"/>
							<String ID="string_274" HPOS="2811" VPOS="654" WIDTH="88" HEIGHT="22" WC="0.92" CONTENT="omfatta"/><SP WIDTH="16" VPOS="654" HPOS="2899"/>
							<String ID="string_275" HPOS="2915" VPOS="660" WIDTH="26" HEIGHT="15" WC="0.93" CONTENT="en"/><SP WIDTH="15" VPOS="660" HPOS="2941"/>
							<String ID="string_276" HPOS="2956" VPOS="652" WIDTH="115" HEIGHT="28" WC="0.92" CONTENT="sälydande"/><SP WIDTH="10" VPOS="652" HPOS="3071"/>
							<String ID="string_277" HPOS="3081" VPOS="651" WIDTH="138" HEIGHT="26" WC="0.95" CONTENT="formulering"/><SP WIDTH="12" VPOS="651" HPOS="3219"/>
							<String ID="string_278" HPOS="3231" VPOS="650" WIDTH="22" HEIGHT="22" WC="0.93" CONTENT="af"/><SP WIDTH="7" VPOS="650" HPOS="3253"/>
							<String ID="string_279" HPOS="3260" VPOS="650" WIDTH="32" HEIGHT="28" WC="0.76" CONTENT="&amp;:s"/><SP WIDTH="12" VPOS="650" HPOS="3292"/>
							<String ID="string_280" HPOS="3304" VPOS="651" WIDTH="53" HEIGHT="20" WC="0.92" CONTENT="1:sta"/>
						</TextLine>
						<TextLine ID="line_13" HPOS="2629" VPOS="678" WIDTH="728" HEIGHT="31">
							<String ID="string_281" HPOS="2629" VPOS="684" WIDTH="98" HEIGHT="21" WC="0.92" CONTENT="moment:"/><SP WIDTH="18" VPOS="684" HPOS="2727"/>
							<String ID="string_282" HPOS="2745" VPOS="682" WIDTH="161" HEIGHT="27" WC="0.85" CONTENT=",Innehafvare"/><SP WIDTH="8" VPOS="682" HPOS="2906"/>
							<String ID="string_283" HPOS="2914" VPOS="682" WIDTH="29" HEIGHT="26" WC="0.93" CONTENT="af"/><SP WIDTH="6" VPOS="682" HPOS="2943"/>
							<String ID="string_284" HPOS="2949" VPOS="681" WIDTH="99" HEIGHT="28" WC="0.96" CONTENT="bryggeri"/><SP WIDTH="5" VPOS="681" HPOS="3048"/>
							<String ID="string_285" HPOS="3053" VPOS="680" WIDTH="42" HEIGHT="27" WC="0.92" CONTENT="för"/><SP WIDTH="12" VPOS="680" HPOS="3095"/>
							<String ID="string_286" HPOS="3107" VPOS="680" WIDTH="140" HEIGHT="26" WC="0.96" CONTENT="tillverkning"/><SP WIDTH="10" VPOS="680" HPOS="3247"/>
							<String ID="string_287" HPOS="3257" VPOS="678" WIDTH="29" HEIGHT="27" WC="0.93" CONTENT="af"/><SP WIDTH="7" VPOS="678" HPOS="3286"/>
							<String ID="string_288" HPOS="3293" VPOS="679" WIDTH="64" HEIGHT="20" WC="0.83" CONTENT="malt-"/>
						</TextLine>
						<TextLine ID="line_14" HPOS="2629" VPOS="706" WIDTH="729" HEIGHT="34">
							<String ID="string_289" HPOS="2629" VPOS="712" WIDTH="90" HEIGHT="28" WC="0.92" CONTENT="drycker"/><SP WIDTH="25" VPOS="712" HPOS="2719"/>
							<String ID="string_290" HPOS="2744" VPOS="718" WIDTH="36" HEIGHT="21" WC="0.80" CONTENT="ege"/><SP WIDTH="24" VPOS="718" HPOS="2780"/>
							<String ID="string_291" HPOS="2804" VPOS="710" WIDTH="105" HEIGHT="28" WC="0.93" CONTENT="rättighet"/><SP WIDTH="23" VPOS="710" HPOS="2909"/>
							<String ID="string_292" HPOS="2932" VPOS="712" WIDTH="40" HEIGHT="25" WC="0.96" CONTENT="att,"/><SP WIDTH="23" VPOS="712" HPOS="2972"/>
							<String ID="string_293" HPOS="2995" VPOS="712" WIDTH="54" HEIGHT="19" WC="0.96" CONTENT="utan"/><SP WIDTH="14" VPOS="712" HPOS="3049"/>
							<String ID="string_294" HPOS="3063" VPOS="708" WIDTH="97" HEIGHT="22" WC="0.85" CONTENT="särskild"/><SP WIDTH="15" VPOS="708" HPOS="3160"/>
							<String ID="string_295" HPOS="3175" VPOS="708" WIDTH="114" HEIGHT="26" WC="0.96" CONTENT="anmälan,"/><SP WIDTH="10" VPOS="708" HPOS="3289"/>
							<String ID="string_296" HPOS="3299" VPOS="706" WIDTH="59" HEIGHT="27" WC="0.96" CONTENT="från"/>
						</TextLine>
						<TextLine ID="line_15" HPOS="2628" VPOS="735" WIDTH="729" HEIGHT="33">
							<String ID="string_297" HPOS="2628" VPOS="740" WIDTH="39" HEIGHT="28" WC="0.93" CONTENT="sitt"/><SP WIDTH="21" VPOS="740" HPOS="2667"/>
							<String ID="string_298" HPOS="2688" VPOS="740" WIDTH="99" HEIGHT="28" WC="0.96" CONTENT="bryggeri"/><SP WIDTH="26" VPOS="740" HPOS="2787"/>
							<String ID="string_299" HPOS="2813" VPOS="740" WIDTH="35" HEIGHT="21" WC="0.93" CONTENT="till"/><SP WIDTH="24" VPOS="740" HPOS="2848"/>
							<String ID="string_300" HPOS="2872" VPOS="739" WIDTH="137" HEIGHT="28" WC="0.92" CONTENT="afhemtning"/><SP WIDTH="19" VPOS="739" HPOS="3009"/>
							<String ID="string_301" HPOS="3028" VPOS="738" WIDTH="102" HEIGHT="27" WC="0.95" CONTENT="försälja"/><SP WIDTH="24" VPOS="738" HPOS="3130"/>
							<String ID="string_302" HPOS="3154" VPOS="737" WIDTH="86" HEIGHT="21" WC="0.95" CONTENT="sådana"/><SP WIDTH="21" VPOS="737" HPOS="3240"/>
							<String ID="string_303" HPOS="3261" VPOS="735" WIDTH="96" HEIGHT="28" WC="0.90" CONTENT="drycker."/>
						</TextLine>
						<TextLine ID="line_16" HPOS="2632" VPOS="764" WIDTH="726" HEIGHT="30">
							<String ID="string_304" HPOS="2632" VPOS="765" WIDTH="84" HEIGHT="25" WC="0.89" CONTENT="Önskar"/><SP WIDTH="26" VPOS="765" HPOS="2716"/>
							<String ID="string_305" HPOS="2742" VPOS="769" WIDTH="44" HEIGHT="21" WC="0.82" CONTENT="han"/><SP WIDTH="20" VPOS="769" HPOS="2786"/>
							<String ID="string_306" HPOS="2806" VPOS="768" WIDTH="159" HEIGHT="21" WC="0.90" CONTENT="vidsträcktare"/><SP WIDTH="9" VPOS="768" HPOS="2965"/>
							<String ID="string_307" HPOS="2974" VPOS="767" WIDTH="205" HEIGHT="27" WC="0.91" CONTENT="försäljningsrätt,"/><SP WIDTH="16" VPOS="767" HPOS="3179"/>
							<String ID="string_308" HPOS="3195" VPOS="765" WIDTH="65" HEIGHT="21" WC="0.96" CONTENT="ställe"/><SP WIDTH="14" VPOS="765" HPOS="3260"/>
							<String ID="string_309" HPOS="3274" VPOS="765" WIDTH="34" HEIGHT="27" WC="0.96" CONTENT="sig"/><SP WIDTH="17" VPOS="765" HPOS="3308"/>
							<String ID="string_310" HPOS="3325" VPOS="764" WIDTH="33" HEIGHT="21" WC="0.96" CONTENT="till"/>
						</TextLine>
						<TextLine ID="line_17" HPOS="2629" VPOS="794" WIDTH="678" HEIGHT="30">
							<String ID="string_311" HPOS="2629" VPOS="797" WIDTH="141" HEIGHT="27" WC="0.91" CONTENT="efterrättelse"/><SP WIDTH="15" VPOS="797" HPOS="2770"/>
							<String ID="string_312" HPOS="2785" VPOS="797" WIDTH="58" HEIGHT="21" WC="0.96" CONTENT="hvad"/><SP WIDTH="15" VPOS="797" HPOS="2843"/>
							<String ID="string_313" HPOS="2858" VPOS="797" WIDTH="8" HEIGHT="20" WC="0.96" CONTENT="i"/><SP WIDTH="14" VPOS="797" HPOS="2866"/>
							<String ID="string_314" HPOS="2880" VPOS="798" WIDTH="20" HEIGHT="20" WC="0.96" CONTENT="2."/><SP WIDTH="17" VPOS="798" HPOS="2900"/>
							<String ID="string_315" HPOS="2917" VPOS="796" WIDTH="39" HEIGHT="21" WC="0.96" CONTENT="och"/><SP WIDTH="16" VPOS="796" HPOS="2956"/>
							<String ID="string_316" HPOS="2972" VPOS="798" WIDTH="14" HEIGHT="19" WC="0.96" CONTENT="3"/><SP WIDTH="14" VPOS="798" HPOS="2986"/>
							<String ID="string_317" HPOS="3000" VPOS="796" WIDTH="36" HEIGHT="26" WC="0.95" CONTENT="$$,"/><SP WIDTH="17" VPOS="796" HPOS="3036"/>
							<String ID="string_318" HPOS="3053" VPOS="795" WIDTH="41" HEIGHT="21" WC="0.95" CONTENT="här"/><SP WIDTH="15" VPOS="795" HPOS="3094"/>
							<String ID="string_319" HPOS="3109" VPOS="794" WIDTH="72" HEIGHT="22" WC="0.96" CONTENT="nedan"/><SP WIDTH="14" VPOS="794" HPOS="3181"/>
							<String ID="string_320" HPOS="3195" VPOS="794" WIDTH="112" HEIGHT="26" WC="0.90" CONTENT="stadgas.&quot;"/>
						</TextLine>
					</TextBlock>
				</ComposedBlock>
				<ComposedBlock ID="cblock_10" HPOS="310" VPOS="820" WIDTH="3050" HEIGHT="155">
					<TextBlock ID="block_7" HPOS="310" VPOS="820" WIDTH="3050" HEIGHT="125">
						<TextLine ID="line_18" HPOS="310" VPOS="820" WIDTH="3049" HEIGHT="41">
							<String ID="string_321" HPOS="310" VPOS="833" WIDTH="13" HEIGHT="21" WC="0.94" CONTENT="3"/><SP WIDTH="18" VPOS="833" HPOS="323"/>
							<String ID="string_322" HPOS="341" VPOS="829" WIDTH="13" HEIGHT="38" WC="0.94" CONTENT="|"/><SP WIDTH="15" VPOS="829" HPOS="354"/>
							<String ID="string_323" HPOS="369" VPOS="834" WIDTH="41" HEIGHT="22" WC="0.96" CONTENT="har"/><SP WIDTH="14" VPOS="834" HPOS="410"/>
							<String ID="string_324" HPOS="424" VPOS="834" WIDTH="82" HEIGHT="27" WC="0.96" CONTENT="antagit"/><SP WIDTH="15" VPOS="834" HPOS="506"/>
							<String ID="string_325" HPOS="521" VPOS="833" WIDTH="115" HEIGHT="22" WC="0.96" CONTENT="utskottets"/><SP WIDTH="15" VPOS="833" HPOS="636"/>
							<String ID="string_326" HPOS="651" VPOS="833" WIDTH="143" HEIGHT="22" WC="0.96" CONTENT="betänkande."/><SP WIDTH="132" VPOS="833" HPOS="794"/>
							<String ID="string_327" HPOS="926" VPOS="833" WIDTH="38" HEIGHT="22" WC="0.96" CONTENT="har"/><SP WIDTH="22" VPOS="833" HPOS="964"/>
							<String ID="string_328" HPOS="986" VPOS="832" WIDTH="161" HEIGHT="22" WC="0.93" CONTENT="omformulerat"/><SP WIDTH="23" VPOS="832" HPOS="1147"/>
							<String ID="string_329" HPOS="1170" VPOS="834" WIDTH="53" HEIGHT="20" WC="0.81" CONTENT="1:sta"/><SP WIDTH="23" VPOS="834" HPOS="1223"/>
							<String ID="string_330" HPOS="1246" VPOS="833" WIDTH="71" HEIGHT="21" WC="0.96" CONTENT="satsen"/><SP WIDTH="23" VPOS="833" HPOS="1317"/>
							<String ID="string_331" HPOS="1340" VPOS="832" WIDTH="100" HEIGHT="22" WC="0.95" CONTENT="sålunda:"/><SP WIDTH="18" VPOS="832" HPOS="1440"/>
							<String ID="string_332" HPOS="1458" VPOS="821" WIDTH="15" HEIGHT="41" WC="0.96" CONTENT="|"/><SP WIDTH="11" VPOS="821" HPOS="1473"/>
							<String ID="string_333" HPOS="1484" VPOS="831" WIDTH="38" HEIGHT="21" WC="0.95" CONTENT="har"/><SP WIDTH="25" VPOS="831" HPOS="1522"/>
							<String ID="string_334" HPOS="1547" VPOS="830" WIDTH="77" HEIGHT="22" WC="0.96" CONTENT="ändrat"/><SP WIDTH="24" VPOS="830" HPOS="1624"/>
							<String ID="string_335" HPOS="1648" VPOS="830" WIDTH="107" HEIGHT="28" WC="0.93" CONTENT="uttrycket"/><SP WIDTH="15" VPOS="830" HPOS="1755"/>
							<String ID="string_336" HPOS="1770" VPOS="830" WIDTH="49" HEIGHT="27" WC="0.82" CONTENT=",,vid"/><SP WIDTH="16" VPOS="830" HPOS="1819"/>
							<String ID="string_337" HPOS="1835" VPOS="829" WIDTH="112" HEIGHT="28" WC="0.65" CONTENT="bryggeri&quot;"/><SP WIDTH="18" VPOS="829" HPOS="1947"/>
							<String ID="string_338" HPOS="1965" VPOS="829" WIDTH="34" HEIGHT="21" WC="0.96" CONTENT="till"/><SP WIDTH="19" VPOS="829" HPOS="1999"/>
							<String ID="string_339" HPOS="2018" VPOS="821" WIDTH="11" HEIGHT="41" WC="0.96" CONTENT="|"/><SP WIDTH="11" VPOS="821" HPOS="2029"/>
							<String ID="string_340" HPOS="2040" VPOS="828" WIDTH="39" HEIGHT="22" WC="0.93" CONTENT="har"/><SP WIDTH="15" VPOS="828" HPOS="2079"/>
							<String ID="string_341" HPOS="2094" VPOS="827" WIDTH="185" HEIGHT="25" WC="0.87" CONTENT="äterremitterat"/><SP WIDTH="-8" VPOS="827" HPOS="2279"/>
							<String ID="string_342" HPOS="2271" VPOS="821" WIDTH="11" HEIGHT="41" WC="0.89" CONTENT="$"/><SP WIDTH="11" VPOS="821" HPOS="2282"/>
							<String ID="string_343" HPOS="2293" VPOS="826" WIDTH="34" HEIGHT="22" WC="0.96" CONTENT="för"/><SP WIDTH="14" VPOS="826" HPOS="2327"/>
							<String ID="string_344" HPOS="2341" VPOS="826" WIDTH="67" HEIGHT="22" WC="0.96" CONTENT="sådan"/><SP WIDTH="12" VPOS="826" HPOS="2408"/>
							<String ID="string_345" HPOS="2420" VPOS="825" WIDTH="95" HEIGHT="27" WC="0.96" CONTENT="ändring,"/><SP WIDTH="12" VPOS="825" HPOS="2515"/>
							<String ID="string_346" HPOS="2527" VPOS="827" WIDTH="32" HEIGHT="19" WC="0.97" CONTENT="att"/><SP WIDTH="41" VPOS="827" HPOS="2559"/>
							<String ID="string_347" HPOS="2600" VPOS="820" WIDTH="60" HEIGHT="33" WC="0.65" CONTENT="Enär"/><SP WIDTH="19" VPOS="820" HPOS="2660"/>
							<String ID="string_348" HPOS="2679" VPOS="826" WIDTH="115" HEIGHT="21" WC="0.96" CONTENT="utskottets"/><SP WIDTH="21" VPOS="826" HPOS="2794"/>
							<String ID="string_349" HPOS="2815" VPOS="825" WIDTH="142" HEIGHT="27" WC="0.96" CONTENT="betänkande,"/><SP WIDTH="17" VPOS="825" HPOS="2957"/>
							<String ID="string_350" HPOS="2974" VPOS="824" WIDTH="48" HEIGHT="21" WC="0.96" CONTENT="med"/><SP WIDTH="15" VPOS="824" HPOS="3022"/>
							<String ID="string_351" HPOS="3037" VPOS="824" WIDTH="82" HEIGHT="27" WC="0.93" CONTENT="hänsyn,"/><SP WIDTH="14" VPOS="824" HPOS="3119"/>
							<String ID="string_352" HPOS="3133" VPOS="822" WIDTH="34" HEIGHT="22" WC="0.92" CONTENT="till"/><SP WIDTH="15" VPOS="822" HPOS="3167"/>
							<String ID="string_353" HPOS="3182" VPOS="822" WIDTH="29" HEIGHT="28" WC="0.89" CONTENT="$:s"/><SP WIDTH="16" VPOS="822" HPOS="3211"/>
							<String ID="string_354" HPOS="3227" VPOS="820" WIDTH="132" HEIGHT="28" WC="0.92" CONTENT="väsendtliga"/>
						</TextLine>
						<TextLine ID="line_19" HPOS="955" VPOS="850" WIDTH="2405" HEIGHT="40">
							<String ID="string_355" HPOS="955" VPOS="861" WIDTH="59" HEIGHT="29" WC="0.11" CONTENT="Vill"/><SP WIDTH="18" VPOS="861" HPOS="1014"/>
							<String ID="string_356" HPOS="1032" VPOS="862" WIDTH="72" HEIGHT="27" WC="0.96" CONTENT="någon"/><SP WIDTH="16" VPOS="862" HPOS="1104"/>
							<String ID="string_357" HPOS="1120" VPOS="861" WIDTH="66" HEIGHT="21" WC="0.96" CONTENT="vinna"/><SP WIDTH="11" VPOS="861" HPOS="1186"/>
							<String ID="string_358" HPOS="1197" VPOS="860" WIDTH="104" HEIGHT="28" WC="0.96" CONTENT="rättighet"/><SP WIDTH="11" VPOS="860" HPOS="1301"/>
							<String ID="string_359" HPOS="1312" VPOS="863" WIDTH="32" HEIGHT="19" WC="0.96" CONTENT="att"/><SP WIDTH="7" VPOS="863" HPOS="1344"/>
							<String ID="string_360" HPOS="1351" VPOS="861" WIDTH="31" HEIGHT="27" WC="0.93" CONTENT="på"/><SP WIDTH="12" VPOS="861" HPOS="1382"/>
							<String ID="string_361" HPOS="1394" VPOS="861" WIDTH="46" HEIGHT="21" WC="0.92" CONTENT="lan-"/><SP WIDTH="73" VPOS="861" HPOS="1440"/>
							<String ID="string_362" HPOS="1513" VPOS="875" WIDTH="5" HEIGHT="9" WC="0.47" CONTENT="v"/><SP WIDTH="2" VPOS="875" HPOS="1518"/>
							<String ID="string_363" HPOS="1520" VPOS="859" WIDTH="63" HEIGHT="27" WC="0.47" CONTENT="rän"/><SP WIDTH="17" VPOS="859" HPOS="1583"/>
							<String ID="string_364" HPOS="1600" VPOS="859" WIDTH="121" HEIGHT="28" WC="0.51" CONTENT="bryggeri.é"/><SP WIDTH="348" VPOS="859" HPOS="1721"/>
							<String ID="string_365" HPOS="2069" VPOS="857" WIDTH="94" HEIGHT="21" WC="0.96" CONTENT="ansökan"/><SP WIDTH="16" VPOS="857" HPOS="2163"/>
							<String ID="string_366" HPOS="2179" VPOS="862" WIDTH="34" HEIGHT="15" WC="0.91" CONTENT="om"/><SP WIDTH="16" VPOS="862" HPOS="2213"/>
							<String ID="string_367" HPOS="2229" VPOS="856" WIDTH="103" HEIGHT="26" WC="0.96" CONTENT="rättighet"/><SP WIDTH="15" VPOS="856" HPOS="2332"/>
							<String ID="string_368" HPOS="2347" VPOS="856" WIDTH="33" HEIGHT="20" WC="0.96" CONTENT="att"/><SP WIDTH="15" VPOS="856" HPOS="2380"/>
							<String ID="string_369" HPOS="2395" VPOS="855" WIDTH="28" HEIGHT="27" WC="0.96" CONTENT="pä"/><SP WIDTH="15" VPOS="855" HPOS="2423"/>
							<String ID="string_370" HPOS="2438" VPOS="854" WIDTH="73" HEIGHT="22" WC="0.96" CONTENT="landet"/><SP WIDTH="15" VPOS="854" HPOS="2511"/>
							<String ID="string_371" HPOS="2526" VPOS="854" WIDTH="33" HEIGHT="21" WC="0.96" CONTENT="till"/><SP WIDTH="70" VPOS="854" HPOS="2559"/>
							<String ID="string_372" HPOS="2629" VPOS="854" WIDTH="97" HEIGHT="27" WC="0.88" CONTENT="innehäll,"/><SP WIDTH="26" VPOS="854" HPOS="2726"/>
							<String ID="string_373" HPOS="2752" VPOS="854" WIDTH="106" HEIGHT="27" WC="0.88" CONTENT="godkänts"/><SP WIDTH="17" VPOS="854" HPOS="2858"/>
							<String ID="string_374" HPOS="2875" VPOS="853" WIDTH="22" HEIGHT="22" WC="0.97" CONTENT="af"/><SP WIDTH="12" VPOS="853" HPOS="2897"/>
							<String ID="string_375" HPOS="2909" VPOS="855" WIDTH="33" HEIGHT="20" WC="0.93" CONTENT="tre"/><SP WIDTH="15" VPOS="855" HPOS="2942"/>
							<String ID="string_376" HPOS="2957" VPOS="852" WIDTH="70" HEIGHT="27" WC="0.93" CONTENT="ständ,"/><SP WIDTH="16" VPOS="852" HPOS="3027"/>
							<String ID="string_377" HPOS="3043" VPOS="852" WIDTH="98" HEIGHT="27" WC="0.91" CONTENT="inbjudas"/><SP WIDTH="15" VPOS="852" HPOS="3141"/>
							<String ID="string_378" HPOS="3156" VPOS="852" WIDTH="88" HEIGHT="26" WC="0.93" CONTENT="presta-,"/><SP WIDTH="15" VPOS="852" HPOS="3244"/>
							<String ID="string_379" HPOS="3259" VPOS="850" WIDTH="101" HEIGHT="26" WC="0.93" CONTENT="borgare-"/>
						</TextLine>
						<TextLine ID="line_20" HPOS="954" VPOS="878" WIDTH="2406" HEIGHT="39">
							<String ID="string_380" HPOS="954" VPOS="890" WIDTH="35" HEIGHT="21" WC="0.96" CONTENT="det"/><SP WIDTH="23" VPOS="890" HPOS="989"/>
							<String ID="string_381" HPOS="1012" VPOS="890" WIDTH="34" HEIGHT="21" WC="0.93" CONTENT="till"/><SP WIDTH="16" VPOS="890" HPOS="1046"/>
							<String ID="string_382" HPOS="1062" VPOS="889" WIDTH="136" HEIGHT="28" WC="0.91" CONTENT="afhemtning"/><SP WIDTH="14" VPOS="889" HPOS="1198"/>
							<String ID="string_383" HPOS="1212" VPOS="890" WIDTH="97" HEIGHT="26" WC="0.93" CONTENT="försälja"/><SP WIDTH="16" VPOS="890" HPOS="1309"/>
							<String ID="string_384" HPOS="1325" VPOS="890" WIDTH="117" HEIGHT="26" WC="0.86" CONTENT="maltdryc-"/><SP WIDTH="627" VPOS="890" HPOS="1442"/>
							<String ID="string_385" HPOS="2069" VPOS="885" WIDTH="131" HEIGHT="26" WC="0.86" CONTENT="afhemtning"/><SP WIDTH="20" VPOS="885" HPOS="2200"/>
							<String ID="string_386" HPOS="2220" VPOS="884" WIDTH="85" HEIGHT="27" WC="0.93" CONTENT="försälja"/><SP WIDTH="20" VPOS="884" HPOS="2305"/>
							<String ID="string_387" HPOS="2325" VPOS="883" WIDTH="144" HEIGHT="27" WC="0.85" CONTENT="maltdrycker"/><SP WIDTH="16" VPOS="883" HPOS="2469"/>
							<String ID="string_388" HPOS="2485" VPOS="882" WIDTH="74" HEIGHT="21" WC="0.96" CONTENT="endast"/><SP WIDTH="70" VPOS="882" HPOS="2559"/>
							<String ID="string_389" HPOS="2629" VPOS="883" WIDTH="38" HEIGHT="21" WC="0.93" CONTENT="och"/><SP WIDTH="10" VPOS="883" HPOS="2667"/>
							<String ID="string_390" HPOS="2677" VPOS="883" WIDTH="160" HEIGHT="21" WC="0.92" CONTENT="bondeständen"/><SP WIDTH="16" VPOS="883" HPOS="2837"/>
							<String ID="string_391" HPOS="2853" VPOS="884" WIDTH="39" HEIGHT="25" WC="0.96" CONTENT="att,"/><SP WIDTH="16" VPOS="884" HPOS="2892"/>
							<String ID="string_392" HPOS="2908" VPOS="882" WIDTH="49" HEIGHT="21" WC="0.93" CONTENT="med"/><SP WIDTH="14" VPOS="882" HPOS="2957"/>
							<String ID="string_393" HPOS="2971" VPOS="880" WIDTH="130" HEIGHT="27" WC="0.93" CONTENT="frängäende"/><SP WIDTH="15" VPOS="880" HPOS="3101"/>
							<String ID="string_394" HPOS="3116" VPOS="879" WIDTH="24" HEIGHT="22" WC="0.96" CONTENT="af"/><SP WIDTH="13" VPOS="879" HPOS="3140"/>
							<String ID="string_395" HPOS="3153" VPOS="879" WIDTH="46" HEIGHT="22" WC="0.93" CONTENT="sina"/><SP WIDTH="15" VPOS="879" HPOS="3199"/>
							<String ID="string_396" HPOS="3214" VPOS="878" WIDTH="146" HEIGHT="27" WC="0.92" CONTENT="skiljaktighe-"/>
						</TextLine>
						<TextLine ID="line_21" HPOS="955" VPOS="907" WIDTH="2348" HEIGHT="38">
							<String ID="string_397" HPOS="955" VPOS="919" WIDTH="37" HEIGHT="20" WC="0.95" CONTENT="ker"/><SP WIDTH="24" VPOS="919" HPOS="992"/>
							<String ID="string_398" HPOS="1016" VPOS="919" WIDTH="35" HEIGHT="20" WC="0.95" CONTENT="till"/><SP WIDTH="19" VPOS="919" HPOS="1051"/>
							<String ID="string_399" HPOS="1070" VPOS="918" WIDTH="84" HEIGHT="21" WC="0.93" CONTENT="mindre"/><SP WIDTH="16" VPOS="918" HPOS="1154"/>
							<String ID="string_400" HPOS="1170" VPOS="918" WIDTH="75" HEIGHT="27" WC="0.91" CONTENT="belopp"/><SP WIDTH="13" VPOS="918" HPOS="1245"/>
							<String ID="string_401" HPOS="1258" VPOS="919" WIDTH="30" HEIGHT="20" WC="0.93" CONTENT="än"/><SP WIDTH="15" VPOS="919" HPOS="1288"/>
							<String ID="string_402" HPOS="1303" VPOS="917" WIDTH="57" HEIGHT="21" WC="0.91" CONTENT="hvad"/><SP WIDTH="15" VPOS="917" HPOS="1360"/>
							<String ID="string_403" HPOS="1375" VPOS="918" WIDTH="9" HEIGHT="20" WC="0.88" CONTENT="i"/><SP WIDTH="14" VPOS="918" HPOS="1384"/>
							<String ID="string_404" HPOS="1398" VPOS="918" WIDTH="15" HEIGHT="27" WC="0.88" CONTENT="&amp;"/><SP WIDTH="15" VPOS="918" HPOS="1413"/>
							<String ID="string_405" HPOS="1428" VPOS="919" WIDTH="14" HEIGHT="19" WC="0.96" CONTENT="1"/><SP WIDTH="627" VPOS="919" HPOS="1442"/>
							<String ID="string_406" HPOS="2069" VPOS="913" WIDTH="35" HEIGHT="22" WC="0.93" CONTENT="vid"/><SP WIDTH="23" VPOS="913" HPOS="2104"/>
							<String ID="string_407" HPOS="2127" VPOS="913" WIDTH="112" HEIGHT="21" WC="0.92" CONTENT="ordinarie"/><SP WIDTH="23" VPOS="913" HPOS="2239"/>
							<String ID="string_408" HPOS="2262" VPOS="912" WIDTH="219" HEIGHT="21" WC="0.84" CONTENT="kommunalstämma"/><SP WIDTH="22" VPOS="912" HPOS="2481"/>
							<String ID="string_409" HPOS="2503" VPOS="910" WIDTH="56" HEIGHT="27" WC="0.86" CONTENT="finge"/><SP WIDTH="70" VPOS="910" HPOS="2559"/>
							<String ID="string_410" HPOS="2629" VPOS="908" WIDTH="38" HEIGHT="30" WC="0.94" CONTENT="ter,"/><SP WIDTH="16" VPOS="908" HPOS="2667"/>
							<String ID="string_411" HPOS="2683" VPOS="911" WIDTH="7" HEIGHT="21" WC="0.92" CONTENT="i"/><SP WIDTH="15" VPOS="911" HPOS="2690"/>
							<String ID="string_412" HPOS="2705" VPOS="911" WIDTH="41" HEIGHT="22" WC="0.92" CONTENT="allo"/><SP WIDTH="17" VPOS="911" HPOS="2746"/>
							<String ID="string_413" HPOS="2763" VPOS="911" WIDTH="89" HEIGHT="21" WC="0.90" CONTENT="omfatta"/><SP WIDTH="16" VPOS="911" HPOS="2852"/>
							<String ID="string_414" HPOS="2868" VPOS="910" WIDTH="30" HEIGHT="28" WC="0.89" CONTENT="&amp;:s"/><SP WIDTH="16" VPOS="910" HPOS="2898"/>
							<String ID="string_415" HPOS="2914" VPOS="909" WIDTH="80" HEIGHT="28" WC="0.93" CONTENT="lydelse"/><SP WIDTH="14" VPOS="909" HPOS="2994"/>
							<String ID="string_416" HPOS="3008" VPOS="909" WIDTH="7" HEIGHT="21" WC="0.93" CONTENT="i"/><SP WIDTH="16" VPOS="909" HPOS="3015"/>
							<String ID="string_417" HPOS="3031" VPOS="909" WIDTH="115" HEIGHT="21" WC="0.93" CONTENT="utskottets"/><SP WIDTH="15" VPOS="909" HPOS="3146"/>
							<String ID="string_418" HPOS="3161" VPOS="907" WIDTH="142" HEIGHT="22" WC="0.92" CONTENT="betänkande."/>
						</TextLine>
					</TextBlock>
					<TextBlock ID="block_8" HPOS="955" VPOS="940" WIDTH="1405" HEIGHT="35">
						<TextLine ID="line_22" HPOS="955" VPOS="940" WIDTH="1405" HEIGHT="35">
							<String ID="string_419" HPOS="955" VPOS="948" WIDTH="13" HEIGHT="20" WC="0.91" CONTENT="å"/><SP WIDTH="23" VPOS="948" HPOS="968"/>
							<String ID="string_420" HPOS="991" VPOS="947" WIDTH="100" HEIGHT="28" WC="0.94" CONTENT="bryggeri"/><SP WIDTH="18" VPOS="947" HPOS="1091"/>
							<String ID="string_421" HPOS="1109" VPOS="947" WIDTH="32" HEIGHT="27" WC="0.96" CONTENT="pä"/><SP WIDTH="23" VPOS="947" HPOS="1141"/>
							<String ID="string_422" HPOS="1164" VPOS="947" WIDTH="74" HEIGHT="20" WC="0.93" CONTENT="landet"/><SP WIDTH="22" VPOS="947" HPOS="1238"/>
							<String ID="string_423" HPOS="1260" VPOS="945" WIDTH="147" HEIGHT="29" WC="0.36" CONTENT="medgifvits;*"/><SP WIDTH="22" VPOS="945" HPOS="1407"/>
							<String ID="string_424" HPOS="1429" VPOS="947" WIDTH="13" HEIGHT="20" WC="0.91" CONTENT="&amp;"/><SP WIDTH="627" VPOS="947" HPOS="1442"/>
							<String ID="string_425" HPOS="2069" VPOS="942" WIDTH="32" HEIGHT="21" WC="0.93" CONTENT="till"/><SP WIDTH="16" VPOS="942" HPOS="2101"/>
							<String ID="string_426" HPOS="2117" VPOS="941" WIDTH="115" HEIGHT="28" WC="0.93" CONTENT="afgörande"/><SP WIDTH="15" VPOS="941" HPOS="2232"/>
							<String ID="string_427" HPOS="2247" VPOS="940" WIDTH="113" HEIGHT="27" WC="0.92" CONTENT="företagas."/>
						</TextLine>
					</TextBlock>
				</ComposedBlock>
				<ComposedBlock ID="cblock_11" HPOS="311" VPOS="975" WIDTH="3050" HEIGHT="312">
					<TextBlock ID="block_9" HPOS="311" VPOS="975" WIDTH="3050" HEIGHT="312">
						<TextLine ID="line_23" HPOS="956" VPOS="975" WIDTH="486" HEIGHT="27">
							<String ID="string_428" HPOS="956" VPOS="976" WIDTH="32" HEIGHT="21" WC="0.93" CONTENT="12."/><SP WIDTH="26" VPOS="976" HPOS="988"/>
							<String ID="string_429" HPOS="1014" VPOS="975" WIDTH="66" HEIGHT="22" WC="0.96" CONTENT="raden"/><SP WIDTH="25" VPOS="975" HPOS="1080"/>
							<String ID="string_430" HPOS="1105" VPOS="975" WIDTH="22" HEIGHT="22" WC="0.90" CONTENT="af"/><SP WIDTH="23" VPOS="975" HPOS="1127"/>
							<String ID="string_431" HPOS="1150" VPOS="977" WIDTH="10" HEIGHT="24" WC="0.90" CONTENT="$"/><SP WIDTH="25" VPOS="977" HPOS="1160"/>
							<String ID="string_432" HPOS="1185" VPOS="975" WIDTH="96" HEIGHT="27" WC="0.88" CONTENT="inskjutit"/><SP WIDTH="25" VPOS="975" HPOS="1281"/>
							<String ID="string_433" HPOS="1306" VPOS="975" WIDTH="136" HEIGHT="27" WC="0.77" CONTENT=",ordinarie”"/>
						</TextLine>
						<TextLine ID="line_24" HPOS="954" VPOS="1003" WIDTH="846" HEIGHT="27">
							<String ID="string_434" HPOS="954" VPOS="1003" WIDTH="87" HEIGHT="23" WC="0.92" CONTENT="framför"/><SP WIDTH="15" VPOS="1003" HPOS="1041"/>
							<String ID="string_435" HPOS="1056" VPOS="1003" WIDTH="245" HEIGHT="26" WC="0.48" CONTENT=",kommunalstämma*"/><SP WIDTH="19" VPOS="1003" HPOS="1301"/>
							<String ID="string_436" HPOS="1320" VPOS="1004" WIDTH="13" HEIGHT="21" WC="0.88" CONTENT="&amp;"/><SP WIDTH="17" VPOS="1004" HPOS="1333"/>
							<String ID="string_437" HPOS="1350" VPOS="1003" WIDTH="92" HEIGHT="27" WC="0.95" CONTENT="följande"/><SP WIDTH="356" VPOS="1003" HPOS="1442"/>
							<String ID="string_438" HPOS="1798" VPOS="1015" WIDTH="2" HEIGHT="7" WC="0.81" CONTENT="|"/>
						</TextLine>
						<TextLine ID="line_25" HPOS="955" VPOS="1029" WIDTH="846" HEIGHT="30">
							<String ID="string_439" HPOS="955" VPOS="1033" WIDTH="39" HEIGHT="21" WC="0.93" CONTENT="rad"/><SP WIDTH="22" VPOS="1033" HPOS="994"/>
							<String ID="string_440" HPOS="1016" VPOS="1032" WIDTH="53" HEIGHT="22" WC="0.89" CONTENT="efter"/><SP WIDTH="25" VPOS="1032" HPOS="1069"/>
							<String ID="string_441" HPOS="1094" VPOS="1032" WIDTH="169" HEIGHT="27" WC="0.45" CONTENT=",innehafvare*"/><SP WIDTH="23" VPOS="1032" HPOS="1263"/>
							<String ID="string_442" HPOS="1286" VPOS="1031" WIDTH="70" HEIGHT="28" WC="0.93" CONTENT="tillagt"/><SP WIDTH="21" VPOS="1031" HPOS="1356"/>
							<String ID="string_443" HPOS="1377" VPOS="1049" WIDTH="5" HEIGHT="8" WC="0.89" CONTENT=","/><SP WIDTH="1" VPOS="1049" HPOS="1382"/>
							<String ID="string_444" HPOS="1383" VPOS="1032" WIDTH="60" HEIGHT="25" WC="0.91" CONTENT="eller"/><SP WIDTH="355" VPOS="1032" HPOS="1443"/>
							<String ID="string_445" HPOS="1798" VPOS="1029" WIDTH="3" HEIGHT="21" WC="0.85" CONTENT="|"/>
						</TextLine>
						<TextLine ID="line_26" HPOS="956" VPOS="1060" WIDTH="485" HEIGHT="28">
							<String ID="string_446" HPOS="956" VPOS="1061" WIDTH="122" HEIGHT="27" WC="0.89" CONTENT="delegare;*"/><SP WIDTH="28" VPOS="1061" HPOS="1078"/>
							<String ID="string_447" HPOS="1106" VPOS="1061" WIDTH="8" HEIGHT="21" WC="0.89" CONTENT="i"/><SP WIDTH="16" VPOS="1061" HPOS="1114"/>
							<String ID="string_448" HPOS="1130" VPOS="1061" WIDTH="55" HEIGHT="27" WC="0.77" CONTENT="3:dje"/><SP WIDTH="22" VPOS="1061" HPOS="1185"/>
							<String ID="string_449" HPOS="1207" VPOS="1062" WIDTH="83" HEIGHT="20" WC="0.92" CONTENT="satsens"/><SP WIDTH="14" VPOS="1062" HPOS="1290"/>
							<String ID="string_450" HPOS="1304" VPOS="1060" WIDTH="44" HEIGHT="22" WC="0.93" CONTENT="slut"/><SP WIDTH="14" VPOS="1060" HPOS="1348"/>
							<String ID="string_451" HPOS="1362" VPOS="1060" WIDTH="79" HEIGHT="27" WC="0.95" CONTENT="tillagt:"/>
						</TextLine>
						<TextLine ID="line_27" HPOS="956" VPOS="1088" WIDTH="486" HEIGHT="29">
							<String ID="string_452" HPOS="956" VPOS="1088" WIDTH="102" HEIGHT="29" WC="0.43" CONTENT="yVarder"/><SP WIDTH="8" VPOS="1088" HPOS="1058"/>
							<String ID="string_453" HPOS="1066" VPOS="1089" WIDTH="199" HEIGHT="28" WC="0.96" CONTENT="framställningen"/><SP WIDTH="9" VPOS="1089" HPOS="1265"/>
							<String ID="string_454" HPOS="1274" VPOS="1088" WIDTH="29" HEIGHT="27" WC="0.93" CONTENT="af"/><SP WIDTH="5" VPOS="1088" HPOS="1303"/>
							<String ID="string_455" HPOS="1308" VPOS="1089" WIDTH="134" HEIGHT="21" WC="0.85" CONTENT="kommunal-"/>
						</TextLine>
						<TextLine ID="line_28" HPOS="956" VPOS="1117" WIDTH="486" HEIGHT="29">
							<String ID="string_456" HPOS="956" VPOS="1120" WIDTH="91" HEIGHT="19" WC="0.93" CONTENT="stämma"/><SP WIDTH="11" VPOS="1120" HPOS="1047"/>
							<String ID="string_457" HPOS="1058" VPOS="1118" WIDTH="84" HEIGHT="28" WC="0.91" CONTENT="ogillad"/><SP WIDTH="9" VPOS="1118" HPOS="1142"/>
							<String ID="string_458" HPOS="1151" VPOS="1117" WIDTH="98" HEIGHT="28" WC="0.90" CONTENT="förfalle"/><SP WIDTH="9" VPOS="1117" HPOS="1249"/>
							<String ID="string_459" HPOS="1258" VPOS="1117" WIDTH="111" HEIGHT="28" WC="0.24" CONTENT="frägan;*"/><SP WIDTH="16" VPOS="1117" HPOS="1369"/>
							<String ID="string_460" HPOS="1385" VPOS="1118" WIDTH="13" HEIGHT="21" WC="0.92" CONTENT="&amp;"/><SP WIDTH="11" VPOS="1118" HPOS="1398"/>
							<String ID="string_461" HPOS="1409" VPOS="1117" WIDTH="33" HEIGHT="21" WC="0.96" CONTENT="15."/>
						</TextLine>
						<TextLine ID="line_29" HPOS="956" VPOS="1145" WIDTH="488" HEIGHT="27">
							<String ID="string_462" HPOS="956" VPOS="1147" WIDTH="44" HEIGHT="21" WC="0.95" CONTENT="rad."/><SP WIDTH="26" VPOS="1147" HPOS="1000"/>
							<String ID="string_463" HPOS="1026" VPOS="1147" WIDTH="76" HEIGHT="21" WC="0.91" CONTENT="ändrat"/><SP WIDTH="18" VPOS="1147" HPOS="1102"/>
							<String ID="string_464" HPOS="1120" VPOS="1147" WIDTH="34" HEIGHT="25" WC="0.67" CONTENT=",ei"/><SP WIDTH="17" VPOS="1147" HPOS="1154"/>
							<String ID="string_465" HPOS="1171" VPOS="1147" WIDTH="141" HEIGHT="20" WC="0.10" CONTENT="ainoastaan&quot;"/><SP WIDTH="15" VPOS="1147" HPOS="1312"/>
							<String ID="string_466" HPOS="1327" VPOS="1146" WIDTH="7" HEIGHT="21" WC="0.96" CONTENT="i"/><SP WIDTH="16" VPOS="1146" HPOS="1334"/>
							<String ID="string_467" HPOS="1350" VPOS="1146" WIDTH="41" HEIGHT="21" WC="0.93" CONTENT="den"/><SP WIDTH="15" VPOS="1146" HPOS="1391"/>
							<String ID="string_468" HPOS="1406" VPOS="1145" WIDTH="38" HEIGHT="22" WC="0.93" CONTENT="fin-"/>
						</TextLine>
						<TextLine ID="line_30" HPOS="956" VPOS="1173" WIDTH="488" HEIGHT="27">
							<String ID="string_469" HPOS="956" VPOS="1175" WIDTH="38" HEIGHT="22" WC="0.96" CONTENT="ska"/><SP WIDTH="23" VPOS="1175" HPOS="994"/>
							<String ID="string_470" HPOS="1017" VPOS="1176" WIDTH="72" HEIGHT="21" WC="0.95" CONTENT="texten"/><SP WIDTH="15" VPOS="1176" HPOS="1089"/>
							<String ID="string_471" HPOS="1104" VPOS="1175" WIDTH="32" HEIGHT="22" WC="0.91" CONTENT="till"/><SP WIDTH="17" VPOS="1175" HPOS="1136"/>
							<String ID="string_472" HPOS="1153" VPOS="1175" WIDTH="72" HEIGHT="25" WC="0.90" CONTENT=",sekä*"/><SP WIDTH="17" VPOS="1175" HPOS="1225"/>
							<String ID="string_473" HPOS="1242" VPOS="1175" WIDTH="39" HEIGHT="22" WC="0.91" CONTENT="och"/><SP WIDTH="16" VPOS="1175" HPOS="1281"/>
							<String ID="string_474" HPOS="1297" VPOS="1175" WIDTH="13" HEIGHT="21" WC="0.91" CONTENT="&amp;"/><SP WIDTH="16" VPOS="1175" HPOS="1310"/>
							<String ID="string_475" HPOS="1326" VPOS="1175" WIDTH="32" HEIGHT="21" WC="0.96" CONTENT="16."/><SP WIDTH="17" VPOS="1175" HPOS="1358"/>
							<String ID="string_476" HPOS="1375" VPOS="1174" WIDTH="45" HEIGHT="22" WC="0.69" CONTENT="rad."/><SP WIDTH="16" VPOS="1174" HPOS="1420"/>
							<String ID="string_477" HPOS="1436" VPOS="1173" WIDTH="8" HEIGHT="22" WC="0.96" CONTENT="i"/>
						</TextLine>
						<TextLine ID="line_31" HPOS="465" VPOS="1203" WIDTH="873" HEIGHT="32">
							<String ID="string_478" HPOS="465" VPOS="1231" WIDTH="5" HEIGHT="4" WC="0.92" CONTENT="N"/><SP WIDTH="486" VPOS="1231" HPOS="470"/>
							<String ID="string_479" HPOS="956" VPOS="1209" WIDTH="81" HEIGHT="16" WC="0.95" CONTENT="samma"/><SP WIDTH="14" VPOS="1209" HPOS="1037"/>
							<String ID="string_480" HPOS="1051" VPOS="1205" WIDTH="46" HEIGHT="20" WC="0.93" CONTENT="text"/><SP WIDTH="15" VPOS="1205" HPOS="1097"/>
							<String ID="string_481" HPOS="1112" VPOS="1205" WIDTH="84" HEIGHT="24" WC="0.46" CONTENT=",vaan&quot;"/><SP WIDTH="16" VPOS="1205" HPOS="1196"/>
							<String ID="string_482" HPOS="1212" VPOS="1203" WIDTH="32" HEIGHT="22" WC="0.93" CONTENT="till"/><SP WIDTH="16" VPOS="1203" HPOS="1244"/>
							<String ID="string_483" HPOS="1260" VPOS="1205" WIDTH="78" HEIGHT="24" WC="0.71" CONTENT=",että.*"/>
						</TextLine>
						<TextLine ID="line_32" HPOS="311" VPOS="1218" WIDTH="3050" HEIGHT="41">
							<String ID="string_484" HPOS="311" VPOS="1231" WIDTH="14" HEIGHT="21" WC="0.94" CONTENT="4"/><SP WIDTH="15" VPOS="1231" HPOS="325"/>
							<String ID="string_485" HPOS="340" VPOS="1226" WIDTH="17" HEIGHT="37" WC="0.92" CONTENT="|"/><SP WIDTH="14" VPOS="1226" HPOS="357"/>
							<String ID="string_486" HPOS="371" VPOS="1232" WIDTH="157" HEIGHT="21" WC="0.78" CONTENT="äterremiterat"/><SP WIDTH="24" VPOS="1232" HPOS="528"/>
							<String ID="string_487" HPOS="552" VPOS="1231" WIDTH="12" HEIGHT="28" WC="0.86" CONTENT="&amp;"/><SP WIDTH="24" VPOS="1231" HPOS="564"/>
							<String ID="string_488" HPOS="588" VPOS="1231" WIDTH="33" HEIGHT="22" WC="0.93" CONTENT="för"/><SP WIDTH="25" VPOS="1231" HPOS="621"/>
							<String ID="string_489" HPOS="646" VPOS="1231" WIDTH="156" HEIGHT="27" WC="0.92" CONTENT="omredigering"/><SP WIDTH="24" VPOS="1231" HPOS="802"/>
							<String ID="string_490" HPOS="826" VPOS="1230" WIDTH="6" HEIGHT="21" WC="0.96" CONTENT="i"/><SP WIDTH="21" VPOS="1230" HPOS="832"/>
							<String ID="string_491" HPOS="853" VPOS="1231" WIDTH="36" HEIGHT="21" WC="0.96" CONTENT="det"/><SP WIDTH="16" VPOS="1231" HPOS="889"/>
							<String ID="string_492" HPOS="905" VPOS="1226" WIDTH="13" HEIGHT="37" WC="0.97" CONTENT="|"/><SP WIDTH="12" VPOS="1226" HPOS="918"/>
							<String ID="string_493" HPOS="930" VPOS="1231" WIDTH="37" HEIGHT="22" WC="0.93" CONTENT="har"/><SP WIDTH="15" VPOS="1231" HPOS="967"/>
							<String ID="string_494" HPOS="982" VPOS="1232" WIDTH="82" HEIGHT="27" WC="0.96" CONTENT="antagit"/><SP WIDTH="15" VPOS="1232" HPOS="1064"/>
							<String ID="string_495" HPOS="1079" VPOS="1232" WIDTH="116" HEIGHT="22" WC="0.96" CONTENT="utskottets"/><SP WIDTH="15" VPOS="1232" HPOS="1195"/>
							<String ID="string_496" HPOS="1210" VPOS="1231" WIDTH="141" HEIGHT="22" WC="0.96" CONTENT="betänkande."/><SP WIDTH="134" VPOS="1231" HPOS="1351"/>
							<String ID="string_497" HPOS="1485" VPOS="1230" WIDTH="39" HEIGHT="22" WC="0.91" CONTENT="har"/><SP WIDTH="22" VPOS="1230" HPOS="1524"/>
							<String ID="string_498" HPOS="1546" VPOS="1231" WIDTH="130" HEIGHT="20" WC="0.91" CONTENT="utmönstrat"/><SP WIDTH="15" VPOS="1231" HPOS="1676"/>
							<String ID="string_499" HPOS="1691" VPOS="1229" WIDTH="48" HEIGHT="21" WC="0.93" CONTENT="hela"/><SP WIDTH="16" VPOS="1229" HPOS="1739"/>
							<String ID="string_500" HPOS="1755" VPOS="1229" WIDTH="11" HEIGHT="28" WC="0.89" CONTENT="$"/><SP WIDTH="16" VPOS="1229" HPOS="1766"/>
							<String ID="string_501" HPOS="1782" VPOS="1229" WIDTH="44" HEIGHT="21" WC="0.92" CONTENT="frän"/><SP WIDTH="16" VPOS="1229" HPOS="1826"/>
							<String ID="string_502" HPOS="1842" VPOS="1228" WIDTH="157" HEIGHT="27" WC="0.89" CONTENT="författningen."/><SP WIDTH="18" VPOS="1228" HPOS="1999"/>
							<String ID="string_503" HPOS="2017" VPOS="1220" WIDTH="11" HEIGHT="41" WC="0.96" CONTENT="|"/><SP WIDTH="14" VPOS="1220" HPOS="2028"/>
							<String ID="string_504" HPOS="2042" VPOS="1226" WIDTH="39" HEIGHT="21" WC="0.93" CONTENT="har"/><SP WIDTH="16" VPOS="1226" HPOS="2081"/>
							<String ID="string_505" HPOS="2097" VPOS="1225" WIDTH="82" HEIGHT="28" WC="0.93" CONTENT="antagit"/><SP WIDTH="14" VPOS="1225" HPOS="2179"/>
							<String ID="string_506" HPOS="2193" VPOS="1225" WIDTH="116" HEIGHT="22" WC="0.92" CONTENT="utskottets"/><SP WIDTH="16" VPOS="1225" HPOS="2309"/>
							<String ID="string_507" HPOS="2325" VPOS="1224" WIDTH="142" HEIGHT="23" WC="0.92" CONTENT="betänkande."/><SP WIDTH="136" VPOS="1224" HPOS="2467"/>
							<String ID="string_508" HPOS="2603" VPOS="1225" WIDTH="93" HEIGHT="21" WC="0.89" CONTENT="Emedan"/><SP WIDTH="25" VPOS="1225" HPOS="2696"/>
							<String ID="string_509" HPOS="2721" VPOS="1224" WIDTH="116" HEIGHT="21" WC="0.89" CONTENT="utskottets"/><SP WIDTH="24" VPOS="1224" HPOS="2837"/>
							<String ID="string_510" HPOS="2861" VPOS="1222" WIDTH="136" HEIGHT="22" WC="0.92" CONTENT="betänkande"/><SP WIDTH="18" VPOS="1222" HPOS="2997"/>
							<String ID="string_511" HPOS="3015" VPOS="1223" WIDTH="23" HEIGHT="20" WC="0.93" CONTENT="är"/><SP WIDTH="16" VPOS="1223" HPOS="3038"/>
							<String ID="string_512" HPOS="3054" VPOS="1222" WIDTH="88" HEIGHT="26" WC="0.93" CONTENT="antaget"/><SP WIDTH="15" VPOS="1222" HPOS="3142"/>
							<String ID="string_513" HPOS="3157" VPOS="1220" WIDTH="22" HEIGHT="22" WC="0.93" CONTENT="af"/><SP WIDTH="13" VPOS="1220" HPOS="3179"/>
							<String ID="string_514" HPOS="3192" VPOS="1220" WIDTH="37" HEIGHT="21" WC="0.91" CONTENT="tvä"/><SP WIDTH="15" VPOS="1220" HPOS="3229"/>
							<String ID="string_515" HPOS="3244" VPOS="1219" WIDTH="69" HEIGHT="26" WC="0.92" CONTENT="ständ,"/><SP WIDTH="16" VPOS="1219" HPOS="3313"/>
							<String ID="string_516" HPOS="3329" VPOS="1218" WIDTH="32" HEIGHT="22" WC="0.92" CONTENT="in-"/>
						</TextLine>
						<TextLine ID="line_33" HPOS="400" VPOS="1247" WIDTH="2961" HEIGHT="40">
							<String ID="string_517" HPOS="400" VPOS="1260" WIDTH="54" HEIGHT="27" WC="0.96" CONTENT="syfte"/><SP WIDTH="24" VPOS="1260" HPOS="454"/>
							<String ID="string_518" HPOS="478" VPOS="1261" WIDTH="32" HEIGHT="20" WC="0.93" CONTENT="att"/><SP WIDTH="14" VPOS="1261" HPOS="510"/>
							<String ID="string_519" HPOS="524" VPOS="1259" WIDTH="256" HEIGHT="28" WC="0.83" CONTENT="maltdrycksförsäljning"/><SP WIDTH="15" VPOS="1259" HPOS="780"/>
							<String ID="string_520" HPOS="795" VPOS="1259" WIDTH="22" HEIGHT="22" WC="0.93" CONTENT="af"/><SP WIDTH="13" VPOS="1259" HPOS="817"/>
							<String ID="string_521" HPOS="830" VPOS="1259" WIDTH="59" HEIGHT="21" WC="0.92" CONTENT="kom-"/><SP WIDTH="9" VPOS="1259" HPOS="889"/>
							<String ID="string_522" HPOS="898" VPOS="1255" WIDTH="16" HEIGHT="37" WC="0.93" CONTENT="|"/><SP WIDTH="23" VPOS="1255" HPOS="914"/>
							<String ID="string_523" HPOS="937" VPOS="1270" WIDTH="1" HEIGHT="3" WC="0.91" CONTENT="&#39;"/><SP WIDTH="946" VPOS="1270" HPOS="938"/>
							<String ID="string_524" HPOS="1884" VPOS="1260" WIDTH="2" HEIGHT="3" WC="0.57" CONTENT="N"/><SP WIDTH="746" VPOS="1260" HPOS="1886"/>
							<String ID="string_525" HPOS="2632" VPOS="1249" WIDTH="73" HEIGHT="31" WC="0.48" CONTENT="bjudas"/><SP WIDTH="15" VPOS="1249" HPOS="2705"/>
							<String ID="string_526" HPOS="2720" VPOS="1252" WIDTH="148" HEIGHT="27" WC="0.96" CONTENT="ridderskapet"/><SP WIDTH="16" VPOS="1252" HPOS="2868"/>
							<String ID="string_527" HPOS="2884" VPOS="1251" WIDTH="39" HEIGHT="22" WC="0.93" CONTENT="och"/><SP WIDTH="16" VPOS="1251" HPOS="2923"/>
							<String ID="string_528" HPOS="2939" VPOS="1251" WIDTH="62" HEIGHT="22" WC="0.96" CONTENT="adeln"/><SP WIDTH="16" VPOS="1251" HPOS="3001"/>
							<String ID="string_529" HPOS="3017" VPOS="1252" WIDTH="55" HEIGHT="20" WC="0.93" CONTENT="samt"/><SP WIDTH="10" VPOS="1252" HPOS="3072"/>
							<String ID="string_530" HPOS="3082" VPOS="1249" WIDTH="178" HEIGHT="28" WC="0.93" CONTENT="borgareständet"/><SP WIDTH="11" VPOS="1249" HPOS="3260"/>
							<String ID="string_531" HPOS="3271" VPOS="1249" WIDTH="31" HEIGHT="20" WC="0.91" CONTENT="att"/><SP WIDTH="9" VPOS="1249" HPOS="3302"/>
							<String ID="string_532" HPOS="3311" VPOS="1247" WIDTH="50" HEIGHT="27" WC="0.78" CONTENT="jem-"/>
						</TextLine>
					</TextBlock>
				</ComposedBlock>
				<GraphicalElement ID="cblock_12" HPOS="1795" VPOS="40" WIDTH="8" HEIGHT="1498"></GraphicalElement >
				<ComposedBlock ID="cblock_13" HPOS="312" VPOS="1280" WIDTH="3050" HEIGHT="264">
					<TextBlock ID="block_10" HPOS="400" VPOS="1280" WIDTH="2598" HEIGHT="41">
						<TextLine ID="line_34" HPOS="400" VPOS="1280" WIDTH="2598" HEIGHT="41">
							<String ID="string_533" HPOS="400" VPOS="1295" WIDTH="49" HEIGHT="26" WC="0.93" CONTENT="mun"/><SP WIDTH="16" VPOS="1295" HPOS="449"/>
							<String ID="string_534" HPOS="465" VPOS="1290" WIDTH="83" HEIGHT="31" WC="0.93" CONTENT="taxeras"/><SP WIDTH="16" VPOS="1290" HPOS="548"/>
							<String ID="string_535" HPOS="564" VPOS="1289" WIDTH="70" HEIGHT="21" WC="0.96" CONTENT="såsom"/><SP WIDTH="16" VPOS="1289" HPOS="634"/>
							<String ID="string_536" HPOS="650" VPOS="1288" WIDTH="66" HEIGHT="27" WC="0.96" CONTENT="öfriga"/><SP WIDTH="15" VPOS="1288" HPOS="716"/>
							<String ID="string_537" HPOS="731" VPOS="1288" WIDTH="106" HEIGHT="27" WC="0.96" CONTENT="näringar."/><SP WIDTH="1795" VPOS="1288" HPOS="837"/>
							<String ID="string_538" HPOS="2632" VPOS="1284" WIDTH="26" HEIGHT="19" WC="0.96" CONTENT="väl"/><SP WIDTH="23" VPOS="1284" HPOS="2658"/>
							<String ID="string_539" HPOS="2681" VPOS="1281" WIDTH="83" HEIGHT="22" WC="0.95" CONTENT="ansluta"/><SP WIDTH="15" VPOS="1281" HPOS="2764"/>
							<String ID="string_540" HPOS="2779" VPOS="1281" WIDTH="31" HEIGHT="27" WC="0.95" CONTENT="sig"/><SP WIDTH="15" VPOS="1281" HPOS="2810"/>
							<String ID="string_541" HPOS="2825" VPOS="1280" WIDTH="33" HEIGHT="22" WC="0.96" CONTENT="till"/><SP WIDTH="16" VPOS="1280" HPOS="2858"/>
							<String ID="string_542" HPOS="2874" VPOS="1280" WIDTH="124" HEIGHT="21" WC="0.96" CONTENT="detsamma."/>
						</TextLine>
					</TextBlock>
					<TextBlock ID="block_11" HPOS="312" VPOS="1304" WIDTH="3049" HEIGHT="66">
						<TextLine ID="line_35" HPOS="312" VPOS="1304" WIDTH="3049" HEIGHT="41">
							<String ID="string_543" HPOS="312" VPOS="1317" WIDTH="12" HEIGHT="20" WC="0.96" CONTENT="6"/><SP WIDTH="18" VPOS="1317" HPOS="324"/>
							<String ID="string_544" HPOS="342" VPOS="1313" WIDTH="15" HEIGHT="37" WC="0.95" CONTENT="|"/><SP WIDTH="15" VPOS="1313" HPOS="357"/>
							<String ID="string_545" HPOS="372" VPOS="1319" WIDTH="82" HEIGHT="25" WC="0.96" CONTENT="antagit"/><SP WIDTH="16" VPOS="1319" HPOS="454"/>
							<String ID="string_546" HPOS="470" VPOS="1318" WIDTH="12" HEIGHT="26" WC="0.90" CONTENT="&amp;"/><SP WIDTH="17" VPOS="1318" HPOS="482"/>
							<String ID="string_547" HPOS="499" VPOS="1317" WIDTH="65" HEIGHT="27" WC="0.96" CONTENT="enligt"/><SP WIDTH="15" VPOS="1317" HPOS="564"/>
							<String ID="string_548" HPOS="579" VPOS="1317" WIDTH="151" HEIGHT="22" WC="0.96" CONTENT="betänkandet."/><SP WIDTH="200" VPOS="1317" HPOS="730"/>
							<String ID="string_549" HPOS="930" VPOS="1317" WIDTH="80" HEIGHT="27" WC="0.92" CONTENT="antagit"/><SP WIDTH="15" VPOS="1317" HPOS="1010"/>
							<String ID="string_550" HPOS="1025" VPOS="1317" WIDTH="11" HEIGHT="28" WC="0.78" CONTENT="$"/><SP WIDTH="16" VPOS="1317" HPOS="1036"/>
							<String ID="string_551" HPOS="1052" VPOS="1317" WIDTH="66" HEIGHT="28" WC="0.96" CONTENT="enligt"/><SP WIDTH="15" VPOS="1317" HPOS="1118"/>
							<String ID="string_552" HPOS="1133" VPOS="1318" WIDTH="77" HEIGHT="26" WC="0.96" CONTENT="nådiga"/><SP WIDTH="14" VPOS="1318" HPOS="1210"/>
							<String ID="string_553" HPOS="1224" VPOS="1317" WIDTH="165" HEIGHT="28" WC="0.96" CONTENT="propositionen."/><SP WIDTH="97" VPOS="1317" HPOS="1389"/>
							<String ID="string_554" HPOS="1486" VPOS="1315" WIDTH="83" HEIGHT="27" WC="0.91" CONTENT="antagit"/><SP WIDTH="24" VPOS="1315" HPOS="1569"/>
							<String ID="string_555" HPOS="1593" VPOS="1315" WIDTH="11" HEIGHT="28" WC="0.88" CONTENT="$"/><SP WIDTH="16" VPOS="1315" HPOS="1604"/>
							<String ID="string_556" HPOS="1620" VPOS="1315" WIDTH="65" HEIGHT="26" WC="0.95" CONTENT="enligt"/><SP WIDTH="15" VPOS="1315" HPOS="1685"/>
							<String ID="string_557" HPOS="1700" VPOS="1315" WIDTH="143" HEIGHT="21" WC="0.96" CONTENT="betänkandet"/><SP WIDTH="16" VPOS="1315" HPOS="1843"/>
							<String ID="string_558" HPOS="1859" VPOS="1314" WIDTH="48" HEIGHT="21" WC="0.93" CONTENT="med"/><SP WIDTH="15" VPOS="1314" HPOS="1907"/>
							<String ID="string_559" HPOS="1922" VPOS="1313" WIDTH="79" HEIGHT="22" WC="0.87" CONTENT="uteslu-"/><SP WIDTH="18" VPOS="1313" HPOS="2001"/>
							<String ID="string_560" HPOS="2019" VPOS="1307" WIDTH="11" HEIGHT="40" WC="0.96" CONTENT="|"/><SP WIDTH="14" VPOS="1307" HPOS="2030"/>
							<String ID="string_561" HPOS="2044" VPOS="1312" WIDTH="82" HEIGHT="27" WC="0.91" CONTENT="antagit"/><SP WIDTH="15" VPOS="1312" HPOS="2126"/>
							<String ID="string_562" HPOS="2141" VPOS="1311" WIDTH="12" HEIGHT="28" WC="0.91" CONTENT="$"/><SP WIDTH="16" VPOS="1311" HPOS="2153"/>
							<String ID="string_563" HPOS="2169" VPOS="1311" WIDTH="65" HEIGHT="27" WC="0.96" CONTENT="enligt"/><SP WIDTH="15" VPOS="1311" HPOS="2234"/>
							<String ID="string_564" HPOS="2249" VPOS="1311" WIDTH="151" HEIGHT="22" WC="0.96" CONTENT="betänkandet."/><SP WIDTH="205" VPOS="1311" HPOS="2400"/>
							<String ID="string_565" HPOS="2605" VPOS="1311" WIDTH="92" HEIGHT="21" WC="0.36" CONTENT="Emeflan"/><SP WIDTH="20" VPOS="1311" HPOS="2697"/>
							<String ID="string_566" HPOS="2717" VPOS="1311" WIDTH="35" HEIGHT="20" WC="0.96" CONTENT="två"/><SP WIDTH="16" VPOS="1311" HPOS="2752"/>
							<String ID="string_567" HPOS="2768" VPOS="1309" WIDTH="62" HEIGHT="22" WC="0.96" CONTENT="stånd"/><SP WIDTH="16" VPOS="1309" HPOS="2830"/>
							<String ID="string_568" HPOS="2846" VPOS="1308" WIDTH="81" HEIGHT="27" WC="0.96" CONTENT="antagit"/><SP WIDTH="16" VPOS="1308" HPOS="2927"/>
							<String ID="string_569" HPOS="2943" VPOS="1307" WIDTH="151" HEIGHT="26" WC="0.93" CONTENT="betänkandet,"/><SP WIDTH="16" VPOS="1307" HPOS="3094"/>
							<String ID="string_570" HPOS="3110" VPOS="1306" WIDTH="98" HEIGHT="27" WC="0.92" CONTENT="inbjudas"/><SP WIDTH="17" VPOS="1306" HPOS="3208"/>
							<String ID="string_571" HPOS="3225" VPOS="1307" WIDTH="80" HEIGHT="26" WC="0.93" CONTENT="presta-"/><SP WIDTH="16" VPOS="1307" HPOS="3305"/>
							<String ID="string_572" HPOS="3321" VPOS="1304" WIDTH="40" HEIGHT="21" WC="0.97" CONTENT="och"/>
						</TextLine>
						<TextLine ID="line_36" HPOS="1515" VPOS="1317" WIDTH="1846" HEIGHT="57">
							<String ID="string_573" HPOS="1515" VPOS="1344" WIDTH="66" HEIGHT="21" WC="0.95" CONTENT="tande"/><SP WIDTH="15" VPOS="1344" HPOS="1581"/>
							<String ID="string_574" HPOS="1596" VPOS="1343" WIDTH="22" HEIGHT="21" WC="0.96" CONTENT="af"/><SP WIDTH="14" VPOS="1343" HPOS="1618"/>
							<String ID="string_575" HPOS="1632" VPOS="1344" WIDTH="64" HEIGHT="20" WC="0.15" CONTENT="orden,"/><SP WIDTH="18" VPOS="1344" HPOS="1696"/>
							<String ID="string_576" HPOS="1714" VPOS="1344" WIDTH="42" HEIGHT="26" WC="0.67" CONTENT="på"/><SP WIDTH="16" VPOS="1344" HPOS="1756"/>
							<String ID="string_577" HPOS="1772" VPOS="1317" WIDTH="149" HEIGHT="57" WC="0.22" CONTENT="heltälining."/><SP WIDTH="712" VPOS="1317" HPOS="1921"/>
							<String ID="string_578" HPOS="2633" VPOS="1339" WIDTH="186" HEIGHT="27" WC="0.91" CONTENT="borgareständen,"/><SP WIDTH="16" VPOS="1339" HPOS="2819"/>
							<String ID="string_579" HPOS="2835" VPOS="1337" WIDTH="72" HEIGHT="21" WC="0.92" CONTENT="hvilka"/><SP WIDTH="14" VPOS="1337" HPOS="2907"/>
							<String ID="string_580" HPOS="2921" VPOS="1337" WIDTH="53" HEIGHT="21" WC="0.93" CONTENT="hvar"/><SP WIDTH="15" VPOS="1337" HPOS="2974"/>
							<String ID="string_581" HPOS="2989" VPOS="1337" WIDTH="33" HEIGHT="20" WC="0.96" CONTENT="för"/><SP WIDTH="15" VPOS="1337" HPOS="3022"/>
							<String ID="string_582" HPOS="3037" VPOS="1336" WIDTH="32" HEIGHT="26" WC="0.93" CONTENT="sig"/><SP WIDTH="15" VPOS="1336" HPOS="3069"/>
							<String ID="string_583" HPOS="3084" VPOS="1335" WIDTH="64" HEIGHT="21" WC="0.92" CONTENT="fattat"/><SP WIDTH="16" VPOS="1335" HPOS="3148"/>
							<String ID="string_584" HPOS="3164" VPOS="1335" WIDTH="57" HEIGHT="21" WC="0.96" CONTENT="olika"/><SP WIDTH="14" VPOS="1335" HPOS="3221"/>
							<String ID="string_585" HPOS="3235" VPOS="1334" WIDTH="71" HEIGHT="21" WC="0.96" CONTENT="beslut"/><SP WIDTH="16" VPOS="1334" HPOS="3306"/>
							<String ID="string_586" HPOS="3322" VPOS="1334" WIDTH="39" HEIGHT="25" WC="0.96" CONTENT="att,"/>
						</TextLine>
					</TextBlock>
					<TextBlock ID="block_12" HPOS="312" VPOS="1362" WIDTH="3050" HEIGHT="153">
						<TextLine ID="line_37" HPOS="1935" VPOS="1362" WIDTH="1369" HEIGHT="31">
							<String ID="string_587" HPOS="1935" VPOS="1368" WIDTH="2" HEIGHT="2" WC="0.20" CONTENT="|"/><SP WIDTH="696" VPOS="1368" HPOS="1937"/>
							<String ID="string_588" HPOS="2633" VPOS="1368" WIDTH="46" HEIGHT="20" WC="0.56" CONTENT="med"/><SP WIDTH="15" VPOS="1368" HPOS="2679"/>
							<String ID="string_589" HPOS="2694" VPOS="1366" WIDTH="128" HEIGHT="27" WC="0.90" CONTENT="frängäende"/><SP WIDTH="15" VPOS="1366" HPOS="2822"/>
							<String ID="string_590" HPOS="2837" VPOS="1365" WIDTH="23" HEIGHT="22" WC="0.97" CONTENT="af"/><SP WIDTH="15" VPOS="1365" HPOS="2860"/>
							<String ID="string_591" HPOS="2875" VPOS="1366" WIDTH="66" HEIGHT="24" WC="0.96" CONTENT="dessa,"/><SP WIDTH="18" VPOS="1366" HPOS="2941"/>
							<String ID="string_592" HPOS="2959" VPOS="1365" WIDTH="84" HEIGHT="21" WC="0.96" CONTENT="ansluta"/><SP WIDTH="16" VPOS="1365" HPOS="3043"/>
							<String ID="string_593" HPOS="3059" VPOS="1364" WIDTH="31" HEIGHT="26" WC="0.96" CONTENT="sig"/><SP WIDTH="15" VPOS="1364" HPOS="3090"/>
							<String ID="string_594" HPOS="3105" VPOS="1363" WIDTH="32" HEIGHT="21" WC="0.96" CONTENT="till"/><SP WIDTH="16" VPOS="1363" HPOS="3137"/>
							<String ID="string_595" HPOS="3153" VPOS="1362" WIDTH="151" HEIGHT="22" WC="0.96" CONTENT="betänkandet."/>
						</TextLine>
						<TextLine ID="line_38" HPOS="312" VPOS="1390" WIDTH="3049" HEIGHT="40">
							<String ID="string_596" HPOS="312" VPOS="1403" WIDTH="13" HEIGHT="20" WC="0.91" CONTENT="7"/><SP WIDTH="15" VPOS="1403" HPOS="325"/>
							<String ID="string_597" HPOS="340" VPOS="1397" WIDTH="15" HEIGHT="37" WC="0.91" CONTENT="|"/><SP WIDTH="16" VPOS="1397" HPOS="355"/>
							<String ID="string_598" HPOS="371" VPOS="1402" WIDTH="39" HEIGHT="22" WC="0.96" CONTENT="har"/><SP WIDTH="15" VPOS="1402" HPOS="410"/>
							<String ID="string_599" HPOS="425" VPOS="1401" WIDTH="45" HEIGHT="23" WC="0.96" CONTENT="helt"/><SP WIDTH="16" VPOS="1401" HPOS="470"/>
							<String ID="string_600" HPOS="486" VPOS="1401" WIDTH="38" HEIGHT="22" WC="0.96" CONTENT="och"/><SP WIDTH="16" VPOS="1401" HPOS="524"/>
							<String ID="string_601" HPOS="540" VPOS="1401" WIDTH="66" HEIGHT="22" WC="0.96" CONTENT="hållet"/><SP WIDTH="16" VPOS="1401" HPOS="606"/>
							<String ID="string_602" HPOS="622" VPOS="1401" WIDTH="98" HEIGHT="22" WC="0.96" CONTENT="uteslutit"/><SP WIDTH="15" VPOS="1401" HPOS="720"/>
							<String ID="string_603" HPOS="735" VPOS="1401" WIDTH="19" HEIGHT="29" WC="0.87" CONTENT="8."/><SP WIDTH="176" VPOS="1401" HPOS="754"/>
							<String ID="string_604" HPOS="930" VPOS="1402" WIDTH="38" HEIGHT="22" WC="0.96" CONTENT="har"/><SP WIDTH="20" VPOS="1402" HPOS="968"/>
							<String ID="string_605" HPOS="988" VPOS="1402" WIDTH="81" HEIGHT="28" WC="0.93" CONTENT="antagit"/><SP WIDTH="16" VPOS="1402" HPOS="1069"/>
							<String ID="string_606" HPOS="1085" VPOS="1404" WIDTH="11" HEIGHT="24" WC="0.80" CONTENT="$"/><SP WIDTH="16" VPOS="1404" HPOS="1096"/>
							<String ID="string_607" HPOS="1112" VPOS="1402" WIDTH="66" HEIGHT="27" WC="0.96" CONTENT="enligt"/><SP WIDTH="15" VPOS="1402" HPOS="1178"/>
							<String ID="string_608" HPOS="1193" VPOS="1402" WIDTH="77" HEIGHT="27" WC="0.96" CONTENT="nådiga"/><SP WIDTH="16" VPOS="1402" HPOS="1270"/>
							<String ID="string_609" HPOS="1286" VPOS="1402" WIDTH="158" HEIGHT="27" WC="0.96" CONTENT="propositionen"/><SP WIDTH="14" VPOS="1402" HPOS="1444"/>
							<String ID="string_610" HPOS="1458" VPOS="1396" WIDTH="13" HEIGHT="38" WC="0.96" CONTENT="|"/><SP WIDTH="15" VPOS="1396" HPOS="1471"/>
							<String ID="string_611" HPOS="1486" VPOS="1401" WIDTH="39" HEIGHT="21" WC="0.96" CONTENT="har"/><SP WIDTH="15" VPOS="1401" HPOS="1525"/>
							<String ID="string_612" HPOS="1540" VPOS="1401" WIDTH="46" HEIGHT="21" WC="0.96" CONTENT="helt"/><SP WIDTH="16" VPOS="1401" HPOS="1586"/>
							<String ID="string_613" HPOS="1602" VPOS="1401" WIDTH="38" HEIGHT="21" WC="0.96" CONTENT="och"/><SP WIDTH="16" VPOS="1401" HPOS="1640"/>
							<String ID="string_614" HPOS="1656" VPOS="1400" WIDTH="66" HEIGHT="22" WC="0.96" CONTENT="hållet"/><SP WIDTH="14" VPOS="1400" HPOS="1722"/>
							<String ID="string_615" HPOS="1736" VPOS="1400" WIDTH="95" HEIGHT="22" WC="0.92" CONTENT="uteslutit"/><SP WIDTH="16" VPOS="1400" HPOS="1831"/>
							<String ID="string_616" HPOS="1847" VPOS="1400" WIDTH="16" HEIGHT="27" WC="0.63" CONTENT="8."/><SP WIDTH="180" VPOS="1400" HPOS="1863"/>
							<String ID="string_617" HPOS="2043" VPOS="1398" WIDTH="40" HEIGHT="21" WC="0.96" CONTENT="har"/><SP WIDTH="15" VPOS="1398" HPOS="2083"/>
							<String ID="string_618" HPOS="2098" VPOS="1397" WIDTH="81" HEIGHT="27" WC="0.93" CONTENT="antagit"/><SP WIDTH="15" VPOS="1397" HPOS="2179"/>
							<String ID="string_619" HPOS="2194" VPOS="1397" WIDTH="11" HEIGHT="27" WC="0.81" CONTENT="$"/><SP WIDTH="16" VPOS="1397" HPOS="2205"/>
							<String ID="string_620" HPOS="2221" VPOS="1397" WIDTH="66" HEIGHT="27" WC="0.96" CONTENT="enligt"/><SP WIDTH="14" VPOS="1397" HPOS="2287"/>
							<String ID="string_621" HPOS="2301" VPOS="1396" WIDTH="152" HEIGHT="22" WC="0.96" CONTENT="betänkandet."/><SP WIDTH="151" VPOS="1396" HPOS="2453"/>
							<String ID="string_622" HPOS="2604" VPOS="1396" WIDTH="93" HEIGHT="21" WC="0.95" CONTENT="Emedan"/><SP WIDTH="25" VPOS="1396" HPOS="2697"/>
							<String ID="string_623" HPOS="2722" VPOS="1394" WIDTH="157" HEIGHT="22" WC="0.95" CONTENT="bondeståndet"/><SP WIDTH="25" VPOS="1394" HPOS="2879"/>
							<String ID="string_624" HPOS="2904" VPOS="1394" WIDTH="95" HEIGHT="26" WC="0.93" CONTENT="godkänt"/><SP WIDTH="21" VPOS="1394" HPOS="2999"/>
							<String ID="string_625" HPOS="3020" VPOS="1393" WIDTH="13" HEIGHT="27" WC="0.92" CONTENT="&amp;"/><SP WIDTH="17" VPOS="1393" HPOS="3033"/>
							<String ID="string_626" HPOS="3050" VPOS="1392" WIDTH="65" HEIGHT="26" WC="0.95" CONTENT="enligt"/><SP WIDTH="15" VPOS="1392" HPOS="3115"/>
							<String ID="string_627" HPOS="3130" VPOS="1391" WIDTH="152" HEIGHT="26" WC="0.96" CONTENT="betänkandet,"/><SP WIDTH="16" VPOS="1391" HPOS="3282"/>
							<String ID="string_628" HPOS="3298" VPOS="1390" WIDTH="63" HEIGHT="21" WC="0.96" CONTENT="hvars"/>
						</TextLine>
						<TextLine ID="line_39" HPOS="934" VPOS="1418" WIDTH="2428" HEIGHT="37">
							<String ID="string_629" HPOS="934" VPOS="1440" WIDTH="2" HEIGHT="15" WC="0.31" CONTENT="|"/><SP WIDTH="21" VPOS="1440" HPOS="936"/>
							<String ID="string_630" HPOS="957" VPOS="1430" WIDTH="49" HEIGHT="22" WC="0.95" CONTENT="med"/><SP WIDTH="21" VPOS="1430" HPOS="1006"/>
							<String ID="string_631" HPOS="1027" VPOS="1430" WIDTH="135" HEIGHT="22" WC="0.92" CONTENT="uteslutande"/><SP WIDTH="22" VPOS="1430" HPOS="1162"/>
							<String ID="string_632" HPOS="1184" VPOS="1432" WIDTH="13" HEIGHT="20" WC="0.91" CONTENT="å"/><SP WIDTH="23" VPOS="1432" HPOS="1197"/>
							<String ID="string_633" HPOS="1220" VPOS="1431" WIDTH="18" HEIGHT="21" WC="0.96" CONTENT="3."/><SP WIDTH="24" VPOS="1431" HPOS="1238"/>
							<String ID="string_634" HPOS="1262" VPOS="1431" WIDTH="44" HEIGHT="21" WC="0.94" CONTENT="rad."/><SP WIDTH="27" VPOS="1431" HPOS="1306"/>
							<String ID="string_635" HPOS="1333" VPOS="1430" WIDTH="23" HEIGHT="22" WC="0.96" CONTENT="af"/><SP WIDTH="23" VPOS="1430" HPOS="1356"/>
							<String ID="string_636" HPOS="1379" VPOS="1431" WIDTH="65" HEIGHT="21" WC="0.96" CONTENT="orden"/><SP WIDTH="1189" VPOS="1431" HPOS="1444"/>
							<String ID="string_637" HPOS="2633" VPOS="1424" WIDTH="156" HEIGHT="26" WC="0.95" CONTENT="bestämningar"/><SP WIDTH="26" VPOS="1424" HPOS="2789"/>
							<String ID="string_638" HPOS="2815" VPOS="1422" WIDTH="59" HEIGHT="22" WC="0.95" CONTENT="äfven"/><SP WIDTH="27" VPOS="1422" HPOS="2874"/>
							<String ID="string_639" HPOS="2901" VPOS="1424" WIDTH="36" HEIGHT="20" WC="0.95" CONTENT="äro"/><SP WIDTH="26" VPOS="1424" HPOS="2937"/>
							<String ID="string_640" HPOS="2963" VPOS="1422" WIDTH="22" HEIGHT="21" WC="0.93" CONTENT="af"/><SP WIDTH="20" VPOS="1422" HPOS="2985"/>
							<String ID="string_641" HPOS="3005" VPOS="1420" WIDTH="158" HEIGHT="28" WC="0.91" CONTENT="prestaståndet"/><SP WIDTH="16" VPOS="1420" HPOS="3163"/>
							<String ID="string_642" HPOS="3179" VPOS="1421" WIDTH="99" HEIGHT="25" WC="0.96" CONTENT="antagna,"/><SP WIDTH="16" VPOS="1421" HPOS="3278"/>
							<String ID="string_643" HPOS="3294" VPOS="1418" WIDTH="68" HEIGHT="22" WC="0.96" CONTENT="ehuru"/>
						</TextLine>
						<TextLine ID="line_40" HPOS="958" VPOS="1446" WIDTH="2404" HEIGHT="40">
							<String ID="string_644" HPOS="958" VPOS="1459" WIDTH="52" HEIGHT="25" WC="0.5" CONTENT="Och"/><SP WIDTH="25" VPOS="1459" HPOS="1010"/>
							<String ID="string_645" HPOS="1035" VPOS="1460" WIDTH="72" HEIGHT="20" WC="0.92" CONTENT="andra"/><SP WIDTH="20" VPOS="1460" HPOS="1107"/>
							<String ID="string_646" HPOS="1127" VPOS="1460" WIDTH="85" HEIGHT="26" WC="0.79" CONTENT="jästa&quot;,"/><SP WIDTH="24" VPOS="1460" HPOS="1212"/>
							<String ID="string_647" HPOS="1236" VPOS="1459" WIDTH="130" HEIGHT="27" WC="0.92" CONTENT="tilläggande"/><SP WIDTH="22" VPOS="1459" HPOS="1366"/>
							<String ID="string_648" HPOS="1388" VPOS="1459" WIDTH="12" HEIGHT="21" WC="0.92" CONTENT="å"/><SP WIDTH="24" VPOS="1459" HPOS="1400"/>
							<String ID="string_649" HPOS="1424" VPOS="1459" WIDTH="19" HEIGHT="21" WC="0.96" CONTENT="5."/><SP WIDTH="1190" VPOS="1459" HPOS="1443"/>
							<String ID="string_650" HPOS="2633" VPOS="1453" WIDTH="58" HEIGHT="21" WC="0.82" CONTENT="delta"/><SP WIDTH="21" VPOS="1453" HPOS="2691"/>
							<String ID="string_651" HPOS="2712" VPOS="1452" WIDTH="63" HEIGHT="22" WC="0.96" CONTENT="stånd"/><SP WIDTH="15" VPOS="1452" HPOS="2775"/>
							<String ID="string_652" HPOS="2790" VPOS="1452" WIDTH="57" HEIGHT="21" WC="0.96" CONTENT="velat"/><SP WIDTH="15" VPOS="1452" HPOS="2847"/>
							<String ID="string_653" HPOS="2862" VPOS="1451" WIDTH="87" HEIGHT="27" WC="0.95" CONTENT="tillägga"/><SP WIDTH="16" VPOS="1451" HPOS="2949"/>
							<String ID="string_654" HPOS="2965" VPOS="1452" WIDTH="56" HEIGHT="20" WC="0.96" CONTENT="ännu"/><SP WIDTH="15" VPOS="1452" HPOS="3021"/>
							<String ID="string_655" HPOS="3036" VPOS="1450" WIDTH="67" HEIGHT="26" WC="0.96" CONTENT="några"/><SP WIDTH="16" VPOS="1450" HPOS="3103"/>
							<String ID="string_656" HPOS="3119" VPOS="1449" WIDTH="72" HEIGHT="25" WC="0.93" CONTENT="andra,"/><SP WIDTH="16" VPOS="1449" HPOS="3191"/>
							<String ID="string_657" HPOS="3207" VPOS="1448" WIDTH="98" HEIGHT="26" WC="0.91" CONTENT="inbjudas"/><SP WIDTH="15" VPOS="1448" HPOS="3305"/>
							<String ID="string_658" HPOS="3320" VPOS="1446" WIDTH="42" HEIGHT="22" WC="0.92" CONTENT="rid-"/>
						</TextLine>
						<TextLine ID="line_41" HPOS="957" VPOS="1475" WIDTH="2404" HEIGHT="40">
							<String ID="string_659" HPOS="957" VPOS="1488" WIDTH="44" HEIGHT="21" WC="0.96" CONTENT="rad."/><SP WIDTH="18" VPOS="1488" HPOS="1001"/>
							<String ID="string_660" HPOS="1019" VPOS="1487" WIDTH="22" HEIGHT="22" WC="0.96" CONTENT="af"/><SP WIDTH="9" VPOS="1487" HPOS="1041"/>
							<String ID="string_661" HPOS="1050" VPOS="1488" WIDTH="62" HEIGHT="21" WC="0.92" CONTENT="ordet"/><SP WIDTH="11" VPOS="1488" HPOS="1112"/>
							<String ID="string_662" HPOS="1123" VPOS="1488" WIDTH="133" HEIGHT="27" WC="0.76" CONTENT=",,tingstad&quot;,"/><SP WIDTH="17" VPOS="1488" HPOS="1256"/>
							<String ID="string_663" HPOS="1273" VPOS="1488" WIDTH="117" HEIGHT="27" WC="0.92" CONTENT="utbytande"/><SP WIDTH="11" VPOS="1488" HPOS="1390"/>
							<String ID="string_664" HPOS="1401" VPOS="1488" WIDTH="13" HEIGHT="20" WC="0.92" CONTENT="å"/><SP WIDTH="10" VPOS="1488" HPOS="1414"/>
							<String ID="string_665" HPOS="1424" VPOS="1488" WIDTH="20" HEIGHT="20" WC="0.96" CONTENT="6."/><SP WIDTH="1189" VPOS="1488" HPOS="1444"/>
							<String ID="string_666" HPOS="2633" VPOS="1482" WIDTH="111" HEIGHT="26" WC="0.91" CONTENT="detskapet"/><SP WIDTH="18" VPOS="1482" HPOS="2744"/>
							<String ID="string_667" HPOS="2762" VPOS="1480" WIDTH="39" HEIGHT="22" WC="0.95" CONTENT="och"/><SP WIDTH="23" VPOS="1480" HPOS="2801"/>
							<String ID="string_668" HPOS="2824" VPOS="1480" WIDTH="69" HEIGHT="26" WC="0.93" CONTENT="adeln,"/><SP WIDTH="16" VPOS="1480" HPOS="2893"/>
							<String ID="string_669" HPOS="2909" VPOS="1480" WIDTH="80" HEIGHT="26" WC="0.92" CONTENT="presta-"/><SP WIDTH="16" VPOS="1480" HPOS="2989"/>
							<String ID="string_670" HPOS="3005" VPOS="1478" WIDTH="39" HEIGHT="22" WC="0.93" CONTENT="och"/><SP WIDTH="15" VPOS="1478" HPOS="3044"/>
							<String ID="string_671" HPOS="3059" VPOS="1476" WIDTH="183" HEIGHT="28" WC="0.91" CONTENT="borgarestånden"/><SP WIDTH="15" VPOS="1476" HPOS="3242"/>
							<String ID="string_672" HPOS="3257" VPOS="1477" WIDTH="38" HEIGHT="25" WC="0.96" CONTENT="att,"/><SP WIDTH="16" VPOS="1477" HPOS="3295"/>
							<String ID="string_673" HPOS="3311" VPOS="1475" WIDTH="50" HEIGHT="21" WC="0.96" CONTENT="med"/>
						</TextLine>
					</TextBlock>
					<TextBlock ID="block_13" HPOS="957" VPOS="1500" WIDTH="2351" HEIGHT="44">
						<TextLine ID="line_42" HPOS="957" VPOS="1500" WIDTH="2351" HEIGHT="44">
							<String ID="string_674" HPOS="957" VPOS="1516" WIDTH="44" HEIGHT="21" WC="0.95" CONTENT="rad."/><SP WIDTH="21" VPOS="1516" HPOS="1001"/>
							<String ID="string_675" HPOS="1022" VPOS="1516" WIDTH="23" HEIGHT="22" WC="0.96" CONTENT="af"/><SP WIDTH="13" VPOS="1516" HPOS="1045"/>
							<String ID="string_676" HPOS="1058" VPOS="1516" WIDTH="61" HEIGHT="22" WC="0.93" CONTENT="ordet"/><SP WIDTH="16" VPOS="1516" HPOS="1119"/>
							<String ID="string_677" HPOS="1135" VPOS="1517" WIDTH="165" HEIGHT="27" WC="0.66" CONTENT=",länestyrelse&quot;"/><SP WIDTH="18" VPOS="1517" HPOS="1300"/>
							<String ID="string_678" HPOS="1318" VPOS="1517" WIDTH="44" HEIGHT="20" WC="0.93" CONTENT="mot"/><SP WIDTH="16" VPOS="1517" HPOS="1362"/>
							<String ID="string_679" HPOS="1378" VPOS="1516" WIDTH="67" HEIGHT="24" WC="0.86" CONTENT=",kom-"/><SP WIDTH="1186" VPOS="1516" HPOS="1445"/>
							<String ID="string_680" HPOS="2631" VPOS="1509" WIDTH="127" HEIGHT="28" WC="0.92" CONTENT="frångående"/><SP WIDTH="15" VPOS="1509" HPOS="2758"/>
							<String ID="string_681" HPOS="2773" VPOS="1508" WIDTH="22" HEIGHT="22" WC="0.96" CONTENT="af"/><SP WIDTH="14" VPOS="1508" HPOS="2795"/>
							<String ID="string_682" HPOS="2809" VPOS="1508" WIDTH="46" HEIGHT="22" WC="0.96" CONTENT="sina"/><SP WIDTH="14" VPOS="1508" HPOS="2855"/>
							<String ID="string_683" HPOS="2869" VPOS="1508" WIDTH="77" HEIGHT="26" WC="0.96" CONTENT="beslut,"/><SP WIDTH="16" VPOS="1508" HPOS="2946"/>
							<String ID="string_684" HPOS="2962" VPOS="1507" WIDTH="84" HEIGHT="22" WC="0.96" CONTENT="ansluta"/><SP WIDTH="15" VPOS="1507" HPOS="3046"/>
							<String ID="string_685" HPOS="3061" VPOS="1506" WIDTH="32" HEIGHT="27" WC="0.95" CONTENT="sig"/><SP WIDTH="15" VPOS="1506" HPOS="3093"/>
							<String ID="string_686" HPOS="3108" VPOS="1506" WIDTH="33" HEIGHT="21" WC="0.95" CONTENT="till"/><SP WIDTH="16" VPOS="1506" HPOS="3141"/>
							<String ID="string_687" HPOS="3157" VPOS="1500" WIDTH="151" HEIGHT="35" WC="0.96" CONTENT="betänkandet."/>
						</TextLine>
					</TextBlock>
				</ComposedBlock>
				<ComposedBlock ID="cblock_14" HPOS="299" VPOS="1544" WIDTH="3063" HEIGHT="169">
					<TextBlock ID="block_14" HPOS="299" VPOS="1544" WIDTH="3063" HEIGHT="169">
						<TextLine ID="line_43" HPOS="957" VPOS="1544" WIDTH="488" HEIGHT="20">
							<String ID="string_688" HPOS="957" VPOS="1545" WIDTH="182" HEIGHT="19" WC="0.84" CONTENT="munalstämma*"/><SP WIDTH="17" VPOS="1545" HPOS="1139"/>
							<String ID="string_689" HPOS="1156" VPOS="1544" WIDTH="39" HEIGHT="20" WC="0.93" CONTENT="och"/><SP WIDTH="15" VPOS="1544" HPOS="1195"/>
							<String ID="string_690" HPOS="1210" VPOS="1544" WIDTH="150" HEIGHT="20" WC="0.92" CONTENT="utelemnande"/><SP WIDTH="16" VPOS="1544" HPOS="1360"/>
							<String ID="string_691" HPOS="1376" VPOS="1544" WIDTH="22" HEIGHT="20" WC="0.93" CONTENT="af"/><SP WIDTH="14" VPOS="1544" HPOS="1398"/>
							<String ID="string_692" HPOS="1412" VPOS="1550" WIDTH="33" HEIGHT="14" WC="0.92" CONTENT="or-"/>
						</TextLine>
						<TextLine ID="line_44" HPOS="506" VPOS="1560" WIDTH="2163" HEIGHT="55">
							<String ID="string_693" HPOS="506" VPOS="1594" WIDTH="4" HEIGHT="5" WC="0.89" CONTENT="N"/><SP WIDTH="448" VPOS="1594" HPOS="510"/>
							<String ID="string_694" HPOS="958" VPOS="1572" WIDTH="40" HEIGHT="21" WC="0.96" CONTENT="den"/><SP WIDTH="16" VPOS="1572" HPOS="998"/>
							<String ID="string_695" HPOS="1014" VPOS="1588" WIDTH="5" HEIGHT="9" WC="0.53" CONTENT=","/><SP WIDTH="1" VPOS="1588" HPOS="1019"/>
							<String ID="string_696" HPOS="1020" VPOS="1571" WIDTH="63" HEIGHT="26" WC="0.53" CONTENT="efter"/><SP WIDTH="15" VPOS="1571" HPOS="1083"/>
							<String ID="string_697" HPOS="1098" VPOS="1572" WIDTH="169" HEIGHT="21" WC="0.95" CONTENT="vederbörandes"/><SP WIDTH="15" VPOS="1572" HPOS="1267"/>
							<String ID="string_698" HPOS="1282" VPOS="1571" WIDTH="113" HEIGHT="21" WC="0.91" CONTENT="hörande.&quot;"/><SP WIDTH="401" VPOS="1571" HPOS="1395"/>
							<String ID="string_699" HPOS="1796" VPOS="1584" WIDTH="3" HEIGHT="12" WC="0.75" CONTENT=":"/><SP WIDTH="70" VPOS="1584" HPOS="1799"/>
							<String ID="string_700" HPOS="1869" VPOS="1568" WIDTH="2" HEIGHT="2" WC="0.60" CONTENT="|"/><SP WIDTH="787" VPOS="1568" HPOS="1871"/>
							<String ID="string_701" HPOS="2658" VPOS="1560" WIDTH="11" HEIGHT="55" WC="0.43" CONTENT="|"/>
						</TextLine>
						<TextLine ID="line_45" HPOS="312" VPOS="1588" WIDTH="3049" HEIGHT="40">
							<String ID="string_702" HPOS="312" VPOS="1601" WIDTH="12" HEIGHT="21" WC="0.96" CONTENT="8"/><SP WIDTH="14" VPOS="1601" HPOS="324"/>
							<String ID="string_703" HPOS="338" VPOS="1590" WIDTH="15" HEIGHT="41" WC="0.96" CONTENT="|"/><SP WIDTH="17" VPOS="1590" HPOS="353"/>
							<String ID="string_704" HPOS="370" VPOS="1594" WIDTH="40" HEIGHT="22" WC="0.96" CONTENT="har"/><SP WIDTH="14" VPOS="1594" HPOS="410"/>
							<String ID="string_705" HPOS="424" VPOS="1594" WIDTH="98" HEIGHT="22" WC="0.93" CONTENT="uteslutit"/><SP WIDTH="15" VPOS="1594" HPOS="522"/>
							<String ID="string_706" HPOS="537" VPOS="1594" WIDTH="41" HEIGHT="29" WC="0.70" CONTENT="&amp;:n."/><SP WIDTH="352" VPOS="1594" HPOS="578"/>
							<String ID="string_707" HPOS="930" VPOS="1600" WIDTH="38" HEIGHT="21" WC="0.95" CONTENT="har"/><SP WIDTH="15" VPOS="1600" HPOS="968"/>
							<String ID="string_708" HPOS="983" VPOS="1600" WIDTH="81" HEIGHT="27" WC="0.93" CONTENT="antagit"/><SP WIDTH="15" VPOS="1600" HPOS="1064"/>
							<String ID="string_709" HPOS="1079" VPOS="1600" WIDTH="11" HEIGHT="28" WC="0.88" CONTENT="&amp;"/><SP WIDTH="14" VPOS="1600" HPOS="1090"/>
							<String ID="string_710" HPOS="1104" VPOS="1600" WIDTH="66" HEIGHT="28" WC="0.96" CONTENT="enligt"/><SP WIDTH="8" VPOS="1600" HPOS="1170"/>
							<String ID="string_711" HPOS="1178" VPOS="1600" WIDTH="116" HEIGHT="22" WC="0.96" CONTENT="utskottets"/><SP WIDTH="8" VPOS="1600" HPOS="1294"/>
							<String ID="string_712" HPOS="1302" VPOS="1599" WIDTH="141" HEIGHT="22" WC="0.95" CONTENT="betänkande."/><SP WIDTH="18" VPOS="1599" HPOS="1443"/>
							<String ID="string_713" HPOS="1461" VPOS="1594" WIDTH="13" HEIGHT="38" WC="0.96" CONTENT="|"/><SP WIDTH="12" VPOS="1594" HPOS="1474"/>
							<String ID="string_714" HPOS="1486" VPOS="1599" WIDTH="40" HEIGHT="21" WC="0.96" CONTENT="har"/><SP WIDTH="14" VPOS="1599" HPOS="1526"/>
							<String ID="string_715" HPOS="1540" VPOS="1598" WIDTH="99" HEIGHT="22" WC="0.92" CONTENT="uteslutit"/><SP WIDTH="16" VPOS="1598" HPOS="1639"/>
							<String ID="string_716" HPOS="1655" VPOS="1598" WIDTH="33" HEIGHT="28" WC="0.34" CONTENT="S:n"/><SP WIDTH="106" VPOS="1598" HPOS="1688"/>
							<String ID="string_717" HPOS="1794" VPOS="1604" WIDTH="4" HEIGHT="21" WC="0.96" CONTENT="i"/><SP WIDTH="245" VPOS="1604" HPOS="1798"/>
							<String ID="string_718" HPOS="2043" VPOS="1596" WIDTH="39" HEIGHT="21" WC="0.96" CONTENT="har"/><SP WIDTH="15" VPOS="1596" HPOS="2082"/>
							<String ID="string_719" HPOS="2097" VPOS="1595" WIDTH="82" HEIGHT="27" WC="0.96" CONTENT="antagit"/><SP WIDTH="15" VPOS="1595" HPOS="2179"/>
							<String ID="string_720" HPOS="2194" VPOS="1594" WIDTH="116" HEIGHT="22" WC="0.96" CONTENT="utskottets"/><SP WIDTH="16" VPOS="1594" HPOS="2310"/>
							<String ID="string_721" HPOS="2326" VPOS="1594" WIDTH="143" HEIGHT="22" WC="0.96" CONTENT="betänkande."/><SP WIDTH="134" VPOS="1594" HPOS="2469"/>
							<String ID="string_722" HPOS="2603" VPOS="1594" WIDTH="94" HEIGHT="28" WC="0.96" CONTENT="Emedan"/><SP WIDTH="25" VPOS="1594" HPOS="2697"/>
							<String ID="string_723" HPOS="2722" VPOS="1594" WIDTH="36" HEIGHT="21" WC="0.96" CONTENT="två"/><SP WIDTH="18" VPOS="1594" HPOS="2758"/>
							<String ID="string_724" HPOS="2776" VPOS="1593" WIDTH="62" HEIGHT="21" WC="0.96" CONTENT="stånd"/><SP WIDTH="23" VPOS="1593" HPOS="2838"/>
							<String ID="string_725" HPOS="2861" VPOS="1592" WIDTH="82" HEIGHT="27" WC="0.96" CONTENT="antagit"/><SP WIDTH="22" VPOS="1592" HPOS="2943"/>
							<String ID="string_726" HPOS="2965" VPOS="1591" WIDTH="116" HEIGHT="21" WC="0.96" CONTENT="utskottets"/><SP WIDTH="16" VPOS="1591" HPOS="3081"/>
							<String ID="string_727" HPOS="3097" VPOS="1589" WIDTH="142" HEIGHT="26" WC="0.96" CONTENT="betänkande,"/><SP WIDTH="23" VPOS="1589" HPOS="3239"/>
							<String ID="string_728" HPOS="3262" VPOS="1588" WIDTH="99" HEIGHT="27" WC="0.89" CONTENT="inbjudas"/>
						</TextLine>
						<TextLine ID="line_46" HPOS="1652" VPOS="1617" WIDTH="1710" HEIGHT="31">
							<String ID="string_729" HPOS="1652" VPOS="1637" WIDTH="3" HEIGHT="3" WC="0.32" CONTENT="i"/><SP WIDTH="141" VPOS="1637" HPOS="1655"/>
							<String ID="string_730" HPOS="1796" VPOS="1627" WIDTH="2" HEIGHT="15" WC="0.70" CONTENT=";"/><SP WIDTH="834" VPOS="1627" HPOS="1798"/>
							<String ID="string_731" HPOS="2632" VPOS="1622" WIDTH="146" HEIGHT="26" WC="0.59" CONTENT="ridflerskapet"/><SP WIDTH="15" VPOS="1622" HPOS="2778"/>
							<String ID="string_732" HPOS="2793" VPOS="1621" WIDTH="40" HEIGHT="22" WC="0.93" CONTENT="och"/><SP WIDTH="15" VPOS="1621" HPOS="2833"/>
							<String ID="string_733" HPOS="2848" VPOS="1621" WIDTH="62" HEIGHT="21" WC="0.96" CONTENT="adeln"/><SP WIDTH="16" VPOS="1621" HPOS="2910"/>
							<String ID="string_734" HPOS="2926" VPOS="1622" WIDTH="55" HEIGHT="20" WC="0.93" CONTENT="samt"/><SP WIDTH="15" VPOS="1622" HPOS="2981"/>
							<String ID="string_735" HPOS="2996" VPOS="1618" WIDTH="177" HEIGHT="28" WC="0.93" CONTENT="borgareständet"/><SP WIDTH="16" VPOS="1618" HPOS="3173"/>
							<String ID="string_736" HPOS="3189" VPOS="1619" WIDTH="32" HEIGHT="20" WC="0.93" CONTENT="att"/><SP WIDTH="12" VPOS="1619" HPOS="3221"/>
							<String ID="string_737" HPOS="3233" VPOS="1617" WIDTH="78" HEIGHT="27" WC="0.88" CONTENT="jemväl"/><SP WIDTH="14" VPOS="1617" HPOS="3311"/>
							<String ID="string_738" HPOS="3325" VPOS="1623" WIDTH="37" HEIGHT="15" WC="0.93" CONTENT="an-"/>
						</TextLine>
						<TextLine ID="line_47" HPOS="492" VPOS="1648" WIDTH="2478" HEIGHT="37">
							<String ID="string_739" HPOS="492" VPOS="1679" WIDTH="4" HEIGHT="5" WC="0.59" CONTENT="i"/><SP WIDTH="112" VPOS="1679" HPOS="496"/>
							<String ID="string_740" HPOS="608" VPOS="1679" WIDTH="4" HEIGHT="5" WC="0.42" CONTENT="5"/><SP WIDTH="79" VPOS="1679" HPOS="612"/>
							<String ID="string_741" HPOS="691" VPOS="1681" WIDTH="9" HEIGHT="4" WC="0.63" CONTENT="N"/><SP WIDTH="297" VPOS="1681" HPOS="700"/>
							<String ID="string_742" HPOS="997" VPOS="1662" WIDTH="1" HEIGHT="4" WC="0.65" CONTENT="|"/><SP WIDTH="1633" VPOS="1662" HPOS="998"/>
							<String ID="string_743" HPOS="2631" VPOS="1648" WIDTH="49" HEIGHT="29" WC="0.96" CONTENT="taga"/><SP WIDTH="16" VPOS="1648" HPOS="2680"/>
							<String ID="string_744" HPOS="2696" VPOS="1650" WIDTH="121" HEIGHT="22" WC="0.96" CONTENT="detsamma."/><SP WIDTH="151" VPOS="1650" HPOS="2817"/>
							<String ID="string_745" HPOS="2968" VPOS="1656" WIDTH="2" HEIGHT="2" WC="0.69" CONTENT="i"/>
						</TextLine>
						<TextLine ID="line_48" HPOS="299" VPOS="1673" WIDTH="3062" HEIGHT="40">
							<String ID="string_746" HPOS="299" VPOS="1686" WIDTH="27" HEIGHT="20" WC="0.95" CONTENT="10"/><SP WIDTH="15" VPOS="1686" HPOS="326"/>
							<String ID="string_747" HPOS="341" VPOS="1674" WIDTH="15" HEIGHT="43" WC="0.95" CONTENT="|"/><SP WIDTH="14" VPOS="1674" HPOS="356"/>
							<String ID="string_748" HPOS="370" VPOS="1679" WIDTH="40" HEIGHT="22" WC="0.93" CONTENT="har"/><SP WIDTH="16" VPOS="1679" HPOS="410"/>
							<String ID="string_749" HPOS="426" VPOS="1680" WIDTH="82" HEIGHT="26" WC="0.93" CONTENT="antagit"/><SP WIDTH="15" VPOS="1680" HPOS="508"/>
							<String ID="string_750" HPOS="523" VPOS="1679" WIDTH="33" HEIGHT="28" WC="0.19" CONTENT="S:n"/><SP WIDTH="16" VPOS="1679" HPOS="556"/>
							<String ID="string_751" HPOS="572" VPOS="1678" WIDTH="65" HEIGHT="28" WC="0.93" CONTENT="enligt"/><SP WIDTH="15" VPOS="1678" HPOS="637"/>
							<String ID="string_752" HPOS="652" VPOS="1678" WIDTH="152" HEIGHT="23" WC="0.96" CONTENT="betänkandet."/><SP WIDTH="126" VPOS="1678" HPOS="804"/>
							<String ID="string_753" HPOS="930" VPOS="1684" WIDTH="38" HEIGHT="22" WC="0.90" CONTENT="har"/><SP WIDTH="14" VPOS="1684" HPOS="968"/>
							<String ID="string_754" HPOS="982" VPOS="1684" WIDTH="97" HEIGHT="22" WC="0.90" CONTENT="uteslutit"/><SP WIDTH="15" VPOS="1684" HPOS="1079"/>
							<String ID="string_755" HPOS="1094" VPOS="1684" WIDTH="40" HEIGHT="29" WC="0.89" CONTENT="&amp;:n."/><SP WIDTH="353" VPOS="1684" HPOS="1134"/>
							<String ID="string_756" HPOS="1487" VPOS="1684" WIDTH="41" HEIGHT="22" WC="0.92" CONTENT="har"/><SP WIDTH="14" VPOS="1684" HPOS="1528"/>
							<String ID="string_757" HPOS="1542" VPOS="1683" WIDTH="98" HEIGHT="22" WC="0.89" CONTENT="uteslutit"/><SP WIDTH="15" VPOS="1683" HPOS="1640"/>
							<String ID="string_758" HPOS="1655" VPOS="1683" WIDTH="33" HEIGHT="27" WC="0.86" CONTENT="$:n"/><SP WIDTH="355" VPOS="1683" HPOS="1688"/>
							<String ID="string_759" HPOS="2043" VPOS="1681" WIDTH="40" HEIGHT="22" WC="0.91" CONTENT="har"/><SP WIDTH="15" VPOS="1681" HPOS="2083"/>
							<String ID="string_760" HPOS="2098" VPOS="1681" WIDTH="81" HEIGHT="27" WC="0.92" CONTENT="antagit"/><SP WIDTH="10" VPOS="1681" HPOS="2179"/>
							<String ID="string_761" HPOS="2189" VPOS="1680" WIDTH="12" HEIGHT="28" WC="0.86" CONTENT="$"/><SP WIDTH="11" VPOS="1680" HPOS="2201"/>
							<String ID="string_762" HPOS="2212" VPOS="1680" WIDTH="65" HEIGHT="27" WC="0.93" CONTENT="enligt"/><SP WIDTH="14" VPOS="1680" HPOS="2277"/>
							<String ID="string_763" HPOS="2291" VPOS="1680" WIDTH="116" HEIGHT="21" WC="0.96" CONTENT="utskottets"/><SP WIDTH="12" VPOS="1680" HPOS="2407"/>
							<String ID="string_764" HPOS="2419" VPOS="1678" WIDTH="141" HEIGHT="23" WC="0.95" CONTENT="betänkande."/><SP WIDTH="23" VPOS="1678" HPOS="2560"/>
							<String ID="string_765" HPOS="2583" VPOS="1668" WIDTH="16" HEIGHT="46" WC="0.93" CONTENT="|"/><SP WIDTH="5" VPOS="1668" HPOS="2599"/>
							<String ID="string_766" HPOS="2604" VPOS="1679" WIDTH="93" HEIGHT="31" WC="0.96" CONTENT="Emedan"/><SP WIDTH="24" VPOS="1679" HPOS="2697"/>
							<String ID="string_767" HPOS="2721" VPOS="1679" WIDTH="35" HEIGHT="21" WC="0.96" CONTENT="två"/><SP WIDTH="22" VPOS="1679" HPOS="2756"/>
							<String ID="string_768" HPOS="2778" VPOS="1678" WIDTH="63" HEIGHT="21" WC="0.96" CONTENT="stånd"/><SP WIDTH="24" VPOS="1678" HPOS="2841"/>
							<String ID="string_769" HPOS="2865" VPOS="1677" WIDTH="80" HEIGHT="27" WC="0.96" CONTENT="antagit"/><SP WIDTH="22" VPOS="1677" HPOS="2945"/>
							<String ID="string_770" HPOS="2967" VPOS="1676" WIDTH="116" HEIGHT="22" WC="0.96" CONTENT="utskottets"/><SP WIDTH="16" VPOS="1676" HPOS="3083"/>
							<String ID="string_771" HPOS="3099" VPOS="1674" WIDTH="142" HEIGHT="26" WC="0.93" CONTENT="betänkande,"/><SP WIDTH="22" VPOS="1674" HPOS="3241"/>
							<String ID="string_772" HPOS="3263" VPOS="1673" WIDTH="98" HEIGHT="27" WC="0.75" CONTENT="iubjudas"/>
						</TextLine>
					</TextBlock>
				</ComposedBlock>
				<GraphicalElement ID="cblock_15" HPOS="69" VPOS="1892" WIDTH="627" HEIGHT="6"></GraphicalElement >
				<GraphicalElement ID="cblock_16" HPOS="507" VPOS="1888" WIDTH="2125" HEIGHT="14"></GraphicalElement >
				<GraphicalElement ID="cblock_17" HPOS="1626" VPOS="1891" WIDTH="1006" HEIGHT="8"></GraphicalElement >
				<ComposedBlock ID="cblock_18" HPOS="299" VPOS="1702" WIDTH="3208" HEIGHT="187">
					<TextBlock ID="block_15" HPOS="285" VPOS="1702" WIDTH="3222" HEIGHT="187">
						<TextLine ID="line_49" HPOS="490" VPOS="1702" WIDTH="2855" HEIGHT="42">
							<String ID="string_773" HPOS="490" VPOS="1736" WIDTH="5" HEIGHT="5" WC="0.42" CONTENT="s"/><SP WIDTH="111" VPOS="1736" HPOS="495"/>
							<String ID="string_774" HPOS="606" VPOS="1736" WIDTH="5" HEIGHT="4" WC="0.40" CONTENT=";"/><SP WIDTH="79" VPOS="1736" HPOS="611"/>
							<String ID="string_775" HPOS="690" VPOS="1738" WIDTH="8" HEIGHT="4" WC="0.92" CONTENT="x"/><SP WIDTH="239" VPOS="1738" HPOS="698"/>
							<String ID="string_776" HPOS="937" VPOS="1717" WIDTH="3" HEIGHT="27" WC="0.95" CONTENT="|"/><SP WIDTH="855" VPOS="1717" HPOS="940"/>
							<String ID="string_777" HPOS="1795" VPOS="1726" WIDTH="2" HEIGHT="2" WC="0.74" CONTENT=":"/><SP WIDTH="835" VPOS="1726" HPOS="1797"/>
							<String ID="string_778" HPOS="2632" VPOS="1710" WIDTH="79" HEIGHT="24" WC="0.90" CONTENT="presta-"/><SP WIDTH="15" VPOS="1710" HPOS="2711"/>
							<String ID="string_779" HPOS="2726" VPOS="1707" WIDTH="39" HEIGHT="21" WC="0.93" CONTENT="och"/><SP WIDTH="16" VPOS="1707" HPOS="2765"/>
							<String ID="string_780" HPOS="2781" VPOS="1706" WIDTH="180" HEIGHT="27" WC="0.92" CONTENT="borgarestånden"/><SP WIDTH="16" VPOS="1706" HPOS="2961"/>
							<String ID="string_781" HPOS="2977" VPOS="1707" WIDTH="32" HEIGHT="19" WC="0.93" CONTENT="att"/><SP WIDTH="13" VPOS="1707" HPOS="3009"/>
							<String ID="string_782" HPOS="3022" VPOS="1704" WIDTH="79" HEIGHT="28" WC="0.92" CONTENT="jemväl"/><SP WIDTH="16" VPOS="1704" HPOS="3101"/>
							<String ID="string_783" HPOS="3117" VPOS="1702" WIDTH="89" HEIGHT="23" WC="0.96" CONTENT="omfatta"/><SP WIDTH="17" VPOS="1702" HPOS="3206"/>
							<String ID="string_784" HPOS="3223" VPOS="1702" WIDTH="122" HEIGHT="22" WC="0.96" CONTENT="detsamma."/>
						</TextLine>
						<TextLine ID="line_50" HPOS="299" VPOS="1711" WIDTH="3060" HEIGHT="76">
							<String ID="string_785" HPOS="299" VPOS="1743" WIDTH="24" HEIGHT="21" WC="0.93" CONTENT="11"/><SP WIDTH="20" VPOS="1743" HPOS="323"/>
							<String ID="string_786" HPOS="343" VPOS="1732" WIDTH="14" HEIGHT="43" WC="0.93" CONTENT="|"/><SP WIDTH="14" VPOS="1732" HPOS="357"/>
							<String ID="string_787" HPOS="371" VPOS="1736" WIDTH="39" HEIGHT="22" WC="0.96" CONTENT="har"/><SP WIDTH="15" VPOS="1736" HPOS="410"/>
							<String ID="string_788" HPOS="425" VPOS="1738" WIDTH="81" HEIGHT="26" WC="0.80" CONTENT="antagit"/><SP WIDTH="15" VPOS="1738" HPOS="506"/>
							<String ID="string_789" HPOS="521" VPOS="1736" WIDTH="33" HEIGHT="28" WC="0.86" CONTENT="$:n"/><SP WIDTH="16" VPOS="1736" HPOS="554"/>
							<String ID="string_790" HPOS="570" VPOS="1736" WIDTH="66" HEIGHT="28" WC="0.96" CONTENT="enligt"/><SP WIDTH="14" VPOS="1736" HPOS="636"/>
							<String ID="string_791" HPOS="650" VPOS="1736" WIDTH="152" HEIGHT="22" WC="0.96" CONTENT="betänkandet."/><SP WIDTH="128" VPOS="1736" HPOS="802"/>
							<String ID="string_792" HPOS="930" VPOS="1742" WIDTH="38" HEIGHT="21" WC="0.91" CONTENT="har"/><SP WIDTH="22" VPOS="1742" HPOS="968"/>
							<String ID="string_793" HPOS="990" VPOS="1742" WIDTH="81" HEIGHT="28" WC="0.93" CONTENT="antagit"/><SP WIDTH="20" VPOS="1742" HPOS="1071"/>
							<String ID="string_794" HPOS="1091" VPOS="1742" WIDTH="35" HEIGHT="28" WC="0.83" CONTENT="&amp;n"/><SP WIDTH="24" VPOS="1742" HPOS="1126"/>
							<String ID="string_795" HPOS="1150" VPOS="1742" WIDTH="66" HEIGHT="27" WC="0.95" CONTENT="enligt"/><SP WIDTH="22" VPOS="1742" HPOS="1216"/>
							<String ID="string_796" HPOS="1238" VPOS="1742" WIDTH="144" HEIGHT="22" WC="0.96" CONTENT="betänkandet"/><SP WIDTH="15" VPOS="1742" HPOS="1382"/>
							<String ID="string_797" HPOS="1397" VPOS="1742" WIDTH="47" HEIGHT="22" WC="0.96" CONTENT="med"/><SP WIDTH="17" VPOS="1742" HPOS="1444"/>
							<String ID="string_798" HPOS="1461" VPOS="1732" WIDTH="15" HEIGHT="42" WC="0.96" CONTENT="|"/><SP WIDTH="11" VPOS="1732" HPOS="1476"/>
							<String ID="string_799" HPOS="1487" VPOS="1742" WIDTH="39" HEIGHT="21" WC="0.95" CONTENT="har"/><SP WIDTH="25" VPOS="1742" HPOS="1526"/>
							<String ID="string_800" HPOS="1551" VPOS="1741" WIDTH="95" HEIGHT="27" WC="0.93" CONTENT="godkänt"/><SP WIDTH="27" VPOS="1741" HPOS="1646"/>
							<String ID="string_801" HPOS="1673" VPOS="1741" WIDTH="33" HEIGHT="25" WC="0.56" CONTENT="S$:n"/><SP WIDTH="25" VPOS="1741" HPOS="1706"/>
							<String ID="string_802" HPOS="1731" VPOS="1740" WIDTH="48" HEIGHT="22" WC="0.93" CONTENT="med"/><SP WIDTH="16" VPOS="1740" HPOS="1779"/>
							<String ID="string_803" HPOS="1795" VPOS="1740" WIDTH="162" HEIGHT="26" WC="0.89" CONTENT="jomredigering"/><SP WIDTH="26" VPOS="1740" HPOS="1957"/>
							<String ID="string_804" HPOS="1983" VPOS="1739" WIDTH="22" HEIGHT="22" WC="0.96" CONTENT="af"/><SP WIDTH="13" VPOS="1739" HPOS="2005"/>
							<String ID="string_805" HPOS="2018" VPOS="1732" WIDTH="14" HEIGHT="42" WC="0.96" CONTENT="|"/><SP WIDTH="11" VPOS="1732" HPOS="2032"/>
							<String ID="string_806" HPOS="2043" VPOS="1738" WIDTH="39" HEIGHT="22" WC="0.96" CONTENT="har"/><SP WIDTH="15" VPOS="1738" HPOS="2082"/>
							<String ID="string_807" HPOS="2097" VPOS="1737" WIDTH="82" HEIGHT="27" WC="0.93" CONTENT="antagit"/><SP WIDTH="16" VPOS="1737" HPOS="2179"/>
							<String ID="string_808" HPOS="2195" VPOS="1738" WIDTH="34" HEIGHT="28" WC="0.92" CONTENT="&amp;:n"/><SP WIDTH="17" VPOS="1738" HPOS="2229"/>
							<String ID="string_809" HPOS="2246" VPOS="1737" WIDTH="66" HEIGHT="27" WC="0.96" CONTENT="enligt"/><SP WIDTH="15" VPOS="1737" HPOS="2312"/>
							<String ID="string_810" HPOS="2327" VPOS="1736" WIDTH="152" HEIGHT="22" WC="0.96" CONTENT="betänkandet."/><SP WIDTH="125" VPOS="1736" HPOS="2479"/>
							<String ID="string_811" HPOS="2604" VPOS="1711" WIDTH="93" HEIGHT="76" WC="0.31" CONTENT="Emedan"/><SP WIDTH="23" VPOS="1711" HPOS="2697"/>
							<String ID="string_812" HPOS="2720" VPOS="1736" WIDTH="35" HEIGHT="20" WC="0.96" CONTENT="två"/><SP WIDTH="22" VPOS="1736" HPOS="2755"/>
							<String ID="string_813" HPOS="2777" VPOS="1735" WIDTH="62" HEIGHT="21" WC="0.96" CONTENT="stånd"/><SP WIDTH="16" VPOS="1735" HPOS="2839"/>
							<String ID="string_814" HPOS="2855" VPOS="1734" WIDTH="80" HEIGHT="27" WC="0.96" CONTENT="antagit"/><SP WIDTH="15" VPOS="1734" HPOS="2935"/>
							<String ID="string_815" HPOS="2950" VPOS="1733" WIDTH="145" HEIGHT="22" WC="0.93" CONTENT="betänkandet"/><SP WIDTH="15" VPOS="1733" HPOS="3095"/>
							<String ID="string_816" HPOS="3110" VPOS="1732" WIDTH="98" HEIGHT="27" WC="0.92" CONTENT="inbjudas"/><SP WIDTH="15" VPOS="1732" HPOS="3208"/>
							<String ID="string_817" HPOS="3223" VPOS="1732" WIDTH="82" HEIGHT="26" WC="0.90" CONTENT="presta-"/><SP WIDTH="16" VPOS="1732" HPOS="3305"/>
							<String ID="string_818" HPOS="3321" VPOS="1730" WIDTH="38" HEIGHT="22" WC="0.95" CONTENT="och"/>
						</TextLine>
						<TextLine ID="line_51" HPOS="938" VPOS="1759" WIDTH="2423" HEIGHT="43">
							<String ID="string_819" HPOS="938" VPOS="1789" WIDTH="1" HEIGHT="13" WC="0.93" CONTENT="|"/><SP WIDTH="19" VPOS="1789" HPOS="939"/>
							<String ID="string_820" HPOS="958" VPOS="1770" WIDTH="74" HEIGHT="28" WC="0.94" CONTENT="utbyte"/><SP WIDTH="30" VPOS="1770" HPOS="1032"/>
							<String ID="string_821" HPOS="1062" VPOS="1770" WIDTH="22" HEIGHT="22" WC="0.92" CONTENT="af"/><SP WIDTH="28" VPOS="1770" HPOS="1084"/>
							<String ID="string_822" HPOS="1112" VPOS="1771" WIDTH="61" HEIGHT="21" WC="0.92" CONTENT="ordet"/><SP WIDTH="28" VPOS="1771" HPOS="1173"/>
							<String ID="string_823" HPOS="1201" VPOS="1788" WIDTH="11" HEIGHT="8" WC="0.56" CONTENT=","/><SP WIDTH="4" VPOS="1788" HPOS="1212"/>
							<String ID="string_824" HPOS="1216" VPOS="1771" WIDTH="158" HEIGHT="27" WC="0.86" CONTENT="Magistraten&quot;"/><SP WIDTH="27" VPOS="1771" HPOS="1374"/>
							<String ID="string_825" HPOS="1401" VPOS="1772" WIDTH="44" HEIGHT="20" WC="0.96" CONTENT="mot"/><SP WIDTH="73" VPOS="1772" HPOS="1445"/>
							<String ID="string_826" HPOS="1518" VPOS="1771" WIDTH="54" HEIGHT="20" WC="0.75" CONTENT="1:sta"/><SP WIDTH="23" VPOS="1771" HPOS="1572"/>
							<String ID="string_827" HPOS="1595" VPOS="1776" WIDTH="61" HEIGHT="14" WC="0.96" CONTENT="mom."/><SP WIDTH="17" VPOS="1776" HPOS="1656"/>
							<String ID="string_828" HPOS="1673" VPOS="1769" WIDTH="7" HEIGHT="21" WC="0.93" CONTENT="i"/><SP WIDTH="16" VPOS="1769" HPOS="1680"/>
							<String ID="string_829" HPOS="1696" VPOS="1766" WIDTH="153" HEIGHT="29" WC="0.59" CONTENT="enlighet&#39;med"/><SP WIDTH="16" VPOS="1766" HPOS="1849"/>
							<String ID="string_830" HPOS="1865" VPOS="1768" WIDTH="59" HEIGHT="22" WC="0.92" CONTENT="2:dra"/><SP WIDTH="15" VPOS="1768" HPOS="1924"/>
							<String ID="string_831" HPOS="1939" VPOS="1774" WIDTH="61" HEIGHT="15" WC="0.96" CONTENT="mom."/><SP WIDTH="633" VPOS="1774" HPOS="2000"/>
							<String ID="string_832" HPOS="2633" VPOS="1764" WIDTH="178" HEIGHT="27" WC="0.92" CONTENT="borgareständen"/><SP WIDTH="23" VPOS="1764" HPOS="2811"/>
							<String ID="string_833" HPOS="2834" VPOS="1765" WIDTH="32" HEIGHT="19" WC="0.96" CONTENT="att"/><SP WIDTH="20" VPOS="1765" HPOS="2866"/>
							<String ID="string_834" HPOS="2886" VPOS="1763" WIDTH="47" HEIGHT="21" WC="0.93" CONTENT="med"/><SP WIDTH="15" VPOS="1763" HPOS="2933"/>
							<String ID="string_835" HPOS="2948" VPOS="1762" WIDTH="129" HEIGHT="26" WC="0.92" CONTENT="frängäende"/><SP WIDTH="16" VPOS="1762" HPOS="3077"/>
							<String ID="string_836" HPOS="3093" VPOS="1760" WIDTH="22" HEIGHT="22" WC="0.96" CONTENT="af"/><SP WIDTH="14" VPOS="1760" HPOS="3115"/>
							<String ID="string_837" HPOS="3129" VPOS="1760" WIDTH="46" HEIGHT="22" WC="0.93" CONTENT="sina"/><SP WIDTH="15" VPOS="1760" HPOS="3175"/>
							<String ID="string_838" HPOS="3190" VPOS="1759" WIDTH="171" HEIGHT="27" WC="0.92" CONTENT="skiljaktigheter"/>
						</TextLine>
						<TextLine ID="line_52" HPOS="333" VPOS="1789" WIDTH="2781" HEIGHT="38">
							<String ID="string_839" HPOS="285" VPOS="1817" WIDTH="247" HEIGHT="10" WC="0.17" CONTENT="ham"/><SP WIDTH="111" VPOS="1817" HPOS="532"/>
							<String ID="string_840" HPOS="643" VPOS="1817" WIDTH="113" HEIGHT="1" WC="0.17" CONTENT="EI"/><SP WIDTH="41" VPOS="1817" HPOS="756"/>
							<String ID="string_841" HPOS="797" VPOS="1817" WIDTH="83" HEIGHT="8" WC="0.50" CONTENT="ihon"/><SP WIDTH="78" VPOS="1817" HPOS="880"/>
							<String ID="string_842" HPOS="958" VPOS="1799" WIDTH="232" HEIGHT="28" WC="0.54" CONTENT="wStadsfullmäktige.*"/><SP WIDTH="67" VPOS="1799" HPOS="1190"/>
							<String ID="string_843" HPOS="1257" VPOS="1817" WIDTH="134" HEIGHT="1" WC="0.41" CONTENT="nn"/><SP WIDTH="66" VPOS="1817" HPOS="1391"/>
							<String ID="string_844" HPOS="1457" VPOS="1817" WIDTH="18" HEIGHT="1" WC="0.61" CONTENT="|"/><SP WIDTH="30" VPOS="1817" HPOS="1475"/>
							<String ID="string_845" HPOS="1505" VPOS="1797" WIDTH="140" HEIGHT="26" WC="0.71" CONTENT="147.8,"/><SP WIDTH="-28" VPOS="1797" HPOS="1645"/>
							<String ID="string_846" HPOS="1617" VPOS="1792" WIDTH="24" HEIGHT="35" WC="0.84" CONTENT="af"/><SP WIDTH="15" VPOS="1792" HPOS="1641"/>
							<String ID="string_847" HPOS="1656" VPOS="1797" WIDTH="52" HEIGHT="22" WC="0.91" CONTENT="1873"/><SP WIDTH="17" VPOS="1797" HPOS="1708"/>
							<String ID="string_848" HPOS="1725" VPOS="1797" WIDTH="35" HEIGHT="21" WC="0.93" CONTENT="års"/><SP WIDTH="15" VPOS="1797" HPOS="1760"/>
							<String ID="string_849" HPOS="1775" VPOS="1796" WIDTH="240" HEIGHT="27" WC="0.89" CONTENT="bränvinsförordning."/><SP WIDTH="7" VPOS="1796" HPOS="2015"/>
							<String ID="string_850" HPOS="2022" VPOS="1792" WIDTH="16" HEIGHT="35" WC="0.63" CONTENT="|"/><SP WIDTH="232" VPOS="1792" HPOS="2038"/>
							<String ID="string_851" HPOS="2270" VPOS="1817" WIDTH="332" HEIGHT="1" WC="0.42" CONTENT="|"/><SP WIDTH="27" VPOS="1817" HPOS="2602"/>
							<String ID="string_852" HPOS="2629" VPOS="1789" WIDTH="78" HEIGHT="30" WC="0.64" CONTENT="jemväl"/><SP WIDTH="15" VPOS="1789" HPOS="2707"/>
							<String ID="string_853" HPOS="2722" VPOS="1792" WIDTH="98" HEIGHT="27" WC="0.91" CONTENT="gokänna"/><SP WIDTH="15" VPOS="1792" HPOS="2820"/>
							<String ID="string_854" HPOS="2835" VPOS="1794" WIDTH="37" HEIGHT="24" WC="0.52" CONTENT="&amp;:n"/><SP WIDTH="11" VPOS="1794" HPOS="2872"/>
							<String ID="string_855" HPOS="2883" VPOS="1791" WIDTH="66" HEIGHT="27" WC="0.93" CONTENT="enligt"/><SP WIDTH="10" VPOS="1791" HPOS="2949"/>
							<String ID="string_856" HPOS="2959" VPOS="1790" WIDTH="155" HEIGHT="28" WC="0.96" CONTENT="betänkandet."/>
						</TextLine>
						<TextLine ID="line_53" HPOS="299" VPOS="1815" WIDTH="3208" HEIGHT="42">
							<String ID="string_857" HPOS="299" VPOS="1827" WIDTH="26" HEIGHT="21" WC="0.93" CONTENT="12"/><SP WIDTH="18" VPOS="1827" HPOS="325"/>
							<String ID="string_858" HPOS="343" VPOS="1816" WIDTH="12" HEIGHT="45" WC="0.93" CONTENT="|"/><SP WIDTH="17" VPOS="1816" HPOS="355"/>
							<String ID="string_859" HPOS="372" VPOS="1823" WIDTH="81" HEIGHT="26" WC="0.96" CONTENT="antagit"/><SP WIDTH="24" VPOS="1823" HPOS="453"/>
							<String ID="string_860" HPOS="477" VPOS="1821" WIDTH="145" HEIGHT="35" WC="0.96" CONTENT="betänkandet"/><SP WIDTH="25" VPOS="1821" HPOS="622"/>
							<String ID="string_861" HPOS="647" VPOS="1822" WIDTH="49" HEIGHT="33" WC="0.93" CONTENT="med"/><SP WIDTH="24" VPOS="1822" HPOS="696"/>
							<String ID="string_862" HPOS="720" VPOS="1821" WIDTH="131" HEIGHT="36" WC="0.93" CONTENT="uteslutning"/><SP WIDTH="17" VPOS="1821" HPOS="851"/>
							<String ID="string_863" HPOS="868" VPOS="1820" WIDTH="22" HEIGHT="22" WC="0.96" CONTENT="af"/><SP WIDTH="16" VPOS="1820" HPOS="890"/>
							<String ID="string_864" HPOS="906" VPOS="1816" WIDTH="12" HEIGHT="45" WC="0.96" CONTENT="|"/><SP WIDTH="12" VPOS="1816" HPOS="918"/>
							<String ID="string_865" HPOS="930" VPOS="1827" WIDTH="38" HEIGHT="29" WC="0.93" CONTENT="har"/><SP WIDTH="24" VPOS="1827" HPOS="968"/>
							<String ID="string_866" HPOS="992" VPOS="1827" WIDTH="81" HEIGHT="28" WC="0.93" CONTENT="antagit"/><SP WIDTH="24" VPOS="1827" HPOS="1073"/>
							<String ID="string_867" HPOS="1097" VPOS="1827" WIDTH="34" HEIGHT="28" WC="0.63" CONTENT="S:n"/><SP WIDTH="24" VPOS="1827" HPOS="1131"/>
							<String ID="string_868" HPOS="1155" VPOS="1828" WIDTH="6" HEIGHT="21" WC="0.96" CONTENT="i"/><SP WIDTH="26" VPOS="1828" HPOS="1161"/>
							<String ID="string_869" HPOS="1187" VPOS="1827" WIDTH="93" HEIGHT="27" WC="0.96" CONTENT="enlighet"/><SP WIDTH="24" VPOS="1827" HPOS="1280"/>
							<String ID="string_870" HPOS="1304" VPOS="1827" WIDTH="49" HEIGHT="22" WC="0.93" CONTENT="med"/><SP WIDTH="18" VPOS="1827" HPOS="1353"/>
							<String ID="string_871" HPOS="1371" VPOS="1827" WIDTH="74" HEIGHT="22" WC="0.92" CONTENT="betän-"/><SP WIDTH="20" VPOS="1827" HPOS="1445"/>
							<String ID="string_872" HPOS="1465" VPOS="1816" WIDTH="12" HEIGHT="45" WC="0.96" CONTENT="|"/><SP WIDTH="10" VPOS="1816" HPOS="1477"/>
							<String ID="string_873" HPOS="1487" VPOS="1827" WIDTH="39" HEIGHT="20" WC="0.93" CONTENT="har"/><SP WIDTH="23" VPOS="1827" HPOS="1526"/>
							<String ID="string_874" HPOS="1549" VPOS="1825" WIDTH="97" HEIGHT="22" WC="0.95" CONTENT="uteslutit"/><SP WIDTH="22" VPOS="1825" HPOS="1646"/>
							<String ID="string_875" HPOS="1668" VPOS="1832" WIDTH="80" HEIGHT="15" WC="0.96" CONTENT="samma"/><SP WIDTH="23" VPOS="1832" HPOS="1748"/>
							<String ID="string_876" HPOS="1771" VPOS="1825" WIDTH="37" HEIGHT="26" WC="0.96" CONTENT="ord"/><SP WIDTH="15" VPOS="1825" HPOS="1808"/>
							<String ID="string_877" HPOS="1823" VPOS="1831" WIDTH="44" HEIGHT="15" WC="0.93" CONTENT="som"/><SP WIDTH="16" VPOS="1831" HPOS="1867"/>
							<String ID="string_878" HPOS="1883" VPOS="1825" WIDTH="119" HEIGHT="21" WC="0.92" CONTENT="ridderska-"/><SP WIDTH="18" VPOS="1825" HPOS="2002"/>
							<String ID="string_879" HPOS="2020" VPOS="1816" WIDTH="12" HEIGHT="45" WC="0.97" CONTENT="|"/><SP WIDTH="11" VPOS="1816" HPOS="2032"/>
							<String ID="string_880" HPOS="2043" VPOS="1824" WIDTH="39" HEIGHT="21" WC="0.93" CONTENT="har"/><SP WIDTH="23" VPOS="1824" HPOS="2082"/>
							<String ID="string_881" HPOS="2105" VPOS="1823" WIDTH="80" HEIGHT="27" WC="0.92" CONTENT="antagit"/><SP WIDTH="23" VPOS="1823" HPOS="2185"/>
							<String ID="string_882" HPOS="2208" VPOS="1823" WIDTH="34" HEIGHT="27" WC="0.79" CONTENT="$:n"/><SP WIDTH="23" VPOS="1823" HPOS="2242"/>
							<String ID="string_883" HPOS="2265" VPOS="1822" WIDTH="65" HEIGHT="27" WC="0.93" CONTENT="enligt"/><SP WIDTH="22" VPOS="1822" HPOS="2330"/>
							<String ID="string_884" HPOS="2352" VPOS="1822" WIDTH="117" HEIGHT="21" WC="0.93" CONTENT="utskottets"/><SP WIDTH="20" VPOS="1822" HPOS="2469"/>
							<String ID="string_885" HPOS="2489" VPOS="1820" WIDTH="73" HEIGHT="22" WC="0.92" CONTENT="betän-"/><SP WIDTH="20" VPOS="1820" HPOS="2562"/>
							<String ID="string_886" HPOS="2582" VPOS="1816" WIDTH="16" HEIGHT="45" WC="0.93" CONTENT="|"/><SP WIDTH="6" VPOS="1816" HPOS="2598"/>
							<String ID="string_887" HPOS="2604" VPOS="1821" WIDTH="93" HEIGHT="22" WC="0.96" CONTENT="Emedan"/><SP WIDTH="23" VPOS="1821" HPOS="2697"/>
							<String ID="string_888" HPOS="2720" VPOS="1821" WIDTH="43" HEIGHT="21" WC="0.89" CONTENT="två,"/><SP WIDTH="15" VPOS="1821" HPOS="2763"/>
							<String ID="string_889" HPOS="2778" VPOS="1820" WIDTH="63" HEIGHT="21" WC="0.96" CONTENT="stånd"/><SP WIDTH="24" VPOS="1820" HPOS="2841"/>
							<String ID="string_890" HPOS="2865" VPOS="1819" WIDTH="81" HEIGHT="27" WC="0.95" CONTENT="antagit"/><SP WIDTH="23" VPOS="1819" HPOS="2946"/>
							<String ID="string_891" HPOS="2969" VPOS="1819" WIDTH="116" HEIGHT="20" WC="0.96" CONTENT="utskottets"/><SP WIDTH="18" VPOS="1819" HPOS="3085"/>
							<String ID="string_892" HPOS="3103" VPOS="1817" WIDTH="146" HEIGHT="26" WC="0.93" CONTENT="betänkande,"/><SP WIDTH="14" VPOS="1817" HPOS="3249"/>
							<String ID="string_893" HPOS="3263" VPOS="1815" WIDTH="110" HEIGHT="27" WC="0.86" CONTENT="inbjudäs"/><SP WIDTH="8" VPOS="1815" HPOS="3373"/>
							<String ID="string_894" HPOS="3381" VPOS="1810" WIDTH="17" HEIGHT="40" WC="0.91" CONTENT="|"/><SP WIDTH="8" VPOS="1810" HPOS="3398"/>
							<String ID="string_895" HPOS="3406" VPOS="1817" WIDTH="51" HEIGHT="1" WC="0.69" CONTENT="—"/><SP WIDTH="0" VPOS="1817" HPOS="3457"/>
							<String ID="string_896" HPOS="3457" VPOS="1810" WIDTH="24" HEIGHT="40" WC="0.69" CONTENT="—"/>
						</TextLine>
						<TextLine ID="line_54" HPOS="400" VPOS="1843" WIDTH="2962" HEIGHT="46">
							<String ID="string_897" HPOS="400" VPOS="1850" WIDTH="76" HEIGHT="33" WC="0.92" CONTENT="orden:"/><SP WIDTH="24" VPOS="1850" HPOS="476"/>
							<String ID="string_898" HPOS="500" VPOS="1857" WIDTH="54" HEIGHT="20" WC="0.91" CONTENT=",som"/><SP WIDTH="21" VPOS="1857" HPOS="554"/>
							<String ID="string_899" HPOS="575" VPOS="1850" WIDTH="47" HEIGHT="35" WC="0.93" CONTENT="för"/><SP WIDTH="20" VPOS="1850" HPOS="622"/>
							<String ID="string_900" HPOS="642" VPOS="1849" WIDTH="196" HEIGHT="40" WC="0.0" CONTENT="tilfredställande"/><SP WIDTH="25" VPOS="1849" HPOS="838"/>
							<String ID="string_901" HPOS="863" VPOS="1849" WIDTH="29" HEIGHT="27" WC="0.95" CONTENT="af"/><SP WIDTH="66" VPOS="1849" HPOS="892"/>
							<String ID="string_902" HPOS="958" VPOS="1846" WIDTH="84" HEIGHT="40" WC="0.91" CONTENT="kandet."/><SP WIDTH="473" VPOS="1846" HPOS="1042"/>
							<String ID="string_903" HPOS="1515" VPOS="1857" WIDTH="38" HEIGHT="25" WC="0.95" CONTENT="pet"/><SP WIDTH="23" VPOS="1857" HPOS="1553"/>
							<String ID="string_904" HPOS="1576" VPOS="1854" WIDTH="39" HEIGHT="21" WC="0.93" CONTENT="och"/><SP WIDTH="23" VPOS="1854" HPOS="1615"/>
							<String ID="string_905" HPOS="1638" VPOS="1854" WIDTH="62" HEIGHT="21" WC="0.96" CONTENT="adeln"/><SP WIDTH="22" VPOS="1854" HPOS="1700"/>
							<String ID="string_906" HPOS="1722" VPOS="1855" WIDTH="55" HEIGHT="20" WC="0.93" CONTENT="samt"/><SP WIDTH="18" VPOS="1855" HPOS="1777"/>
							<String ID="string_907" HPOS="1795" VPOS="1854" WIDTH="140" HEIGHT="26" WC="0.74" CONTENT="omredigerat"/><SP WIDTH="16" VPOS="1854" HPOS="1935"/>
							<String ID="string_908" HPOS="1951" VPOS="1853" WIDTH="52" HEIGHT="21" WC="0.96" CONTENT="sista"/><SP WIDTH="68" VPOS="1853" HPOS="2003"/>
							<String ID="string_909" HPOS="2071" VPOS="1843" WIDTH="76" HEIGHT="40" WC="0.96" CONTENT="kande."/><SP WIDTH="484" VPOS="1843" HPOS="2147"/>
							<String ID="string_910" HPOS="2631" VPOS="1849" WIDTH="146" HEIGHT="27" WC="0.89" CONTENT="ridderskapet"/><SP WIDTH="16" VPOS="1849" HPOS="2777"/>
							<String ID="string_911" HPOS="2793" VPOS="1849" WIDTH="39" HEIGHT="21" WC="0.93" CONTENT="och"/><SP WIDTH="16" VPOS="1849" HPOS="2832"/>
							<String ID="string_912" HPOS="2848" VPOS="1848" WIDTH="62" HEIGHT="21" WC="0.93" CONTENT="adeln"/><SP WIDTH="15" VPOS="1848" HPOS="2910"/>
							<String ID="string_913" HPOS="2925" VPOS="1850" WIDTH="56" HEIGHT="19" WC="0.93" CONTENT="samt"/><SP WIDTH="15" VPOS="1850" HPOS="2981"/>
							<String ID="string_914" HPOS="2996" VPOS="1845" WIDTH="177" HEIGHT="28" WC="0.92" CONTENT="borgareständet"/><SP WIDTH="15" VPOS="1845" HPOS="3173"/>
							<String ID="string_915" HPOS="3188" VPOS="1847" WIDTH="38" HEIGHT="24" WC="0.96" CONTENT="att,"/><SP WIDTH="17" VPOS="1847" HPOS="3226"/>
							<String ID="string_916" HPOS="3243" VPOS="1844" WIDTH="48" HEIGHT="21" WC="0.93" CONTENT="med"/><SP WIDTH="15" VPOS="1844" HPOS="3291"/>
							<String ID="string_917" HPOS="3306" VPOS="1843" WIDTH="56" HEIGHT="22" WC="0.93" CONTENT="frän-"/>
						</TextLine>
					</TextBlock>
				</ComposedBlock>
				<Illustration ID="cblock_19" HPOS="2627" VPOS="1861" WIDTH="897" HEIGHT="116"></Illustration>
				<ComposedBlock ID="cblock_20" HPOS="1515" VPOS="1889" WIDTH="488" HEIGHT="108">
					<TextBlock ID="block_16" HPOS="1516" VPOS="1889" WIDTH="119" HEIGHT="27">
						<TextLine ID="line_55" HPOS="1516" VPOS="1889" WIDTH="119" HEIGHT="27">
							<String ID="string_918" HPOS="1516" VPOS="1889" WIDTH="119" HEIGHT="27" WC="0.35" CONTENT="meningen-"/>
						</TextLine>
					</TextBlock>
					<TextBlock ID="block_17" HPOS="1515" VPOS="1911" WIDTH="488" HEIGHT="86">
						<TextLine ID="line_56" HPOS="1516" VPOS="1911" WIDTH="487" HEIGHT="27">
							<String ID="string_919" HPOS="1516" VPOS="1911" WIDTH="148" HEIGHT="27" WC="0.95" CONTENT="utskänkning"/><SP WIDTH="16" VPOS="1911" HPOS="1664"/>
							<String ID="string_920" HPOS="1680" VPOS="1911" WIDTH="29" HEIGHT="27" WC="0.93" CONTENT="af"/><SP WIDTH="12" VPOS="1911" HPOS="1709"/>
							<String ID="string_921" HPOS="1721" VPOS="1911" WIDTH="21" HEIGHT="20" WC="0.95" CONTENT="öl"/><SP WIDTH="14" VPOS="1911" HPOS="1742"/>
							<String ID="string_922" HPOS="1756" VPOS="1911" WIDTH="51" HEIGHT="20" WC="0.96" CONTENT="eller"/><SP WIDTH="12" VPOS="1911" HPOS="1807"/>
							<String ID="string_923" HPOS="1819" VPOS="1913" WIDTH="76" HEIGHT="25" WC="0.96" CONTENT="porter"/><SP WIDTH="11" VPOS="1913" HPOS="1895"/>
							<String ID="string_924" HPOS="1906" VPOS="1911" WIDTH="32" HEIGHT="26" WC="0.93" CONTENT="pä"/><SP WIDTH="16" VPOS="1911" HPOS="1938"/>
							<String ID="string_925" HPOS="1954" VPOS="1911" WIDTH="49" HEIGHT="20" WC="0.92" CONTENT="lan-"/>
						</TextLine>
						<TextLine ID="line_57" HPOS="1516" VPOS="1939" WIDTH="486" HEIGHT="27">
							<String ID="string_926" HPOS="1516" VPOS="1941" WIDTH="36" HEIGHT="20" WC="0.96" CONTENT="det"/><SP WIDTH="17" VPOS="1941" HPOS="1552"/>
							<String ID="string_927" HPOS="1569" VPOS="1939" WIDTH="46" HEIGHT="22" WC="0.96" CONTENT="icke"/><SP WIDTH="23" VPOS="1939" HPOS="1615"/>
							<String ID="string_928" HPOS="1638" VPOS="1940" WIDTH="91" HEIGHT="26" WC="0.96" CONTENT="tillåten,"/><SP WIDTH="24" VPOS="1940" HPOS="1729"/>
							<String ID="string_929" HPOS="1753" VPOS="1939" WIDTH="75" HEIGHT="21" WC="0.96" CONTENT="såvida"/><SP WIDTH="18" VPOS="1939" HPOS="1828"/>
							<String ID="string_930" HPOS="1846" VPOS="1939" WIDTH="46" HEIGHT="21" WC="0.93" CONTENT="icke"/><SP WIDTH="15" VPOS="1939" HPOS="1892"/>
							<String ID="string_931" HPOS="1907" VPOS="1939" WIDTH="95" HEIGHT="21" WC="0.91" CONTENT="kommu-"/>
						</TextLine>
						<TextLine ID="line_58" HPOS="1515" VPOS="1967" WIDTH="373" HEIGHT="30">
							<String ID="string_932" HPOS="1515" VPOS="1969" WIDTH="143" HEIGHT="28" WC="0.91" CONTENT="nalstyrelsen"/><SP WIDTH="16" VPOS="1969" HPOS="1658"/>
							<String ID="string_933" HPOS="1674" VPOS="1968" WIDTH="75" HEIGHT="21" WC="0.91" CONTENT="dertill"/><SP WIDTH="16" VPOS="1968" HPOS="1749"/>
							<String ID="string_934" HPOS="1765" VPOS="1967" WIDTH="123" HEIGHT="28" WC="0.90" CONTENT="tillfaller.&#39;"/>
						</TextLine>
					</TextBlock>
				</ComposedBlock>
				<Illustration ID="cblock_21" HPOS="2669" VPOS="1905" WIDTH="722" HEIGHT="564"></Illustration>
				<ComposedBlock ID="cblock_22" HPOS="2667" VPOS="1905" WIDTH="2" HEIGHT="90">
					<TextBlock ID="block_18" HPOS="2667" VPOS="1905" WIDTH="2" HEIGHT="90">
						<TextLine ID="line_59" HPOS="2667" VPOS="1905" WIDTH="2" HEIGHT="90">
							<String ID="string_935" HPOS="2667" VPOS="1905" WIDTH="2" HEIGHT="90" WC="0.96" CONTENT="|"/>
						</TextLine>
					</TextBlock>
				</ComposedBlock>
				<GraphicalElement ID="cblock_23" HPOS="2017" VPOS="281" WIDTH="9" HEIGHT="1941"></GraphicalElement >
				<GraphicalElement ID="cblock_24" HPOS="1460" VPOS="281" WIDTH="9" HEIGHT="1944"></GraphicalElement >
				<ComposedBlock ID="cblock_25" HPOS="290" VPOS="1987" WIDTH="3073" HEIGHT="335">
					<TextBlock ID="block_19" HPOS="298" VPOS="1987" WIDTH="3064" HEIGHT="96">
						<TextLine ID="line_60" HPOS="298" VPOS="1987" WIDTH="3064" HEIGHT="38">
							<String ID="string_936" HPOS="298" VPOS="1999" WIDTH="27" HEIGHT="20" WC="0.96" CONTENT="24"/><SP WIDTH="15" VPOS="1999" HPOS="325"/>
							<String ID="string_937" HPOS="340" VPOS="1988" WIDTH="15" HEIGHT="43" WC="0.93" CONTENT="|"/><SP WIDTH="17" VPOS="1988" HPOS="355"/>
							<String ID="string_938" HPOS="372" VPOS="1993" WIDTH="81" HEIGHT="26" WC="0.90" CONTENT="antagit"/><SP WIDTH="14" VPOS="1993" HPOS="453"/>
							<String ID="string_939" HPOS="467" VPOS="1992" WIDTH="151" HEIGHT="22" WC="0.92" CONTENT="betänkandet."/><SP WIDTH="311" VPOS="1992" HPOS="618"/>
							<String ID="string_940" HPOS="929" VPOS="1998" WIDTH="94" HEIGHT="27" WC="0.92" CONTENT="godkänt"/><SP WIDTH="21" VPOS="1998" HPOS="1023"/>
							<String ID="string_941" HPOS="1044" VPOS="1998" WIDTH="146" HEIGHT="23" WC="0.91" CONTENT="betänkandet"/><SP WIDTH="22" VPOS="1998" HPOS="1190"/>
							<String ID="string_942" HPOS="1212" VPOS="1999" WIDTH="48" HEIGHT="22" WC="0.93" CONTENT="med"/><SP WIDTH="19" VPOS="1999" HPOS="1260"/>
							<String ID="string_943" HPOS="1279" VPOS="1998" WIDTH="131" HEIGHT="27" WC="0.93" CONTENT="uteslutning"/><SP WIDTH="14" VPOS="1998" HPOS="1410"/>
							<String ID="string_944" HPOS="1424" VPOS="1997" WIDTH="22" HEIGHT="22" WC="0.96" CONTENT="af"/><SP WIDTH="15" VPOS="1997" HPOS="1446"/>
							<String ID="string_945" HPOS="1461" VPOS="1992" WIDTH="13" HEIGHT="37" WC="0.93" CONTENT="|"/><SP WIDTH="12" VPOS="1992" HPOS="1474"/>
							<String ID="string_946" HPOS="1486" VPOS="1997" WIDTH="83" HEIGHT="27" WC="0.93" CONTENT="antagit"/><SP WIDTH="15" VPOS="1997" HPOS="1569"/>
							<String ID="string_947" HPOS="1584" VPOS="1997" WIDTH="150" HEIGHT="22" WC="0.93" CONTENT="betänkandet."/><SP WIDTH="309" VPOS="1997" HPOS="1734"/>
							<String ID="string_948" HPOS="2043" VPOS="1995" WIDTH="82" HEIGHT="27" WC="0.93" CONTENT="antagit"/><SP WIDTH="14" VPOS="1995" HPOS="2125"/>
							<String ID="string_949" HPOS="2139" VPOS="1994" WIDTH="149" HEIGHT="22" WC="0.92" CONTENT="betänkandet."/><SP WIDTH="315" VPOS="1994" HPOS="2288"/>
							<String ID="string_950" HPOS="2603" VPOS="1992" WIDTH="73" HEIGHT="31" WC="0.56" CONTENT="Ehurn"/><SP WIDTH="21" VPOS="1992" HPOS="2676"/>
							<String ID="string_951" HPOS="2697" VPOS="1991" WIDTH="94" HEIGHT="27" WC="0.89" CONTENT="lagenlig"/><SP WIDTH="22" VPOS="1991" HPOS="2791"/>
							<String ID="string_952" HPOS="2813" VPOS="1990" WIDTH="108" HEIGHT="28" WC="0.89" CONTENT="pluralitet"/><SP WIDTH="15" VPOS="1990" HPOS="2921"/>
							<String ID="string_953" HPOS="2936" VPOS="1989" WIDTH="113" HEIGHT="22" WC="0.90" CONTENT="förefinnes"/><SP WIDTH="14" VPOS="1989" HPOS="3049"/>
							<String ID="string_954" HPOS="3063" VPOS="1988" WIDTH="34" HEIGHT="22" WC="0.93" CONTENT="för"/><SP WIDTH="14" VPOS="1988" HPOS="3097"/>
							<String ID="string_955" HPOS="3111" VPOS="1987" WIDTH="147" HEIGHT="22" WC="0.93" CONTENT="betänkandet"/><SP WIDTH="15" VPOS="1987" HPOS="3258"/>
							<String ID="string_956" HPOS="3273" VPOS="1993" WIDTH="89" HEIGHT="20" WC="0.92" CONTENT="uppma-"/>
						</TextLine>
						<TextLine ID="line_61" HPOS="958" VPOS="2015" WIDTH="2403" HEIGHT="38">
							<String ID="string_957" HPOS="958" VPOS="2027" WIDTH="74" HEIGHT="22" WC="0.95" CONTENT="citatet"/><SP WIDTH="24" VPOS="2027" HPOS="1032"/>
							<String ID="string_958" HPOS="1056" VPOS="2027" WIDTH="23" HEIGHT="22" WC="0.93" CONTENT="af"/><SP WIDTH="21" VPOS="2027" HPOS="1079"/>
							<String ID="string_959" HPOS="1100" VPOS="2029" WIDTH="12" HEIGHT="24" WC="0.76" CONTENT="&amp;"/><SP WIDTH="26" VPOS="2029" HPOS="1112"/>
							<String ID="string_960" HPOS="1138" VPOS="2028" WIDTH="26" HEIGHT="21" WC="0.95" CONTENT="10"/><SP WIDTH="26" VPOS="2028" HPOS="1164"/>
							<String ID="string_961" HPOS="1190" VPOS="2027" WIDTH="38" HEIGHT="22" WC="0.91" CONTENT="och"/><SP WIDTH="26" VPOS="2027" HPOS="1228"/>
							<String ID="string_962" HPOS="1254" VPOS="2027" WIDTH="98" HEIGHT="22" WC="0.91" CONTENT="rättande"/><SP WIDTH="21" VPOS="2027" HPOS="1352"/>
							<String ID="string_963" HPOS="1373" VPOS="2026" WIDTH="22" HEIGHT="22" WC="0.96" CONTENT="af"/><SP WIDTH="15" VPOS="2026" HPOS="1395"/>
							<String ID="string_964" HPOS="1410" VPOS="2027" WIDTH="35" HEIGHT="21" WC="0.95" CONTENT="det"/><SP WIDTH="1187" VPOS="2027" HPOS="1445"/>
							<String ID="string_965" HPOS="2632" VPOS="2024" WIDTH="37" HEIGHT="24" WC="0.90" CONTENT="nas"/><SP WIDTH="23" VPOS="2024" HPOS="2669"/>
							<String ID="string_966" HPOS="2692" VPOS="2021" WIDTH="26" HEIGHT="20" WC="0.90" CONTENT="de"/><SP WIDTH="23" VPOS="2021" HPOS="2718"/>
							<String ID="string_967" HPOS="2741" VPOS="2019" WIDTH="66" HEIGHT="28" WC="0.91" CONTENT="öfriga"/><SP WIDTH="23" VPOS="2019" HPOS="2807"/>
							<String ID="string_968" HPOS="2830" VPOS="2019" WIDTH="90" HEIGHT="22" WC="0.92" CONTENT="ständen"/><SP WIDTH="23" VPOS="2019" HPOS="2920"/>
							<String ID="string_969" HPOS="2943" VPOS="2020" WIDTH="32" HEIGHT="20" WC="0.97" CONTENT="att"/><SP WIDTH="22" VPOS="2020" HPOS="2975"/>
							<String ID="string_970" HPOS="2997" VPOS="2017" WIDTH="7" HEIGHT="22" WC="0.96" CONTENT="i"/><SP WIDTH="15" VPOS="2017" HPOS="3004"/>
							<String ID="string_971" HPOS="3019" VPOS="2017" WIDTH="94" HEIGHT="26" WC="0.96" CONTENT="enlighet"/><SP WIDTH="14" VPOS="2017" HPOS="3113"/>
							<String ID="string_972" HPOS="3127" VPOS="2017" WIDTH="49" HEIGHT="21" WC="0.93" CONTENT="med"/><SP WIDTH="16" VPOS="2017" HPOS="3176"/>
							<String ID="string_973" HPOS="3192" VPOS="2015" WIDTH="169" HEIGHT="28" WC="0.90" CONTENT="prestaständets"/>
						</TextLine>
						<TextLine ID="line_62" HPOS="958" VPOS="2043" WIDTH="2404" HEIGHT="40">
							<String ID="string_974" HPOS="958" VPOS="2055" WIDTH="90" HEIGHT="28" WC="0.90" CONTENT="origtiga"/><SP WIDTH="14" VPOS="2055" HPOS="1048"/>
							<String ID="string_975" HPOS="1062" VPOS="2055" WIDTH="146" HEIGHT="28" WC="0.91" CONTENT="äberopandet"/><SP WIDTH="16" VPOS="2055" HPOS="1208"/>
							<String ID="string_976" HPOS="1224" VPOS="2056" WIDTH="22" HEIGHT="21" WC="0.92" CONTENT="af"/><SP WIDTH="12" VPOS="2056" HPOS="1246"/>
							<String ID="string_977" HPOS="1258" VPOS="2058" WIDTH="11" HEIGHT="23" WC="0.92" CONTENT="$"/><SP WIDTH="17" VPOS="2058" HPOS="1269"/>
							<String ID="string_978" HPOS="1286" VPOS="2057" WIDTH="32" HEIGHT="20" WC="0.96" CONTENT="14."/><SP WIDTH="1313" VPOS="2057" HPOS="1318"/>
							<String ID="string_979" HPOS="2631" VPOS="2048" WIDTH="138" HEIGHT="28" WC="0.92" CONTENT="anmärkning"/><SP WIDTH="22" VPOS="2048" HPOS="2769"/>
							<String ID="string_980" HPOS="2791" VPOS="2049" WIDTH="119" HEIGHT="20" WC="0.90" CONTENT="utmönstra"/><SP WIDTH="23" VPOS="2049" HPOS="2910"/>
							<String ID="string_981" HPOS="2933" VPOS="2047" WIDTH="74" HEIGHT="22" WC="0.92" CONTENT="citatet"/><SP WIDTH="22" VPOS="2047" HPOS="3007"/>
							<String ID="string_982" HPOS="3029" VPOS="2047" WIDTH="44" HEIGHT="26" WC="0.45" CONTENT=",.14"/><SP WIDTH="18" VPOS="2047" HPOS="3073"/>
							<String ID="string_983" HPOS="3091" VPOS="2046" WIDTH="35" HEIGHT="27" WC="0.15" CONTENT="$*,"/><SP WIDTH="16" VPOS="2046" HPOS="3126"/>
							<String ID="string_984" HPOS="3142" VPOS="2045" WIDTH="82" HEIGHT="21" WC="0.96" CONTENT="hvilket"/><SP WIDTH="15" VPOS="2045" HPOS="3224"/>
							<String ID="string_985" HPOS="3239" VPOS="2043" WIDTH="22" HEIGHT="22" WC="0.93" CONTENT="af"/><SP WIDTH="14" VPOS="2043" HPOS="3261"/>
							<String ID="string_986" HPOS="3275" VPOS="2043" WIDTH="87" HEIGHT="27" WC="0.96" CONTENT="misstag"/>
						</TextLine>
					</TextBlock>
					<TextBlock ID="block_20" HPOS="290" VPOS="2072" WIDTH="2487" HEIGHT="84">
						<TextLine ID="line_63" HPOS="290" VPOS="2072" WIDTH="2487" HEIGHT="84">
							<String ID="string_987" HPOS="290" VPOS="2109" WIDTH="40" HEIGHT="36" WC="0.43" CONTENT="Pag."/><SP WIDTH="2301" VPOS="2109" HPOS="330"/>
							<String ID="string_988" HPOS="2631" VPOS="2077" WIDTH="40" HEIGHT="79" WC="0.90" CONTENT="W"/><SP WIDTH="14" VPOS="2077" HPOS="2671"/>
							<String ID="string_989" HPOS="2685" VPOS="2072" WIDTH="92" HEIGHT="36" WC="0.82" CONTENT="gvarstä."/>
						</TextLine>
					</TextBlock>
					<TextBlock ID="block_21" HPOS="301" VPOS="2129" WIDTH="3061" HEIGHT="46">
						<TextLine ID="line_64" HPOS="301" VPOS="2129" WIDTH="3061" HEIGHT="46">
							<String ID="string_990" HPOS="301" VPOS="2140" WIDTH="23" HEIGHT="17" WC="0.83" CONTENT="2"/><SP WIDTH="17" VPOS="2140" HPOS="324"/>
							<String ID="string_991" HPOS="341" VPOS="2131" WIDTH="16" HEIGHT="48" WC="0.83" CONTENT="|"/><SP WIDTH="14" VPOS="2131" HPOS="357"/>
							<String ID="string_992" HPOS="371" VPOS="2136" WIDTH="83" HEIGHT="33" WC="0.95" CONTENT="antagit"/><SP WIDTH="21" VPOS="2136" HPOS="454"/>
							<String ID="string_993" HPOS="475" VPOS="2135" WIDTH="48" HEIGHT="22" WC="0.96" CONTENT="med"/><SP WIDTH="25" VPOS="2135" HPOS="523"/>
							<String ID="string_994" HPOS="548" VPOS="2135" WIDTH="90" HEIGHT="40" WC="0.96" CONTENT="ändring"/><SP WIDTH="13" VPOS="2135" HPOS="638"/>
							<String ID="string_995" HPOS="651" VPOS="2135" WIDTH="36" HEIGHT="33" WC="0.93" CONTENT="af"/><SP WIDTH="23" VPOS="2135" HPOS="687"/>
							<String ID="string_996" HPOS="710" VPOS="2135" WIDTH="66" HEIGHT="35" WC="0.90" CONTENT="orden"/><SP WIDTH="27" VPOS="2135" HPOS="776"/>
							<String ID="string_997" HPOS="803" VPOS="2136" WIDTH="85" HEIGHT="27" WC="0.45" CONTENT=",mdgon"/><SP WIDTH="13" VPOS="2136" HPOS="888"/>
							<String ID="string_998" HPOS="901" VPOS="2131" WIDTH="12" HEIGHT="48" WC="0.93" CONTENT="|"/><SP WIDTH="17" VPOS="2131" HPOS="913"/>
							<String ID="string_999" HPOS="930" VPOS="2140" WIDTH="80" HEIGHT="28" WC="0.95" CONTENT="antagit"/><SP WIDTH="10" VPOS="2140" HPOS="1010"/>
							<String ID="string_1000" HPOS="1020" VPOS="2140" WIDTH="144" HEIGHT="23" WC="0.96" CONTENT="betänkandet"/><SP WIDTH="15" VPOS="2140" HPOS="1164"/>
							<String ID="string_1001" HPOS="1179" VPOS="2141" WIDTH="48" HEIGHT="22" WC="0.96" CONTENT="med"/><SP WIDTH="16" VPOS="2141" HPOS="1227"/>
							<String ID="string_1002" HPOS="1243" VPOS="2140" WIDTH="89" HEIGHT="27" WC="0.94" CONTENT="ändring"/><SP WIDTH="10" VPOS="2140" HPOS="1332"/>
							<String ID="string_1003" HPOS="1342" VPOS="2140" WIDTH="23" HEIGHT="22" WC="0.93" CONTENT="af"/><SP WIDTH="14" VPOS="2140" HPOS="1365"/>
							<String ID="string_1004" HPOS="1379" VPOS="2140" WIDTH="64" HEIGHT="21" WC="0.96" CONTENT="orden"/><SP WIDTH="14" VPOS="2140" HPOS="1443"/>
							<String ID="string_1005" HPOS="1457" VPOS="2131" WIDTH="16" HEIGHT="48" WC="0.93" CONTENT="|"/><SP WIDTH="13" VPOS="2131" HPOS="1473"/>
							<String ID="string_1006" HPOS="1486" VPOS="2139" WIDTH="82" HEIGHT="28" WC="0.93" CONTENT="antagit"/><SP WIDTH="15" VPOS="2139" HPOS="1568"/>
							<String ID="string_1007" HPOS="1583" VPOS="2139" WIDTH="143" HEIGHT="22" WC="0.79" CONTENT="oförändradt."/><SP WIDTH="317" VPOS="2139" HPOS="1726"/>
							<String ID="string_1008" HPOS="2043" VPOS="2137" WIDTH="81" HEIGHT="27" WC="0.91" CONTENT="antagit"/><SP WIDTH="15" VPOS="2137" HPOS="2124"/>
							<String ID="string_1009" HPOS="2139" VPOS="2136" WIDTH="144" HEIGHT="22" WC="0.90" CONTENT="oförändradt."/><SP WIDTH="320" VPOS="2136" HPOS="2283"/>
							<String ID="string_1010" HPOS="2603" VPOS="2135" WIDTH="94" HEIGHT="27" WC="0.91" CONTENT="Emedan"/><SP WIDTH="23" VPOS="2135" HPOS="2697"/>
							<String ID="string_1011" HPOS="2720" VPOS="2134" WIDTH="37" HEIGHT="21" WC="0.92" CONTENT="tvä"/><SP WIDTH="23" VPOS="2134" HPOS="2757"/>
							<String ID="string_1012" HPOS="2780" VPOS="2133" WIDTH="63" HEIGHT="21" WC="0.92" CONTENT="ständ"/><SP WIDTH="14" VPOS="2133" HPOS="2843"/>
							<String ID="string_1013" HPOS="2857" VPOS="2132" WIDTH="82" HEIGHT="27" WC="0.90" CONTENT="antagit"/><SP WIDTH="22" VPOS="2132" HPOS="2939"/>
							<String ID="string_1014" HPOS="2961" VPOS="2131" WIDTH="116" HEIGHT="22" WC="0.90" CONTENT="utskottets"/><SP WIDTH="16" VPOS="2131" HPOS="3077"/>
							<String ID="string_1015" HPOS="3093" VPOS="2129" WIDTH="143" HEIGHT="27" WC="0.92" CONTENT="betänkande,"/><SP WIDTH="24" VPOS="2129" HPOS="3236"/>
							<String ID="string_1016" HPOS="3260" VPOS="2129" WIDTH="102" HEIGHT="22" WC="0.91" CONTENT="anmodas"/>
						</TextLine>
					</TextBlock>
					<TextBlock ID="block_22" HPOS="303" VPOS="2157" WIDTH="3060" HEIGHT="49">
						<TextLine ID="line_65" HPOS="303" VPOS="2157" WIDTH="3060" HEIGHT="49">
							<String ID="string_1017" HPOS="303" VPOS="2160" WIDTH="21" HEIGHT="46" WC="0.21" CONTENT="ia"/><SP WIDTH="70" VPOS="2160" HPOS="324"/>
							<String ID="string_1018" HPOS="394" VPOS="2163" WIDTH="106" HEIGHT="28" WC="0.93" CONTENT="följande"/><SP WIDTH="10" VPOS="2163" HPOS="500"/>
							<String ID="string_1019" HPOS="510" VPOS="2164" WIDTH="107" HEIGHT="27" WC="0.64" CONTENT="landtdag*"/><SP WIDTH="23" VPOS="2164" HPOS="617"/>
							<String ID="string_1020" HPOS="640" VPOS="2163" WIDTH="37" HEIGHT="22" WC="0.29" CONTENT="till"/><SP WIDTH="17" VPOS="2163" HPOS="677"/>
							<String ID="string_1021" HPOS="694" VPOS="2167" WIDTH="60" HEIGHT="23" WC="0.29" CONTENT="nästa"/><SP WIDTH="11" VPOS="2167" HPOS="754"/>
							<String ID="string_1022" HPOS="765" VPOS="2164" WIDTH="124" HEIGHT="28" WC="0.85" CONTENT="landtdag.&quot;"/><SP WIDTH="68" VPOS="2164" HPOS="889"/>
							<String ID="string_1023" HPOS="957" VPOS="2170" WIDTH="87" HEIGHT="27" WC="0.46" CONTENT="någon"/><SP WIDTH="9" VPOS="2170" HPOS="1044"/>
							<String ID="string_1024" HPOS="1053" VPOS="2169" WIDTH="107" HEIGHT="28" WC="0.93" CONTENT="följande"/><SP WIDTH="15" VPOS="2169" HPOS="1160"/>
							<String ID="string_1025" HPOS="1175" VPOS="2170" WIDTH="121" HEIGHT="27" WC="0.75" CONTENT="landtdag&#39;"/><SP WIDTH="21" VPOS="2170" HPOS="1296"/>
							<String ID="string_1026" HPOS="1317" VPOS="2169" WIDTH="32" HEIGHT="22" WC="0.91" CONTENT="till"/><SP WIDTH="16" VPOS="2169" HPOS="1349"/>
							<String ID="string_1027" HPOS="1365" VPOS="2171" WIDTH="78" HEIGHT="25" WC="0.10" CONTENT="nästa"/><SP WIDTH="1189" VPOS="2171" HPOS="1443"/>
							<String ID="string_1028" HPOS="2632" VPOS="2162" WIDTH="147" HEIGHT="27" WC="0.92" CONTENT="ridderskapet"/><SP WIDTH="23" VPOS="2162" HPOS="2779"/>
							<String ID="string_1029" HPOS="2802" VPOS="2161" WIDTH="39" HEIGHT="22" WC="0.92" CONTENT="och"/><SP WIDTH="24" VPOS="2161" HPOS="2841"/>
							<String ID="string_1030" HPOS="2865" VPOS="2161" WIDTH="62" HEIGHT="21" WC="0.92" CONTENT="adeln"/><SP WIDTH="22" VPOS="2161" HPOS="2927"/>
							<String ID="string_1031" HPOS="2949" VPOS="2162" WIDTH="56" HEIGHT="20" WC="0.93" CONTENT="samt"/><SP WIDTH="14" VPOS="2162" HPOS="3005"/>
							<String ID="string_1032" HPOS="3019" VPOS="2159" WIDTH="160" HEIGHT="28" WC="0.92" CONTENT="prestaständet"/><SP WIDTH="15" VPOS="2159" HPOS="3179"/>
							<String ID="string_1033" HPOS="3194" VPOS="2159" WIDTH="32" HEIGHT="20" WC="0.92" CONTENT="att"/><SP WIDTH="15" VPOS="2159" HPOS="3226"/>
							<String ID="string_1034" HPOS="3241" VPOS="2158" WIDTH="74" HEIGHT="21" WC="0.92" CONTENT="förena"/><SP WIDTH="16" VPOS="2158" HPOS="3315"/>
							<String ID="string_1035" HPOS="3331" VPOS="2157" WIDTH="32" HEIGHT="27" WC="0.96" CONTENT="sig"/>
						</TextLine>
					</TextBlock>
					<TextBlock ID="block_23" HPOS="308" VPOS="2189" WIDTH="2689" HEIGHT="37">
						<TextLine ID="line_66" HPOS="308" VPOS="2189" WIDTH="2689" HEIGHT="37">
							<String ID="string_1036" HPOS="308" VPOS="2203" WIDTH="11" HEIGHT="12" WC="0.79" CONTENT="w"/><SP WIDTH="638" VPOS="2203" HPOS="319"/>
							<String ID="string_1037" HPOS="957" VPOS="2198" WIDTH="129" HEIGHT="28" WC="0.16" CONTENT="landtdag.**"/><SP WIDTH="1547" VPOS="2198" HPOS="1086"/>
							<String ID="string_1038" HPOS="2633" VPOS="2191" WIDTH="36" HEIGHT="22" WC="0.86" CONTENT="om"/><SP WIDTH="13" VPOS="2191" HPOS="2669"/>
							<String ID="string_1039" HPOS="2682" VPOS="2191" WIDTH="26" HEIGHT="21" WC="0.93" CONTENT="de"/><SP WIDTH="16" VPOS="2191" HPOS="2708"/>
							<String ID="string_1040" HPOS="2724" VPOS="2190" WIDTH="67" HEIGHT="27" WC="0.93" CONTENT="öfriga"/><SP WIDTH="15" VPOS="2190" HPOS="2791"/>
							<String ID="string_1041" HPOS="2806" VPOS="2190" WIDTH="100" HEIGHT="21" WC="0.91" CONTENT="ständens"/><SP WIDTH="17" VPOS="2190" HPOS="2906"/>
							<String ID="string_1042" HPOS="2923" VPOS="2189" WIDTH="74" HEIGHT="22" WC="0.96" CONTENT="beslut."/>
						</TextLine>
					</TextBlock>
					<TextBlock ID="block_24" HPOS="308" VPOS="2217" WIDTH="3055" HEIGHT="39">
						<TextLine ID="line_67" HPOS="308" VPOS="2217" WIDTH="3055" HEIGHT="39">
							<String ID="string_1043" HPOS="308" VPOS="2226" WIDTH="17" HEIGHT="29" WC="0.91" CONTENT="E"/><SP WIDTH="727" VPOS="2226" HPOS="325"/>
							<String ID="string_1044" HPOS="1052" VPOS="2233" WIDTH="47" HEIGHT="21" WC="0.96" CONTENT="Den"/><SP WIDTH="15" VPOS="2233" HPOS="1099"/>
							<String ID="string_1045" HPOS="1114" VPOS="2232" WIDTH="68" HEIGHT="22" WC="0.96" CONTENT="finska"/><SP WIDTH="16" VPOS="2232" HPOS="1182"/>
							<String ID="string_1046" HPOS="1198" VPOS="2234" WIDTH="72" HEIGHT="20" WC="0.97" CONTENT="texten"/><SP WIDTH="15" VPOS="2234" HPOS="1270"/>
							<String ID="string_1047" HPOS="1285" VPOS="2234" WIDTH="23" HEIGHT="20" WC="0.97" CONTENT="är"/><SP WIDTH="16" VPOS="2234" HPOS="1308"/>
							<String ID="string_1048" HPOS="1324" VPOS="2231" WIDTH="23" HEIGHT="22" WC="0.97" CONTENT="af"/><SP WIDTH="13" VPOS="2231" HPOS="1347"/>
							<String ID="string_1049" HPOS="1360" VPOS="2232" WIDTH="25" HEIGHT="21" WC="0.95" CONTENT="de"/><SP WIDTH="16" VPOS="2232" HPOS="1385"/>
							<String ID="string_1050" HPOS="1401" VPOS="2233" WIDTH="33" HEIGHT="20" WC="0.93" CONTENT="tre"/><SP WIDTH="16" VPOS="2233" HPOS="1434"/>
							<String ID="string_1051" HPOS="1450" VPOS="2231" WIDTH="77" HEIGHT="21" WC="0.95" CONTENT="ofrälse"/><SP WIDTH="15" VPOS="2231" HPOS="1527"/>
							<String ID="string_1052" HPOS="1542" VPOS="2231" WIDTH="89" HEIGHT="21" WC="0.92" CONTENT="stånden"/><SP WIDTH="17" VPOS="2231" HPOS="1631"/>
							<String ID="string_1053" HPOS="1648" VPOS="2230" WIDTH="170" HEIGHT="22" WC="0.86" CONTENT="äterremitterad"/><SP WIDTH="15" VPOS="2230" HPOS="1818"/>
							<String ID="string_1054" HPOS="1833" VPOS="2230" WIDTH="32" HEIGHT="21" WC="0.97" CONTENT="för"/><SP WIDTH="15" VPOS="2230" HPOS="1865"/>
							<String ID="string_1055" HPOS="1880" VPOS="2237" WIDTH="25" HEIGHT="14" WC="0.93" CONTENT="en"/><SP WIDTH="16" VPOS="2237" HPOS="1905"/>
							<String ID="string_1056" HPOS="1921" VPOS="2229" WIDTH="158" HEIGHT="27" WC="0.95" CONTENT="genomgående"/><SP WIDTH="15" VPOS="2229" HPOS="2079"/>
							<String ID="string_1057" HPOS="2094" VPOS="2228" WIDTH="95" HEIGHT="28" WC="0.96" CONTENT="språklig"/><SP WIDTH="16" VPOS="2228" HPOS="2189"/>
							<String ID="string_1058" HPOS="2205" VPOS="2227" WIDTH="154" HEIGHT="27" WC="0.96" CONTENT="omarbetning."/><SP WIDTH="110" VPOS="2227" HPOS="2359"/>
							<String ID="string_1059" HPOS="2469" VPOS="2231" WIDTH="3" HEIGHT="2" WC="0.21" CONTENT="i"/><SP WIDTH="131" VPOS="2231" HPOS="2472"/>
							<String ID="string_1060" HPOS="2603" VPOS="2217" WIDTH="110" HEIGHT="30" WC="0.96" CONTENT="Utskottet"/><SP WIDTH="16" VPOS="2217" HPOS="2713"/>
							<String ID="string_1061" HPOS="2729" VPOS="2224" WIDTH="94" HEIGHT="26" WC="0.96" CONTENT="föreslår,"/><SP WIDTH="25" VPOS="2224" HPOS="2823"/>
							<String ID="string_1062" HPOS="2848" VPOS="2225" WIDTH="32" HEIGHT="20" WC="0.96" CONTENT="att"/><SP WIDTH="23" VPOS="2225" HPOS="2880"/>
							<String ID="string_1063" HPOS="2903" VPOS="2224" WIDTH="68" HEIGHT="21" WC="0.96" CONTENT="denna"/><SP WIDTH="23" VPOS="2224" HPOS="2971"/>
							<String ID="string_1064" HPOS="2994" VPOS="2221" WIDTH="146" HEIGHT="26" WC="0.95" CONTENT="omarbetning"/><SP WIDTH="23" VPOS="2221" HPOS="3140"/>
							<String ID="string_1065" HPOS="3163" VPOS="2221" WIDTH="35" HEIGHT="21" WC="0.96" CONTENT="må"/><SP WIDTH="22" VPOS="2221" HPOS="3198"/>
							<String ID="string_1066" HPOS="3220" VPOS="2220" WIDTH="21" HEIGHT="21" WC="0.96" CONTENT="få"/><SP WIDTH="15" VPOS="2220" HPOS="3241"/>
							<String ID="string_1067" HPOS="3256" VPOS="2219" WIDTH="107" HEIGHT="26" WC="0.96" CONTENT="företagas"/>
						</TextLine>
					</TextBlock>
					<TextBlock ID="block_25" HPOS="307" VPOS="2247" WIDTH="3056" HEIGHT="51">
						<TextLine ID="line_68" HPOS="307" VPOS="2247" WIDTH="3056" HEIGHT="51">
							<String ID="string_1068" HPOS="307" VPOS="2247" WIDTH="12" HEIGHT="51" WC="0.90" CONTENT="E"/><SP WIDTH="1813" VPOS="2247" HPOS="319"/>
							<String ID="string_1069" HPOS="2132" VPOS="2276" WIDTH="3" HEIGHT="3" WC="0.35" CONTENT="a"/><SP WIDTH="497" VPOS="2276" HPOS="2135"/>
							<String ID="string_1070" HPOS="2632" VPOS="2253" WIDTH="52" HEIGHT="22" WC="0.95" CONTENT="först"/><SP WIDTH="25" VPOS="2253" HPOS="2684"/>
							<String ID="string_1071" HPOS="2709" VPOS="2252" WIDTH="53" HEIGHT="22" WC="0.95" CONTENT="efter"/><SP WIDTH="26" VPOS="2252" HPOS="2762"/>
							<String ID="string_1072" HPOS="2788" VPOS="2252" WIDTH="35" HEIGHT="22" WC="0.96" CONTENT="det"/><SP WIDTH="24" VPOS="2252" HPOS="2823"/>
							<String ID="string_1073" HPOS="2847" VPOS="2252" WIDTH="151" HEIGHT="26" WC="0.96" CONTENT="förordningen"/><SP WIDTH="25" VPOS="2252" HPOS="2998"/>
							<String ID="string_1074" HPOS="3023" VPOS="2256" WIDTH="76" HEIGHT="21" WC="0.93" CONTENT="genom"/><SP WIDTH="26" VPOS="2256" HPOS="3099"/>
							<String ID="string_1075" HPOS="3125" VPOS="2248" WIDTH="126" HEIGHT="28" WC="0.87" CONTENT="afgörandet"/><SP WIDTH="15" VPOS="2248" HPOS="3251"/>
							<String ID="string_1076" HPOS="3266" VPOS="2248" WIDTH="23" HEIGHT="21" WC="0.96" CONTENT="af"/><SP WIDTH="14" VPOS="2248" HPOS="3289"/>
							<String ID="string_1077" HPOS="3303" VPOS="2248" WIDTH="60" HEIGHT="20" WC="0.96" CONTENT="detta"/>
						</TextLine>
					</TextBlock>
					<TextBlock ID="block_26" HPOS="307" VPOS="2275" WIDTH="3055" HEIGHT="47">
						<TextLine ID="line_69" HPOS="307" VPOS="2275" WIDTH="3055" HEIGHT="47">
							<String ID="string_1078" HPOS="307" VPOS="2298" WIDTH="13" HEIGHT="24" WC="0.91" CONTENT="E"/><SP WIDTH="1487" VPOS="2298" HPOS="320"/>
							<String ID="string_1079" HPOS="1807" VPOS="2293" WIDTH="6" HEIGHT="7" WC="0.77" CONTENT="N"/><SP WIDTH="819" VPOS="2293" HPOS="1813"/>
							<String ID="string_1080" HPOS="2632" VPOS="2280" WIDTH="308" HEIGHT="28" WC="0.84" CONTENT="sammanjemnkningsförslag"/><SP WIDTH="29" VPOS="2280" HPOS="2940"/>
							<String ID="string_1081" HPOS="2969" VPOS="2279" WIDTH="68" HEIGHT="22" WC="0.93" CONTENT="blifvit"/><SP WIDTH="33" VPOS="2279" HPOS="3037"/>
							<String ID="string_1082" HPOS="3070" VPOS="2278" WIDTH="105" HEIGHT="22" WC="0.90" CONTENT="definitivt"/><SP WIDTH="22" VPOS="2278" HPOS="3175"/>
							<String ID="string_1083" HPOS="3197" VPOS="2279" WIDTH="92" HEIGHT="24" WC="0.96" CONTENT="antagen"/><SP WIDTH="34" VPOS="2279" HPOS="3289"/>
							<String ID="string_1084" HPOS="3323" VPOS="2275" WIDTH="39" HEIGHT="22" WC="0.93" CONTENT="och"/>
						</TextLine>
					</TextBlock>
				</ComposedBlock>
				<ComposedBlock ID="cblock_26" HPOS="2631" VPOS="2304" WIDTH="732" HEIGHT="119">
					<TextBlock ID="block_27" HPOS="2631" VPOS="2304" WIDTH="732" HEIGHT="119">
						<TextLine ID="line_70" HPOS="2632" VPOS="2304" WIDTH="730" HEIGHT="31">
							<String ID="string_1085" HPOS="2632" VPOS="2310" WIDTH="46" HEIGHT="25" WC="0.93" CONTENT="dess"/><SP WIDTH="7" VPOS="2310" HPOS="2678"/>
							<String ID="string_1086" HPOS="2685" VPOS="2310" WIDTH="94" HEIGHT="21" WC="0.91" CONTENT="innehäll"/><SP WIDTH="15" VPOS="2310" HPOS="2779"/>
							<String ID="string_1087" HPOS="2794" VPOS="2309" WIDTH="99" HEIGHT="26" WC="0.93" CONTENT="slutligen"/><SP WIDTH="8" VPOS="2309" HPOS="2893"/>
							<String ID="string_1088" HPOS="2901" VPOS="2308" WIDTH="114" HEIGHT="22" WC="0.91" CONTENT="faststäldt."/><SP WIDTH="16" VPOS="2308" HPOS="3015"/>
							<String ID="string_1089" HPOS="3031" VPOS="2306" WIDTH="49" HEIGHT="22" WC="0.96" CONTENT="Alla"/><SP WIDTH="15" VPOS="2306" HPOS="3080"/>
							<String ID="string_1090" HPOS="3095" VPOS="2306" WIDTH="87" HEIGHT="22" WC="0.93" CONTENT="stadens"/><SP WIDTH="15" VPOS="2306" HPOS="3182"/>
							<String ID="string_1091" HPOS="3197" VPOS="2304" WIDTH="118" HEIGHT="28" WC="0.92" CONTENT="tryckerier"/><SP WIDTH="10" VPOS="2304" HPOS="3315"/>
							<String ID="string_1092" HPOS="3325" VPOS="2306" WIDTH="37" HEIGHT="19" WC="0.92" CONTENT="äro"/>
						</TextLine>
						<TextLine ID="line_71" HPOS="2631" VPOS="2332" WIDTH="731" HEIGHT="33">
							<String ID="string_1093" HPOS="2631" VPOS="2339" WIDTH="38" HEIGHT="21" WC="0.90" CONTENT="för"/><SP WIDTH="9" VPOS="2339" HPOS="2669"/>
							<String ID="string_1094" HPOS="2678" VPOS="2338" WIDTH="63" HEIGHT="27" WC="0.90" CONTENT="öfrigt"/><SP WIDTH="22" VPOS="2338" HPOS="2741"/>
							<String ID="string_1095" HPOS="2763" VPOS="2344" WIDTH="29" HEIGHT="15" WC="0.94" CONTENT="nu"/><SP WIDTH="21" VPOS="2344" HPOS="2792"/>
							<String ID="string_1096" HPOS="2813" VPOS="2338" WIDTH="24" HEIGHT="21" WC="0.93" CONTENT="sä"/><SP WIDTH="15" VPOS="2338" HPOS="2837"/>
							<String ID="string_1097" HPOS="2852" VPOS="2339" WIDTH="109" HEIGHT="25" WC="0.96" CONTENT="upptagna"/><SP WIDTH="14" VPOS="2339" HPOS="2961"/>
							<String ID="string_1098" HPOS="2975" VPOS="2336" WIDTH="49" HEIGHT="22" WC="0.93" CONTENT="med"/><SP WIDTH="15" VPOS="2336" HPOS="3024"/>
							<String ID="string_1099" HPOS="3039" VPOS="2334" WIDTH="112" HEIGHT="29" WC="0.96" CONTENT="tryckning"/><SP WIDTH="16" VPOS="2334" HPOS="3151"/>
							<String ID="string_1100" HPOS="3167" VPOS="2334" WIDTH="22" HEIGHT="22" WC="0.93" CONTENT="af"/><SP WIDTH="13" VPOS="2334" HPOS="3189"/>
							<String ID="string_1101" HPOS="3202" VPOS="2332" WIDTH="160" HEIGHT="26" WC="0.96" CONTENT="betänkanden,"/>
						</TextLine>
						<TextLine ID="line_72" HPOS="2631" VPOS="2360" WIDTH="732" HEIGHT="31">
							<String ID="string_1102" HPOS="2631" VPOS="2365" WIDTH="84" HEIGHT="26" WC="0.87" CONTENT="attiden"/><SP WIDTH="16" VPOS="2365" HPOS="2715"/>
							<String ID="string_1103" HPOS="2731" VPOS="2366" WIDTH="137" HEIGHT="22" WC="0.96" CONTENT="omarbetade"/><SP WIDTH="15" VPOS="2366" HPOS="2868"/>
							<String ID="string_1104" HPOS="2883" VPOS="2368" WIDTH="72" HEIGHT="19" WC="0.96" CONTENT="texten"/><SP WIDTH="16" VPOS="2368" HPOS="2955"/>
							<String ID="string_1105" HPOS="2971" VPOS="2364" WIDTH="106" HEIGHT="22" WC="0.96" CONTENT="måhända"/><SP WIDTH="16" VPOS="2364" HPOS="3077"/>
							<String ID="string_1106" HPOS="3093" VPOS="2364" WIDTH="46" HEIGHT="21" WC="0.96" CONTENT="icke"/><SP WIDTH="16" VPOS="2364" HPOS="3139"/>
							<String ID="string_1107" HPOS="3155" VPOS="2362" WIDTH="44" HEIGHT="22" WC="0.96" CONTENT="förr"/><SP WIDTH="10" VPOS="2362" HPOS="3199"/>
							<String ID="string_1108" HPOS="3209" VPOS="2364" WIDTH="27" HEIGHT="20" WC="0.97" CONTENT="än"/><SP WIDTH="11" VPOS="2364" HPOS="3236"/>
							<String ID="string_1109" HPOS="3247" VPOS="2362" WIDTH="35" HEIGHT="22" WC="0.93" CONTENT="vid"/><SP WIDTH="9" VPOS="2362" HPOS="3282"/>
							<String ID="string_1110" HPOS="3291" VPOS="2360" WIDTH="72" HEIGHT="23" WC="0.91" CONTENT="landt-"/>
						</TextLine>
						<TextLine ID="line_73" HPOS="2632" VPOS="2392" WIDTH="299" HEIGHT="31">
							<String ID="string_1111" HPOS="2632" VPOS="2392" WIDTH="78" HEIGHT="31" WC="0.96" CONTENT="dagens"/><SP WIDTH="15" VPOS="2392" HPOS="2710"/>
							<String ID="string_1112" HPOS="2725" VPOS="2395" WIDTH="42" HEIGHT="23" WC="0.96" CONTENT="slut"/><SP WIDTH="15" VPOS="2395" HPOS="2767"/>
							<String ID="string_1113" HPOS="2782" VPOS="2395" WIDTH="42" HEIGHT="22" WC="0.95" CONTENT="kan"/><SP WIDTH="15" VPOS="2395" HPOS="2824"/>
							<String ID="string_1114" HPOS="2839" VPOS="2394" WIDTH="92" HEIGHT="22" WC="0.96" CONTENT="utdelas."/>
						</TextLine>
					</TextBlock>
				</ComposedBlock>
				<GraphicalElement ID="cblock_27" HPOS="346" VPOS="286" WIDTH="9" HEIGHT="2142"></GraphicalElement >
				<GraphicalElement ID="cblock_28" HPOS="2578" VPOS="279" WIDTH="9" HEIGHT="2175"></GraphicalElement >
				<GraphicalElement ID="cblock_29" HPOS="905" VPOS="287" WIDTH="8" HEIGHT="2193"></GraphicalElement >
				<GraphicalElement ID="cblock_30" HPOS="936" VPOS="1457" WIDTH="6" HEIGHT="1126"></GraphicalElement >
			</PrintSpace>
		</Page>
	</Layout>
</alto>
