1025 1620
434 111 35 22 N:o
484 111 32 22 14.
813 109 12 20 3

100 181 127 26 förordning
243 187 34 14 om
290 181 48 26 jagt
357 180 39 21 och
416 179 101 28 djurfång
533 180 7 20 i
557 179 66 27 öfrigt
639 179 121 27 uppgjorda
775 178 82 25 förslag

100 215 34 21 till
158 215 125 26 förordning
301 215 7 20 i
325 217 71 19 ämnet
412 215 38 20 har
466 215 61 20 Hans
543 213 122 28 Kejserliga
680 213 103 27 Majestät
799 213 57 20 velat

100 250 6 20 i
123 249 66 21 nåder
205 249 130 21 öfverlemna
351 249 33 21 till
396 249 131 21 Ständernas
539 249 132 26 antagande;
683 247 94 22 varande
789 247 66 26 sagda

100 283 82 27 förslag
198 284 24 21 så
238 284 105 27 lydande:

375 347 124 34 Förslag
520 347 43 26 till
581 346 146 35 förordning
745 353 38 20 om
799 345 58 34 jagt

308 387 44 27 och
372 387 119 34 djurfång
508 387 10 27 i
536 387 115 27 Finland.

455 452 12 26 8
485 453 17 19 1.

174 492 53 26 Jagt
250 492 39 21 och
313 492 99 26 djurfång
436 492 35 21 må
489 492 86 21 utöfvas
591 492 34 20 för
639 493 33 20 att
688 492 46 20 dels
750 490 109 22 åtkomma

103 526 107 27 vildbråd,
227 526 45 22 dels
288 528 74 20 utrota
377 526 117 28 skadedjur
510 526 39 21 och
565 526 108 27 roffoglar.

457 590 12 28 g
486 590 17 20 2.

178 630 48 21 Alla
241 630 57 21 vilda
313 630 49 27 djur
378 630 38 22 och
427 630 124 27 fogelarter,
563 630 61 22 som
615 626 12 36 i
636 630 73 22 landet
719 630 139 24 förekomma,

105 664 102 22 hänföras
223 664 32 21 till
272 667 33 19 tre
320 665 53 26 slag,
390 665 118 26 nemligen:

177 701 25 24 a)
218 699 86 27 Nyttigt
321 699 104 27 vildbräd,
441 699 65 21 hvars
522 699 152 22 bibehällande
690 699 39 21 och
740 698 119 22 förökande

105 734 39 21 bör
167 734 115 27 befrämjas
305 740 76 20 genom
404 734 129 27 fridlysning
553 734 39 22 och
611 734 86 21 hvartill
713 734 89 21 räknas:
818 733 41 27 elg,

106 768 86 26 bäfver,
203 768 88 26 vildren,
308 768 58 27 hare,
380 774 57 20 svan,
449 769 66 27 ejder,
525 768 90 28 vildgäs,
623 768 77 28 tjäder,
712 775 54 19 orre,
778 768 81 27 hjerpe,

106 802 116 27 rapphöns,
238 803 142 26 ljungpipare,
396 803 62 20 äfven
479 803 72 21 kallad
568 803 109 21 äkerhöna
693 803 52 21 eller
760 802 100 21 brockfo-

106 837 40 26 gel,
170 837 113 26 morkulla,
299 837 53 27 ripa,
369 839 65 24 stare,
450 838 93 26 gräsand
560 837 39 22 och
615 837 68 27 öfrige
698 839 60 20 arter
772 837 23 21 af
809 837 52 20 and-

106 871 87 27 slägtet,
209 871 102 22 beckasin
327 872 39 21 och
382 872 108 21 brushane
506 874 56 19 samt
577 872 68 21 andra
661 873 27 20 än
704 871 157 22 ofvannämnda

106 907 47 26 slag
169 906 22 21 af
205 906 120 27 hönsfogel,
342 913 46 14 som
403 907 102 26 möjligen
514 907 115 21 framdeles
641 906 71 21 kunna
715 901 35 37 här
764 906 14 21 i
788 905 74 22 landet

105 941 134 21 förekomma
254 941 39 21 och
309 942 31 20 uti
356 941 54 22 vildt
425 941 99 22 tillständ
540 941 135 27 fortplantas.

178 975 23 25 0)
218 975 121 28 Skadedjur
362 976 39 21 och
424 975 103 28 roffoglar
547 976 51 21 eller
618 976 68 27 björn,
703 982 57 20 varg,
778 975 27 26 lo,
818 974 46 28 jerf

107 1010 52 21 eller
184 1009 74 27 filfras,
283 1010 38 27 räf,
345 1011 67 26 mård,
429 1012 64 25 utter,
510 1012 45 24 örn,
572 1010 29 26 uf,
622 1010 49 25 hök,
687 1010 106 27 fiskljuse,
809 1009 51 26 falk,

107 1044 58 26 vräk,
189 1044 61 27 korp,
274 1045 74 26 kräka,
372 1045 62 21 skata
454 1045 39 22 och
509 1045 120 26 nötskrika,
646 1045 84 21 hvilkas
746 1044 115 22 utrotande

106 1079 89 28 åsyftas.

178 1116 22 24 e)
217 1110 72 31 Öfrigt
307 1114 105 26 vildbräd,
433 1114 64 21 hvars
512 1114 103 21 fredande
632 1115 52 21 eller
695 1114 109 21 utödande
815 1113 47 21 icke

106 1150 25 19 är
147 1148 105 22 särskildt
267 1149 110 27 påbjudet.

460 1178 48 27 83.

177 1218 140 26 Rättigheten
333 1220 33 19 att
381 1218 47 21 med
444 1218 27 20 de
481 1218 189 26 inskränkningar,
686 1224 46 15 som
742 1218 40 21 här
793 1217 70 21 nedan

106 1252 95 26 stadgas,
225 1252 51 21 idka
296 1253 48 26 jagt
367 1252 39 22 och
429 1252 101 27 djurfång
546 1252 13 21 å
574 1252 148 27 kronoparker
738 1252 39 22 och
793 1257 69 15 annan

106 1286 83 22 kronan
212 1286 98 27 tillhörig
333 1286 144 27 odisponerad
500 1286 68 26 mark,
591 1286 131 39 förbehålles
746 1286 32 22 till
801 1285 62 21 Hans

107 1316 121 47 Kejserliga
251 1320 114 27 Majestäts
388 1320 85 22 förfoga
688 1320 103 22 särskildt
806 1319 57 21 före-

282 1361 29 21 ng
327 1355 85 21 utöfvas
423 1355 23 21 af
455 1356 130 26 tjenstemän
597 1356 39 21 och
648 1356 93 26 betjente
751 1354 36 22 vid
797 1354 66 21 forst-

106 1390 72 20 staten
201 1390 6 20 i
230 1389 84 26 landet;
337 1396 49 15 men
402 1390 6 20 i
424 1390 67 26 öfrigt
510 1389 131 23 tillkommer
657 1390 53 21 hvar
725 1390 38 21 och
779 1395 26 15 en
822 1388 42 21 slik

106 1424 45 20 rätt
167 1424 12 20 å
195 1424 40 21 den
248 1424 50 26 jord
314 1424 43 21 han
372 1430 56 20 eger.
