1025 1620
208 95 15 20 4
397 94 80 23 Ständ.
493 94 36 23 Sv.
544 106 28 6 —
587 94 73 27 Prop.
675 93 42 22 N:o
731 92 36 22 10.

181 157 128 27 huggandet
324 156 25 22 af
359 157 80 28 jemväl
453 157 79 26 träden
547 157 29 28 pä
599 157 59 20 ömse
673 155 59 22 sidor
747 155 25 21 af
783 155 70 27 vägen
869 153 70 22 skulle

180 191 106 25 medföra,
302 191 65 21 hafva
377 191 122 22 Ständerna
509 193 73 20 ansett
592 190 166 28 ifrägavarande
768 188 105 29 paragraf
879 188 59 25 böra,

182 225 8 21 i
205 226 111 20 närmaste
332 225 222 22 öfverensstämmelse
576 226 50 20 med
642 232 29 14 nu
685 223 102 28 gällande
801 223 43 28 lag,
860 223 79 21 ändras

181 259 83 22 derhän
287 261 33 20 att
342 261 78 20 endast
442 260 82 21 buskar
546 259 62 22 skola
630 259 59 22 invid
709 259 157 26 landsvägarne
881 257 58 22 bort-

181 293 91 28 huggas.

251 327 61 21 Enär
329 328 36 21 det
385 334 62 21 synes
469 328 75 21 kunna
564 327 142 22 öfverlemnas
728 326 34 21 till
778 326 162 22 vederbörande

181 361 266 28 vägbyggnadsskyldiges
465 362 171 25 bestämmande,
656 361 107 22 huruvida
782 361 83 27 byaväg
885 359 56 22 skall

181 395 69 21 förses
265 396 51 20 med
330 396 73 26 diken,
419 397 24 20 är
457 397 32 20 uti
505 398 10 25 &
531 397 13 19 8
560 396 74 22 vidare
650 396 62 21 ordet
727 411 12 9 ,,
741 394 117 27 landsväg”
873 394 68 22 insatt

181 430 8 20 i
204 430 74 21 stället
293 430 34 21 för
342 431 61 20 ordet
418 430 74 28 ,,väg”.

251 464 140 22 Beträffande
406 464 131 28 rättigheten
553 464 33 22 till
602 464 62 22 sand-
679 463 40 22 och
734 464 99 26 grustägt
847 462 34 22 för
890 463 51 26 väg-

182 497 99 28 fyllning,
304 499 88 26 stadgas
407 499 8 21 i
429 500 11 26 &
455 500 24 20 9:
495 501 33 19 att
549 500 31 20 vä
602 498 179 28 glagningsämne
801 498 36 20 må
852 499 62 25 tagas
929 497 14 21 &

183 532 54 27 skog
252 532 41 22 och
307 532 94 26 utmark,
417 534 40 20 der
471 534 79 20 sådant
568 532 76 26 finnes,
661 532 40 22 och
711 532 37 21 vid
757 532 81 27 vägsyn
856 531 24 21 af
892 530 49 22 kro-

183 566 115 28 nobetjent
315 567 68 27 jemte
399 568 36 21 två
450 567 24 22 af
487 567 213 27 vägbyggnadslaget
715 566 90 21 utsedde
820 566 55 26 gode
891 566 50 20 män

184 600 72 22 dertill
273 600 138 27 bestämmes,
432 608 50 15 men
501 603 39 24 att,
562 602 38 20 der
620 601 79 27 nödiga
721 600 220 27 väglagningsämnen

182 634 49 22 icke
254 636 37 20 äro
307 636 14 20 å
335 635 54 27 skog
408 636 41 20 och
469 635 87 21 utmark
572 637 33 19 att
620 635 62 27 tillgå
696 635 29 27 på
740 634 99 27 lämpligt
854 633 87 21 afstånd

184 669 52 21 eller
254 669 25 21 af
292 669 77 27 tjenlig
382 670 156 25 beskaffenhet,
551 670 116 27 jordegare
677 669 36 21 må
723 668 74 21 kunna
807 668 24 21 af
839 668 42 21 den
890 668 51 26 väg-

184 703 211 28 byggnadsskyldige
417 710 78 21 genom
516 704 94 21 domstol
624 704 83 26 nödgas
722 704 32 20 att
769 703 13 20 å
799 702 75 27 inegor
889 701 52 21 eller

183 737 69 27 hagar
268 739 58 19 emot
344 737 69 28 skälig
429 738 121 27 ersättning
572 738 92 27 upplåta
681 737 66 27 nödig
762 736 57 28 plats
833 736 34 21 för
881 742 60 20 grus-

183 772 55 26 tägt.
268 771 34 21 Då
312 772 37 20 det
370 778 63 21 synes
456 772 76 27 billigt,
552 773 13 21 å
581 778 41 15 ena
640 772 69 24 sidan,
728 773 32 19 att
782 771 42 20 den
844 770 98 21 enskilde

183 805 260 28 vägbyggnadsskyldige,
466 807 28 20 då
515 806 80 21 honom
616 807 13 20 å
643 806 55 21 hans
721 811 56 20 egna
791 810 51 21 egor
864 804 79 21 brister

182 839 215 28 väglagningsämne,
413 840 89 21 beredes
517 840 91 27 tillgång
624 839 79 26 dertill,
718 841 54 18 utan
788 840 32 19 att
835 838 44 21 han
889 838 53 20 nöd-

182 879 40 21 gas
244 873 74 22 derför
339 873 122 22 vidkännas
479 874 84 21 direkta
578 874 125 25 kostnader,
719 875 56 18 samt
790 873 13 20 å
818 873 75 24 andra,
910 873 34 20 att

180 907 133 28 jordegaren
328 908 35 21 för
377 909 42 20 den
433 909 143 22 värdefullare
587 908 62 21 mark
658 909 44 20 han
713 909 13 20 å
735 908 75 27 inegor
825 907 40 21 och
875 906 68 27 hagar

183 943 84 26 nödgas
290 943 93 26 upplåta
400 943 33 21 till
450 944 106 26 grustägt,
575 943 93 21 erhåller
685 942 40 21 full
740 941 119 27 ersättning
875 941 68 26 enligt

183 982 85 15 samma
287 977 95 26 grunder
403 984 46 14 som
464 977 35 22 vid
514 984 74 14 annan
611 977 168 27 expropriation,
799 975 65 22 hafva
880 975 63 21 Stän-

185 1011 69 20 derna
269 1011 33 20 uti
318 1011 73 21 denna
405 1013 11 24 $
432 1011 67 21 infört
514 1011 118 27 ändringar
646 1011 8 21 i
670 1011 77 27 antydt
762 1010 61 27 syfte.

252 1044 34 21 Dä
301 1045 103 27 möjligen
421 1046 42 20 den
478 1045 57 27 höga
550 1045 235 26 ansvarsbestämning,
801 1043 143 27 hvarigenom

183 1078 33 21 uti
232 1080 10 25 $
256 1079 30 20 10
300 1078 63 22 böter
385 1080 58 21 ända
458 1079 33 22 till
514 1080 124 21 tvåhundra
661 1079 63 21 mark
742 1079 73 20 kunde
833 1077 112 26 försumlig

184 1113 144 26 entreprenör
342 1113 97 26 ädömas,
454 1113 85 22 komme
556 1116 33 19 att
604 1113 117 22 afskräcka
735 1113 93 26 mängen
843 1111 48 22 frän
907 1118 37 14 en-

183 1147 247 27 treprenadätaganden
446 1147 41 22 och
502 1147 94 22 sälunda
613 1148 131 21 hämmande
759 1146 90 22 inverka
865 1147 27 26 pä
908 1152 36 15 en-

183 1182 236 26 treprenadsystemets
440 1182 131 27 utveckling,
594 1182 112 21 äfvensom
728 1183 31 19 eit
774 1180 111 21 korrektiv
898 1181 47 20 mot

183 1214 153 28 försumlighet
351 1216 70 20 mäste
436 1222 63 15 anses
514 1216 59 26 ligga
587 1216 65 21 äfven
668 1215 77 26 deruti,
760 1216 33 19 att
802 1214 143 22 vederböran-

185 1250 27 20 de
228 1248 171 22 kronolänsman
415 1256 51 20 eger
481 1250 59 21 makt
556 1252 33 19 att
604 1250 46 21 läta
670 1250 109 20 förbättra
794 1249 41 21 den
851 1246 95 23 bristfäl-

182 1283 46 27 liga
242 1284 71 26 vägen
328 1286 59 18 emot
402 1284 50 27 lega
467 1284 40 21 och
522 1286 78 25 uttaga
621 1284 124 21 kostnaden
766 1282 74 22 härför
855 1282 39 20 hos
909 1288 37 14 en-

183 1319 151 25 treprenören,
350 1318 41 21 har
407 1325 27 14 en
449 1318 143 28 nedsättning
602 1318 25 21 af
634 1318 78 27 högsta
722 1316 165 27 bötesbeloppet
897 1315 49 21 frän

182 1352 126 22 tvåhundra
330 1352 34 21 till
387 1352 78 28 fyratio
489 1352 61 22 mark
574 1354 83 20 ansetts
680 1352 33 22 uti
727 1351 166 27 ifrågavarande
908 1349 39 22 fall

182 1386 112 27 päkallad.

252 1419 61 23 Enär
328 1420 111 28 synnerlig
454 1421 45 27 vigt
516 1422 84 20 ansetts
615 1420 59 28 ligga
684 1420 105 27 deruppä,
800 1420 33 20 att
843 1418 105 22 idkarene
