1034 1620
195 103 31 39 22
404 107 23 24 U.
444 107 23 23 B.
483 119 30 6 —
528 108 60 29 Prop.
606 107 36 24 N:o
659 106 29 25 16.

309 164 76 22 delade
406 165 122 28 rättigheter
552 165 33 22 till
610 166 70 21 sådan
707 163 86 23 rörelses
820 163 111 30 utöfvande

307 198 58 22 skola
380 199 107 29 upphöra.

239 301 11 22 I
272 301 101 23 händelse
396 303 36 22 det
447 303 23 22 af
482 303 107 22 utskottet
604 303 90 22 sälunda
708 301 125 28 redigerade
847 300 82 23 förord-

170 335 163 28 ningsförslaget
358 336 73 23 vinner
455 337 125 22 ständernas
599 337 161 28 godkännande,
785 335 89 23 föreslår
897 336 33 20 ut-

171 369 81 22 skottet
264 370 80 27 jemväl
358 371 115 28 vördsamt,

377 443 31 17 att
422 440 116 21 ständerna
554 440 46 22 ville
616 440 33 21 till
664 440 63 21 Hans
742 438 117 28 Kejserliga
882 436 48 22 Ma-

307 474 59 27 jestät
381 474 127 29 öfverlemna
520 478 30 17 att
561 478 79 18 utsätta
656 475 66 24 tiden,
739 474 29 21 då
784 474 39 20 den
839 480 37 21 nya
882 473 47 29 för-

308 508 117 28 ordningen
440 509 79 21 komme
535 512 31 18 att
580 510 63 20 träda
659 510 8 20 i
680 508 102 29 gällande
797 508 64 28 kraft.

236 610 51 22 Med
312 610 114 29 anledning
451 612 22 22 af
486 612 56 22 hvad
558 612 105 22 utskottet
679 611 108 23 ofvanföre
810 611 24 27 (å
849 610 38 22 sid.
905 610 21 25 8)

166 644 116 22 framhållit
306 646 109 26 angående
431 646 147 28 önskligheten
594 646 22 22 af
630 648 32 20 att
676 646 7 22 i
699 652 27 15 en
741 645 90 22 särskild
846 644 81 22 förord-

166 678 51 28 ning
241 678 21 22 få
287 680 178 22 sammanfattade
488 681 42 21 alla
545 681 159 27 bestämningar
719 680 109 27 angående
844 678 85 26 ,värds-

166 713 56 27 hus-,
238 714 122 26 konditori-,
377 714 62 28 krog-
447 715 39 21 och
495 714 337 30 annan”utskänkningsrörelse",
848 713 79 21 tillåter

167 747 31 27 sig
213 748 105 21 utskottet
330 748 79 26 jemväl
425 749 117 28 hemställa,

373 815 30 17 att
418 813 113 20 ständerna
547 813 47 21 ville
610 813 8 20 i
632 813 33 20 sitt
680 812 146 27 underdåniga
850 819 48 13 svar
913 813 13 19 å

302 845 170 28 ifrågavarande
487 847 79 28 nådiga
578 847 134 28 proposition
728 846 67 21 uttala
811 853 24 14 en
851 846 75 21 önskan

303 883 29 16 att
348 880 32 21 till
393 882 70 27 någon
475 881 100 29 följande
590 881 104 28 landtdag
705 881 29 29 få
751 884 104 23 emottaga
874 887 51 21 pro-

300 915 93 27 position
408 915 31 21 till
453 919 28 18 ett
497 915 120 29 lagförslag,
633 915 73 22 hvilket
716 915 104 22 innehölle
831 922 22 13 en
868 922 57 13 sam-

301 949 146 28 manfattning
463 951 26 27 af
501 951 25 20 de
542 951 159 28 bestämningar,
727 957 44 14 som
787 949 90 28 betingas
899 949 27 28 af

302 983 30 20 det
348 983 8 20 i
372 984 17 20 7.
401 985 96 27 punkten
513 985 25 28 af
551 985 34 22 14.
602 987 16 24 $
633 986 8 20 i
662 984 87 28 Nådiga
765 984 160 27 Förordningen

301 1017 26 28 af
344 1018 41 21 den
407 1019 35 21 31.
460 1019 60 21 Mars
544 1019 56 22 1879
622 1019 100 29 stadgade
745 1019 109 27 undantag
875 1019 50 27 från

299 1051 104 28 gällande
413 1053 140 28 föreskrifter
568 1061 34 14 om
617 1053 224 29 näringsverksamhet.

231 1155 44 21 Det
303 1155 39 22 den
368 1156 78 28 nådiga
461 1157 160 27 propositionen
636 1157 117 28 åtföljande
768 1157 69 26 tredje
851 1155 76 28 lagför-

167 1187 67 28 slaget
257 1189 53 22 eller
336 1189 93 28 ,förslag
444 1191 32 21 till
492 1191 124 27 förordning
631 1198 34 15 om
680 1191 117 22 förändrad
812 1191 79 27 lydelse
907 1189 21 22 af

166 1222 24 28 SS
208 1223 25 21 14
250 1223 40 21 och
306 1224 27 21 20
348 1223 7 21 i
371 1223 150 29 förordningen
538 1232 34 14 om
588 1225 126 27 näringarne
731 1224 23 22 af
768 1225 40 21 den
824 1226 33 20 31.
869 1224 57 22 Mars

162 1257 68 21 1879"
257 1259 25 19 är
302 1264 26 15 en
348 1258 123 28 nödvändig
494 1259 51 28 följd
560 1260 22 21 af
596 1260 26 21 de
636 1259 135 30 föregående.
801 1259 41 21 Vid
857 1258 68 22 skedd

161 1290 129 28 granskning
311 1291 23 21 af
352 1292 119 22 detsamma
486 1293 39 22 har
540 1294 106 22 utskottet
661 1294 17 27 ej
695 1293 71 22 funnit
782 1293 45 21 skäl
843 1293 31 21 till
891 1299 36 15 an-

158 1330 42 16 nan
225 1325 85 22 erinran
331 1328 25 19 än
374 1326 40 22 den
431 1328 39 26 att,
485 1327 44 22 ifall
545 1328 115 22 ständerna
674 1328 116 27 godkänna
806 1327 36 21 det
857 1326 22 22 af
892 1328 32 20 ut-

158 1357 81 23 skottet
261 1359 121 28 föreslagna
408 1361 86 28 utbytet
514 1362 6 21 i
544 1362 35 21 det
602 1362 38 22 här
660 1362 57 22 förut
733 1362 135 21 behandlade
883 1361 40 21 för-

160 1393 204 29 ordningsförslaget
383 1395 22 21 af
420 1396 67 21 orden
503 1396 41 27 ,61,
566 1398 74 26 porter
655 1396 39 22 och
710 1396 69 22 andra
791 1396 58 27 jästa
865 1395 58 28 dryc-

159 1427 51 22 ker*
237 1430 58 20 emot
320 1429 154 29 maltdrycker,
501 1436 25 16 en
542 1431 149 21 motsvarande
706 1430 125 27 förändring
843 1430 78 28 jemväl

225 1468 195 18 Ekonomiutskottets
433 1469 118 19 betänkande
563 1470 38 18 N:o
614 1470 17 18 3.
