1009 1617
233 103 12 19 2
546 104 35 22 N:o
596 105 22 21 4.

204 170 41 21 den
267 170 60 22 förra
348 172 163 26 propositionen
534 173 7 21 i
566 174 72 20 ämnet
660 173 66 21 afsett
741 174 33 20 att
789 172 131 22 öfverlemna
935 172 23 21 åt

204 205 133 21 Alexanders
360 206 168 22 Universitetets
545 207 162 21 Konsistorium
723 207 69 21 blefve
809 206 149 28 öfverflyttade

204 239 27 26 på
254 245 26 14 en
303 240 23 20 af
348 239 108 28 Styrelsen
481 242 78 20 utsedd
576 241 143 27 Arkeologisk
736 241 145 26 kommission,
898 241 60 21 hvari

204 274 186 27 statsarkeologen
414 276 70 20 skulle
508 276 71 21 såsom
603 276 160 21 verkställande
785 276 91 20 medlem
901 276 56 26 ingå,

204 307 38 21 har
264 310 49 24 nytt
335 308 81 28 förslag
440 310 33 20 till
489 310 126 26 förordning
630 310 111 27 angående
756 310 95 21 forntida
866 310 92 21 minnes-

203 342 101 22 märkens
320 343 102 22 fredande
438 344 39 21 och
493 344 121 22 bevarande
630 344 128 22 utarbetats.
781 344 71 21 Jemte
868 344 36 21 det
914 344 43 21 för-

204 378 34 19 sta
260 378 128 25 paragrafen
405 378 6 20 i
428 379 60 21 detta
504 378 88 27 förslag,
609 379 23 21 så
648 379 46 21 vidt
709 379 66 25 angår
791 379 26 21 de
832 379 57 20 fasta
904 378 53 21 min-

203 411 134 25 nesmärken,
354 411 72 22 hvilka
442 413 45 20 deri
503 413 85 20 komme
603 415 33 18 att
651 415 61 24 tagas
729 413 68 20 under
808 413 73 26 lagens
893 412 62 26 hägn,

203 447 83 19 ansetts
303 445 53 21 böra
372 446 84 21 affattas
473 447 5 20 i
495 449 53 19 nära
564 447 224 21 öfverensstämmelse
804 447 47 20 med
864 448 91 19 motsva-

202 479 67 21 rande
292 480 103 26 paragraf
417 481 6 20 i
447 481 36 20 det
506 481 58 21 förra
583 481 250 26 författningsförslaget,
851 483 55 18 samt
922 481 34 20 be-

202 513 75 26 loppet
300 513 22 21 af
344 514 142 21 omförmälda
509 516 119 25 ersättning
651 515 33 21 till
698 515 116 26 jordägare
829 515 34 20 för
878 514 79 21 förlust

202 547 39 21 och
264 548 116 27 olägenhet
399 549 6 20 i
421 549 53 26 följd
490 549 23 21 af
527 549 154 27 fornlemnings
698 549 132 26 fridlysande
847 549 108 21 befunnits

201 581 125 27 lämpligast
350 583 72 20 kunna
444 585 89 19 utrönas
550 584 67 26 enligt
633 584 148 26 stadgandena
797 584 6 19 i
820 584 12 19 8
848 583 38 20 och
902 584 12 19 9
931 583 24 26 $$

201 615 23 21 af
245 615 79 28 nådiga
346 616 154 28 förordningen
524 618 40 21 den
589 619 24 19 12
634 618 118 21 December
770 618 60 25 1864,
846 617 110 26 angående

202 649 124 27 skyldighet
348 651 33 20 för
404 653 64 24 ägare
491 652 52 21 eller
567 653 139 20 innehafvare
721 652 23 21 af
755 652 49 26 jord
821 653 31 19 att
868 651 88 27 upplåta

200 684 62 21 mark
286 684 34 21 för
342 685 90 21 allmänt
454 686 70 25 behof,
545 686 39 21 har
600 687 5 20 i
623 687 105 25 förslaget
743 686 81 26 hänsyn
841 686 65 25 tagits
922 685 32 20 till

200 718 56 21 hvad
273 718 121 21 Ständerna
409 719 119 22 framhållit
544 721 110 26 angående
670 719 165 27 öfverflyttande
850 719 23 21 af
883 719 72 21 ofvan-

200 751 93 22 berörda
316 753 127 26 åligganden
466 754 7 20 i
496 754 101 21 afseende
620 755 12 20 å
654 755 96 20 forntida
772 754 182 21 minnesmärkens

200 786 104 21 fredande
328 787 38 20 och
390 787 120 22 bevarande
529 789 29 26 på
573 795 25 14 en
614 789 23 20 af
652 788 134 27 sakkunnige
802 794 102 21 personer
919 788 35 20 be-

200 820 90 21 stäende
305 821 144 27 Arkeologisk
465 822 145 27 kommission,
627 823 86 20 hvilken
729 822 33 21 för
777 822 81 21 värden
873 822 23 21 af
909 822 45 21 lan-

200 854 48 21 dets
271 855 135 22 fornminnen
430 856 84 21 komme
530 859 32 18 att
577 857 24 20 af
614 857 106 21 Senatens
736 856 218 27 Ekonomiedeparte-

199 890 59 19 ment
273 889 156 22 tillförordnas.

271 923 66 21 Detta
352 923 222 28 författningsförslag
590 925 142 21 öfverlemnas
749 925 87 20 härmed
847 925 32 20 till
891 924 62 21 Stän-

198 957 79 21 dernas
293 958 131 27 antagande;
441 959 92 21 hvarhos
554 959 59 21 Hans
629 959 123 26 Kejserliga
767 959 103 26 Majestät
880 959 73 20 velat
943 953 13 37 i

198 991 68 21 näder
290 992 170 27 tillkännagifva,
483 995 33 19 att
539 993 132 21 Ständernas
694 993 92 21 berörda
804 993 100 21 anhällan
919 999 34 14 om

198 1025 136 22 tillsättande
350 1026 23 21 af
387 1033 25 15 en
429 1027 159 27 statsarkeologs
603 1027 99 21 kommer
717 1029 33 19 att
765 1029 61 24 tagas
838 1027 68 20 under
916 1027 37 20 nä-

198 1059 46 27 digt
268 1060 158 27 öfvervägande
446 1061 53 22 efter
516 1062 36 20 det
566 1061 247 26 författningsförslaget
828 1060 70 21 blifvit
914 1061 39 20 hos

198 1093 121 22 Ständerna
336 1095 136 22 behandladt.

404 1191 124 34 Förslag
537 1191 43 27 till
590 1191 147 33 förordning
748 1190 125 34 angäende
884 1191 68 27 forn-

352 1230 54 27 tida
429 1231 213 27 minnesmärkens
668 1232 117 26 fredande
811 1232 43 25 och
877 1232 74 26 beva-

350 1272 84 26 rande,

266 1334 52 21 Med
341 1334 92 28 ändring
452 1334 23 22 af
488 1336 12 20 2
517 1336 11 27 $
544 1336 27 20 48
586 1335 56 28 Kap.
659 1335 29 21 M.
705 1335 24 21 B.
746 1334 39 22 och
800 1334 78 28 Kongl.
895 1334 56 22 bref-

193 1369 37 19 vet
245 1368 41 21 den
302 1370 28 20 20
346 1368 92 27 Augusti
461 1370 54 21 1755
532 1372 56 19 samt
602 1370 24 21 af
639 1370 57 21 hvad
712 1370 12 20 5
741 1369 11 27 $
768 1370 27 20 48
810 1369 55 27 Kap.
882 1369 28 21 M.
927 1369 23 21 B.

192 1400 122 24 innehäller
336 1408 34 16 om
394 1404 63 21 straff
476 1404 34 22 för
533 1404 65 27 brott,
614 1410 47 16 som
678 1404 104 22 nedanför
797 1406 95 24 nämnas,
909 1404 43 21 för-
