1025 1620
306 112 23 23 U.
346 113 23 23 B.
385 124 30 6 —
431 112 61 30 Prop.
509 113 37 23 N:o
563 112 30 24 14.
785 113 13 21 7

65 169 95 23 tillskott
182 170 81 21 kronan
286 169 94 28 utfästat,
395 170 40 22 har
449 170 106 22 utskottet
570 172 72 20 anselt
657 172 33 20 att
704 162 62 30 sådan
779 168 49 22 -för-

68 204 34 22 del
122 204 40 22 bör
182 204 137 22 tillerkännas
331 204 79 27 jemväl
426 204 47 28 den,
489 211 45 15 som
550 204 33 22 till
598 206 66 20 annat
679 204 89 22 allmänt
783 210 44 15 mu-

66 244 60 16 seum
142 238 99 22 aflemnat
261 239 121 27 ostympadt
396 238 87 28 rofdjur,
499 239 100 21 hvarföre
613 239 67 27 sagda
696 244 64 16 mom.
775 238 7 21 i
798 237 29 22 of-

67 278 41 16 van
123 272 75 28 antydt
213 272 98 22 afseende
327 272 67 22 blifvit
410 273 163 27 omredigeradt.

136 329 34 21 Då
192 329 116 22 utskottets
330 329 110 27 pluralitet
462 332 71 20 ansett
553 330 67 22 sådan
635 329 121 23 erfarenhet
771 331 56 19 ännu

64 363 50 22 icke
133 370 52 15 vara
199 363 116 22 förhanden
331 365 32 20 att
379 364 123 21 densamma
516 364 71 21 kunde
603 364 88 27 betinga
706 364 69 26 någon
791 369 36 15 an-

64 404 45 15 nan
129 398 23 21 af
173 398 25 21 de
219 398 106 27 förslagna
347 398 175 27 förändringarna
544 398 31 21 uti
590 398 195 28 fridlysningstiden
799 400 28 19 än

64 432 45 21 den
124 431 33 22 för
171 438 57 20 svan,
245 431 114 28 ejderhona
375 432 52 21 eller
442 433 47 26 åda,
505 432 88 27 vildgås,
609 432 113 27 morkulla,
738 431 41 22 alla
795 438 32 15 ar-

68 467 33 21 ter
125 466 22 21 af
168 466 125 27 andslägtet,
315 466 101 22 beckasin
439 466 39 22 och
500 466 114 27 brushane,
637 466 40 22 har
700 468 11 19 1
735 472 62 15 mom.
819 465 8 22 i

67 500 12 28 S
96 501 32 21 11.
144 501 113 27 undergätt
271 500 123 28 förändring
408 501 8 21 i
432 501 207 21 öfverenstämmelse
655 501 95 26 härmed,
765 500 62 21 hvar-

64 534 67 28 jemte
155 534 49 22 med
224 534 97 22 afseende
336 536 13 20 å
364 535 41 21 den
420 536 60 20 stora
495 534 222 28 maktfullkomlighet,
733 540 45 16 som
794 540 33 16 or-

64 569 44 22 den
131 586 5 8 ,
137 569 57 25 hela
213 569 72 21 landet
306 569 51 22 eller
376 569 42 22 viss
434 568 34 22 del
484 569 70 22 deraf”
570 569 31 21 uti
616 576 57 14 mom
690 570 18 20 2.
724 568 102 22 innebära

63 603 45 22 och
125 603 138 27 hvarigenom
281 604 127 26 stadgandet
428 610 35 15 om
483 603 194 28 fridlysningstiden
693 602 71 22 kunde
780 602 46 22 full-

62 638 99 26 -ständigt
177 638 101 26 eluderas,
295 638 107 21 desamma
417 638 70 21 blifvit
502 640 80 20 ersatta
597 637 24 22 af
634 638 108 27 uttrycket
757 654 7 8 ,
770 636 56 22 vissa

64 671 64 22 delar
142 671 23 22 af
178 672 91 22 landet".
578 686 2 2 :

138 729 34 21 Då
191 728 90 22 flertalet
296 729 21 21 af
331 729 117 22 utskottets
463 730 139 21 medlemmar
616 728 56 22 varit
688 735 49 15 ense
753 728 73 22 derom

66 765 33 21 att
113 763 73 25 haren,
203 764 66 21 ehuru
284 764 79 21 ansedd
378 764 71 22 såsom
465 764 78 27 nyttigt
553 763 103 27 vildbråd,
667 762 160 23 åstadkommer

62 798 50 21 icke
128 798 121 27 obetydliga
259 798 78 21 skador
353 799 12 20 ä
380 798 39 21 fält
434 798 50 21 med
499 798 95 21 växande
609 797 67 28 gröda
687 797 39 22 och
737 798 12 20 &
759 796 68 21 frukt-

66 832 55 27 träd,
136 832 41 21 har
192 832 35 21 det
242 834 81 19 ansetts
337 832 132 27 nödvändigt
484 834 33 20 att
531 832 71 21 lemna
617 831 41 22 den
672 831 95 22 enskilde
779 836 48 21 ega-

63 873 41 15 ren
128 866 52 22 eller
194 865 150 23 innehafvaren
360 866 22 21 af
392 867 49 26 jord
456 866 84 22 tillfälle
555 868 38 25 att,
609 866 39 21 der
663 865 48 27 han,
727 867 52 19 utan
794 865 33 20 att

65 900 92 22 anställa
169 901 53 26 jagt,
238 900 101 22 anträffar
354 901 52 22 hare
421 901 13 21 å
449 901 56 22 slika
519 900 39 23 fält
573 900 52 22 eller
640 900 6 21 i
657 899 108 28 trädgård,
776 897 50 23 fälla

63 935 127 21 densamma
215 935 59 21 äfven
299 935 67 21 under
388 935 85 27 fridlyst
495 935 38 26 tid,
549 934 86 22 hvartill
651 934 55 21 dock
721 935 31 20 ett
767 932 59 22 stad-

64 968 70 27 gande
150 971 57 19 emot
223 969 36 21 det
273 969 90 21 sålunda
378 969 103 21 åtkomna
496 969 80 27 djurets
592 968 144 22 öfverlåtande
746 966 34 22 till
790 972 36 16 an-

64 1008 49 21 nan,
130 1002 106 22 derunder
248 1003 78 27 jemväl
341 1003 40 21 bör
395 1003 79 22 förstås
489 1003 133 22 öfverlåtelse
640 1002 7 22 i
664 1002 55 22 form
726 1001 23 22 af
757 1000 68 28 gåfva,

62 1038 84 20 ansetts
161 1036 53 23 böra
229 1037 64 27 fogas,
309 1038 24 21 sä
348 1038 84 27 mycket
447 1037 68 22 hellre
525 1044 46 15 som
586 1036 170 28 propositionens
767 1034 13 30 $
793 1036 32 20 14.

65 1070 61 22 äfven
142 1072 67 21 under
224 1072 90 22 nämnde
329 1072 32 21 tid
376 1071 117 28 medgifver
507 1073 44 20 rätt
566 1071 32 22 till
608 1069 157 29 försäljningtaf
774 1068 52 22 vild-

63 1104 62 28 bråd,
144 1105 89 23 hvarom
251 1106 82 28 styrkas
349 1106 42 22 kan
407 1108 33 20 att
455 1106 37 22 det
506 1106 68 21 blifvit
589 1106 27 27 på
635 1105 70 27 lofligt
720 1106 43 20 sätt
785 1102 42 22 för-

63 1139 103 22 värfvadt.

134 1197 43 21 Det
201 1197 71 28 skydd
296 1197 33 22 till
353 1197 83 22 förmän
461 1198 34 21 för
514 1200 41 25 ägg
571 1197 52 22 eller
637 1202 68 21 ungar
720 1195 22 22 af
755 1200 71 17 annan

63 1229 59 23 hafs-
137 1230 52 22 eller
203 1231 87 28 sjöfogel
306 1234 27 19 än
349 1232 41 21 den
402 1231 86 28 jemlikt
504 1231 13 28 &
535 1233 24 20 11
577 1231 103 28 fridlysta,
696 1236 46 15 som
752 1229 7 21 i
769 1228 12 29 $
793 1229 33 20 12.

64 1265 93 27 stadgas,
183 1265 40 22 har
245 1265 22 22 af
280 1266 105 21 utskottet
400 1265 108 23 befunnits
524 1265 129 28 opäkalladt,
677 1262 150 30 dels"emedan

62 1298 90 28 sjöfågel
169 1299 22 22 af
204 1300 92 27 antydda
311 1300 52 27 slag,
379 1300 91 21 oaktadt
485 1300 47 22 icke
547 1299 90 22 hänförd
652 1299 69 21 under
733 1303 57 16 mom
805 1296 20 21 b.

61 1332 26 21 af
100 1333 12 27 &
129 1334 19 25 2,
165 1333 84 22 utöfvar
263 1335 32 20 ett
309 1333 93 28 skadligt
417 1334 118 27 inflytande
549 1335 28 26 pä
592 1333 69 27 fisket,
678 1333 45 21 dels
737 1330 90 23 emedan

62 1368 34 19 ett
111 1367 118 27 stadgande
244 1368 22 21 af
280 1367 126 22 omförmäld
423 1368 146 22 beskaffenhet
591 1367 68 22 skulle
672 1366 86 23 beröfva
768 1364 60 22 skär-

65 1400 172 28 gärdsallmogen
253 1404 43 20 rätt
311 1402 32 21 till
359 1408 26 15 en
401 1402 23 22 af
438 1402 125 22 densamma
577 1402 66 22 sedan
653 1400 108 22 urminnes
771 1398 57 22 tider

63 1433 110 23 bedrifven
189 1436 72 21 metod
276 1437 32 20 att
323 1436 100 22 beskatta
438 1436 94 22 nämnda
541 1436 79 28 fåglars
630 1436 49 26 bon,
690 1434 138 27 hvarigenom

136 1474 143 19 Sammansatta
293 1478 48 20 Lag-
354 1476 33 17 och
400 1476 198 18 Ekonomiutskottets
611 1476 116 17 betänkande
740 1476 36 18 N:o
789 1477 17 17 3-
