1006 1620
293 75 27 21 U.
336 75 27 22 B.
379 87 27 3 —
421 74 72 28 Prop.
508 75 41 22 N:o
564 75 22 21 9.

343 337 159 25 Sammansatta
528 337 58 32 Lag-
614 337 46 24 och
680 336 138 26 Ekonomiut-

271 377 96 26 skottets
385 377 140 25 betänkande
544 377 38 24 N:o
601 377 14 24 2
633 377 7 24 i
660 377 117 31 anledning
795 377 26 24 af

269 418 57 24 Hans
350 416 131 32 Kejserliga
500 416 118 32 Majestäts
639 415 82 32 nådiga
739 423 79 25 propo-

270 458 73 31 sition,
358 457 151 24 innefattande
524 456 87 32 förslag
628 456 35 25 till
680 456 138 32 förordning,

271 497 113 32 angående
404 497 163 31 egostyckning
583 496 39 26 och
634 496 185 32 jordafsöndring

269 536 14 26 å
307 537 82 25 frälse-
412 537 41 25 och
478 537 174 25 skattehemman
676 538 55 23 samt
755 536 63 31 lego-

270 578 57 25 aftal
344 584 33 18 om
396 576 71 33 någon
487 577 36 25 del
542 577 26 24 af
584 576 76 32 dylika
679 576 140 31 lägenheter.

132 662 168 28 Ifrågavarande
315 662 80 27 nådiga
411 661 136 28 proposition
562 662 40 21 har
612 661 24 22 af
644 661 102 28 samtliga
755 661 64 21 stånd

63 696 70 23 blifvit
148 697 126 21 remitterad
288 696 33 21 till
337 696 147 21 Sammansatt
499 696 56 27 Lag-
570 696 40 21 och
620 695 198 26 Ekonomiutskott,

63 731 82 22 hvilket
159 731 49 21 från
223 730 120 28 Kejserliga
358 730 95 22 Senaten
469 730 86 22 erhållit
570 731 35 20 del
620 731 19 27 ej
655 731 84 20 mindre
755 729 24 22 af
787 732 32 19 ett

63 765 50 22 utaf
126 772 27 15 en
167 765 81 22 komité
263 765 118 28 uppgjordt
396 765 82 27 förslag
493 765 33 21 till
541 765 127 27 förordning
681 765 7 21 i
699 767 80 23 ämnet,
790 765 29 20 än

64 799 24 21 af
104 800 28 20 de
151 799 60 23 öfver
230 801 61 20 detta
305 799 80 27 förslag
401 800 24 20 af
439 800 102 26 samtliga
555 799 112 22 Hofrätter
682 800 40 20 och
738 799 81 21 Guver-

63 834 64 20 nörer
142 836 55 19 samt
209 834 205 21 Kammarkontoret
424 834 7 20 i
441 834 122 27 Kejserliga
574 834 105 21 Senatens
689 833 130 21 Ekonomie-

56 868 158 27 -departement
229 868 41 22 och
286 868 107 21 särskilda
402 868 228 28 kommunalstyrelser
641 868 84 27 afgifna
734 869 85 26 yttran-

64 903 48 25 den,
132 902 121 28 hvarjemte
269 902 106 22 utskottet
390 902 121 22 meddelats
526 904 33 20 att
575 902 134 27 omröstning
724 902 36 22 vid
775 901 45 21 frä-

64 943 65 21 grans
144 936 132 28 behandling
291 937 7 21 i
314 937 120 27 Kejserliga
449 937 96 21 Senaten
559 937 49 21 icke
623 936 109 22 förefallit.

131 1058 75 21 Redan
227 1064 78 21 genom
323 1058 120 28 Kejserliga
460 1058 158 28 förordningen
638 1058 24 22 af
680 1059 40 21 den
738 1058 25 20 19
779 1057 42 21 De-

64 1092 85 21 cember
171 1092 56 21 1864
249 1093 40 21 har
312 1093 164 27 lagstiftningen
498 1093 48 21 sökt
565 1093 81 21 bereda
660 1092 111 28 möjlighet
787 1091 34 21 för

63 1127 42 21 den
120 1128 59 20 stora
194 1127 35 21 del
243 1127 25 21 af
281 1127 85 21 landets
381 1128 140 26 innevänare,
537 1135 47 14 som
598 1130 53 18 utan
667 1127 80 27 stadigt
761 1126 60 21 hem-

62 1161 42 22 vist
124 1160 65 23 lifnär
203 1162 33 27 sig
251 1162 49 21 med
315 1162 106 27 tillfälligt
435 1162 83 26 arbete,
534 1164 33 19 att
582 1162 80 21 tilllösa
677 1162 33 26 sig
724 1163 32 19 ett
772 1162 49 25 eget

62 1195 74 28 stycke
154 1196 56 27 jord,
230 1197 69 20 varda
315 1196 79 25 bofast,
414 1198 55 19 samt
490 1196 120 27 dymedelst
630 1196 143 26 undandraga
789 1194 32 27 sig

62 1231 42 20 den
127 1229 93 28 prekära
243 1230 110 27 ställning,
372 1231 148 27 nyssnämnda
538 1229 156 23 lefnadsvilkor
715 1228 106 25 medföra,

62 1264 41 21 och
118 1271 47 15 som
180 1264 66 22 oftast
261 1265 25 21 är
301 1264 92 22 orsaken
408 1264 34 22 till
456 1264 118 28 fattigdom
589 1264 41 22 och
645 1264 65 26 brott,

130 1298 169 28 Tirägavarande
317 1299 127 27 förordning
462 1300 116 27 möjliggör
592 1299 64 22 äfven
674 1297 147 23 afsöndrande

62 1333 25 21 af
99 1333 84 22 mindre
196 1334 148 28 jordstycken,
359 1334 104 27 lämpliga
472 1333 36 21 för
518 1334 132 26 anläggning
661 1332 24 22 af
693 1330 129 24 industriela

61 1367 53 21 verk
130 1368 40 21 och
184 1368 153 27 inrättningar,
353 1368 40 21 och
408 1368 62 21 torde
486 1368 50 21 dess
551 1368 142 26 stadganden,
709 1365 70 23 såvidt
795 1366 26 20 de

60 1400 78 22 beröra
161 1403 73 21 denna
257 1402 36 22 del
311 1402 25 22 af
356 1402 170 27 författningens
546 1401 62 28 syfte,
630 1401 65 22 hafva
714 1400 56 23 varit
789 1399 34 21 till

62 1440 141 20 Sammansatta
214 1442 48 23 Lag-
275 1442 32 18 och
320 1442 189 18 Ekonomiutskottets
522 1442 112 18 betänkande
647 1442 37 18 N:o
696 1442 16 18 2.
