1031 1623
238 87 14 20 2
397 86 81 24 Ständ,
494 86 38 24 Sv.
547 99 28 4 —
590 87 71 28 Prop.
676 87 40 22 N:o
731 86 34 24 12.

209 149 54 28 följd
286 148 63 23 deraf
367 149 84 22 komme
467 152 32 20 att
514 150 119 22 behandlas
648 150 7 21 i
670 151 53 20 nära
739 149 217 23 öfverensstämmelse

209 185 49 21 med
273 184 57 22 hvad
344 184 109 22 allmänna
467 184 64 28 lagen
547 184 138 23 föreskrifver
699 192 34 14 om
748 184 98 28 giftorätt
856 184 40 22 och
906 184 50 22 arfs-

209 220 43 21 rätt
267 219 7 21 i
289 218 100 22 afseende
404 220 13 20 ä
431 219 43 22 fast
497 220 111 27 egendom,
631 220 115 28 föryttring
768 219 25 21 af
812 220 67 21 sädan
894 226 61 20 egen-

209 255 50 21 dom
274 254 41 21 och
329 254 107 21 formerna
451 254 72 22 derför
538 257 55 19 samt
609 256 49 20 dess
672 255 7 21 i
694 255 46 20 mät
750 254 93 27 tagande
853 253 33 22 för
895 254 61 28 gälds

208 288 117 28 betalning.
356 288 36 22 Uti
413 288 38 22 allt
473 290 60 20 detta
555 289 65 22 hafva
635 288 100 22 bemälda
749 289 36 21 tvä
807 289 64 21 ständ
886 288 70 22 funnit

209 324 71 27 nägon
302 323 91 27 ändring
415 323 24 21 af
459 323 106 27 grundlag
588 324 47 21 icke
657 323 140 26 förekomma,
811 320 54 24 utan
880 324 76 21 endast

208 358 135 27 stadganden
365 358 57 21 inom
445 360 31 19 ett
498 359 94 25 omräde,
615 358 81 22 hvilket
711 358 7 21 i
733 358 62 27 fräga
810 364 34 15 om
858 358 98 22 innehaf-

208 399 51 16 vare
282 392 39 21 och
343 392 119 21 bebrukare
485 393 24 21 af
529 393 94 21 kronans
647 394 102 20 domäner
765 392 94 27 ständigt
874 392 82 22 tillhört

208 427 126 28 regeringen
349 429 32 19 att
397 433 73 16 ensam
485 428 68 21 ordna
569 427 40 22 och
625 427 88 28 reglera.

276 461 124 22 Emellertid
415 461 65 23 hafva
494 462 159 27 Ridderskapet
668 462 41 21 och
723 461 70 22 Adeln
808 463 55 20 samt
872 461 82 22 Preste-

208 498 86 21 ståndet
315 496 48 21 icke
385 495 84 23 kunnat
491 497 72 21 lemna
585 497 120 25 oanmärkt,
722 498 32 19 att
769 497 7 20 i
792 496 75 27 sjelfva
881 496 73 22 verket

208 535 78 19 tvenne
301 531 24 22 af
334 532 25 21 de
374 531 8 21 i
396 531 244 28 författningsförslaget
650 531 106 28 ingående
766 531 189 27 bestämningarna

207 567 47 21 icke
276 566 35 22 väl
334 565 189 22 öfverensstämma
545 567 50 20 med
615 565 57 22 hvad
687 566 7 20 i
710 566 55 21 1789
781 566 34 21 års
830 565 124 27 förordning

206 601 70 22 blifvit
291 600 112 27 utlofvadt,
419 601 108 27 nemligen
542 601 130 27 stadgandet
687 601 7 20 i
709 607 76 14 senare
801 600 61 21 delen
877 599 25 22 af
914 601 11 26 $
940 601 14 20 2

206 637 80 24 derom,
308 637 33 19 att
363 635 40 21 äbo
426 635 111 22 förverkat
559 635 33 21 sin
615 635 180 27 hesittningsrätt,
815 641 34 14 om
864 634 42 21 han
921 634 33 21 för

206 671 58 21 brott
284 671 73 20 dömes
372 669 33 22 till
419 669 139 22 frihetsstraff
571 670 28 27 pä
613 669 69 22 lifstid
697 669 54 21 eller
765 670 76 21 varder
855 668 34 22 för
904 669 49 28 tjuf-

204 706 45 20 nad
263 704 53 22 eller
330 706 67 19 annat
412 705 78 20 sädant
505 704 78 27 nesligt
598 704 58 21 brott
671 703 93 26 sakfäld,
779 705 55 20 samt
849 703 7 21 i
871 705 11 25 $
897 704 13 20 6
921 705 32 20 att

204 746 86 21 person,
305 746 46 15 som
365 739 92 21 sålunda
472 739 101 21 förbrutit
588 739 38 27 sig,
641 738 48 22 icke
703 738 34 21 får
752 739 69 20 såsom
832 737 39 22 åbo
883 738 12 21 å
905 737 48 22 kro-

204 774 129 21 nohemman
354 773 133 28 godkännas,
511 773 70 22 ehvad
601 773 44 21 han
660 773 201 27 besittningsrätten
875 779 78 20 genom

204 809 36 22 arf
258 809 52 21 eller
332 807 135 23 öfverlåtelse
489 808 118 22 ätkommit.
639 802 18 27 Ä
672 808 70 21 andra
763 807 61 22 sidan
845 807 39 22 har
899 807 54 22 dock

204 844 96 25 erkänts,
323 845 32 19 att
377 844 62 20 dessa
454 842 162 28 bestämningar
631 843 8 20 i
653 842 122 22 hufvudsak
790 842 47 21 icke
852 843 37 20 äro
905 849 47 20 nya,

203 880 54 19 utan
279 878 85 27 grunda
385 878 32 26 sig
439 878 29 27 på
483 880 31 19 ett
530 878 41 20 den
587 878 27 20 27
631 876 126 28 September
772 876 55 21 1804
842 876 111 21 utfärdadt

202 912 100 28 kungligt
324 911 143 22 cirkulärbref
486 912 33 21 till
534 911 99 28 samtlige
648 911 205 27 landshöfdingarne
868 911 8 20 i
891 910 62 24 riket,

202 947 41 21 och
265 947 29 21 då
316 946 189 27 bestämningarne
520 946 7 21 i
543 947 60 20 detta
619 946 48 21 bref
678 946 71 21 under
763 947 59 19 snart
837 945 76 21 åttatio
929 945 24 20 år

202 981 69 22 blifvit
293 981 134 27 tillämpade,
449 983 54 19 utan
526 983 32 19 att
581 981 70 26 någon
674 979 145 28 anmärkning
841 987 34 13 om
891 980 61 20 deras

202 1015 142 28 oförenlighet
359 1016 49 20 med
423 1015 107 28 grundlag
545 1015 107 22 härintills
668 1014 71 22 blifvit
757 1014 48 21 från
819 1016 133 25 representa-

201 1051 85 21 tionens
300 1050 48 21 sida
363 1050 119 26 framstäld,
497 1050 40 21 har
552 1051 67 26 något
634 1051 67 20 annat
717 1049 128 27 tillgörande
856 1048 95 21 härutin-

200 1092 44 14 nan
259 1084 48 22 icke
322 1084 67 22 heller
404 1091 29 14 nu
449 1085 24 20 af
485 1084 158 28 Ridderskapet
659 1084 41 21 och
715 1083 69 21 Adeln
800 1085 55 19 samt
869 1082 82 21 Preste-

200 1121 87 20 ståndet
302 1121 83 20 ansetts
407 1126 53 15 vara
477 1119 120 28 påkalladt,
613 1120 28 20 än
657 1125 27 15 en
699 1117 135 28 underdånig
850 1117 101 22 anhållan

200 1156 32 20 att
248 1161 83 14 samma
345 1154 160 27 bestämningar
519 1153 48 22 icke
582 1154 74 25 måtte,
665 1154 72 20 såsom
752 1153 7 20 i
774 1152 101 27 förslaget
886 1151 64 25 skett,

198 1189 75 21 vidare
288 1188 97 27 skärpas,
401 1201 26 2 —
443 1189 66 26 något
523 1188 88 22 hvartill
626 1187 47 22 skäl
688 1188 25 20 så
728 1187 85 27 mycket
827 1187 82 20 mindre
919 1186 32 21 fö-

198 1223 100 25 refinnes,
320 1229 46 14 som
387 1222 78 21 förlust
480 1223 25 20 af
518 1222 85 21 åborätt
618 1222 8 21 i
641 1221 54 28 följd
711 1221 24 22 af
747 1221 58 21 brott
819 1219 90 22 innebär
924 1227 27 14 en

198 1257 114 28 tillökning
327 1257 8 21 i
351 1257 89 26 straffet,
463 1257 86 22 hvilken
571 1257 48 21 icke
643 1263 50 20 eger
715 1256 66 27 något
805 1254 118 29 motstycke
944 1254 7 21 i

196 1291 102 28 gällande
314 1291 144 28 kriminallag.

265 1327 110 28 Derjemte
396 1326 65 23 hafva
480 1326 159 27 Ridderskapet
655 1325 40 22 och
711 1325 70 21 Adeln
797 1326 54 19 samt
867 1324 83 21 Preste-

194 1361 88 21 ståndet
306 1361 72 21 funnit
397 1362 26 20 de
439 1361 32 21 uti
486 1362 36 20 det
538 1361 79 26 nådiga
633 1359 244 27 författningsförslaget
891 1359 57 20 med-

194 1394 77 22 delade
294 1396 137 26 stadganden
446 1396 7 20 i
470 1397 30 19 ett
523 1394 38 22 fall
577 1394 86 22 sträcka
678 1394 33 27 sig
726 1394 23 20 in
765 1394 28 26 på
808 1395 31 19 ett
854 1394 94 26 område,

192 1435 48 15 som
262 1429 74 21 tillhör
359 1430 41 20 den
421 1429 110 22 allmänna
545 1429 172 27 lagstiftningen,
735 1427 106 27 nemligen
857 1427 6 21 i
879 1428 69 28 tredje
