1034 1623
331 95 19 20 U.
366 95 19 20 B.
402 105 28 4 —
445 94 54 25 Prop.
515 94 31 20 N:o
561 94 31 21 12.
788 92 23 20 11

151 161 64 27 »Som
236 160 39 22 vär
297 159 187 28 dispositionsrätt
505 159 60 22 öfver
589 158 169 22 kronohemman
787 156 55 22 både

81 195 118 28 medgifver
221 195 41 21 och
283 194 92 27 kräfver,
398 195 33 20 att
454 193 19 28 ej
498 194 82 22 sädane
603 199 105 22 personer
723 191 120 28 äboskapet

82 231 52 22 derä
156 229 82 22 erhålla
252 229 53 22 eller
319 227 120 27 innehafva,
456 228 74 22 hvilka
545 234 79 21 genom
639 226 84 29 tjufnad
738 226 53 22 eller
806 231 36 16 an-

82 267 38 20 nat
134 264 80 28 nesligt
228 264 60 21 brott
303 263 56 28 gjort
373 263 33 27 sig
422 262 23 22 af
458 263 53 21 Wär
526 263 44 22 näd
585 262 103 27 ovärdige
703 261 41 22 och
758 260 34 22 för
806 260 38 21 det

83 299 106 22 allmänna
212 298 120 27 skadelige;
355 297 25 22 sä
401 297 65 22 hafve
490 297 55 22 Wii
562 297 115 26 anledning
693 295 22 22 af
728 295 62 28 gjord
805 300 38 15 un-

82 333 103 28 derdänig
206 332 108 28 förfrägan
335 332 8 21 i
364 332 68 21 näder
454 332 54 27 godt
524 331 70 22 funnit
609 330 107 23 anbefalla
730 330 64 26 Eder,
810 329 34 21 att

82 369 36 21 vid
136 367 83 23 tillfälle
235 367 22 22 af
271 367 40 22 äbo
328 367 100 27 ombyten
444 367 30 26 pä
487 367 170 21 kronohemman
673 365 62 22 alltid
750 363 94 24 infordra

82 402 172 23 vederbörandes
277 401 59 22 bevis
359 407 34 16 om
409 401 43 22 den
467 401 108 22 sökandes
591 398 252 27 kristendomskunskap,

82 437 55 28 fräjä
159 437 41 22 och
221 436 178 27 välförhällande;
422 436 109 21 börandes
554 435 49 27 den,
618 435 86 22 hvilken
719 434 33 22 för
766 432 79 27 nesligt

82 473 60 21 brott
163 471 70 22 blifvit
255 471 63 22 dömd
341 471 39 22 och
397 470 99 27 straffad,
512 471 79 21 afvisas
609 470 40 21 och
665 476 27 15 en
707 474 76 19 annan,
798 472 46 17 som

82 506 123 28 berättigad
227 506 41 22 och
290 505 92 28 skicklig
404 505 94 28 pröfvas,
521 505 33 22 till
573 505 41 22 äbo
630 505 7 21 i
653 504 75 22 stället
744 504 99 25 antagas;

84 541 45 23 Och
145 541 68 23 ehuru
229 541 34 21 Wi
278 541 35 21 väl
328 541 73 21 ansett
415 540 124 27 betänkligt
554 542 34 19 att
606 540 8 21 i
629 539 117 22 allmänhet
760 536 84 27 stadga,

84 577 37 21 det
141 582 26 16 en
190 575 220 22 kronohemmansäbo
433 575 34 22 för
491 582 27 15 en
541 575 68 22 sädan
625 574 65 22 orsak
706 573 69 22 skulle
790 571 55 22 ifrän

84 611 38 22 sitt
135 609 157 23 innehafvande
311 610 99 21 hemman
427 610 83 27 skiljas,
528 611 52 20 enär
596 616 27 15 en
639 609 41 22 slik
695 608 41 21 äbo
751 607 39 21 har
805 605 39 22 hu-

83 647 47 20 stru
151 645 40 22 och
207 645 112 27 omyndiga
334 645 59 26 barn,
409 644 87 22 hvilkas
512 646 45 20 rätt
572 644 41 22 och
628 643 84 22 välfärd
727 640 119 24 sämedelst

83 682 52 19 utan
158 679 63 22 deras
243 679 132 22 förvällande
398 679 71 21 skulle
493 679 28 27 gä
536 679 101 25 förlorad,
653 677 64 22 hafve
732 676 34 21 Wi
780 673 66 24 likväl

82 714 71 22 funnit
174 714 70 28 billigt
265 714 106 26 förordna,
395 716 40 24 att,
459 714 8 22 i
485 714 105 22 händelse
606 720 27 16 en
646 713 34 22 för
694 711 84 29 tjufnad
793 709 53 23 eller

83 749 68 27 dylikt
173 749 79 27 nesligt
273 749 60 21 brott
354 748 65 22 dömd
442 749 113 21 kronoäbo
572 755 52 21 eger
640 748 101 26 antingen
758 744 87 28 myndig

84 790 38 16 son
138 783 52 22 eller
205 784 54 26 mäg,
276 789 46 16 som
338 783 92 27 skicklig
446 783 69 22 finnes
531 783 41 22 och
593 784 42 20 kan
650 782 132 26 värdskapet
796 778 49 22 med

84 818 121 28 skyldighet:
220 820 33 19 att
267 817 91 28 försörja
372 818 76 22 moder
463 819 41 21 och
521 817 146 28 minderäriga
682 817 80 27 syskon
778 815 67 21 emot-

83 855 57 25 taga,
157 859 26 16 en
199 853 68 22 sädan
280 859 39 16 son
335 853 52 21 eller
401 853 51 26 mäg
467 853 46 26 bör,
530 853 70 22 under
614 849 155 25 ofvannämnde
777 848 69 22 vilkor

85 887 27 22 då
134 887 19 28 ej
170 893 70 16 annan
255 888 7 20 i
277 887 34 22 sin
325 888 44 21 rätt
385 887 127 26 derigenom
527 887 60 26 lider,
603 886 133 27 värdskapet
751 883 94 28 uppdra-

83 928 39 21 gas
138 922 41 21 och
194 923 41 20 den
249 922 114 27 brottslige
379 921 95 23 derifrän
489 922 70 21 vika*.

152 957 33 21 Dä
201 956 64 22 dessa
279 957 168 27 bestämningar,
464 957 74 22 säsom
555 963 70 21 synes,
641 955 68 22 under
720 954 59 21 snart
790 952 56 21 ätta-

84 991 30 22 tio
129 991 24 21 är
169 991 68 21 blifvit
251 991 131 27 tillämpade,
398 993 54 20 utan
469 993 33 20 att
517 991 71 28 nägon
604 990 139 26 anmärkning
759 994 34 15 om
809 987 37 21 de-

84 1031 35 16 ras
142 1025 143 28 oförenlighet
306 1026 49 21 med
377 1026 109 27 grundlag
504 1025 108 22 härintills
627 1025 69 22 blifvit
711 1024 47 21 från
774 1027 72 22 repre-

85 1060 147 22 sentationens
255 1060 48 22 sida
324 1060 120 27 framstäld,
469 1061 63 22 torde
554 1061 67 26 nägot
637 1061 65 20 annat
718 1056 128 29 tillgörande

84 1094 130 22 härutinnan
229 1095 47 21 icke
292 1095 67 22 heller
373 1101 29 16 nu
417 1101 55 16 vara
487 1095 112 28 päkalladt
614 1097 27 19 än
657 1101 26 15 en
698 1093 101 22 anhällan
814 1092 34 20 att

85 1135 81 15 samma
189 1129 159 28 bestämningar
370 1130 48 21 icke
441 1130 77 27 mätte,
541 1130 73 21 säsom
637 1129 8 22 i
662 1129 104 26 förslaget
782 1126 64 26 skett,

84 1163 74 27 vidare
173 1163 97 28 skärpas,
286 1176 28 3 —
329 1165 65 26 nägot
409 1164 90 22 hvartill
513 1164 48 22 skäl
576 1164 24 21 sä
614 1163 86 28 mycket
719 1161 82 23 mindre
815 1159 33 23 fö-

85 1197 98 27 refinnes,
207 1204 46 15 som
275 1198 78 22 förlust
373 1198 22 22 af
412 1199 90 21 åborätt
516 1199 8 21 i
539 1198 53 28 följd
607 1198 22 21 af
643 1198 58 22 brott
716 1196 90 22 innebär
822 1201 27 15 en

86 1232 113 27 tillökning
220 1232 7 21 i
251 1233 89 26 straffet,
363 1233 88 22 hvilken
475 1233 49 22 icke
547 1239 51 21 eger
621 1233 66 26 nägot
702 1229 146 28 motstycke
836 1225 17 39 i

86 1267 99 26 gällande
200 1267 140 28 kriminallag.

155 1301 170 23 Vidkommande
344 1302 66 22 sedan
426 1301 257 28 författningsförslagets
698 1299 104 27 ställning
816 1297 34 22 till

87 1336 108 22 allmänna
216 1336 69 27 lagen,
309 1337 24 21 sä
356 1338 36 20 äro
417 1336 84 22 dennes
527 1336 129 22 hithörande
681 1333 168 27 bestämningar,

86 1370 73 22 hvilka
179 1370 149 28 förnämligast
342 1370 137 23 förekomma
494 1372 7 20 i
519 1373 24 19 16
559 1372 50 26 kap.
625 1371 20 21 J.
660 1370 32 25 B.,
709 1367 141 24 öfverhufvud

86 1403 23 22 af
129 1404 42 22 den
190 1404 155 27 beskaffenhet,
361 1407 33 19 att
409 1405 115 22 desamma
539 1406 73 21 kunna
627 1411 77 21 genom
719 1402 131 23 kontrahen-

155 1443 194 19 Ekonomiutskottets
362 1444 121 18 betänkande
495 1446 36 17 N:o
544 1445 17 18 8.
