1009 1620
222 116 11 19 6
447 118 20 20 U.
483 119 19 19 B.
519 129 28 4 —
563 119 53 25 Prop.
633 120 29 20 N:o
678 119 18 20 5.

192 181 58 26 yttra
269 180 67 27 något
351 188 35 15 om
401 183 27 21 de
444 183 123 27 slutsatser,
584 190 46 16 som
647 191 25 14 ur
688 184 37 22 det
741 184 154 23 ofvananförda
910 184 43 22 till-

193 214 108 28 äfventyrs
324 216 72 23 kunde
419 217 78 28 dragas
521 219 112 27 angäende
648 219 212 28 bouppteckningars
875 219 77 22 förrät-

192 249 67 22 tande
282 249 7 22 i
309 251 107 28 sterbhus,
433 259 46 15 som
494 253 49 22 icke
558 253 51 28 lyda
624 254 69 21 under
708 254 116 27 stadsrätt;
840 260 49 15 men
904 253 50 22 med

193 283 116 29 anledning
333 285 22 22 af
377 286 51 26 den,
441 287 155 28 skiljaktighet,
620 294 46 16 som
685 289 7 20 i
708 289 61 21 detta
784 288 103 23 afseende
903 295 51 20 eger

192 324 47 15 rum
254 319 80 22 mellan
350 321 70 22 stads-
437 322 40 21 och
493 323 114 26 landsrätt,
623 323 36 22 mä
675 323 121 22 emellertid
811 326 96 24 nämnas,
922 325 32 20 att

193 353 92 22 orsaken
308 355 33 21 till
365 356 124 23 densamma
511 359 51 20 utan
583 358 73 22 tvifvel
671 357 33 22 fär
719 358 66 22 sökas
802 358 52 26 deri,
871 360 33 19 att
918 357 36 22 vid

193 387 41 21 den
257 389 32 21 tid
312 389 28 21 dä
359 390 162 28 lagstiftningen
536 392 95 28 begynte
647 390 188 30 uppmärksamma
849 392 105 27 ifrägava-

193 422 68 22 rande
276 422 155 30 förhällanden,
447 426 7 21 i
469 426 58 22 förra
541 427 82 22 hälften
638 427 23 22 af
675 427 222 25 sextonhundratalet,
914 426 41 22 den

194 456 71 26 gamla
281 458 187 29 ättförfattningen
485 461 29 27 pä
529 462 148 28 landsbygden
694 464 57 20 ännu
767 462 54 27 egde
837 468 27 16 en
879 461 75 27 betyd-

192 490 31 28 lig
238 492 75 27 styrka
328 493 41 22 och
384 494 7 21 i
406 495 44 21 viss
466 502 49 15 mon
531 498 81 20 ersatte
632 497 26 21 de
675 496 110 28 offentliga
799 496 154 24 institutioner,

193 531 48 16 som
255 526 34 22 för
303 528 190 24 rättstillständets
509 530 122 23 bevarande
647 530 70 23 blifvit
731 530 85 23 införda
830 532 7 20 i
846 531 107 22 städerna.

262 631 35 22 Dä
312 632 115 23 Utskottet
449 640 29 15 nu
497 634 98 28 öfvergär
611 635 32 21 till
659 635 37 21 det
712 634 109 28 egentliga
836 635 72 21 ämnet
923 634 33 21 för

193 664 42 22 den
257 665 150 29 föreliggande
429 669 168 27 propositionen,
623 670 19 20 d.
658 676 20 15 v.
695 675 17 15 s.
729 670 26 20 de
771 668 33 22 för
818 668 134 28 bouppteck-

191 699 116 27 ningarnes
331 702 40 21 och
394 702 137 23 arfskiftenas
554 704 134 22 förrättande
714 703 123 22 fastställda
860 702 92 28 afgifter,

192 733 123 24 föranledes
325 736 114 23 Utskottet
454 737 23 22 af
489 739 174 27 propositionens
679 738 128 27 motivering
817 740 33 20 att
858 738 33 21 till
899 737 55 22 först

191 768 7 21 i
213 768 89 23 korthet
317 770 78 22 beröra
410 771 75 27 frågan
501 778 34 16 om.
551 773 66 27 sagde
633 772 97 28 afgifters
746 772 128 28 lämplighet
882 772 72 22 såsom

191 804 95 22 arvoden
301 804 34 22 för
350 806 122 26 respektive
487 806 162 29 förrättningar.

259 840 166 28 Propositionen
441 847 63 22 synes
521 842 106 27 nemligen
642 842 51 27 vilja
707 841 104 22 fasthålla
821 841 71 22 denna
902 847 49 21 syn-

190 875 71 27 punkt
282 875 33 22 för
338 875 125 28 afgifternas
485 877 164 21 bestämmande
664 876 63 22 äfven
742 876 36 21 vid
793 876 42 22 den
850 882 30 15 nu
894 875 57 22 före-

191 910 75 27 slagna
281 910 152 27 förändringen
448 911 7 20 i
472 910 102 23 afseende
590 911 13 21 å
618 910 170 28 disponerandet
803 910 22 21 af
834 910 116 21 desamma.

259 945 34 21 Då
308 944 87 27 afgifter
410 945 23 22 af
445 945 163 27 ifrågavarande
624 945 151 22 beskaffenhet
787 945 56 22 först
850 944 101 23 infördes,

190 985 64 22 synes
277 986 50 15 man
342 979 48 22 icke
405 979 65 22 hafva
485 980 80 27 åsyftat
579 982 33 20 att
627 982 53 25 göra
695 981 49 20 dem
760 979 33 22 till
809 979 94 22 arvoden
918 979 34 21 för

188 1013 192 28 förrättningarna.
410 1014 10 21 I
435 1015 77 27 Kongl.
529 1014 152 28 förordningen
697 1021 35 15 om
747 1014 123 21 inrättande
886 1013 23 22 af
926 1020 26 15 en

189 1048 43 21 arf-
255 1049 41 21 och
318 1048 248 28 förmyndarekammare
586 1050 7 21 i
609 1049 134 26 Stockholm,
760 1048 23 22 af
797 1049 41 21 den
854 1049 27 20 27
897 1048 55 27 april

191 1085 62 24 1667,
278 1083 63 21 20:de
363 1083 104 28 punkten,
491 1090 47 15 som
560 1084 63 21 torde
645 1083 110 22 innehålla
775 1083 37 22 det
827 1083 71 21 äldsta
914 1082 38 22 all-

189 1119 80 20 männa
291 1117 120 28 stadgande
427 1119 7 20 i
450 1120 79 25 ämnet,
545 1118 112 23 förordnas
674 1120 33 20 att
724 1118 68 26 ,intet
807 1117 78 27 (under
900 1117 52 22 För-

188 1152 230 27 myndarekammaren
440 1153 102 28 lydande)
566 1153 101 22 sterbhus
692 1152 55 22 skall
762 1151 142 28 undandraga
919 1152 33 25 sig

187 1186 56 22 eller
257 1187 91 22 förneka
362 1189 34 20 att
411 1187 56 28 gifva
483 1195 27 14 en
525 1187 46 22 half
579 1189 96 26 procent,
683 1187 74 22 hvilka
764 1187 119 27 penningar
891 1186 62 22 skola

185 1221 36 21 uti
236 1221 282 28 Förmyndarekammarens
533 1222 66 22 kassa
615 1222 86 26 samlas,
717 1220 61 23 deraf
792 1221 41 21 alle
850 1221 103 26 (kamma-

188 1255 61 27 rens)
271 1256 98 27 betjente
384 1256 56 22 först
455 1257 163 27 vederbörligen
634 1256 68 26 lönas,
720 1256 40 22 och
777 1255 67 22 sedan
861 1254 39 22 der
914 1254 38 22 nä-

189 1292 38 24 got
249 1290 130 27 öfversköte,
397 1291 33 21 till
445 1291 90 27 fattigas
550 1291 113 22 underhäll
680 1290 41 23 och
736 1290 142 28 upptuktelse
894 1288 59 22 troli-

188 1330 42 21 gen
246 1326 105 26 anläggas
367 1326 76 21 skall".
474 1326 206 28 Bouppteckningar
697 1325 41 22 och
754 1324 114 22 arfskiften
884 1323 69 21 skulle

188 1360 53 20 utan
265 1360 94 22 särskild
382 1361 127 27 ersättning;
524 1361 101 21 förrättas
642 1360 23 22 af
678 1359 275 28 förmyndarekammarens

187 1392 138 27 tjenstemän.

257 1428 11 21 I
285 1428 78 27 Kongl.
381 1428 180 28 förordningarna
584 1429 23 21 af
621 1429 41 21 den
680 1431 10 19 1
707 1428 59 22 Mars
784 1428 55 20 1749
856 1426 41 23 och
913 1428 42 21 den

259 1467 140 23 Lagutskottets
412 1468 119 18 betänkande
540 1469 36 17 N:o
588 1469 16 17 5.
