<?xml version="1.0" encoding="UTF-8"?>
<alto xmlns="http://www.loc.gov/standards/alto/ns-v3#" xmlns:xlink="http://www.w3.org/1999/xlink" xmlns:xsi="http://www.w3.org/2001/XMLSchema-instance" xsi:schemaLocation="http://www.loc.gov/standards/alto/ns-v3# http://www.loc.gov/alto/v3/alto-3-0.xsd">
	<Description>
		<MeasurementUnit>pixel</MeasurementUnit>
		<sourceImageInformation>
			<fileName>/tmp/tess_kcc6226k_input.PNG</fileName>
		</sourceImageInformation>
		<OCRProcessing ID="OCR_0">
			<ocrProcessingStep>
				<processingSoftware>
					<softwareName>tesseract 5.3.4</softwareName>
				</processingSoftware>
			</ocrProcessingStep>
		</OCRProcessing>
	</Description>
	<Layout>
		<Page WIDTH="1028" HEIGHT="1620" PHYSICAL_IMG_NR="0" ID="page_0">
			<PrintSpace HPOS="0" VPOS="0" WIDTH="1028" HEIGHT="1620">
				<ComposedBlock ID="cblock_0" HPOS="373" VPOS="94" WIDTH="369" HEIGHT="32">
					<TextBlock ID="block_0" HPOS="373" VPOS="94" WIDTH="369" HEIGHT="32">
						<TextLine ID="line_0" HPOS="373" VPOS="94" WIDTH="369" HEIGHT="32">
							<String ID="string_0" HPOS="373" VPOS="94" WIDTH="80" HEIGHT="24" WC="0.92" CONTENT="Ständ."/><SP WIDTH="17" VPOS="94" HPOS="453"/>
							<String ID="string_1" HPOS="470" VPOS="97" WIDTH="36" HEIGHT="23" WC="0.93" CONTENT="Sv."/><SP WIDTH="17" VPOS="97" HPOS="506"/>
							<String ID="string_2" HPOS="523" VPOS="110" WIDTH="26" HEIGHT="4" WC="0.92" CONTENT="—"/><SP WIDTH="16" VPOS="110" HPOS="549"/>
							<String ID="string_3" HPOS="565" VPOS="98" WIDTH="71" HEIGHT="28" WC="0.96" CONTENT="Prop."/><SP WIDTH="16" VPOS="98" HPOS="636"/>
							<String ID="string_4" HPOS="652" VPOS="99" WIDTH="40" HEIGHT="23" WC="0.96" CONTENT="N:o"/><SP WIDTH="16" VPOS="99" HPOS="692"/>
							<String ID="string_5" HPOS="708" VPOS="99" WIDTH="34" HEIGHT="22" WC="0.96" CONTENT="15."/>
						</TextLine>
					</TextBlock>
				</ComposedBlock>
				<ComposedBlock ID="cblock_1" HPOS="388" VPOS="159" WIDTH="542" HEIGHT="64">
					<TextBlock ID="block_1" HPOS="388" VPOS="159" WIDTH="542" HEIGHT="64">
						<TextLine ID="line_1" HPOS="388" VPOS="159" WIDTH="542" HEIGHT="32">
							<String ID="string_6" HPOS="388" VPOS="159" WIDTH="59" HEIGHT="21" WC="0.95" CONTENT="intill"/><SP WIDTH="14" VPOS="159" HPOS="447"/>
							<String ID="string_7" HPOS="461" VPOS="160" WIDTH="49" HEIGHT="22" WC="0.93" CONTENT="dess"/><SP WIDTH="14" VPOS="160" HPOS="510"/>
							<String ID="string_8" HPOS="524" VPOS="161" WIDTH="70" HEIGHT="21" WC="0.96" CONTENT="sådan"/><SP WIDTH="15" VPOS="161" HPOS="594"/>
							<String ID="string_9" HPOS="609" VPOS="162" WIDTH="105" HEIGHT="26" WC="0.95" CONTENT="säkerhet,"/><SP WIDTH="12" VPOS="162" HPOS="714"/>
							<String ID="string_10" HPOS="726" VPOS="166" WIDTH="44" HEIGHT="18" WC="0.93" CONTENT="som"/><SP WIDTH="10" VPOS="166" HPOS="770"/>
							<String ID="string_11" HPOS="780" VPOS="163" WIDTH="101" HEIGHT="28" WC="0.88" CONTENT="antaglig"/><SP WIDTH="6" VPOS="163" HPOS="881"/>
							<String ID="string_12" HPOS="887" VPOS="163" WIDTH="43" HEIGHT="27" WC="0.88" CONTENT="fin-"/>
						</TextLine>
						<TextLine ID="line_2" HPOS="388" VPOS="193" WIDTH="269" HEIGHT="30">
							<String ID="string_13" HPOS="388" VPOS="200" WIDTH="42" HEIGHT="19" WC="0.93" CONTENT="nes,"/><SP WIDTH="17" VPOS="200" HPOS="430"/>
							<String ID="string_14" HPOS="447" VPOS="193" WIDTH="73" HEIGHT="29" WC="0.93" CONTENT="blifvit"/><SP WIDTH="14" VPOS="193" HPOS="520"/>
							<String ID="string_15" HPOS="534" VPOS="196" WIDTH="123" HEIGHT="27" WC="0.10" CONTENT="anskajfad."/>
						</TextLine>
					</TextBlock>
				</ComposedBlock>
				<ComposedBlock ID="cblock_2" HPOS="630" VPOS="254" WIDTH="64" HEIGHT="27">
					<TextBlock ID="block_2" HPOS="630" VPOS="254" WIDTH="64" HEIGHT="27">
						<TextLine ID="line_3" HPOS="630" VPOS="254" WIDTH="64" HEIGHT="27">
							<String ID="string_16" HPOS="630" VPOS="254" WIDTH="16" HEIGHT="27" WC="0.84" CONTENT="$"/><SP WIDTH="16" VPOS="254" HPOS="646"/>
							<String ID="string_17" HPOS="662" VPOS="254" WIDTH="32" HEIGHT="21" WC="0.93" CONTENT="18."/>
						</TextLine>
					</TextBlock>
				</ComposedBlock>
				<ComposedBlock ID="cblock_3" HPOS="387" VPOS="297" WIDTH="551" HEIGHT="681">
					<TextBlock ID="block_3" HPOS="387" VPOS="297" WIDTH="550" HEIGHT="543">
						<TextLine ID="line_4" HPOS="446" VPOS="297" WIDTH="487" HEIGHT="28">
							<String ID="string_18" HPOS="446" VPOS="297" WIDTH="80" HEIGHT="21" WC="0.93" CONTENT="Första"/><SP WIDTH="16" VPOS="297" HPOS="526"/>
							<String ID="string_19" HPOS="542" VPOS="298" WIDTH="118" HEIGHT="22" WC="0.86" CONTENT="arbetsäret"/><SP WIDTH="16" VPOS="298" HPOS="660"/>
							<String ID="string_20" HPOS="676" VPOS="299" WIDTH="112" HEIGHT="26" WC="0.95" CONTENT="beräknas,"/><SP WIDTH="21" VPOS="299" HPOS="788"/>
							<String ID="string_21" HPOS="809" VPOS="306" WIDTH="31" HEIGHT="15" WC="0.93" CONTENT="om"/><SP WIDTH="16" VPOS="306" HPOS="840"/>
							<String ID="string_22" HPOS="856" VPOS="302" WIDTH="77" HEIGHT="19" WC="0.91" CONTENT="mutse-"/>
						</TextLine>
						<TextLine ID="line_5" HPOS="390" VPOS="331" WIDTH="543" HEIGHT="31">
							<String ID="string_23" HPOS="390" VPOS="331" WIDTH="34" HEIGHT="21" WC="0.93" CONTENT="del"/><SP WIDTH="16" VPOS="331" HPOS="424"/>
							<String ID="string_24" HPOS="440" VPOS="332" WIDTH="112" HEIGHT="27" WC="0.88" CONTENT="utfärdats"/><SP WIDTH="11" VPOS="332" HPOS="552"/>
							<String ID="string_25" HPOS="563" VPOS="332" WIDTH="52" HEIGHT="28" WC="0.96" CONTENT="före"/><SP WIDTH="15" VPOS="332" HPOS="615"/>
							<String ID="string_26" HPOS="630" VPOS="334" WIDTH="40" HEIGHT="20" WC="0.96" CONTENT="den"/><SP WIDTH="16" VPOS="334" HPOS="670"/>
							<String ID="string_27" HPOS="686" VPOS="336" WIDTH="13" HEIGHT="18" WC="0.97" CONTENT="1"/><SP WIDTH="13" VPOS="336" HPOS="699"/>
							<String ID="string_28" HPOS="712" VPOS="334" WIDTH="56" HEIGHT="26" WC="0.96" CONTENT="Juli,"/><SP WIDTH="12" VPOS="334" HPOS="768"/>
							<String ID="string_29" HPOS="780" VPOS="334" WIDTH="35" HEIGHT="21" WC="0.93" CONTENT="till"/><SP WIDTH="10" VPOS="334" HPOS="815"/>
							<String ID="string_30" HPOS="825" VPOS="335" WIDTH="108" HEIGHT="27" WC="0.92" CONTENT="utgängen"/>
						</TextLine>
						<TextLine ID="line_6" HPOS="391" VPOS="365" WIDTH="542" HEIGHT="28">
							<String ID="string_31" HPOS="391" VPOS="365" WIDTH="29" HEIGHT="27" WC="0.96" CONTENT="af"/><SP WIDTH="10" VPOS="365" HPOS="420"/>
							<String ID="string_32" HPOS="430" VPOS="366" WIDTH="35" HEIGHT="20" WC="0.93" CONTENT="det"/><SP WIDTH="15" VPOS="366" HPOS="465"/>
							<String ID="string_33" HPOS="480" VPOS="366" WIDTH="136" HEIGHT="27" WC="0.91" CONTENT="kalenderär,"/><SP WIDTH="16" VPOS="366" HPOS="616"/>
							<String ID="string_34" HPOS="632" VPOS="368" WIDTH="29" HEIGHT="20" WC="0.93" CONTENT="dä"/><SP WIDTH="15" VPOS="368" HPOS="661"/>
							<String ID="string_35" HPOS="676" VPOS="368" WIDTH="119" HEIGHT="22" WC="0.88" CONTENT="mutsedeln"/><SP WIDTH="15" VPOS="368" HPOS="795"/>
							<String ID="string_36" HPOS="810" VPOS="368" WIDTH="123" HEIGHT="25" WC="0.91" CONTENT="meddelats,"/>
						</TextLine>
						<TextLine ID="line_7" HPOS="391" VPOS="400" WIDTH="543" HEIGHT="30">
							<String ID="string_37" HPOS="391" VPOS="400" WIDTH="37" HEIGHT="21" WC="0.96" CONTENT="och"/><SP WIDTH="22" VPOS="400" HPOS="428"/>
							<String ID="string_38" HPOS="450" VPOS="400" WIDTH="58" HEIGHT="21" WC="0.96" CONTENT="skall"/><SP WIDTH="22" VPOS="400" HPOS="508"/>
							<String ID="string_39" HPOS="530" VPOS="402" WIDTH="69" HEIGHT="20" WC="0.95" CONTENT="under"/><SP WIDTH="19" VPOS="402" HPOS="599"/>
							<String ID="string_40" HPOS="618" VPOS="408" WIDTH="82" HEIGHT="15" WC="0.95" CONTENT="samma"/><SP WIDTH="16" VPOS="408" HPOS="700"/>
							<String ID="string_41" HPOS="716" VPOS="403" WIDTH="26" HEIGHT="20" WC="0.96" CONTENT="är"/><SP WIDTH="14" VPOS="403" HPOS="742"/>
							<String ID="string_42" HPOS="756" VPOS="402" WIDTH="83" HEIGHT="28" WC="0.93" CONTENT="hälften"/><SP WIDTH="16" VPOS="402" HPOS="839"/>
							<String ID="string_43" HPOS="855" VPOS="402" WIDTH="28" HEIGHT="28" WC="0.96" CONTENT="af"/><SP WIDTH="11" VPOS="402" HPOS="883"/>
							<String ID="string_44" HPOS="894" VPOS="403" WIDTH="40" HEIGHT="20" WC="0.96" CONTENT="den"/>
						</TextLine>
						<TextLine ID="line_8" HPOS="387" VPOS="433" WIDTH="548" HEIGHT="32">
							<String ID="string_45" HPOS="387" VPOS="433" WIDTH="141" HEIGHT="29" WC="0.79" CONTENT="Söreskrifna"/><SP WIDTH="8" VPOS="433" HPOS="528"/>
							<String ID="string_46" HPOS="536" VPOS="435" WIDTH="221" HEIGHT="29" WC="0.88" CONTENT="arbetsskyldigheten"/><SP WIDTH="3" VPOS="435" HPOS="757"/>
							<String ID="string_47" HPOS="760" VPOS="436" WIDTH="121" HEIGHT="29" WC="0.96" CONTENT="fullgöras;"/><SP WIDTH="8" VPOS="436" HPOS="881"/>
							<String ID="string_48" HPOS="889" VPOS="443" WIDTH="46" HEIGHT="15" WC="0.97" CONTENT="men"/>
						</TextLine>
						<TextLine ID="line_9" HPOS="392" VPOS="469" WIDTH="543" HEIGHT="28">
							<String ID="string_49" HPOS="392" VPOS="475" WIDTH="31" HEIGHT="14" WC="0.93" CONTENT="om"/><SP WIDTH="16" VPOS="475" HPOS="423"/>
							<String ID="string_50" HPOS="439" VPOS="469" WIDTH="119" HEIGHT="21" WC="0.91" CONTENT="mutsedeln"/><SP WIDTH="16" VPOS="469" HPOS="558"/>
							<String ID="string_51" HPOS="574" VPOS="470" WIDTH="114" HEIGHT="27" WC="0.92" CONTENT="utfärdats"/><SP WIDTH="15" VPOS="470" HPOS="688"/>
							<String ID="string_52" HPOS="703" VPOS="471" WIDTH="69" HEIGHT="21" WC="0.93" CONTENT="under"/><SP WIDTH="14" VPOS="471" HPOS="772"/>
							<String ID="string_53" HPOS="786" VPOS="471" WIDTH="59" HEIGHT="21" WC="0.89" CONTENT="ärets"/><SP WIDTH="14" VPOS="471" HPOS="845"/>
							<String ID="string_54" HPOS="859" VPOS="478" WIDTH="76" HEIGHT="14" WC="0.96" CONTENT="senare"/>
						</TextLine>
						<TextLine ID="line_10" HPOS="391" VPOS="503" WIDTH="544" HEIGHT="30">
							<String ID="string_55" HPOS="391" VPOS="503" WIDTH="74" HEIGHT="27" WC="0.82" CONTENT="hälft,&quot;"/><SP WIDTH="15" VPOS="503" HPOS="465"/>
							<String ID="string_56" HPOS="480" VPOS="503" WIDTH="105" HEIGHT="21" WC="0.96" CONTENT="beräknas"/><SP WIDTH="18" VPOS="503" HPOS="585"/>
							<String ID="string_57" HPOS="603" VPOS="504" WIDTH="77" HEIGHT="27" WC="0.93" CONTENT="första"/><SP WIDTH="15" VPOS="504" HPOS="680"/>
							<String ID="string_58" HPOS="695" VPOS="505" WIDTH="121" HEIGHT="21" WC="0.46" CONTENT="arbdetsäret"/><SP WIDTH="9" VPOS="505" HPOS="816"/>
							<String ID="string_59" HPOS="825" VPOS="506" WIDTH="57" HEIGHT="27" WC="0.93" CONTENT="från"/><SP WIDTH="12" VPOS="506" HPOS="882"/>
							<String ID="string_60" HPOS="894" VPOS="507" WIDTH="41" HEIGHT="25" WC="0.92" CONTENT="pä-"/>
						</TextLine>
						<TextLine ID="line_11" HPOS="388" VPOS="537" WIDTH="548" HEIGHT="30">
							<String ID="string_61" HPOS="388" VPOS="537" WIDTH="106" HEIGHT="27" WC="0.91" CONTENT="följande"/><SP WIDTH="22" VPOS="537" HPOS="494"/>
							<String ID="string_62" HPOS="516" VPOS="537" WIDTH="142" HEIGHT="23" WC="0.92" CONTENT="kalenderärs"/><SP WIDTH="22" VPOS="537" HPOS="658"/>
							<String ID="string_63" HPOS="680" VPOS="539" WIDTH="88" HEIGHT="28" WC="0.89" CONTENT="början;"/><SP WIDTH="19" VPOS="539" HPOS="768"/>
							<String ID="string_64" HPOS="787" VPOS="539" WIDTH="37" HEIGHT="21" WC="0.93" CONTENT="och"/><SP WIDTH="15" VPOS="539" HPOS="824"/>
							<String ID="string_65" HPOS="839" VPOS="546" WIDTH="49" HEIGHT="14" WC="0.92" CONTENT="vare"/><SP WIDTH="16" VPOS="546" HPOS="888"/>
							<String ID="string_66" HPOS="904" VPOS="540" WIDTH="32" HEIGHT="20" WC="0.92" CONTENT="in-"/>
						</TextLine>
						<TextLine ID="line_12" HPOS="392" VPOS="572" WIDTH="543" HEIGHT="29">
							<String ID="string_67" HPOS="392" VPOS="574" WIDTH="83" HEIGHT="19" WC="0.87" CONTENT="mutare"/><SP WIDTH="22" VPOS="574" HPOS="475"/>
							<String ID="string_68" HPOS="497" VPOS="572" WIDTH="87" HEIGHT="28" WC="0.87" CONTENT="skyldig"/><SP WIDTH="23" VPOS="572" HPOS="584"/>
							<String ID="string_69" HPOS="607" VPOS="575" WIDTH="32" HEIGHT="19" WC="0.96" CONTENT="att"/><SP WIDTH="23" VPOS="575" HPOS="639"/>
							<String ID="string_70" HPOS="662" VPOS="573" WIDTH="80" HEIGHT="21" WC="0.89" CONTENT="arbetet"/><SP WIDTH="22" VPOS="573" HPOS="742"/>
							<String ID="string_71" HPOS="764" VPOS="574" WIDTH="67" HEIGHT="21" WC="0.93" CONTENT="sedan"/><SP WIDTH="20" VPOS="574" HPOS="831"/>
							<String ID="string_72" HPOS="851" VPOS="574" WIDTH="84" HEIGHT="27" WC="0.91" CONTENT="ärligen"/>
						</TextLine>
						<TextLine ID="line_13" HPOS="392" VPOS="605" WIDTH="543" HEIGHT="31">
							<String ID="string_73" HPOS="392" VPOS="605" WIDTH="105" HEIGHT="27" WC="0.93" CONTENT="fortsätta"/><SP WIDTH="15" VPOS="605" HPOS="497"/>
							<String ID="string_74" HPOS="512" VPOS="607" WIDTH="9" HEIGHT="20" WC="0.96" CONTENT="i"/><SP WIDTH="15" VPOS="607" HPOS="521"/>
							<String ID="string_75" HPOS="536" VPOS="607" WIDTH="40" HEIGHT="21" WC="0.96" CONTENT="den"/><SP WIDTH="15" VPOS="607" HPOS="576"/>
							<String ID="string_76" HPOS="591" VPOS="608" WIDTH="94" HEIGHT="28" WC="0.96" CONTENT="ordning"/><SP WIDTH="13" VPOS="608" HPOS="685"/>
							<String ID="string_77" HPOS="698" VPOS="608" WIDTH="37" HEIGHT="21" WC="0.96" CONTENT="och"/><SP WIDTH="11" VPOS="608" HPOS="735"/>
							<String ID="string_78" HPOS="746" VPOS="608" WIDTH="37" HEIGHT="21" WC="0.96" CONTENT="vid"/><SP WIDTH="11" VPOS="608" HPOS="783"/>
							<String ID="string_79" HPOS="794" VPOS="608" WIDTH="39" HEIGHT="21" WC="0.93" CONTENT="den"/><SP WIDTH="8" VPOS="608" HPOS="833"/>
							<String ID="string_80" HPOS="841" VPOS="608" WIDTH="94" HEIGHT="28" WC="0.90" CONTENT="päföljd,"/>
						</TextLine>
						<TextLine ID="line_14" HPOS="393" VPOS="641" WIDTH="542" HEIGHT="29">
							<String ID="string_81" HPOS="393" VPOS="647" WIDTH="44" HEIGHT="15" WC="0.96" CONTENT="som"/><SP WIDTH="16" VPOS="647" HPOS="437"/>
							<String ID="string_82" HPOS="453" VPOS="641" WIDTH="8" HEIGHT="20" WC="0.95" CONTENT="i"/><SP WIDTH="15" VPOS="641" HPOS="461"/>
							<String ID="string_83" HPOS="476" VPOS="642" WIDTH="14" HEIGHT="20" WC="0.93" CONTENT="6"/><SP WIDTH="14" VPOS="642" HPOS="490"/>
							<String ID="string_84" HPOS="504" VPOS="641" WIDTH="92" HEIGHT="27" WC="0.93" CONTENT="kapitlet"/><SP WIDTH="14" VPOS="641" HPOS="596"/>
							<String ID="string_85" HPOS="610" VPOS="642" WIDTH="97" HEIGHT="28" WC="0.91" CONTENT="stadgas,"/><SP WIDTH="16" VPOS="642" HPOS="707"/>
							<String ID="string_86" HPOS="723" VPOS="645" WIDTH="54" HEIGHT="19" WC="0.96" CONTENT="utan"/><SP WIDTH="16" VPOS="645" HPOS="777"/>
							<String ID="string_87" HPOS="793" VPOS="645" WIDTH="32" HEIGHT="19" WC="0.96" CONTENT="att"/><SP WIDTH="11" VPOS="645" HPOS="825"/>
							<String ID="string_88" HPOS="836" VPOS="642" WIDTH="53" HEIGHT="28" WC="0.93" CONTENT="före"/><SP WIDTH="14" VPOS="642" HPOS="889"/>
							<String ID="string_89" HPOS="903" VPOS="645" WIDTH="32" HEIGHT="19" WC="0.92" CONTENT="ut-"/>
						</TextLine>
						<TextLine ID="line_15" HPOS="394" VPOS="676" WIDTH="542" HEIGHT="29">
							<String ID="string_90" HPOS="394" VPOS="676" WIDTH="194" HEIGHT="28" WC="0.91" CONTENT="mälsläggningen,"/><SP WIDTH="16" VPOS="676" HPOS="588"/>
							<String ID="string_91" HPOS="604" VPOS="676" WIDTH="38" HEIGHT="21" WC="0.93" CONTENT="der"/><SP WIDTH="15" VPOS="676" HPOS="642"/>
							<String ID="string_92" HPOS="657" VPOS="677" WIDTH="70" HEIGHT="21" WC="0.96" CONTENT="sådan"/><SP WIDTH="15" VPOS="677" HPOS="727"/>
							<String ID="string_93" HPOS="742" VPOS="679" WIDTH="26" HEIGHT="19" WC="0.93" CONTENT="är"/><SP WIDTH="14" VPOS="679" HPOS="768"/>
							<String ID="string_94" HPOS="782" VPOS="676" WIDTH="154" HEIGHT="29" WC="0.81" CONTENT="föreskrifven,"/>
						</TextLine>
						<TextLine ID="line_16" HPOS="395" VPOS="710" WIDTH="540" HEIGHT="28">
							<String ID="string_95" HPOS="395" VPOS="710" WIDTH="65" HEIGHT="27" WC="0.92" CONTENT="något"/><SP WIDTH="15" VPOS="710" HPOS="460"/>
							<String ID="string_96" HPOS="475" VPOS="710" WIDTH="124" HEIGHT="22" WC="0.91" CONTENT="hviloständ"/><SP WIDTH="15" VPOS="710" HPOS="599"/>
							<String ID="string_97" HPOS="614" VPOS="712" WIDTH="35" HEIGHT="20" WC="0.93" CONTENT="mä"/><SP WIDTH="15" VPOS="712" HPOS="649"/>
							<String ID="string_98" HPOS="664" VPOS="711" WIDTH="109" HEIGHT="21" WC="0.95" CONTENT="meddelas"/><SP WIDTH="18" VPOS="711" HPOS="773"/>
							<String ID="string_99" HPOS="791" VPOS="711" WIDTH="37" HEIGHT="27" WC="0.93" CONTENT="för"/><SP WIDTH="9" VPOS="711" HPOS="828"/>
							<String ID="string_100" HPOS="837" VPOS="711" WIDTH="98" HEIGHT="27" WC="0.92" CONTENT="försöks-"/>
						</TextLine>
						<TextLine ID="line_17" HPOS="395" VPOS="743" WIDTH="541" HEIGHT="31">
							<String ID="string_101" HPOS="395" VPOS="743" WIDTH="71" HEIGHT="22" WC="0.91" CONTENT="arbete"/><SP WIDTH="18" VPOS="743" HPOS="466"/>
							<String ID="string_102" HPOS="484" VPOS="745" WIDTH="32" HEIGHT="27" WC="0.92" CONTENT="pä"/><SP WIDTH="23" VPOS="745" HPOS="516"/>
							<String ID="string_103" HPOS="539" VPOS="752" WIDTH="86" HEIGHT="14" WC="0.95" CONTENT="annans"/><SP WIDTH="22" VPOS="752" HPOS="625"/>
							<String ID="string_104" HPOS="647" VPOS="746" WIDTH="69" HEIGHT="24" WC="0.93" CONTENT="mark,"/><SP WIDTH="22" VPOS="746" HPOS="716"/>
							<String ID="string_105" HPOS="738" VPOS="746" WIDTH="95" HEIGHT="27" WC="0.95" CONTENT="såframt"/><SP WIDTH="22" VPOS="746" HPOS="833"/>
							<String ID="string_106" HPOS="855" VPOS="746" WIDTH="20" HEIGHT="28" WC="0.96" CONTENT="ej"/><SP WIDTH="14" VPOS="746" HPOS="875"/>
							<String ID="string_107" HPOS="889" VPOS="746" WIDTH="47" HEIGHT="26" WC="0.95" CONTENT="den,"/>
						</TextLine>
						<TextLine ID="line_18" HPOS="395" VPOS="780" WIDTH="542" HEIGHT="28">
							<String ID="string_108" HPOS="395" VPOS="784" WIDTH="45" HEIGHT="15" WC="0.96" CONTENT="som"/><SP WIDTH="14" VPOS="784" HPOS="440"/>
							<String ID="string_109" HPOS="454" VPOS="780" WIDTH="46" HEIGHT="20" WC="0.95" CONTENT="rätt"/><SP WIDTH="16" VPOS="780" HPOS="500"/>
							<String ID="string_110" HPOS="516" VPOS="780" WIDTH="35" HEIGHT="20" WC="0.93" CONTENT="till"/><SP WIDTH="16" VPOS="780" HPOS="551"/>
							<String ID="string_111" HPOS="567" VPOS="780" WIDTH="213" HEIGHT="28" WC="0.92" CONTENT="jordegareandelen"/><SP WIDTH="17" VPOS="780" HPOS="780"/>
							<String ID="string_112" HPOS="797" VPOS="780" WIDTH="46" HEIGHT="26" WC="0.93" CONTENT="har,"/><SP WIDTH="16" VPOS="780" HPOS="843"/>
							<String ID="string_113" HPOS="859" VPOS="780" WIDTH="78" HEIGHT="21" WC="0.93" CONTENT="sädant"/>
						</TextLine>
						<TextLine ID="line_19" HPOS="395" VPOS="812" WIDTH="124" HEIGHT="28">
							<String ID="string_114" HPOS="395" VPOS="812" WIDTH="124" HEIGHT="28" WC="0.84" CONTENT="medgifver."/>
						</TextLine>
					</TextBlock>
					<TextBlock ID="block_4" HPOS="397" VPOS="847" WIDTH="541" HEIGHT="131">
						<TextLine ID="line_20" HPOS="456" VPOS="847" WIDTH="482" HEIGHT="29">
							<String ID="string_115" HPOS="456" VPOS="847" WIDTH="122" HEIGHT="22" WC="0.74" CONTENT="Uraktlätes"/><SP WIDTH="23" VPOS="847" HPOS="578"/>
							<String ID="string_116" HPOS="601" VPOS="851" WIDTH="57" HEIGHT="19" WC="0.96" CONTENT="utom"/><SP WIDTH="16" VPOS="851" HPOS="658"/>
							<String ID="string_117" HPOS="674" VPOS="851" WIDTH="8" HEIGHT="19" WC="0.95" CONTENT="i"/><SP WIDTH="15" VPOS="851" HPOS="682"/>
							<String ID="string_118" HPOS="697" VPOS="849" WIDTH="35" HEIGHT="21" WC="0.95" CONTENT="det"/><SP WIDTH="16" VPOS="849" HPOS="732"/>
							<String ID="string_119" HPOS="748" VPOS="849" WIDTH="54" HEIGHT="27" WC="0.95" CONTENT="fall,"/><SP WIDTH="16" VPOS="849" HPOS="802"/>
							<String ID="string_120" HPOS="818" VPOS="855" WIDTH="44" HEIGHT="15" WC="0.95" CONTENT="som"/><SP WIDTH="15" VPOS="855" HPOS="862"/>
							<String ID="string_121" HPOS="877" VPOS="849" WIDTH="8" HEIGHT="20" WC="0.89" CONTENT="i"/><SP WIDTH="15" VPOS="849" HPOS="885"/>
							<String ID="string_122" HPOS="900" VPOS="855" WIDTH="38" HEIGHT="14" WC="0.89" CONTENT="an-"/>
						</TextLine>
						<TextLine ID="line_21" HPOS="397" VPOS="881" WIDTH="541" HEIGHT="30">
							<String ID="string_123" HPOS="397" VPOS="881" WIDTH="40" HEIGHT="21" WC="0.96" CONTENT="dra"/><SP WIDTH="22" VPOS="881" HPOS="437"/>
							<String ID="string_124" HPOS="459" VPOS="889" WIDTH="59" HEIGHT="15" WC="0.96" CONTENT="mom."/><SP WIDTH="25" VPOS="889" HPOS="518"/>
							<String ID="string_125" HPOS="543" VPOS="883" WIDTH="29" HEIGHT="20" WC="0.93" CONTENT="45"/><SP WIDTH="17" VPOS="883" HPOS="572"/>
							<String ID="string_126" HPOS="589" VPOS="883" WIDTH="15" HEIGHT="28" WC="0.84" CONTENT="$"/><SP WIDTH="15" VPOS="883" HPOS="604"/>
							<String ID="string_127" HPOS="619" VPOS="883" WIDTH="145" HEIGHT="28" WC="0.91" CONTENT="omförmäles,"/><SP WIDTH="19" VPOS="883" HPOS="764"/>
							<String ID="string_128" HPOS="783" VPOS="883" WIDTH="76" HEIGHT="28" WC="0.92" CONTENT="första"/><SP WIDTH="22" VPOS="883" HPOS="859"/>
							<String ID="string_129" HPOS="881" VPOS="884" WIDTH="57" HEIGHT="20" WC="0.89" CONTENT="årets"/>
						</TextLine>
						<TextLine ID="line_22" HPOS="397" VPOS="915" WIDTH="541" HEIGHT="30">
							<String ID="string_130" HPOS="397" VPOS="915" WIDTH="199" HEIGHT="30" WC="0.86" CONTENT="arbetsskyldighet,"/><SP WIDTH="23" VPOS="915" HPOS="596"/>
							<String ID="string_131" HPOS="619" VPOS="917" WIDTH="63" HEIGHT="28" WC="0.91" CONTENT="hafve"/><SP WIDTH="23" VPOS="917" HPOS="682"/>
							<String ID="string_132" HPOS="705" VPOS="919" WIDTH="123" HEIGHT="20" WC="0.91" CONTENT="inmutaren"/><SP WIDTH="22" VPOS="919" HPOS="828"/>
							<String ID="string_133" HPOS="850" VPOS="918" WIDTH="34" HEIGHT="21" WC="0.92" CONTENT="sin"/><SP WIDTH="22" VPOS="918" HPOS="884"/>
							<String ID="string_134" HPOS="906" VPOS="918" WIDTH="32" HEIGHT="20" WC="0.92" CONTENT="in-"/>
						</TextLine>
						<TextLine ID="line_23" HPOS="397" VPOS="951" WIDTH="271" HEIGHT="27">
							<String ID="string_135" HPOS="397" VPOS="951" WIDTH="156" HEIGHT="27" WC="0.91" CONTENT="mutningsrätt"/><SP WIDTH="9" VPOS="951" HPOS="553"/>
							<String ID="string_136" HPOS="562" VPOS="951" WIDTH="106" HEIGHT="27" WC="0.91" CONTENT="förlorat."/>
						</TextLine>
					</TextBlock>
				</ComposedBlock>
				<ComposedBlock ID="cblock_4" HPOS="639" VPOS="1009" WIDTH="63" HEIGHT="27">
					<TextBlock ID="block_5" HPOS="639" VPOS="1009" WIDTH="63" HEIGHT="27">
						<TextLine ID="line_24" HPOS="639" VPOS="1009" WIDTH="63" HEIGHT="27">
							<String ID="string_137" HPOS="639" VPOS="1009" WIDTH="15" HEIGHT="27" WC="0.91" CONTENT="$"/><SP WIDTH="14" VPOS="1009" HPOS="654"/>
							<String ID="string_138" HPOS="668" VPOS="1010" WIDTH="34" HEIGHT="20" WC="0.95" CONTENT="19."/>
						</TextLine>
					</TextBlock>
				</ComposedBlock>
				<ComposedBlock ID="cblock_5" HPOS="398" VPOS="1054" WIDTH="547" HEIGHT="402">
					<TextBlock ID="block_6" HPOS="398" VPOS="1054" WIDTH="547" HEIGHT="402">
						<TextLine ID="line_25" HPOS="458" VPOS="1054" WIDTH="483" HEIGHT="28">
							<String ID="string_139" HPOS="458" VPOS="1054" WIDTH="44" HEIGHT="21" WC="0.93" CONTENT="Vill"/><SP WIDTH="22" VPOS="1054" HPOS="502"/>
							<String ID="string_140" HPOS="524" VPOS="1055" WIDTH="131" HEIGHT="25" WC="0.89" CONTENT="inmutaren,"/><SP WIDTH="19" VPOS="1055" HPOS="655"/>
							<String ID="string_141" HPOS="674" VPOS="1054" WIDTH="55" HEIGHT="28" WC="0.96" CONTENT="efter"/><SP WIDTH="15" VPOS="1054" HPOS="729"/>
							<String ID="string_142" HPOS="744" VPOS="1055" WIDTH="35" HEIGHT="21" WC="0.96" CONTENT="det"/><SP WIDTH="16" VPOS="1055" HPOS="779"/>
							<String ID="string_143" HPOS="795" VPOS="1054" WIDTH="70" HEIGHT="22" WC="0.93" CONTENT="arbete"/><SP WIDTH="15" VPOS="1054" HPOS="865"/>
							<String ID="string_144" HPOS="880" VPOS="1055" WIDTH="14" HEIGHT="20" WC="0.86" CONTENT="å"/><SP WIDTH="16" VPOS="1055" HPOS="894"/>
							<String ID="string_145" HPOS="910" VPOS="1055" WIDTH="31" HEIGHT="20" WC="0.93" CONTENT="in-"/>
						</TextLine>
						<TextLine ID="line_26" HPOS="398" VPOS="1088" WIDTH="542" HEIGHT="29">
							<String ID="string_146" HPOS="398" VPOS="1089" WIDTH="76" HEIGHT="21" WC="0.91" CONTENT="mutad"/><SP WIDTH="10" VPOS="1089" HPOS="474"/>
							<String ID="string_147" HPOS="484" VPOS="1088" WIDTH="119" HEIGHT="29" WC="0.90" CONTENT="fyndighet"/><SP WIDTH="16" VPOS="1088" HPOS="603"/>
							<String ID="string_148" HPOS="619" VPOS="1089" WIDTH="74" HEIGHT="27" WC="0.93" CONTENT="blifvit"/><SP WIDTH="16" VPOS="1089" HPOS="693"/>
							<String ID="string_149" HPOS="709" VPOS="1089" WIDTH="124" HEIGHT="25" WC="0.90" CONTENT="verkstäldt,"/><SP WIDTH="17" VPOS="1089" HPOS="833"/>
							<String ID="string_150" HPOS="850" VPOS="1089" WIDTH="90" HEIGHT="27" WC="0.88" CONTENT="anlägg-"/>
						</TextLine>
						<TextLine ID="line_27" HPOS="399" VPOS="1123" WIDTH="543" HEIGHT="28">
							<String ID="string_151" HPOS="399" VPOS="1124" WIDTH="78" HEIGHT="26" WC="0.91" CONTENT="ningen"/><SP WIDTH="22" VPOS="1124" HPOS="477"/>
							<String ID="string_152" HPOS="499" VPOS="1123" WIDTH="122" HEIGHT="28" WC="0.90" CONTENT="öfvergifva"/><SP WIDTH="24" VPOS="1123" HPOS="621"/>
							<String ID="string_153" HPOS="645" VPOS="1123" WIDTH="37" HEIGHT="21" WC="0.93" CONTENT="och"/><SP WIDTH="23" VPOS="1123" HPOS="682"/>
							<String ID="string_154" HPOS="705" VPOS="1123" WIDTH="113" HEIGHT="28" WC="0.92" CONTENT="nedlägga,"/><SP WIDTH="15" VPOS="1123" HPOS="818"/>
							<String ID="string_155" HPOS="833" VPOS="1123" WIDTH="60" HEIGHT="27" WC="0.92" CONTENT="gifve"/><SP WIDTH="14" VPOS="1123" HPOS="893"/>
							<String ID="string_156" HPOS="907" VPOS="1123" WIDTH="35" HEIGHT="21" WC="0.96" CONTENT="det"/>
						</TextLine>
						<TextLine ID="line_28" HPOS="399" VPOS="1157" WIDTH="542" HEIGHT="28">
							<String ID="string_157" HPOS="399" VPOS="1164" WIDTH="76" HEIGHT="21" WC="0.92" CONTENT="egaren"/><SP WIDTH="24" VPOS="1164" HPOS="475"/>
							<String ID="string_158" HPOS="499" VPOS="1158" WIDTH="52" HEIGHT="20" WC="0.93" CONTENT="eller"/><SP WIDTH="15" VPOS="1158" HPOS="551"/>
							<String ID="string_159" HPOS="566" VPOS="1158" WIDTH="158" HEIGHT="26" WC="0.87" CONTENT="innehafvaren"/><SP WIDTH="16" VPOS="1158" HPOS="724"/>
							<String ID="string_160" HPOS="740" VPOS="1158" WIDTH="30" HEIGHT="27" WC="0.93" CONTENT="af"/><SP WIDTH="11" VPOS="1158" HPOS="770"/>
							<String ID="string_161" HPOS="781" VPOS="1158" WIDTH="82" HEIGHT="26" WC="0.92" CONTENT="jorden"/><SP WIDTH="16" VPOS="1158" HPOS="863"/>
							<String ID="string_162" HPOS="879" VPOS="1157" WIDTH="62" HEIGHT="21" WC="0.90" CONTENT="bevis-"/>
						</TextLine>
						<TextLine ID="line_29" HPOS="399" VPOS="1191" WIDTH="545" HEIGHT="28">
							<String ID="string_163" HPOS="399" VPOS="1192" WIDTH="56" HEIGHT="27" WC="0.91" CONTENT="ligen"/><SP WIDTH="25" VPOS="1192" HPOS="455"/>
							<String ID="string_164" HPOS="480" VPOS="1192" WIDTH="109" HEIGHT="21" WC="0.91" CONTENT="tillkänna"/><SP WIDTH="23" VPOS="1192" HPOS="589"/>
							<String ID="string_165" HPOS="612" VPOS="1192" WIDTH="38" HEIGHT="21" WC="0.93" CONTENT="och"/><SP WIDTH="22" VPOS="1192" HPOS="650"/>
							<String ID="string_166" HPOS="672" VPOS="1199" WIDTH="50" HEIGHT="14" WC="0.92" CONTENT="vare"/><SP WIDTH="19" VPOS="1199" HPOS="722"/>
							<String ID="string_167" HPOS="741" VPOS="1192" WIDTH="66" HEIGHT="20" WC="0.93" CONTENT="sedan"/><SP WIDTH="16" VPOS="1192" HPOS="807"/>
							<String ID="string_168" HPOS="823" VPOS="1192" WIDTH="21" HEIGHT="26" WC="0.91" CONTENT="ej"/><SP WIDTH="13" VPOS="1192" HPOS="844"/>
							<String ID="string_169" HPOS="857" VPOS="1191" WIDTH="87" HEIGHT="28" WC="0.91" CONTENT="skyldig"/>
						</TextLine>
						<TextLine ID="line_30" HPOS="400" VPOS="1225" WIDTH="543" HEIGHT="28">
							<String ID="string_170" HPOS="400" VPOS="1228" WIDTH="32" HEIGHT="19" WC="0.96" CONTENT="att"/><SP WIDTH="10" VPOS="1228" HPOS="432"/>
							<String ID="string_171" HPOS="442" VPOS="1225" WIDTH="40" HEIGHT="28" WC="0.96" CONTENT="för"/><SP WIDTH="16" VPOS="1225" HPOS="482"/>
							<String ID="string_172" HPOS="498" VPOS="1227" WIDTH="75" HEIGHT="26" WC="0.96" CONTENT="längre"/><SP WIDTH="15" VPOS="1227" HPOS="573"/>
							<String ID="string_173" HPOS="588" VPOS="1226" WIDTH="39" HEIGHT="26" WC="0.96" CONTENT="tid,"/><SP WIDTH="16" VPOS="1226" HPOS="627"/>
							<String ID="string_174" HPOS="643" VPOS="1228" WIDTH="28" HEIGHT="19" WC="0.96" CONTENT="än"/><SP WIDTH="17" VPOS="1228" HPOS="671"/>
							<String ID="string_175" HPOS="688" VPOS="1226" WIDTH="35" HEIGHT="21" WC="0.96" CONTENT="det"/><SP WIDTH="16" VPOS="1226" HPOS="723"/>
							<String ID="string_176" HPOS="739" VPOS="1226" WIDTH="28" HEIGHT="21" WC="0.93" CONTENT="dä"/><SP WIDTH="16" VPOS="1226" HPOS="767"/>
							<String ID="string_177" HPOS="783" VPOS="1225" WIDTH="92" HEIGHT="28" WC="0.93" CONTENT="löpande"/><SP WIDTH="16" VPOS="1225" HPOS="875"/>
							<String ID="string_178" HPOS="891" VPOS="1226" WIDTH="52" HEIGHT="25" WC="0.92" CONTENT="äret,"/>
						</TextLine>
						<TextLine ID="line_31" HPOS="401" VPOS="1259" WIDTH="543" HEIGHT="29">
							<String ID="string_179" HPOS="401" VPOS="1260" WIDTH="69" HEIGHT="21" WC="0.93" CONTENT="betala"/><SP WIDTH="16" VPOS="1260" HPOS="470"/>
							<String ID="string_180" HPOS="486" VPOS="1260" WIDTH="71" HEIGHT="28" WC="0.92" CONTENT="afgift"/><SP WIDTH="11" VPOS="1260" HPOS="557"/>
							<String ID="string_181" HPOS="568" VPOS="1262" WIDTH="40" HEIGHT="25" WC="0.96" CONTENT="för"/><SP WIDTH="16" VPOS="1262" HPOS="608"/>
							<String ID="string_182" HPOS="624" VPOS="1260" WIDTH="40" HEIGHT="21" WC="0.96" CONTENT="den"/><SP WIDTH="15" VPOS="1260" HPOS="664"/>
							<String ID="string_183" HPOS="679" VPOS="1260" WIDTH="69" HEIGHT="25" WC="0.96" CONTENT="mark,"/><SP WIDTH="16" VPOS="1260" HPOS="748"/>
							<String ID="string_184" HPOS="764" VPOS="1260" WIDTH="44" HEIGHT="21" WC="0.93" CONTENT="han"/><SP WIDTH="19" VPOS="1260" HPOS="808"/>
							<String ID="string_185" HPOS="827" VPOS="1259" WIDTH="117" HEIGHT="28" WC="0.96" CONTENT="begagnat;"/>
						</TextLine>
						<TextLine ID="line_32" HPOS="399" VPOS="1293" WIDTH="545" HEIGHT="28">
							<String ID="string_186" HPOS="399" VPOS="1295" WIDTH="102" HEIGHT="26" WC="0.92" CONTENT="godtgöre"/><SP WIDTH="11" VPOS="1295" HPOS="501"/>
							<String ID="string_187" HPOS="512" VPOS="1295" WIDTH="53" HEIGHT="20" WC="0.96" CONTENT="dock"/><SP WIDTH="10" VPOS="1295" HPOS="565"/>
							<String ID="string_188" HPOS="575" VPOS="1295" WIDTH="40" HEIGHT="20" WC="0.96" CONTENT="den"/><SP WIDTH="11" VPOS="1295" HPOS="615"/>
							<String ID="string_189" HPOS="626" VPOS="1295" WIDTH="68" HEIGHT="21" WC="0.93" CONTENT="skada"/><SP WIDTH="11" VPOS="1295" HPOS="694"/>
							<String ID="string_190" HPOS="705" VPOS="1295" WIDTH="59" HEIGHT="25" WC="0.91" CONTENT="derä,"/><SP WIDTH="11" VPOS="1295" HPOS="764"/>
							<String ID="string_191" HPOS="775" VPOS="1301" WIDTH="42" HEIGHT="14" WC="0.96" CONTENT="som"/><SP WIDTH="7" VPOS="1301" HPOS="817"/>
							<String ID="string_192" HPOS="824" VPOS="1294" WIDTH="41" HEIGHT="27" WC="0.93" CONTENT="för"/><SP WIDTH="5" VPOS="1294" HPOS="865"/>
							<String ID="string_193" HPOS="870" VPOS="1293" WIDTH="74" HEIGHT="28" WC="0.92" CONTENT="fram-"/>
						</TextLine>
						<TextLine ID="line_33" HPOS="401" VPOS="1328" WIDTH="544" HEIGHT="29">
							<String ID="string_194" HPOS="401" VPOS="1329" WIDTH="59" HEIGHT="20" WC="0.96" CONTENT="tiden"/><SP WIDTH="23" VPOS="1329" HPOS="460"/>
							<String ID="string_195" HPOS="483" VPOS="1329" WIDTH="43" HEIGHT="20" WC="0.93" CONTENT="kan"/><SP WIDTH="22" VPOS="1329" HPOS="526"/>
							<String ID="string_196" HPOS="548" VPOS="1329" WIDTH="66" HEIGHT="27" WC="0.95" CONTENT="hafva"/><SP WIDTH="16" VPOS="1329" HPOS="614"/>
							<String ID="string_197" HPOS="630" VPOS="1329" WIDTH="139" HEIGHT="28" WC="0.96" CONTENT="uppkommit,"/><SP WIDTH="16" VPOS="1329" HPOS="769"/>
							<String ID="string_198" HPOS="785" VPOS="1329" WIDTH="67" HEIGHT="27" WC="0.93" CONTENT="enligt"/><SP WIDTH="15" VPOS="1329" HPOS="852"/>
							<String ID="string_199" HPOS="867" VPOS="1328" WIDTH="55" HEIGHT="21" WC="0.95" CONTENT="hvad"/><SP WIDTH="15" VPOS="1328" HPOS="922"/>
							<String ID="string_200" HPOS="937" VPOS="1329" WIDTH="8" HEIGHT="20" WC="0.96" CONTENT="i"/>
						</TextLine>
						<TextLine ID="line_34" HPOS="400" VPOS="1359" WIDTH="545" HEIGHT="32">
							<String ID="string_201" HPOS="400" VPOS="1363" WIDTH="14" HEIGHT="28" WC="0.92" CONTENT="$"/><SP WIDTH="15" VPOS="1363" HPOS="414"/>
							<String ID="string_202" HPOS="429" VPOS="1364" WIDTH="27" HEIGHT="20" WC="0.93" CONTENT="15"/><SP WIDTH="22" VPOS="1364" HPOS="456"/>
							<String ID="string_203" HPOS="478" VPOS="1363" WIDTH="64" HEIGHT="28" WC="0.84" CONTENT="sagdt"/><SP WIDTH="22" VPOS="1363" HPOS="542"/>
							<String ID="string_204" HPOS="564" VPOS="1365" WIDTH="32" HEIGHT="20" WC="0.92" CONTENT="är."/><SP WIDTH="33" VPOS="1365" HPOS="596"/>
							<String ID="string_205" HPOS="629" VPOS="1359" WIDTH="137" HEIGHT="32" WC="0.90" CONTENT="Öfvergifves"/><SP WIDTH="18" VPOS="1359" HPOS="766"/>
							<String ID="string_206" HPOS="784" VPOS="1363" WIDTH="161" HEIGHT="28" WC="0.96" CONTENT="anläggningen"/>
						</TextLine>
						<TextLine ID="line_35" HPOS="400" VPOS="1397" WIDTH="544" HEIGHT="28">
							<String ID="string_207" HPOS="400" VPOS="1399" WIDTH="54" HEIGHT="19" WC="0.93" CONTENT="utan"/><SP WIDTH="15" VPOS="1399" HPOS="454"/>
							<String ID="string_208" HPOS="469" VPOS="1397" WIDTH="80" HEIGHT="21" WC="0.91" CONTENT="sädant"/><SP WIDTH="16" VPOS="1397" HPOS="549"/>
							<String ID="string_209" HPOS="565" VPOS="1397" WIDTH="221" HEIGHT="28" WC="0.90" CONTENT="tillkännagifvande,"/><SP WIDTH="11" VPOS="1397" HPOS="786"/>
							<String ID="string_210" HPOS="797" VPOS="1397" WIDTH="34" HEIGHT="20" WC="0.93" CONTENT="mä"/><SP WIDTH="10" VPOS="1397" HPOS="831"/>
							<String ID="string_211" HPOS="841" VPOS="1397" WIDTH="103" HEIGHT="27" WC="0.91" CONTENT="jordega-"/>
						</TextLine>
						<TextLine ID="line_36" HPOS="401" VPOS="1430" WIDTH="544" HEIGHT="26">
							<String ID="string_212" HPOS="401" VPOS="1438" WIDTH="37" HEIGHT="14" WC="0.95" CONTENT="ren"/><SP WIDTH="23" VPOS="1438" HPOS="438"/>
							<String ID="string_213" HPOS="461" VPOS="1432" WIDTH="51" HEIGHT="20" WC="0.95" CONTENT="eller"/><SP WIDTH="22" VPOS="1432" HPOS="512"/>
							<String ID="string_214" HPOS="534" VPOS="1432" WIDTH="40" HEIGHT="21" WC="0.95" CONTENT="den"/><SP WIDTH="23" VPOS="1432" HPOS="574"/>
							<String ID="string_215" HPOS="597" VPOS="1432" WIDTH="54" HEIGHT="21" WC="0.96" CONTENT="hans"/><SP WIDTH="19" VPOS="1432" HPOS="651"/>
							<String ID="string_216" HPOS="670" VPOS="1434" WIDTH="45" HEIGHT="19" WC="0.95" CONTENT="rätt"/><SP WIDTH="16" VPOS="1434" HPOS="715"/>
							<String ID="string_217" HPOS="731" VPOS="1430" WIDTH="98" HEIGHT="26" WC="0.95" CONTENT="innehar,"/><SP WIDTH="17" VPOS="1430" HPOS="829"/>
							<String ID="string_218" HPOS="846" VPOS="1433" WIDTH="41" HEIGHT="19" WC="0.96" CONTENT="när"/><SP WIDTH="15" VPOS="1433" HPOS="887"/>
							<String ID="string_219" HPOS="902" VPOS="1431" WIDTH="43" HEIGHT="21" WC="0.96" CONTENT="han"/>
						</TextLine>
					</TextBlock>
				</ComposedBlock>
			</PrintSpace>
		</Page>
	</Layout>
</alto>
