1009 1620
207 113 13 20 2
431 113 20 20 U.
467 113 19 20 B.
503 124 28 3 —
546 114 54 24 Prop.
617 113 30 21 N:o
662 113 19 20 5.

179 177 40 22 sad
234 177 121 28 ersättning
370 177 32 22 för
416 177 354 28 bouppteckningsförrättningen,
780 179 57 20 samt
846 179 33 20 att
886 176 51 22 den-

179 218 87 20 samma,
275 211 115 22 betraktad
405 212 72 22 säsom
492 212 127 27 lönebidrag
634 211 33 23 för
678 211 113 22 städernas
800 212 136 27 tjenstemän,

179 246 62 22 äfven
256 251 52 16 vore
324 246 106 28 olämplig,
448 247 91 22 emedan
554 247 101 26 bidraget
670 245 62 23 utföll
749 246 80 27 ojemnt
845 246 40 21 och
894 245 44 22 ofta

178 281 69 22 under
269 280 66 28 länga
356 281 135 22 mellantider
514 282 7 21 i
540 281 38 22 det
592 283 110 20 närmaste
717 280 90 27 uteblef;
823 281 114 21 hvarutom

178 316 93 21 berörda
285 315 62 28 afgift
361 316 28 27 pä
404 316 54 22 visst
473 317 46 21 sätt
533 322 52 16 vore
600 323 26 15 en
637 315 227 28 förmögenhetsskatt,
873 315 64 22 hvars

178 350 122 27 utgörande
314 350 67 22 likväl
396 351 18 28 ej
431 357 38 16 var
483 351 158 22 underkastadt
656 351 71 26 någon
742 350 70 27 gifven
827 350 42 27 lag,
885 351 52 20 utan

179 385 108 22 beroende
310 385 23 21 af
353 385 40 22 den
417 385 166 27 tillfälligheten,
608 391 34 16 om
662 391 26 16 en
705 385 104 27 egendom
825 390 46 16 mer
886 385 52 21 eller

178 419 83 22 mindre
277 418 44 23 ofta
336 425 76 21 genom
428 419 93 23 dödsfall
537 420 95 27 ombytte
649 426 71 20 egare.
751 419 49 21 Men
816 419 72 21 säsom
896 419 42 21 den

177 452 203 29 hufvudsakligaste
396 454 169 27 anmärkningen
580 456 45 20 mot
641 454 139 22 förenämnde
795 452 62 28 afgift
874 452 63 22 fram-

177 488 57 22 hölls
257 488 66 22 likväl
345 488 6 22 i
366 488 120 28 petitionen
505 489 48 26 den,
570 490 33 20 att
618 488 88 28 afgiften
723 488 84 22 erlades
822 488 49 21 icke
886 488 52 21 alle-

178 524 50 21 nast
242 522 34 23 för
298 522 150 28 behällningen
470 524 7 21 i
499 524 59 26 boet,
582 525 52 20 utan
651 523 62 22 äfven
729 522 32 22 för
777 522 41 22 den
834 522 41 27 del,
892 528 46 16 som

177 557 138 22 motsvarade
337 557 63 23 boets
423 558 56 28 gäld.
510 558 131 27 Derigenom
656 557 114 23 inträffade
787 559 38 25 att,
842 557 96 28 isynner-

176 592 39 22 het
230 592 7 21 i
253 592 101 22 sterbhus
371 593 37 22 der
424 599 27 16 en
467 595 70 20 större
553 593 147 22 affärsrörelse
712 592 111 23 bedrifvits
842 592 40 22 och
891 592 45 26 der,

176 627 68 27 jemte
264 629 60 20 stora
339 627 120 28 tillgänger,
478 627 62 23 äfven
555 628 97 27 betydlig
668 627 51 28 gäld
734 627 103 26 förekom,
856 627 81 26 boupp-

177 661 234 28 teckningsprocenten
433 663 73 22 kunde
529 663 118 27 öfverstiga
669 663 64 21 boets
749 661 125 27 behällning
896 661 40 22 och

175 697 81 27 jemväl
279 697 84 22 erlades
385 704 26 15 ur
433 698 79 21 sädant
533 698 35 27 bo,
585 698 38 21 der
637 697 65 27 ingen
717 697 82 26 verklig
814 695 124 27 behällning

175 731 70 22 fanns.

235 765 186 27 Borgareständet
443 767 68 26 ansäg
532 766 29 27 pä
577 765 154 23 ofvananförda
747 765 48 22 skäl
811 763 125 27 önskvärdt,

177 802 34 19 att
225 800 312 28 bouppteckningsprocenten,
555 801 72 21 säsom
642 801 7 21 i
665 800 42 22 alla
723 799 116 22 afseenden
856 799 81 27 olämp-

177 834 30 27 lig
230 834 41 22 och
294 834 121 27 otidsenlig,
439 834 72 22 kunde
534 834 108 22 afskaffas.
674 834 49 22 Men
741 840 46 15 som
805 833 131 25 densamma,

177 868 86 22 hvilken
287 868 6 22 i
317 868 27 22 de
363 868 64 22 flesta
443 869 74 21 städer
532 870 94 26 uppbars
643 868 22 22 af
679 869 148 27 borgmästare
844 867 40 22 och
898 866 40 22 räd

177 903 134 22 omedelbart
327 903 39 21 och
383 903 6 21 i
405 904 68 21 andra
489 904 74 22 städer
578 904 71 27 ingick
664 904 7 20 i
688 903 148 25 stadskassan,
853 902 7 21 i
876 902 62 21 hvar-

177 938 52 22 dera
252 938 121 22 händelsen
395 938 101 28 utgjorde
520 940 32 20 ett
566 938 33 22 för
614 938 115 22 städernas
747 937 98 22 ekonomi
860 936 78 28 päräk-

176 972 55 22 nadt
254 972 40 22 och
311 972 63 22 äfven
388 972 104 28 behöfligt
508 973 76 27 bidrag
599 973 33 21 till
647 974 65 20 desse
728 973 142 27 tjenstemäns
887 970 51 22 aflö-

176 1007 59 27 ning,
250 1008 69 21 mötte
334 1007 76 22 härvid
426 1008 41 21 den
478 1008 183 27 betänkligheten,
671 1010 33 19 att
712 1006 90 28 afgiften
810 1006 48 22 icke
866 1005 73 22 kunde

176 1042 121 26 borttagas,
311 1044 53 19 utan
373 1043 33 20 att
413 1042 149 28 borgmästare
579 1042 40 22 och
635 1042 39 22 räd
691 1042 52 22 eller
759 1041 114 22 städernas
888 1040 50 21 kas-

177 1082 36 16 sor
228 1076 29 27 pä
273 1078 66 19 annat
355 1078 45 20 sätt
414 1076 107 22 bereddes
544 1078 121 26 ersättning
687 1076 33 22 för
736 1076 41 22 den
792 1075 84 26 förlust,
893 1080 46 16 som

177 1110 125 28 derigenom
317 1111 87 22 komme
419 1113 34 19 att
468 1112 49 21 dem
532 1112 134 27 tillskyndas.

235 1144 28 22 Af
276 1145 67 21 sådan
359 1146 65 21 orsak
440 1146 44 22 höll
499 1146 180 28 borgareständet
693 1145 54 26 före,
756 1146 33 20 att
803 1144 75 26 frågan
891 1143 48 22 icke

175 1178 74 23 kunde
273 1179 101 27 slutligen
389 1180 87 27 pröfvas
492 1180 65 22 innan
571 1180 164 22 vederbörande
751 1178 42 22 fått
809 1178 83 22 tillfälle
908 1178 32 20 att

175 1215 59 25 yttra
257 1214 39 27 sig,
314 1214 56 21 huru
389 1214 41 21 den
445 1215 102 26 inkomst,
559 1221 46 15 som
621 1214 76 21 dittills
713 1213 80 22 influtit
809 1219 77 20 genom
901 1212 39 21 bo-

175 1248 304 27 uppteckningsprocenterna
494 1255 49 16 men
558 1255 29 16 nu
602 1249 85 22 komme
704 1250 33 19 att
754 1247 106 28 upphöra,
869 1245 71 22 skulle

175 1282 49 22 dem
247 1285 102 24 ersättas,
371 1283 99 23 hvarföre
495 1284 181 27 borgareständet
700 1284 41 20 hos
766 1282 60 22 Hans
852 1271 87 41 Kejser-

175 1316 45 28 liga
242 1318 105 27 Majestät
369 1318 159 28 underdänigst
550 1318 72 22 anhöll
646 1324 34 16 om
697 1316 133 24 afskaffande
847 1315 23 23 af
891 1315 48 26 den,

174 1351 69 27 enligt
265 1352 78 27 Kongl.
359 1352 155 28 förordningen
529 1353 24 21 af
566 1354 41 26 den
625 1355 25 19 10
666 1352 122 22 December
805 1352 55 20 1756
876 1350 64 26 borg-

173 1386 97 21 mästare
299 1386 40 22 och
363 1386 40 22 råd
429 1387 93 27 tillagda
546 1387 316 28 bouppteckningsprocenten,
891 1390 49 16 men

173 1420 34 20 att
222 1420 105 22 städerna
342 1420 139 23 derförinnan
496 1422 68 22 måtte
579 1422 64 22 höras
660 1421 42 23 och
719 1421 62 21 deras
797 1419 101 29 yttrande
908 1419 32 21 in-

242 1460 144 22 Lagutskottets
398 1460 119 19 betänkande
525 1462 36 17 N:o
575 1462 16 17 5.
