1025 1620
225 100 27 22 10
388 102 80 24 Ständ.
483 103 38 22 Sv.
537 115 27 4 —
580 104 72 28 Prop.
668 106 40 21 N:o
724 106 35 21 15.

263 163 31 21 På
310 165 71 26 grund
401 164 25 22 af
441 166 57 21 hvad
516 166 104 22 härofvan
635 167 84 21 anförts
734 167 22 22 få
771 167 121 23 Ständerna
906 173 40 15 un-

196 197 125 28 derdänigst
335 199 92 26 anmäla,
577 196 2 2 I

456 236 34 18 att
514 235 124 21 Ständerna
661 237 87 27 antagit
771 237 34 21 det
820 236 29 26 af
859 235 86 21 Eders

401 267 161 29 Kejserliga
581 268 127 28 Majestät
724 270 35 21 till
774 270 45 21 dem
835 269 110 27 öfverlem-

399 302 57 20 nade
474 302 90 28 förslag
589 303 35 21 till
645 304 144 27 inmutnings-
806 303 37 21 och
858 302 88 28 grufve-

399 336 84 27 stadga,
507 336 68 21 likväl
597 338 48 20 med
667 338 109 20 särskilda
798 337 148 27 ändringar
932 332 18 36 i

399 370 40 20 den
451 370 132 28 föreslagna
589 370 174 28 författningen,
775 371 83 21 hvilken
868 371 9 20 i
883 370 62 28 följd

400 404 68 26 deraf
484 404 80 21 komme
584 407 33 18 att
635 406 85 20 erhälla
733 406 105 27 jöljande
853 405 92 28 lydelse:

472 467 151 33 Inmutnings-
642 468 42 25 och
700 468 170 33 grufvestadga.

603 526 14 17 1
630 526 114 22 Kapitlet.

400 564 43 18 Om
456 564 104 22 föremål
575 566 42 21 för
632 566 138 22 inmutning
785 566 43 18 och
839 566 48 18 när
899 565 45 18 den

602 593 92 19 tilläten
706 596 38 17 är.

647 640 15 27 $
677 642 19 18 1.

455 678 101 21 Föremäl
567 679 42 26 för
624 680 124 27 inmutning
764 682 39 18 äro
818 680 61 27 gula,
894 679 51 28 silf-

398 718 42 19 ver,
455 712 143 28 gvicksilfver,
612 714 95 26 platina,
718 714 59 27 jern,
797 713 41 28 bly,
853 713 90 27 koppar,

398 746 55 26 Zink,
477 749 55 23 tenn,
555 747 72 21 kobolt
650 748 37 20 och
710 747 70 21 nickel
798 748 67 26 jemte
880 747 64 21 deras

399 781 95 25 maimer,
510 782 114 27 myrmalm
647 782 105 26 härifrän
767 781 53 21 dock
835 782 109 20 undanta-

399 821 47 20 gen.
478 814 104 27 Sjömalm
604 815 35 20 mä
663 815 67 21 likväl
752 815 94 20 inmutas
868 815 77 20 endast

398 847 38 26 för
450 849 43 20 viss
508 849 70 20 redan
594 849 98 28 befintlig
708 849 52 20 eller
774 849 70 20 under
854 849 93 27 anlägg-

400 883 54 26 ning
476 883 97 20 varande
595 883 197 27 bruksinrättining,
813 883 36 20 vid
863 882 84 21 hvilken

400 917 70 20 sädan
485 917 65 20 malm
567 917 160 27 tillgodogöres.

455 950 37 26 Af
508 951 54 26 guld
578 951 37 20 och
630 951 84 26 silfver,
731 957 44 14 som
786 951 58 26 från
854 951 91 27 fyndig-

399 983 35 21 het
448 984 9 20 i
472 984 50 28 berg
544 985 85 26 vinnas,
652 984 58 21 skall
726 985 35 20 till
776 984 84 22 kronan
875 985 72 27 erläg-

399 1024 39 20 gas
460 1018 43 26 fem
520 1021 97 24 procent.
648 1018 46 21 För
708 1018 61 28 guld,
785 1025 44 14 som
844 1018 102 21 utvaskas

395 1052 57 27 från
468 1052 46 20 lösa
522 1053 125 27 jordlager,
663 1053 99 27 erlägges
773 1052 42 27 för
829 1052 74 27 hvarje
913 1054 34 19 ut-

399 1086 45 20 mäl
458 1086 35 20 till
507 1086 85 21 kronan
608 1087 43 20 viss
666 1086 60 27 ärlig
740 1086 78 27 afgift,
834 1086 64 21 hvars
913 1086 33 21 be-

400 1120 134 21 stämmande
556 1120 125 21 ankommer
701 1121 13 20 å
735 1120 105 21 Senatens
861 1120 86 21 Ekono-

400 1154 194 27 miedepartement,
617 1161 44 14 som
674 1154 85 28 jemväl
780 1154 42 20 har
840 1156 34 19 att
889 1155 8 19 i
911 1154 35 27 af-

400 1188 74 20 seende
490 1188 13 20 &
518 1188 126 27 uppbörden
660 1188 30 27 af
701 1188 66 27 sagde
782 1188 100 27 afgifter,
897 1188 50 20 kon-

400 1221 78 21 trollen
494 1221 100 27 deröfver
609 1225 56 18 samt
681 1222 57 21 tiden
750 1217 36 36 för
798 1221 106 28 afgiftens
914 1228 32 14 er-

400 1255 106 27 läggande
528 1255 99 22 meddela
648 1257 25 19 de
684 1255 152 28 föreskrifter,
852 1262 45 15 som
913 1255 34 21 be-

395 1289 77 27 finnas
487 1290 87 27 nödiga.

647 1346 17 28 $
679 1347 20 20 2.

458 1386 140 32 Öfvergifven
613 1391 52 21 eller
679 1391 71 20 sönad
760 1391 81 27 grufva
852 1391 37 21 oeh
899 1391 48 21 der-

400 1425 60 21 invid
483 1424 114 28 befintliga
619 1431 54 21 varp
691 1425 31 27 få
737 1425 21 27 ej
774 1425 54 27 ånyo
851 1425 95 21 inmutas
