1028 1620
421 105 35 22 N:o
470 105 21 22 2.
791 106 12 19 5

82 174 251 21 ansvarsbestämmelser
356 173 68 22 skulle
446 173 81 22 införas
550 173 34 22 för
607 173 150 27 försumlighet
780 173 52 21 eller

83 208 87 21 tredska
186 208 6 21 i
208 208 100 21 afseende
325 208 13 21 å
352 208 166 26 vaccinationen,
534 208 39 21 har
584 208 60 21 Hans
655 208 120 27 Kejserliga
787 207 45 21 Ma-

80 242 67 26 jestät
161 243 7 20 i
183 243 67 20 nåder
265 243 57 20 velat
332 243 131 20 härmedelst
474 242 130 21 öfverlemna
615 243 60 20 detta
685 242 148 27 författnings-

83 276 80 27 förslag
179 277 32 20 till
228 277 130 21 Ständernas
374 277 126 26 antagande.

152 311 116 21 Dessutom
284 312 77 21 varder
376 312 62 21 äfven
453 312 81 27 förslag
550 312 33 21 till
599 312 131 26 reglemente
740 311 38 21 och
789 313 44 20 stat

82 345 34 22 för
138 346 159 21 vaccinationen
319 346 7 21 i
345 346 97 26 Finland,
462 346 82 21 hvilket
561 346 117 21 innefattar
697 346 135 21 administra-

82 380 44 21 tiva
141 381 133 26 stadganden
290 381 7 20 i
313 380 55 27 syfte
384 382 32 19 att
431 381 123 21 underlätta
568 381 161 21 vaccinationen
741 380 37 21 och
789 380 43 21 för-

82 414 140 27 fullständiga
244 414 128 22 kontrollen"
387 415 59 21 öfver
469 416 49 20 dess
537 415 171 26 handhafvande,
729 414 104 27 härjemte

83 448 120 22 Ständerna
217 449 123 21 meddeladt
355 450 7 20 i
378 450 100 21 afseende
494 450 12 21 &
521 450 101 27 yttrande
638 450 39 21 och
688 450 34 21 för
732 451 33 19 att
774 449 59 27 tjena

83 484 33 20 till
131 484 130 26 upplysning
276 484 36 20 vid
327 484 169 26 hufvudfrågans
512 484 137 27 behandling.

286 569 146 34 Förslag
458 570 43 26 till
527 570 150 33 förordning,
707 569 125 33 angående

218 609 189 27 vaccinationen
424 610 10 26 i
452 610 113 27 Finland.

436 668 11 27 $
466 669 17 20 1.

155 708 165 21 Vaccinationen
347 708 52 20 eller
422 708 269 27 skyddskoppympningen
714 708 7 20 i
743 707 91 21 Finland

84 742 54 21 skall
154 742 132 21 handhafvas
305 748 75 20 genom
400 742 164 22 kommunernes
584 742 91 27 försorg,
695 742 68 21 under
778 742 56 20 inse-

84 777 53 21 ende
161 776 39 22 och
222 776 94 21 kontroll
339 776 23 21 af
379 779 82 19 statens
481 777 72 21 dertill
573 777 91 21 utsedde
679 776 155 27 myndigheter,

84 811 27 26 på
134 812 43 19 sätt
200 811 70 20 denna
288 810 127 27 författning
438 811 119 21 innehåller
578 811 38 20 och
635 817 76 20 genom
728 810 107 21 särskilda

85 845 135 21 föreskrifter
234 847 98 19 närmare
348 845 136 21 bestämmes.

436 903 12 27 $
464 904 20 20 2.

156 943 9 21 I
181 943 73 27 hvarje
270 943 100 21 kommun
386 943 28 27 på
429 944 75 21 landet
519 943 127 22 äfvensom
638 939 14 36 i
666 943 168 25 stadskommun,

85 977 37 21 der
138 977 138 27 vaccindepot
291 978 46 21 icke
353 977 73 27 finnes,
444 978 62 26 skall,
522 978 34 21 för
571 979 171 20 vaccinationens
758 977 77 21 förrät-

85 1011 70 26 tande,
171 1012 34 20 vid
221 1012 214 21 kommunalstämma
454 1012 53 21 eller
527 1012 23 21 af
573 1011 263 27 kommunalfullmäktige,

85 1045 172 22 rådhusstämma
272 1046 52 21 eller
340 1046 199 27 stadsfullmäktige
558 1049 90 24 antagas
668 1053 26 14 en
717 1046 52 21 eller
784 1045 52 21 flera

84 1079 117 27 behörigen
224 1080 114 27 godkända
360 1081 148 20 vaccinatörer
532 1081 51 21 eller
608 1081 156 20 vaccinatriser.
795 1079 41 21 Till

85 1114 120 21 hvarandra
227 1115 121 26 gränsande
370 1115 127 20 kommuner
520 1121 50 15 vare
592 1115 67 21 likväl
679 1115 100 26 obetaget
797 1115 39 24 att,

85 1148 38 21 der
145 1148 77 21 sådant
244 1149 67 21 finnes
330 1149 98 26 lämpligt
448 1149 41 21 och
505 1149 54 21 efter
575 1149 71 22 dertill
663 1149 116 21 utverkadt
793 1148 43 21 till-

85 1182 69 25 stånd,
171 1183 33 26 sig
220 1189 32 14 om
268 1189 121 20 gemensam
405 1184 123 21 vaccinatör
544 1184 80 21 förena.

156 1216 10 20 I
182 1216 54 26 stad,
257 1217 37 20 der
313 1218 140 26 vaccindepot
474 1219 24 19 är
513 1218 91 26 förlagd,
619 1217 132 22 handhafves
768 1216 68 22 vacci-

85 1250 101 21 nationen
209 1250 23 20 af
253 1251 103 26 depotens
378 1251 151 21 föreståndare
552 1252 48 21 med
619 1252 84 20 biträde
723 1251 22 21 af
760 1251 26 20 de
801 1250 36 21 vid

85 1285 123 21 densamma
223 1286 105 20 anställde
344 1286 154 21 vaccinatörer.

437 1338 48 27 83.

157 1376 150 22 Kostnaderna
322 1377 33 21 för
371 1378 173 20 vaccinationens
560 1378 156 21 öfvervakande
732 1378 22 21 af
763 1378 74 21 veder-

85 1410 94 21 börande
194 1411 155 26 myndigheter,
365 1411 34 21 för
413 1412 85 20 lokaler
513 1412 33 20 till
562 1412 163 27 vaccindepoter
735 1412 40 21 och
785 1411 53 21 aflö-
