1036 1623
227 111 25 19 12
532 110 34 22 N:o
582 111 31 21 12.

196 179 68 21 åbons
279 179 118 27 förklaring
413 182 56 20 samt
484 180 97 21 meddele
598 180 65 20 sedan
676 180 36 20 det
723 178 151 26 förordnande,
885 178 63 20 hvar-

196 213 33 21 till
253 214 212 26 omständigheterna
483 214 119 22 föranleda.
632 214 117 21 Förklaras
765 213 56 21 åbon
836 212 63 22 hafva
915 212 32 21 sin

195 247 176 27 besittningsrätt
385 248 116 27 förverkat,
518 249 82 26 åligger
616 248 140 22 Guvernören
773 249 38 24 att,
828 247 67 21 ehvad
912 247 36 21 be-

196 284 50 19 svär
270 282 59 22 öfver
347 284 94 26 utslaget
456 284 23 20 af
493 283 55 21 åbon
564 283 84 21 anförts
664 283 53 21 eller
733 282 26 26 ej,
775 282 50 26 ingå
840 282 7 20 i
863 281 84 21 författ-

194 316 52 26 ning
270 323 34 14 om
326 317 132 21 hemmanets
474 317 114 21 förseende
602 318 49 20 med
671 323 27 20 ny
714 316 47 26 åbo,
777 316 7 21 i
800 316 40 20 den
857 316 90 26 ordning

196 351 26 20 12
238 351 11 27 &
265 351 82 27 bjuder.

539 398 11 27 &
566 399 34 19 25.

266 436 93 22 Stannar
381 438 40 21 åbo
441 439 33 20 till
490 438 42 21 last
548 440 32 19 att
595 438 43 20 han
654 438 47 20 sina
717 436 180 27 kronoutskylder
913 436 33 26 sig

193 471 47 22 icke
263 471 108 27 afbördat,
395 473 37 20 och
456 473 39 20 har
517 473 42 20 han
574 472 36 21 vid
626 471 123 26 utmätning
765 471 76 20 saknat
856 470 90 27 tillgång

193 506 34 21 till
250 506 63 21 deras
336 507 111 26 gäldande,
465 507 42 21 låte
523 507 140 21 Guvernören
678 506 119 26 bevisligen
813 505 133 26 förständiga

194 540 55 21 åbon
272 542 33 19 att
328 541 141 26 utskylderna
483 542 57 20 inom
557 548 25 14 en
598 541 77 21 månad
691 540 56 21 efter
763 539 133 27 tillsägelsen
912 539 32 20 till

192 575 148 26 kronofogden
366 576 101 21 inbetala.
497 576 87 21 Mäktar
606 576 56 20 åbon
686 575 37 20 det
743 574 26 27 ej,
785 574 100 21 förordne
901 573 43 21 Gu-

191 611 111 24 vernören,
320 611 32 20 att
368 610 200 27 besittningsrätten
580 611 32 20 till
624 610 123 21 hemmanet
757 609 55 20 skall
824 608 31 21 till
867 608 77 21 krono-

191 643 152 27 utskyldernas
359 645 39 20 och
414 645 67 20 andra
496 645 102 20 förfallna
614 645 97 26 utlagors
727 643 133 21 betäckande
870 643 12 20 å
893 642 51 21 auk-

190 678 45 21 tion
260 678 106 27 försäljas,
391 679 38 20 och
453 679 79 21 förfare
552 679 65 21 sedan
634 679 6 20 i
658 678 66 26 öfrigt
739 678 27 26 pä
783 679 44 19 sätt
842 677 6 20 i
865 678 11 19 3
893 677 11 27 $
921 678 23 19 är

190 713 96 20 nämndt.

535 760 11 27 8
563 761 33 19 26.

262 799 46 21 Har
332 799 35 21 vid
390 800 115 21 auktionen
524 800 107 26 antagligt
646 799 73 21 anbud
734 798 47 22 icke
797 798 74 26 gjorts,
888 797 55 21 skall

189 833 32 21 tid
238 834 33 21 för
287 840 28 20 ny
331 834 89 21 auktion
436 837 103 23 utsättas;
558 841 49 15 men
627 834 77 21 varder
721 833 27 21 då
763 833 46 21 icke
825 832 66 21 heller
907 832 36 20 nå-

189 870 39 24 got
250 868 108 26 antagligt
381 870 52 20 eller
456 870 88 20 alldeles
560 870 55 20 intet
630 868 73 22 anbud
719 868 78 26 gjordt,
814 867 38 21 och
868 869 24 18 är
907 866 36 21 be-

189 902 174 26 sittningsrätten
388 903 32 20 till
440 903 126 26 lägenheten
584 903 6 20 i
609 905 44 18 mät
669 905 64 23 tagen
749 901 33 21 för
798 901 77 21 krono-
891 900 52 21 eller

188 936 138 21 kommunala
342 937 92 26 utlagor,
451 938 83 20 anmäle
549 937 148 26 kronofogden
715 936 74 21 derom
804 935 39 21 hos
860 935 81 21 Guver-

188 972 74 25 nören,
278 971 87 20 hvilken
381 977 50 20 eger
447 978 75 20 genom
538 971 130 27 kungörelse
684 971 5 20 i
707 970 101 21 häradets
820 969 79 27 kyrkor
910 971 32 18 ut-

187 1005 67 25 bjuda
278 1005 202 26 besittningsrätten
503 1006 33 20 till
560 1006 40 20 den
616 1005 52 21 eller
684 1005 55 25 dem,
757 1010 45 15 som
818 1005 50 19 utan
885 1003 57 27 skyl-

187 1039 74 26 dighet
284 1041 32 19 att
340 1046 91 15 ansvara
454 1040 33 21 för
505 1040 138 27 lägenhetens
662 1039 127 21 resterande
808 1039 76 20 krono-
902 1037 39 21 och

186 1073 140 22 kommunala
348 1074 119 27 utskylder,
490 1075 36 21 vill
546 1075 125 20 densamma
686 1075 115 24 emottaga.
832 1072 48 21 Kan
895 1072 47 21 icke

186 1108 68 21 heller
277 1109 124 26 derigenom
425 1109 41 21 åbo
490 1109 98 26 erhållas,
613 1109 114 21 hemställe
746 1107 138 22 Guvernören
903 1107 39 20 hos

186 1141 107 23 Senatens
316 1143 270 28 Ekonomiedepartement
609 1150 33 14 om
668 1142 146 22 förordnande
838 1142 6 20 i
870 1141 72 21 saken.

186 1177 126 21 Anbefalles
328 1177 134 22 hemmanets
481 1179 133 26 utbjudande
630 1179 58 20 emot
703 1177 110 24 frihetsår,
829 1175 64 22 varde
909 1175 34 21 så-

186 1211 53 20 dant
261 1211 114 26 iakttaget.
406 1213 116 20 Förklaras
546 1213 98 20 deremot
666 1211 129 27 lägenheten
811 1210 63 21 hafva
888 1216 54 20 upp-

184 1245 51 21 hört
258 1247 33 20 att
313 1252 52 15 vara
389 1247 155 26 skattskyldigt
567 1247 104 25 hemman,
695 1245 111 21 hvarifrån
826 1245 61 20 ränta
903 1243 39 21 och

185 1279 77 22 besvär
278 1280 48 21 icke
341 1281 75 20 vidare
432 1281 58 26 utgå,
507 1281 38 21 bör
561 1281 71 21 tillika
647 1280 122 25 förordnas,
788 1279 56 20 huru
855 1279 36 20 det
902 1278 40 21 öde

184 1313 69 22 blifna
268 1314 134 21 hemmanets
419 1316 128 26 egoområde
566 1315 108 21 användas
691 1315 41 20 må.

256 1349 43 20 För
323 1349 92 26 utlagor,
440 1356 46 15 som
505 1352 85 19 stannat
607 1351 85 19 senaste
709 1349 57 20 åbon
781 1348 34 21 till
830 1347 48 26 last,
895 1352 47 15 men

184 1388 26 14 ur
226 1382 129 27 lägenheten
372 1389 77 20 genom
467 1384 48 21 dess
531 1384 133 26 utbjudande
683 1383 48 21 icke
746 1382 79 26 utgått,
841 1387 49 15 vare
906 1387 36 15 en-

184 1416 50 21 dast
250 1419 87 19 senaste
353 1417 56 21 åbon
426 1418 53 21 eller
495 1418 53 21 hans
564 1416 199 23 rättsinnehafvare
777 1415 107 26 ansvarig.
