1003 1617
287 107 22 24 U.
326 107 24 24 B.
365 118 30 7 —
406 106 65 30 Prop;
487 107 38 24 N:o
541 108 22 23 6.
757 110 14 20 3

41 164 94 28 uppbud,
156 164 128 28 inteckning,
307 165 180 28 förmynderskap,
510 165 131 23 vitesförbud
661 166 39 22 och
715 166 85 22 förlikta

42 199 49 27 mål,
113 199 19 27 ej
155 199 82 22 mindre
258 201 27 20 än
299 199 171 27 tredskodomar,
485 199 104 23 fastebref
600 202 57 20 samt
671 201 130 27 gravations-

43 233 40 23 och
98 233 66 22 andra
178 233 69 27 bevis;
264 233 85 23 hvilken
364 233 128 23 förbindelse
507 230 47 26 från
570 234 40 22 den
625 236 10 20 1
647 234 87 22 Januari
745 236 54 21 1875

43 266 69 23 skulle
126 267 121 23 utsträckas
261 268 96 26 sålunda,
366 269 33 21 att
413 268 92 22 derefter
517 268 80 27 jemväl
611 268 132 28 protokoller
753 269 48 22 med

44 301 70 23 beslut
135 301 40 23 och
190 302 71 27 utslag
275 302 8 21 i
297 302 148 27 fordringsmål
461 302 40 22 och
516 302 67 22 andra
598 302 62 22 civila
674 302 79 28 tvister,
769 304 33 21 så-

45 342 45 16 som
112 336 40 22 ock
174 336 6 22 i
202 336 83 22 mindre
303 336 109 27 brottmål,
427 336 82 23 hvilkas
524 337 113 22 utförande
652 337 52 23 eller
717 337 85 28 nedläg-

45 371 68 27 gande
128 370 123 23 ankommer
265 372 28 26 på
308 370 149 28 målseganden
472 371 77 25 allena,
565 371 66 23 borde
646 372 28 28 på
684 372 67 22 finska
761 371 41 23 för-

45 404 64 23 fattas
123 405 41 22 och
178 404 130 28 expedieras,
320 405 38 22 der
373 405 36 22 det
423 405 90 23 äskades
529 405 22 22 af
564 405 116 28 käranden,
696 405 85 22 hvilken
795 405 9 22 i

45 439 58 22 valet
123 439 23 22 af
163 439 65 28 språk
241 439 138 22 tillerkändes
395 439 90 27 vitsord;
501 440 40 22 och
557 439 68 23 skulle
641 441 60 21 desse
717 440 93 29 domare

47 475 56 20 emot
125 473 138 22 omförmälda
285 473 130 28 skyldighets
437 473 133 28 fullgörande
589 474 55 22 intill
662 475 106 27 utgången
783 473 23 23 af

46 509 25 21 år
93 509 55 21 1878
171 508 83 27 åtnjuta
268 507 76 28 bidrag
358 507 23 22 af
394 508 107 22 allmänna
516 509 68 22 medel
600 509 32 21 till
647 509 114 22 skrifvares
776 508 29 22 af-

46 542 97 23 lönande.
159 555 29 3 —
202 542 62 22 Hvad
279 542 90 27 anginge
384 543 195 28 häradshöfdingar,
595 543 88 22 tillsatte
699 543 44 22 före
757 543 49 22 ifrå-

47 577 120 27 gavarande
181 576 134 27 förordnings
330 576 133 28 utfärdande,
479 577 40 22 och
535 577 54 27 dem,
605 584 45 15 som
667 577 92 22 derefter
773 579 33 20 ut-

47 611 102 22 nämndes
170 611 8 21 i
199 610 52 28 följd
273 611 22 21 af
315 610 85 28 förslag,
422 611 126 28 upprättadt
570 611 44 22 före
634 612 41 21 den
692 613 9 20 1
719 611 87 23 Januari

50 646 61 26 1872,
134 645 68 22 skulle
224 645 37 22 det
283 645 113 22 ankomma
417 646 27 27 på
465 646 48 21 dem
528 645 78 28 sjelfve,
623 653 34 15 om
672 646 39 22 och
727 643 39 24 när
780 645 27 23 de

49 679 49 23 ville
112 680 65 27 åtaga
191 679 32 28 sig
237 681 38 26 att,
292 682 57 19 emot
365 679 122 22 erhållande
502 680 22 22 af
537 680 160 28 skrifvarehjelp
713 680 46 22 från
769 679 38 22 all-

49 716 78 20 männa
148 713 75 28 medel,
245 713 86 23 utfärda
353 714 144 27 expeditioner
511 715 28 26 på
554 714 68 22 finska
636 715 87 27 språket
737 715 70 21 såsom

50 747 108 23 ofvanföre
180 750 24 20 är
221 748 68 27 sagdt.
306 760 27 3 —
348 748 11 21 I
374 748 118 28 Kejserliga
507 749 93 22 Senaten
615 749 39 22 och
670 748 138 23 Hofrätterne

49 782 56 27 finge
121 782 53 23 efter
190 783 53 22 1866
259 783 36 21 års
309 783 80 27 utgång
404 783 17 27 ej
438 783 76 27 någon,
530 789 47 16 som
591 783 18 28 ej
621 783 34 22 väl
664 783 94 22 förstode
769 782 39 22 och

50 817 71 22 kunde
138 817 8 22 i
162 817 32 22 tal
208 817 97 22 använda
319 816 69 23 finska
402 817 93 27 språket,
511 817 64 22 vinna
589 817 84 22 inträde
689 818 69 21 såsom
773 817 36 22 be-

51 852 59 27 tjent.
134 864 27 3 —
183 851 41 22 Vid
246 851 127 22 besättande
395 851 22 22 af
437 851 90 28 tjenster
545 851 7 22 i
568 851 115 23 allmänhet
699 851 67 22 skulle
781 851 29 22 af-

51 886 78 23 seende
150 885 66 23 fästas
233 886 13 21 å
262 885 26 22 de
303 885 104 22 sökandes
422 886 120 21 kännedom
558 885 23 23 af
593 885 68 23 finska
676 885 94 29 språket,
786 885 24 22 så

52 922 33 21 att
99 921 47 26 den,
154 927 46 15 som
215 920 54 27 egde
283 920 72 21 bättre
369 919 95 28 förmåga
479 922 32 20 att
527 921 6 20 i
549 920 30 22 tal
595 921 39 21 och
643 920 62 22 skrift
715 919 96 28 begagna

52 955 67 27 sagda
140 954 70 28 språk,
233 953 80 23 erhölle
328 953 107 23 företräde
449 953 88 23 framför
551 955 46 21 sina
612 954 152 25 medsökande,
779 954 33 21 så-

53 989 64 22 framt
137 989 150 27 förtjensterna
309 988 7 21 i
338 988 64 28 öfrigt
416 995 51 15 vore
481 989 49 22 lika.
547 1001 28 4 —
590 989 68 22 Bland
674 988 67 28 öfriga
755 988 57 22 stad-

53 1023 83 28 ganden
152 1023 8 22 i
178 1029 81 16 samma
273 1022 124 28 förordning
411 1023 34 22 må
461 1023 109 22 dessutom
584 1023 122 22 framhållas
721 1023 91 22 bestäm-

53 1058 77 27 ningen
151 1057 8 22 i
174 1057 12 28 $
205 1058 12 21 2
234 1057 80 27 derom,
330 1059 32 20 att
377 1057 34 22 vid
425 1057 165 22 Universitetets
603 1057 105 28 juridiska
722 1056 91 23 fakultet

53 1094 76 26 genast
142 1092 69 22 skulle
225 1091 101 22 tillsättas
342 1098 26 15 en
383 1092 167 22 extraordinarie
565 1091 107 28 professor
687 1091 34 22 för
736 1092 33 21 att
778 1097 36 21 ge-

54 1133 50 16 nom
127 1126 132 23 anställande
279 1125 23 23 af
315 1126 102 27 muntliga
432 1125 39 22 och
487 1125 104 28 skriftliga
606 1126 96 28 öfningar
716 1125 98 28 bibringa

55 1161 27 22 de
103 1160 33 23 till
157 1160 118 23 fakulteten
290 1160 95 22 hörande
399 1160 129 22 studerande
544 1167 54 15 vana
612 1160 39 22 och
666 1159 101 23 säkerhet
782 1161 33 20 att

54 1195 32 23 uti
105 1195 104 27 juridiska
231 1197 77 19 ämnen
329 1195 98 27 begagna
448 1194 69 22 finska
536 1195 87 27 språket
637 1195 8 21 i
658 1194 57 22 både
729 1193 31 22 tal
775 1193 40 21 och

55 1229 68 28 skrift,
143 1231 56 20 samt
212 1229 8 21 i
235 1229 12 28 8
263 1230 13 21 3
291 1230 38 26 att,
346 1229 64 22 sedan
426 1228 93 22 nämnde
533 1228 69 22 lärare
617 1229 37 21 två
668 1227 148 23 läseterminer

55 1264 83 22 utöfvat
152 1264 32 22 sin
199 1263 125 28 befattning,
340 1263 128 22 studerande
487 1269 46 16 som
549 1263 92 22 anmälte
656 1262 33 28 sig
705 1262 34 22 till
754 1261 63 27 afläg-

56 1299 69 27 gande
146 1297 24 23 af
190 1298 96 22 domare-
300 1297 53 23 eller
367 1297 190 25 kameralexamen,
573 1297 66 22 borde
654 1298 67 26 uppte
737 1301 81 16 samme

56 1332 80 23 lärares
158 1332 58 22 bevis
238 1332 59 22 öfver
316 1331 95 28 förmåga
427 1333 32 20 att
474 1332 46 21 icke
535 1331 56 22 blott
605 1331 6 21 i
627 1330 29 22 tal
672 1329 100 29 uttrycka
787 1329 32 27 sig

56 1368 28 26 på
105 1366 69 23 finska
196 1366 87 28 språket
302 1368 53 20 utan
377 1366 40 22 ock
431 1365 119 27 skriftligen
565 1366 28 27 på
607 1371 80 16 samma
704 1363 64 29 språk
785 1363 35 22 be-

57 1400 79 22 handla
148 1401 105 27 juridiska
269 1403 83 19 ämnen.

127 1435 98 22 Derefter
243 1434 64 23 hafva
322 1434 69 22 under
405 1434 139 22 sistförflutna
558 1434 25 22 år
598 1434 40 21 den
655 1434 13 21 9
683 1432 43 28 Maj
743 1434 78 20 tvänne

128 1475 141 23 Lagutskottets
282 1474 117 18 betänkande
411 1474 36 18 N:o
461 1474 18 18 9.
