1025 2006
212 502 12 20 6
519 503 35 22 N:o
569 503 33 23 14.

530 573 11 26 8
559 574 31 19 10.

256 606 50 21 Med
329 606 150 27 upphäfvande
501 607 23 20 af
546 607 55 20 hvad
624 607 7 20 i
655 609 12 19 6
691 607 11 27 &
719 609 25 19 23
761 607 92 26 kapitlet
868 606 69 27 Bygg-

183 640 144 26 ningabalken
343 641 39 20 och
402 641 77 26 Kongl.
499 641 154 26 förordningen
670 642 40 21 den
728 641 25 21 16
769 641 97 20 Oktober
884 641 51 20 1741

184 675 90 26 stadgas
298 681 34 14 om
352 675 178 27 skottpenningar
545 675 34 21 för
595 676 98 21 dödande
709 676 23 21 af
747 676 59 21 vissa
821 675 116 26 skadedjur

184 709 39 20 och
247 709 106 26 roffäglar,
377 709 141 22 öfverlemnas
542 710 32 20 till
596 710 153 21 kommunerne
764 710 33 20 att
813 715 76 21 genom
905 711 32 18 ut-

183 743 99 21 fästande
298 743 23 21 af
335 744 100 27 lämpliga
452 745 124 26 belöningar
592 745 52 20 eller
659 745 28 26 pä
698 747 65 18 annat
779 746 43 19 sätt
834 743 103 26 befrämja

184 777 60 21 detta
260 778 105 26 ändamål,
382 778 33 21 för
430 779 82 20 hvilket
528 781 73 18 ortens
622 779 163 26 kronobetjente
802 779 81 26 åligger
899 780 38 23 att,

183 812 29 27 pä
227 813 105 26 anmälan,
349 813 69 21 lemna
434 813 37 21 det
485 813 79 26 nödiga
580 813 84 21 biträde
680 813 40 21 och
737 813 40 21 den
792 813 69 26 öfriga
872 812 65 21 hand-

183 847 111 26 räckning,
311 853 46 15 som
373 848 22 20 af
410 849 47 20 dem
474 848 123 26 rättsenligt
613 848 41 21 kan
671 848 91 21 fordras.

256 881 91 22 Utöfver
362 882 39 21 den
419 882 105 27 belöning,
542 882 126 21 kommunen
691 882 74 25 utfäst,
782 884 23 18 är
822 882 46 25 den,
885 887 52 20 som,

184 917 52 20 utan
261 916 118 27 skallgäng,
404 917 67 21 dödar
487 923 58 20 varg,
562 917 68 26 björn,
647 917 20 20 lo
684 917 53 21 eller
750 916 49 27 jerf,
816 915 121 26 berättigad

184 951 33 20 att
240 950 23 21 af
284 950 83 22 kronan
390 951 81 21 erhålla
495 953 30 19 ett
541 951 101 26 tillskott,
663 945 151 27 motsvarande
830 950 33 21 för
878 956 58 19 varg,

185 990 50 15 vare
252 985 32 26 sig
307 985 60 21 äldre
390 986 52 21 eller
457 992 72 20 yngre,
547 992 25 15 en
589 986 105 26 tredjedel
712 987 56 19 samt
783 985 33 21 för
833 985 67 26 björn,
917 984 19 21 lo

184 1019 40 20 och
237 1019 45 26 jerf
296 1026 25 15 en
338 1020 98 27 sjettedel
453 1020 22 21 af
488 1021 92 20 nämnda
597 1021 111 26 belönings
725 1020 83 26 belopp.

256 1053 43 21 Vill
322 1054 69 26 någon
415 1055 84 26 åtnjuta
522 1055 60 20 detta
604 1055 101 25 tillskott,
726 1054 89 27 uppvise
832 1054 68 20 huden
917 1053 21 20 af

184 1087 106 27 rofdjuret
312 1089 34 20 för
369 1089 139 26 kronofogde,
529 1089 96 21 länsman
642 1089 52 21 eller
711 1089 129 20 ordförande
856 1088 6 20 i
879 1088 58 20 kom-

184 1122 171 27 munalstyrelse,
373 1125 49 24 tage
438 1124 53 20 hans
510 1124 66 26 intyg,
593 1124 81 20 hvilket
691 1125 51 19 utan
759 1123 58 20 lösen
833 1122 104 25 utfärdas,

184 1158 33 19 att
232 1156 106 27 rofdjuret
354 1158 77 20 dödats
447 1158 56 20 inom
519 1158 135 26 kommunen,
672 1160 57 18 samt
744 1159 32 19 att
792 1157 81 26 djurets
885 1158 51 19 öron

184 1190 72 21 blifvit
274 1192 6 20 i
297 1191 53 21 hans
367 1194 90 18 närvaro
473 1192 103 20 afskurna
592 1192 38 21 och
647 1192 62 21 hafve
726 1192 65 20 sedan
802 1193 44 19 rätt
857 1193 32 18 att
899 1190 38 21 hos

185 1225 273 27 kronouppbördsmannen
475 1226 111 21 derstädes
604 1227 66 25 sagda
687 1226 94 20 tillskott
797 1226 102 26 uppbära.

256 1260 112 27 Rättighet
391 1261 32 21 till
447 1261 76 21 sådant
539 1261 95 21 tillskott
650 1261 84 27 åtnjute
750 1260 61 21 äfven
829 1260 46 26 den,
892 1266 45 14 som

183 1300 76 20 genom
283 1296 60 26 intyg
367 1296 22 20 af
404 1296 148 20 föreståndare
568 1296 33 20 för
617 1302 96 14 museum
731 1295 34 21 vid
783 1295 154 21 Universitetet

183 1328 57 22 visat
256 1330 31 26 sig
304 1330 63 20 hafva
383 1330 32 21 till
432 1330 144 26 samlingarna
592 1330 113 21 derstädes
721 1330 6 20 i
744 1330 123 26 ostympadt
877 1329 60 21 skick

183 1362 101 22 aflemnat
300 1364 83 26 rotdjur
399 1364 22 21 af
435 1364 140 21 förenämnda
591 1365 52 25 slag.

530 1428 11 26 $
558 1428 32 20 11.

256 1467 60 21 Hvar
340 1468 39 20 och
402 1474 25 14 en
451 1474 49 14 vare
520 1468 110 26 förbjudet
646 1470 32 18 att
695 1468 12 20 å
723 1474 54 20 egna
793 1467 52 20 eller
860 1466 77 21 andras

184 1508 51 20 egor
249 1502 52 26 jaga
317 1502 52 21 eller
386 1502 63 27 fånga
465 1503 80 26 nyttigt
560 1502 99 21 vildbråd
675 1502 70 20 under
755 1502 44 20 viss
811 1501 31 21 tid
853 1500 22 21 af
885 1500 52 26 året,

182 1536 86 21 hvilken
286 1536 89 22 räknas:
391 1537 32 21 för
439 1537 109 27 rapphöns
564 1536 46 21 från
628 1537 38 20 och
684 1537 47 20 med
748 1536 40 21 den
807 1536 24 20 15
848 1536 91 20 Novem-

182 1570 39 20 ber
237 1570 33 21 till
286 1571 39 20 och
341 1572 48 20 med
406 1572 39 20 den
463 1572 23 20 31
505 1571 143 27 nästföljande
661 1570 103 26 Augusti;
781 1570 33 20 för
825 1569 115 27 ejderhane

183 1604 52 21 eller
251 1605 101 26 gudunge
368 1605 47 21 från
431 1606 39 20 och
486 1606 47 20 med
550 1606 39 20 den
612 1607 24 19 15
653 1606 60 20 Mars
730 1605 31 20 till
779 1604 38 21 och
835 1604 47 20 med
899 1604 40 20 den

184 1640 8 18 1
218 1638 62 26 Juni;
306 1640 32 20 för
362 1646 58 19 svan,
445 1640 115 26 ejderhona
584 1640 51 20 eller
654 1640 49 24 åda,
719 1639 90 25 vildgås,
826 1638 113 25 morkulla,

183 1673 42 20 alla
248 1676 59 18 arter
330 1674 23 20 af
375 1674 127 26 andsläytet,
527 1674 100 20 beckasin
652 1674 40 20 och
714 1673 107 21 brushane
838 1672 46 20 från
901 1672 37 20 och

182 1707 48 20 med
255 1707 39 21 den
321 1709 25 19 15
367 1708 58 20 Mars
442 1708 31 20 till
490 1708 39 20 och
545 1708 47 20 med
609 1708 40 20 den
666 1708 28 20 20
709 1707 51 21 Juli,
778 1709 55 18 samt
849 1706 33 20 för
898 1706 42 20 alla

184 1741 70 26 öfriga
270 1742 46 26 slag
332 1742 23 21 af
371 1743 79 26 nyttigt
467 1742 97 21 vildbråd
576 1742 46 21 från
634 1742 40 21 och
687 1742 47 20 med
746 1742 41 19 den
800 1742 24 19 15
836 1741 103 20 Februari

183 1776 33 21 till
242 1776 40 21 och
298 1777 48 20 med
363 1777 40 21 den
418 1778 27 20 20
461 1777 99 26 Augusti.
591 1777 75 21 Under
682 1777 70 20 denna
767 1775 173 27 fridlysningstid

183 1810 35 21 må
242 1811 19 26 ej
281 1811 68 21 heller
365 1811 62 26 giller
443 1813 100 24 utsättas,
559 1811 53 22 eller
628 1811 139 21 derförinnan
784 1811 83 20 utsatta
882 1809 57 22 bibe-
