1003 1620
215 105 13 20 6
423 107 23 24 U.
462 107 24 24 B;
506 119 17 7 —
541 109 65 30 Prop.
626 110 37 23 N:o
679 109 21 23 6.

255 155 20 28 Å
290 162 67 22 andra
371 164 59 22 sidan
445 165 42 22 kan
503 166 55 22 dock
573 166 47 22 icke
634 166 105 27 förnekas,
748 168 32 20 att
794 166 93 23 finskans
897 165 48 22 full-

183 195 103 28 ständiga
308 196 109 24 införande
439 200 70 22 såsom
524 200 136 29 kurialspråk
674 203 57 20 ännu
746 201 68 22 under
828 202 70 26 någon
912 200 33 22 tid

188 228 78 24 framåt
280 232 25 20 är
319 231 96 24 förenadt
430 234 49 22 med
493 234 47 22 icke
550 236 61 26 ringa
620 235 111 28 praktiska
741 235 136 27 svårigheter.
897 235 48 21 Den

188 263 32 22 tid
242 264 23 22 af
285 265 62 28 tjugu
361 268 30 26 år,
406 274 45 16 som
466 268 7 21 i
490 270 55 22 1863
560 270 35 21 års
609 270 125 27 förordning
747 269 104 23 faststälts
866 269 33 22 för
913 275 33 16 re-

188 296 93 31 formens
304 299 122 30 afslutande,
450 302 40 23 har
506 304 55 22 visat
576 304 32 28 sig
622 311 52 15 vara
688 310 87 16 snarare
789 304 51 22 kort
854 306 27 20 än
895 303 51 27 lång

189 331 7 22 i
210 331 132 25 förhållande
357 335 33 22 till
404 336 160 29 förändringens
580 338 55 22 vidd.
655 338 69 22 Bland
740 339 26 21 de
781 341 55 24 män,
852 344 46 16 som
912 338 34 21 för

189 368 132 22 närvarande
343 371 75 26 utgöra
436 371 83 23 landets
535 372 133 28 domarekår,
683 372 68 22 finnes
765 372 134 22 tvifvelsutan
914 374 32 20 ett

188 401 81 26 ganska
284 404 55 21 stort
353 405 63 26 antal,
431 406 83 22 hvilkas
528 407 96 27 förmåga
639 407 49 22 att
683 402 12 36 i
699 406 247 28 domstolsexpeditioner

189 433 107 40 behandla
310 436 68 24 finska
393 440 92 27 språket,
501 441 90 22 oaktadt
604 442 42 27 god
662 441 49 28 vilja
725 441 47 22 icke
787 441 91 27 saknats,
890 443 56 19 ännu

190 470 24 19 är
235 471 82 25 ganska
339 472 65 28 ringa,
427 475 40 21 och
482 475 23 22 af
519 475 60 22 desse
594 476 62 22 torde
670 475 106 27 åtskilliga
791 475 8 22 i
812 475 52 28 följd
879 475 23 22 af
914 481 32 15 re-

190 503 41 22 dan
252 504 140 26 framskriden
413 509 60 22 ålder
495 510 62 22 hafva
576 510 49 27 föga
639 511 67 26 utsigt
721 512 32 20 att
767 510 102 27 någonsin
884 509 63 22 vinna

190 538 69 23 denna
281 540 106 29 färdighet
400 543 137 28 fullständigt.
569 545 136 22 Beträffande
720 545 26 21 de
761 544 59 22 äldre
834 544 39 22 har
888 544 59 21 detta

189 572 133 25 förhållande
344 576 31 22 sin
398 578 104 28 naturliga
524 579 116 28 förklaring
656 579 51 26 deri,
723 581 32 20 att
771 579 26 22 de
815 578 85 23 erhållit
914 577 32 22 sin

190 606 95 30 bildning
306 609 7 22 i
336 610 102 29 läroverk,
455 613 58 22 hvari
529 613 100 28 antingen
645 613 39 22 alls
699 613 62 28 ingen
777 613 51 22 eller
843 613 39 22 ock
897 612 50 26 alle-

190 644 48 20 nast
248 649 27 15 en
285 643 112 30 bristfällig
406 647 149 28 undervisning
565 648 6 21 i
582 648 68 22 finska
660 648 89 27 språket
758 647 124 27 meddelats,
892 648 55 21 samt

190 678 32 20 att
245 677 62 23 deras
321 678 83 24 inträde
419 682 27 26 på
461 682 226 27 tjenstemannabanan
702 683 57 21 skett
773 682 45 22 före
832 681 115 28 påbjudan-

192 710 36 22 det
243 711 22 22 af
278 712 159 29 ifrågavarande
451 715 79 23 reform
545 717 53 21 eller
612 717 129 22 åtminstone
757 717 62 21 innan
831 717 35 21 det
876 716 7 21 i
893 715 53 22 före-

191 747 93 21 nämnda
298 747 123 29 förordning
435 750 23 22 af
471 751 41 21 den
527 752 28 21 20
570 751 104 22 Februari
690 752 53 21 1865
759 751 33 21 för
802 751 96 22 domare-
908 750 39 22 och

190 779 195 26 kameralexamens
407 785 149 27 undergående
577 785 127 22 föreskrifna
727 785 67 22 vilkor
815 785 23 22 af
852 785 96 29 förmåga

190 814 33 21 att
245 814 6 22 i
274 815 63 23 skrift
359 817 105 23 behandla
476 819 105 27 juridiska
596 822 76 19 ämnen
688 819 45 22 haft
748 819 138 27 tillämpning.
915 819 33 21 De

189 854 78 21 yngres
289 849 109 24 bristande
419 852 126 28 skicklighet
567 854 75 22 härrör
656 854 48 22 åter
723 853 145 27 förnämligast
883 852 65 27 deraf,

190 884 33 20 att
245 883 26 22 de
295 885 69 22 såsom
381 886 184 24 domarebiträden
581 888 76 22 endast
671 888 8 21 i
693 888 61 27 ringa
769 888 48 21 mån
832 888 81 21 kunnat
928 887 23 22 af

190 916 108 24 erfarnare
317 919 88 27 jurister
426 921 64 23 blifva
511 922 121 22 handledde
652 922 8 22 i
680 922 151 28 uppsättandet
846 921 22 23 af
880 921 69 22 finska

190 952 109 26 protokoll
315 953 39 22 och
370 956 144 26 expeditioner
528 959 55 19 samt
598 957 90 22 sålunda
703 957 7 21 i
725 956 97 22 afseende
836 958 14 20 &
860 956 41 22 den
911 956 39 22 fin-

190 986 39 21 ska
251 986 132 24 kurialstilen
407 990 45 22 icke
470 992 123 26 genomgått
607 998 82 15 samma
704 991 109 28 praktiska
828 990 60 22 skola
904 997 45 15 som

190 1020 8 20 i
219 1020 100 24 afseende
341 1024 13 20 å
377 1024 40 22 den
439 1026 95 21 svenska.
565 1026 10 21 I
590 1026 52 27 följd
657 1026 24 22 af
693 1026 62 22 dessa
771 1025 179 27 omständigheter

190 1055 69 22 måste
274 1056 37 21 det
325 1056 96 29 förutses,
431 1061 32 20 att
477 1059 160 28 ifrågavarande
652 1060 78 22 reform
747 1060 44 21 dels
805 1059 47 22 icke
862 1060 42 21 kan
914 1059 36 21 vid

191 1088 40 22 den
255 1092 81 21 utsatta
358 1092 59 22 tiden
438 1094 135 26 genomföras
594 1096 24 20 så
639 1094 140 27 fullständigt,
797 1100 45 15 som
858 1093 48 22 med
921 1093 29 22 af-

190 1124 79 24 seende
290 1126 13 21 å
326 1126 37 21 det
385 1127 61 22 ofvan
467 1129 65 26 sagda
546 1135 50 15 vore
612 1129 99 26 önskligt,
726 1128 45 21 dels
787 1128 39 21 ock
841 1128 68 21 under
923 1133 27 16 en

190 1159 32 21 tid
244 1159 77 23 framåt
343 1161 96 23 kommer
461 1165 33 19 att
508 1163 110 22 förorsaka
633 1162 175 27 bristfälligheter
822 1162 7 21 i
844 1161 106 27 åtskilliga

192 1195 128 22 domstolars
335 1195 69 23 finska
418 1197 150 27 expeditioner.

260 1230 50 22 Men
333 1236 34 16 om
383 1231 158 27 svårigheterna
557 1232 34 20 vid
606 1231 117 22 reformens
738 1230 165 28 genomförande
918 1230 32 20 så-

189 1264 67 22 lunda
275 1264 47 22 icke
337 1264 53 23 böra
404 1266 157 26 underskattas,
577 1266 42 21 kan
634 1265 113 23 Utskottet
762 1264 54 22 dock
830 1264 46 22 icke
892 1263 60 22 deraf

190 1299 66 27 draga
279 1299 40 22 den
343 1299 94 27 slutsats,
453 1302 34 20 att
509 1301 122 21 densamma
653 1300 68 22 borde
743 1299 130 27 uppskjutas.
908 1298 42 22 Det

189 1334 63 21 torde
274 1334 105 27 nemligen
401 1334 40 22 lätt
463 1335 62 27 inses,
549 1336 32 20 att
596 1334 62 22 dessa
672 1333 132 28 svårigheter
818 1333 47 21 icke
879 1332 72 22 kunna

188 1368 28 27 på
231 1369 71 26 någon
317 1369 87 22 kortare
419 1370 32 21 tid
465 1370 142 27 undanrödjas
622 1370 56 20 samt
688 1370 33 20 att
731 1374 26 16 en
768 1367 33 22 del
812 1366 22 22 af
843 1367 108 21 desamma

188 1402 89 22 alldeles
299 1403 46 21 icke
368 1404 71 21 kunna
462 1404 110 27 undvikas,
595 1404 55 21 huru
673 1403 61 27 långt
748 1401 103 23 terminen
867 1401 33 21 för
915 1401 35 22 det

189 1436 86 28 slutliga
297 1438 177 26 genomförandet
489 1442 26 18 än
530 1438 141 28 framskjutes.
701 1438 107 26 Förmåga
822 1437 32 21 att
870 1435 7 22 i
892 1436 58 22 dom-

258 1480 143 22 Lagutskottets
415 1480 116 18 betänkande
544 1479 37 18 N:o
595 1480 17 17 9.
