1028 1620
191 95 26 20 14
408 96 17 19 U.
442 96 18 19 B.
476 106 26 4 —
519 95 54 25 Prop.
590 95 28 20 N:o
633 96 31 20 15.

517 161 14 26 8
547 162 18 20 6.

232 202 10 19 1
260 199 41 23 och
317 201 12 21 2
345 206 63 16 mom.
424 200 150 22 oförändrade.

232 236 11 20 3
260 240 63 16 mom.
355 234 61 23 Gifva
432 235 26 22 de
471 235 102 22 inkomna
584 235 155 27 handlingarne
750 235 53 22 eller
812 234 108 23 infordrad

162 269 116 27 utredning
300 269 127 27 vidhanden,
447 272 33 20 att
500 270 111 22 sökanden
626 270 18 27 ej
662 272 25 19 är
701 270 123 27 berättigad
839 272 33 19 att
888 276 32 16 er-

162 303 58 22 hålla
241 304 106 22 mutsedel
367 304 53 22 eller
439 306 33 20 att
486 304 140 28 fyndigheten
641 304 49 22 icke
706 306 64 26 utgör
784 304 89 22 föremål
888 304 34 22 för

162 338 122 27 inmutning
303 338 68 28 enligt
389 338 22 28 $$
428 341 10 19 1
455 339 40 21 och
515 340 12 20 2
544 339 53 22 eller
612 340 32 20 att
660 338 79 22 sådant
753 338 77 22 hinder
844 340 76 25 möter,

164 379 45 15 som
224 373 7 21 i
248 372 11 28 $
275 374 12 20 3
304 375 130 25 omnämnes,
452 374 54 22 skall
522 374 132 22 inmutarens
666 374 100 21 anmälan
776 373 82 22 lemnas
868 374 53 20 utan

164 406 109 23 afseende.

519 460 11 28 8
546 462 19 20 7.

234 495 66 26 Öfver
314 500 176 27 Bergmästarens
507 501 78 25 beslut,
601 500 140 27 hvarigenom
756 500 108 22 mutsedel
874 499 48 22 blif-

164 534 32 22 vit
209 534 82 27 vägrad
307 534 52 22 eller
374 535 98 21 anmälan
488 541 35 15 om
537 534 119 22 mutsedels
672 534 125 22 erhällande
807 534 115 22 förklarats

164 568 105 27 förfallen,
285 568 36 22 mä
335 569 78 27 klagan
428 569 58 22 föras
501 570 40 22 hos
557 569 176 28 Bergsstyrelsen
748 569 92 22 medelst
850 568 73 22 skrift-

164 603 45 27 liga
223 603 85 27 besvär,
325 609 46 16 som
387 604 69 22 tillika
472 604 50 22 med
539 604 68 27 sagda
621 604 74 22 beslut
710 604 40 22 och
766 604 27 21 de
809 603 32 22 till
856 603 67 21 saken

165 637 98 23 hörande
283 638 127 28 handlingar
428 639 62 21 skola
506 639 31 21 dit
552 638 92 28 ingifvas
660 638 40 22 sist
715 638 46 22 före
776 638 93 22 klockan
884 637 41 22 tolf

165 672 14 22 å
194 672 41 22 den
254 672 118 22 trettionde
395 673 69 27 dagen
483 673 56 22 efter
558 674 48 26 den,
622 673 28 22 dä
665 673 112 22 sökanden
793 672 23 22 af
828 672 96 22 beslutet

165 706 88 22 undfätt
275 707 41 27 del,
339 713 83 16 samma
444 708 41 27 dag
504 708 66 22 likväl
592 708 105 26 oräknad;
717 707 39 22 och
772 708 70 26 äligge
857 707 67 27 Berg-

165 743 110 20 mästaren
295 743 33 20 att
347 742 99 22 meddela
466 742 159 22 underrättelse
646 742 74 22 derom
736 742 6 22 i
758 742 95 22 beslutet
868 743 56 20 samt

165 776 80 22 teckna
261 776 73 28 derpä,
349 779 40 19 när
405 777 120 22 detsamma
539 777 70 22 blifvit
624 777 40 22 hos
680 777 80 22 honom
775 778 92 26 uttaget.
887 776 37 22 Uti

165 811 190 28 Bergsstyrelsens
371 811 71 28 utslag
457 812 35 21 mä
507 812 18 27 ej
543 811 90 27 ändring
648 811 73 22 sökas.

228 894 2 3 :
526 880 11 28 $
553 882 20 20 8.

237 921 10 20 1
264 925 64 16 mom.
359 920 113 27 Mutsedel,
491 927 46 16 som
553 920 60 22 alltid
628 920 41 22 bör
683 920 7 21 i
706 926 26 15 en
748 919 33 22 för
797 920 76 21 sådant
888 921 38 20 än-

167 953 71 22 damål
259 953 48 22 förd
327 954 138 27 konceptbok
480 955 133 27 ordagrannt
628 955 92 26 intagas,
737 954 55 21 skall
808 953 116 22 innehålla:

237 990 34 20 1:0
292 988 98 23 tillstånd
409 988 33 23 för
457 990 121 21 inmutaren
595 989 53 22 eller
662 989 55 21 hans
733 988 193 22 rättsinnehafvare

167 1024 39 22 att,
229 1023 69 21 under
320 1022 105 23 förbehåll
445 1024 23 21 af
486 1024 41 22 den
547 1026 46 19 rätt
610 1024 116 28 jordegare
741 1023 131 21 tillkommer
886 1022 41 22 och

167 1063 70 15 annan
253 1057 106 22 inmutare
375 1058 41 22 kan
432 1058 69 27 hafva,
519 1061 56 19 samt
590 1058 49 22 med
656 1058 41 22 den
712 1057 156 27 inskränkning
887 1056 41 22 här

167 1092 70 21 nedan
253 1092 69 22 under
337 1098 62 16 mom.
416 1095 12 19 5
445 1092 136 23 omförmäles
597 1093 49 21 med
657 1093 75 21 arbete
742 1092 91 27 belägga
844 1091 47 27 och,
902 1090 26 22 så

167 1126 63 28 länge
250 1126 128 28 grufdriften
395 1127 6 21 i
416 1127 90 28 behörig
526 1128 90 26 ordning
631 1126 138 22 underhålles
786 1126 52 22 eller
853 1125 74 22 malm-

167 1162 75 26 tägten
258 1161 115 27 bedrifves,
390 1162 143 27 tillgodogöra
549 1162 41 22 den
606 1161 87 27 angifna
707 1162 145 27 fyndigheten,
864 1160 64 22 hvars

167 1196 138 26 belägenhet,
321 1199 34 18 art
371 1197 40 21 och
427 1197 67 26 öfriga
508 1196 151 22 beskaffenhet
674 1196 55 22 skall
744 1196 136 26 fullständigt
890 1195 38 21 be-

168 1229 101 28 skrifvas;
285 1230 120 27 hvarutom,
422 1231 6 21 i
444 1231 102 22 afseende
562 1232 13 21 å
590 1231 164 27 sjömalmstägt,
772 1230 38 21 det
819 1229 117 22 inmutade-

168 1264 111 22 områdets
302 1265 91 27 gvadrat
415 1265 93 22 innehåll
529 1265 95 28 angifves
645 1265 41 22 och
706 1265 42 22 den
764 1265 67 26 årliga
846 1264 83 21 arbets-

168 1299 151 27 skyldigheten
342 1299 132 22 bestämmes
496 1300 67 27 enligt
586 1301 27 20 de
631 1300 7 21 i
658 1299 11 28 $
690 1301 26 20 43
737 1301 83 20 utsatte
836 1297 94 28 grunder

168 1333 49 21 med
232 1333 128 28 uttryckligt
377 1333 205 28 tillkännagifvande
597 1334 107 21 huruvida
720 1332 182 27 utmälsläggning
917 1331 13 21 &

168 1367 149 28 inmutningen
333 1368 68 27 enligt
416 1369 14 26 &
445 1371 28 19 40
488 1369 55 21 skall
559 1368 52 28 följa
625 1369 53 21 eller
694 1369 30 27 ej;

238 1402 65 21 Mom.
320 1404 34 19 2:0
371 1402 40 22 och
428 1404 34 20 3:0
477 1402 149 22 oförändrade.

237 1441 205 18 Ekonomieutskottsts
455 1442 117 18 betänkande
589 1442 35 18 N:o
636 1442 17 18 6.
