1028 1623
240 111 28 22 22
545 114 34 22 N:o
594 113 33 24 15.

489 194 23 23 6
527 194 158 29 Kapitlet.

240 249 34 22 Om
291 250 134 28 rättighetens
441 252 114 22 bevarande
570 253 29 21 till
616 253 99 22 inmutade
738 253 124 27 fyndigheter
877 252 53 23 samt

529 287 119 22 hvilostånd.

557 351 11 26 $
584 351 34 20 44.

282 388 40 21 Till
345 388 139 23 försvarande
507 390 24 21 af
551 391 96 20 inmutad
670 391 112 26 fyndighet
797 397 49 14 vare
863 390 94 21 innehaf-

210 428 65 15 varen
298 423 119 22 förbunden
433 427 33 18 att
481 425 59 21 såväl
556 425 45 21 före
617 431 45 15 som
679 425 54 21 efter
749 425 209 26 utmålsläggningen

210 456 97 22 bedrifva
330 458 83 21 arbetet
436 461 25 19 så
483 461 32 19 att
538 459 32 22 för
593 460 73 27 hvarje
682 459 107 22 inmutadt
805 459 85 22 område
906 459 52 22 eller

210 491 67 21 utmål
293 492 82 27 årligen
391 493 129 22 åtminstone
540 494 185 27 bergsprängning
743 494 33 21 till
793 500 26 15 en
834 494 123 21 kubikfamn

210 525 52 22 eller
285 526 42 21 fem
350 527 161 22 kubikfamnars
532 529 150 26 jordrymning
697 529 53 20 eller
766 528 39 21 ock
820 530 66 19 annat
901 528 57 27 gruf-

210 560 52 21 eller
273 561 242 29 grufbyggnadsarbete,
527 563 149 22 motsvarande
687 563 120 21 tvåhundra
819 563 138 26 dagsverken,

208 595 28 26 på
260 595 72 22 stället
354 596 81 22 utföres
459 600 55 18 samt
533 597 48 22 från
604 598 66 21 utmål
686 598 6 21 i
709 597 46 21 lösa
768 597 110 27 jordlager
893 597 65 21 minst

210 629 78 26 fyratio
304 630 151 23 kubikfamnar
471 633 82 26 årligen
569 633 108 21 utvaskas.

280 664 41 21 Vid
344 666 222 27 sjömalmsfyndighet
589 667 65 22 varde
670 667 69 26 årliga
755 666 201 27 upptagningsskyl-

209 698 101 27 digheten
326 699 97 23 bestämd
439 701 100 21 sålunda:
560 704 32 18 att
612 702 6 21 i
634 702 32 27 sjö
682 701 48 21 från
746 704 31 18 ett
793 701 105 21 inmutadt
914 707 42 15 om-

208 733 52 21 råde
283 734 23 20 af
327 740 26 15 en
376 734 47 22 half
443 736 139 26 gvadratmils
606 736 94 22 innehåll
724 736 39 21 och
783 736 106 21 derunder
904 736 52 20 böra

208 769 105 25 upptagas
336 768 48 28 fyra
407 770 150 21 kubikfamnar
580 771 70 27 malm,
674 770 151 22 motsvarande
841 770 115 21 etthundra

208 802 109 27 trettiosju
332 804 89 26 tunnor;
437 807 56 19 samt
509 805 26 21 dä
551 805 97 22 omrädet
663 806 84 25 uppgär
762 804 96 22 deröfver
874 804 32 21 till
918 805 38 20 och

207 837 49 21 med
272 843 26 15 en
314 839 127 25 gvadratmil
458 840 45 20 åtta
519 839 151 22 kubikfamnar
685 839 71 21 malm.

551 903 12 26 8
582 903 33 20 45.

279 941 136 22 Försummas
432 944 51 19 utan
500 943 89 26 behörig
604 943 103 20 tillätelse
724 943 90 26 stadgad
824 942 131 27 arbetsskyl-

206 974 75 27 dighet
303 975 6 21 i
330 978 66 19 annat
411 977 37 21 fall
465 979 25 19 än
507 977 31 21 uti
554 977 53 21 sista
622 984 63 14 mom.
702 977 23 20 af
739 977 11 26 $
769 978 24 19 18
809 979 69 25 säges,
894 977 61 21 hafve

206 1009 122 22 inmutaren
344 1010 32 21 sin
396 1013 45 19 rätt
459 1011 32 21 till
511 1011 138 27 fyndigheten
666 1011 97 27 förlorat,
781 1011 71 21 derest
866 1011 90 21 klander

206 1044 92 21 rörande
314 1045 67 20 sädan
398 1045 147 22 försummelse
561 1046 35 21 vid
613 1046 92 21 domstol
721 1046 6 20 i
744 1048 60 19 orten
820 1045 54 22 efter
891 1047 63 19 stäm-

205 1078 53 27 ning
272 1078 82 22 utföres
370 1079 57 22 inom
443 1081 36 20 tvä
495 1081 24 20 är
531 1081 54 20 efter
596 1081 36 20 det
643 1081 41 20 den
696 1080 86 21 ätalade
793 1080 161 21 försummelsen

205 1114 36 25 egt
256 1119 53 15 rum.

549 1143 12 26 8
580 1144 33 20 46.

276 1182 130 22 Hviloständ
429 1183 51 21 eller
503 1183 102 21 tillätelse
628 1186 32 18 att
676 1183 50 21 med
741 1183 214 26 inmutningsrättens

205 1215 151 23 bibehållande
372 1218 68 21 under
460 1217 43 21 viss
522 1218 32 20 tid
569 1217 87 22 inställa
676 1217 67 21 redan
759 1217 107 26 päbegynt
882 1217 73 21 arbete

205 1251 12 20 ä
232 1251 76 26 grufva
324 1251 52 22 eller
392 1252 6 21 i
410 1253 46 20 lösa
464 1252 110 27 jordlager
582 1253 34 20 mä
625 1252 23 21 af
657 1251 177 27 Bergsstyrelsen
845 1252 27 25 pä
883 1251 72 21 derom

204 1285 61 27 gjord
286 1286 96 27 skriftlig
401 1287 118 26 ansökning
534 1287 125 27 medgifvas,
677 1287 102 26 antingen
797 1286 4 20 i
818 1293 25 14 en
859 1285 96 27 tidsföljd

205 1319 53 22 eller
273 1320 31 21 uti
320 1320 72 22 skilda
408 1321 107 27 terminer,
531 1321 33 21 för
579 1328 26 14 en
621 1322 31 20 tid
669 1321 23 21 af
706 1320 64 27 högst
785 1320 40 21 fem
841 1320 31 26 är,
884 1320 71 21 derest

205 1354 76 28 giltiga
297 1355 47 21 skäl
360 1356 72 21 dertill
449 1356 130 21 förekomma
595 1356 38 21 och
649 1356 118 26 behörigen
783 1355 95 26 styrkas;
895 1355 59 27 dock,

203 1388 56 22 hvad
274 1390 163 21 försöksarbete
453 1392 12 19 å
476 1396 81 15 annans
569 1391 60 20 mark
640 1390 111 27 beträffar,
761 1390 47 20 med
817 1389 137 27 iakttagande

203 1423 23 21 af
239 1423 55 22 hvad
310 1424 7 21 i
333 1424 12 27 8
363 1425 25 21 18
405 1424 67 22 finnes
488 1425 107 27 stadgadt.
