1028 1620
232 111 24 21 12
566 113 35 22 N:o
617 113 20 21 2.

272 181 23 27 d)
311 182 38 24 att,
366 182 64 20 sedan
447 181 210 28 skyddsympningen
673 182 34 20 för
722 181 47 21 året
779 180 71 22 blifvit
860 179 92 23 slutförd

203 216 55 20 samt
282 216 296 27 vaccinationsdagböckerne
594 217 6 20 i
616 216 36 21 två
668 216 108 26 exemplar
791 216 33 20 till
847 214 105 22 nämnden

201 249 117 26 inkommit,
344 250 5 20 i
370 250 39 21 sitt
427 250 73 21 förvar
520 250 111 27 qvarhålla
646 250 37 22 det
697 256 41 15 ena
753 250 135 26 exemplaret,
904 255 48 15 men

202 282 90 22 aflemna
307 284 37 21 det
358 284 68 21 andra
441 285 33 21 till
491 285 162 21 vederbörande
668 286 61 26 prest
748 284 7 20 i
770 284 159 26 församlingen,
946 283 6 20 i

201 318 101 21 afseende
324 319 13 20 å
360 319 26 21 de
408 319 5 21 i
438 319 12 27 &
476 320 25 20 13
521 326 63 14 mom.
604 326 13 14 a
633 318 129 22 föreskrifna
777 318 175 27 anteckningar
940 314 16 37 i

202 352 131 27 kyrkboken,
349 353 108 21 hvarefter
473 354 125 25 detsamma,
611 354 32 20 till
656 353 105 21 nämnden
773 352 114 22 äterstäldt
898 354 54 19 samt

202 386 82 21 försedt
308 388 48 20 med
378 388 130 26 päteckning
527 388 23 21 af
564 390 86 25 presten
664 388 67 26 jemte
747 388 26 20 de
788 386 165 27 anmärkningar

203 421 23 20 af
247 421 58 21 säväl
330 422 77 21 honom
426 428 45 15 som
490 423 117 20 nämndens
628 421 135 26 ordförande,
779 421 86 21 hvartill
881 421 72 21 anled-

201 455 51 26 ning
268 455 82 22 kunnat
369 456 138 27 förekomma,
527 457 55 20 skall
602 457 22 20 af
643 457 106 20 nämnden
765 457 64 20 innan
845 455 107 27 utgängen

202 489 22 21 af
238 490 90 21 Januari
344 491 76 20 månad
444 491 146 26 nästföljande
608 491 24 21 är
647 491 32 21 till
696 490 209 21 Provincialläkaren
920 489 31 21 in-

203 524 85 21 sändas.
320 525 10 20 I
346 525 153 27 sammanhang
512 525 87 22 dermed
615 525 38 22 bör
669 525 106 21 nämnden
791 525 61 20 äfven
868 524 85 21 tillhan-

201 558 86 21 dahälla
303 559 209 22 Provincialläkaren
531 559 135 27 förteckning
686 559 18 27 ej
725 559 82 21 mindre
823 559 59 20 öfver
898 559 53 24 dem,

201 593 77 25 hvilka,
303 593 27 26 pä
349 594 69 26 grund
437 594 24 21 af
479 594 98 21 enskilda
595 594 215 26 vaccinationsbetyg,
826 593 76 26 blifvit,
919 593 33 20 sä-

202 633 44 15 som
263 628 68 21 under
346 628 37 21 det
402 629 157 26 tilländalupna
578 629 47 20 äret
643 628 146 26 vaccinerade,
806 628 6 20 i
828 627 124 27 kyrkboken

202 662 138 26 antecknade,
356 665 26 18 än
399 663 61 21 äfven
477 663 59 21 öfver
552 663 53 25 dem,
621 663 80 25 hvilka,
718 663 70 20 säsom
800 661 152 27 oemottagliga

201 695 32 21 för
249 697 79 25 vaccin,
345 697 22 20 af
381 698 149 20 vaccinatören
546 697 143 26 förtecknats;

272 731 19 24 e)
308 733 32 19 att
362 732 35 20 vid
417 731 173 22 förstinfallande
610 731 108 22 ordinarie
738 731 214 20 kommunalstämma

200 763 90 22 aflemna
307 765 116 22 berättelse
439 772 33 15 om
489 766 36 21 det
540 766 128 26 föregående
685 766 58 21 årets
755 765 131 20 vaccination
898 766 55 19 samt

201 799 79 20 föreslå
302 799 42 21 alla
363 800 80 20 sådana
464 801 106 25 åtgärder,
592 807 45 14 som
653 800 107 21 nämnden
776 799 32 21 för
825 799 127 21 vaccinatio-

201 839 51 15 nens
269 833 142 21 befordrande
426 841 64 14 anser
505 835 88 26 nödiga;

266 867 28 27 F)
311 870 32 18 att
358 868 18 26 ej
393 869 91 20 allenast
499 869 48 21 med
564 869 37 21 råd
617 869 39 21 och
673 868 131 27 upplysning
819 867 133 26 tillhandagä

201 901 139 22 kommunens
357 903 127 26 vaccinatör,
501 905 51 19 utan
570 903 38 21 ock
623 903 49 21 med
693 902 191 26 uppmärksamhet
901 901 52 27 följa

201 936 79 20 dennes
296 936 134 22 förhällande
449 938 7 20 i
477 937 124 26 utöfningen
617 937 23 21 af
654 937 39 21 sitt
709 936 43 21 kall
769 938 55 19 samt
839 936 63 25 tillse,
921 937 32 19 att

201 970 57 20 såväl
275 970 47 26 han,
340 977 44 15 som
402 971 68 27 öfrige
480 978 109 20 personer,
606 972 73 20 hvilka
690 971 48 21 med
750 970 158 21 vaccinationen
920 970 32 26 sig

201 1004 86 26 befatta,
304 1005 97 27 iakttaga
421 1006 56 21 hvad
498 1006 46 21 dem
564 1006 5 20 i
590 1006 52 27 följd
662 1006 63 21 deraf
739 1005 88 26 äligger,
843 1004 109 30 äfvensom

201 1038 67 22 beifra
284 1039 66 21 sädan
366 1040 88 21 tredska
470 1040 38 21 och
524 1040 169 25 uraktlätenhet,
709 1040 137 26 hvarigenom
863 1038 90 28 skydds-

199 1073 129 27 ympningen
344 1074 41 21 kan
402 1075 44 20 lida
462 1074 89 27 förfäng.

545 1121 11 26 S
575 1122 30 19 11.

271 1153 167 22 Vaecinatörens
454 1155 128 26 åligganden
598 1157 46 18 äro:

270 1187 22 26 a)
310 1190 32 18 att
356 1187 47 22 från
419 1188 173 27 presterskapets
608 1188 119 21 aflemnade
743 1187 160 27 förteckningar
919 1187 33 21 för

199 1220 73 27 hvarje
288 1222 175 26 samlingsställe,
483 1222 7 20 i
510 1222 93 21 särskild
619 1222 87 26 dagbok
722 1221 183 27 (ympningslista)
921 1220 32 21 in-

198 1255 47 21 föra
262 1255 43 21 alla
321 1256 158 26 ovaccinerade,
496 1262 45 14 som
558 1256 12 21 å
586 1256 72 21 stället
674 1256 63 21 skola
753 1256 84 25 samlas,
854 1256 56 20 samt
920 1260 33 15 se-

198 1289 98 21 dermera
312 1290 27 26 på
355 1290 25 20 de
397 1283 81 33 utlysta
493 1292 85 19 mötena
593 1291 112 20 vaccinera
724 1290 47 21 icke
791 1290 91 21 allenast
898 1288 54 26 dem,

198 1325 58 23 utan,
274 1324 24 20 så
315 1324 45 21 vidt
376 1324 58 21 tiden
451 1324 123 27 medgifver,
591 1324 61 21 äfven
673 1324 76 27 andra,
765 1324 73 21 hvilka
853 1323 5 20 i
876 1322 77 22 sådant

197 1358 102 20 afscende
315 1359 33 25 sig
363 1359 94 25 anmäla;
475 1359 53 20 dock
544 1360 24 19 är
584 1359 35 20 det
635 1358 151 22 vaccinatören
803 1357 99 26 obetaget
913 1358 38 24 att,

196 1391 38 21 der
255 1391 25 21 så
300 1392 105 21 åstundas
424 1393 39 20 och
479 1392 98 27 lämpligt
592 1392 73 26 finnes,
682 1392 131 27 ympningen
828 1390 54 22 efter
896 1390 56 20 hand

194 1426 7 20 i
218 1426 26 22 de
261 1426 97 21 enskilda
375 1426 96 22 hemmen
486 1426 101 26 förrätta;
