1014 1620
237 98 12 19 2
539 98 34 22 N:o
590 98 34 22 10.

207 166 66 26 nådig
295 167 132 26 proposition
451 168 48 20 med
522 168 118 26 lagförslag
659 167 111 26 angående
792 169 47 24 väg-
856 167 37 21 och
910 166 47 21 bro-

207 200 262 28 byggnadsskyldigheten
486 202 76 21 endast
578 207 13 16 å
607 202 79 21 landet.

278 235 38 21 Uti
332 236 134 21 sistnämnda
481 236 133 27 proposition
630 236 55 21 hade
701 236 60 20 Hans
777 236 120 26 Kejserliga
912 236 44 20 Ma-

205 269 67 26 jestät
294 269 124 22 förbehållit
441 270 36 27 Sig
500 273 38 24 att,
558 271 133 21 beträffande
708 270 25 21 de
750 270 6 20 i
772 270 138 27 lagförslaget
926 270 30 21 in-

206 305 66 24 tagna
295 303 134 23 föreskrifter
452 311 33 15 om
508 305 101 26 tillsynen
633 304 58 22 öfver
714 304 206 22 vidmakthållandet
935 304 23 21 af

205 340 66 24 vägar
294 338 39 20 och
356 338 70 28 broar,
446 340 109 20 äfvensom
575 340 6 20 i
597 340 66 20 andra
680 340 134 26 stadganden
830 339 23 21 af
867 339 88 21 admini-

207 372 76 20 strativ
302 372 153 29 beskaffenhet,
475 374 115 21 framdeles
610 376 51 24 göra
681 374 26 21 de
727 374 116 26 ändringar
859 374 38 20 och
913 374 42 20 till-

206 406 56 27 lägg,
285 406 73 22 hvilka
381 407 26 21 då
431 408 70 21 kunde
524 408 68 21 finnas
612 415 51 14 vara
683 408 23 21 af
720 408 99 21 behofvet
834 408 119 26 påkallade.

205 440 65 21 Detta
286 441 104 21 förbehåll
406 444 75 25 antogs
498 442 65 21 likväl
578 443 46 20 icke
636 442 23 21 af
668 442 127 21 Ständerna.
825 442 31 21 De
867 442 87 21 anförde

205 475 7 21 i
232 475 38 21 sitt
294 476 147 27 underdåniga
464 483 49 15 svar
536 479 31 18 att
591 477 41 21 den
654 476 126 21 tillämnade
804 477 149 26 förordningen

205 509 83 21 komme
312 511 32 19 att
367 511 46 21 icke
436 511 54 21 blott
514 511 108 21 innehålla
642 511 133 25 stadganden
795 511 71 20 derom
882 511 71 20 hvilka

205 544 60 20 skola
288 544 31 20 uti
343 546 48 25 väg-
410 545 39 21 och
472 545 252 27 brobyggnadsbesväret
743 545 85 26 deltaga
847 547 54 19 samt
917 552 36 14 an-

205 578 81 26 gående
313 579 96 26 grunden
435 580 33 20 för
493 580 49 21 dess
565 580 126 26 utgörande,
715 581 52 19 utan
790 580 39 20 ock
851 580 102 20 innebära

205 613 91 26 ändring
315 613 6 20 i
337 613 69 27 öfriga
424 614 60 20 delar
502 614 23 21 af
542 615 12 19 4
573 614 39 21 och
628 615 26 20 25
670 614 97 26 kapitlen
783 614 169 26 Byggningabal-

204 647 48 27 ken,
268 646 109 23 äfvensom
392 650 33 18 att
441 648 68 27 öfriga
525 649 134 26 stadganden
674 649 6 20 i
697 648 41 21 den
750 655 41 19 nya
802 648 149 26 förordningen

204 681 54 21 hade
274 683 32 19 ett
321 688 45 15 mer
382 682 52 22 eller
449 683 82 21 mindre
548 684 71 20 direkt
634 683 104 21 samband
754 683 48 25 med
816 683 25 21 de
853 683 99 26 stadgan-

204 716 47 26 den,
271 716 7 20 i
300 716 73 21 hvilka
393 716 120 22 Ständerna
532 717 101 27 ostridigt
649 717 52 26 egde
717 717 176 26 grundlagsenlig
908 719 43 19 rätt

203 751 32 19 att
250 750 91 27 besluta,
362 753 55 19 samt
436 753 32 19 att
488 752 36 20 det
540 753 60 25 synts
617 752 120 20 Ständerna
753 751 110 27 olämpligt
878 753 31 19 att
925 758 26 14 en

203 784 126 26 förordning
351 785 23 21 af
396 786 69 20 denna
487 786 148 21 beskaffenhet
657 786 70 20 skulle
750 786 67 20 delvis
837 786 78 20 ändras
931 785 23 21 af

203 818 92 21 allenast
310 819 41 20 den
367 825 40 15 ena
424 820 148 21 statsmakten.
604 819 121 22 Ständerna
739 820 81 26 yrkade
831 819 82 22 derföre
925 826 26 19 pä

204 853 103 26 rättighet
322 855 38 25 att,
378 853 5 20 i
400 853 102 22 händelse
519 855 69 26 nägon
604 854 91 27 ändring
712 854 7 20 i
735 854 41 21 den
791 853 107 22 blifvande
909 853 42 21 för-

202 887 117 26 ordningen
343 887 104 22 befunnes
471 889 70 26 nödig,
561 888 21 21 fä
602 889 72 20 derom
694 889 6 20 i
721 888 174 26 grundlagsenlig
912 890 40 24 väg

202 921 90 21 besluta.
322 921 65 22 Detta
411 922 23 21 af
455 922 120 21 Ständerna
593 923 75 26 gjorda
687 923 70 20 vilkor
773 923 38 20 har
827 923 58 20 Hans
901 922 50 27 Kej-

201 955 80 27 serliga
296 956 103 26 Majestät
414 957 66 20 likväl
496 957 46 21 icke
559 957 56 21 velat
631 957 114 26 godkänna
761 957 38 20 och
804 951 10 37 i
828 957 51 26 följd
891 956 61 21 deraf

201 989 7 21 i
231 990 67 20 näder
324 990 118 27 förordnat,
469 992 31 20 att
527 991 61 21 äfven
615 991 181 21 sednastberörda
818 991 132 26 proposition

201 1024 75 27 skulle,
301 1024 6 20 i
328 1025 107 21 anseende
455 1025 80 27 härtill,
551 1025 91 21 förfalla.
672 1025 61 21 Hans
749 1025 121 27 Kejserliga
885 1025 64 26 Maje-

200 1059 44 20 stät
266 1058 40 21 har
325 1059 106 26 nemligen
451 1060 46 20 icke
516 1060 56 20 velat
592 1060 111 20 fränträda
719 1060 41 20 den
776 1059 59 21 Hans
850 1059 100 27 Majestät

199 1092 164 22 tillkommande
382 1095 44 19 rätt
446 1095 32 19 att
498 1094 6 20 i
520 1094 137 21 förenämnde
673 1094 80 26 frägor,
769 1094 71 20 säsom
855 1093 94 21 hörande

199 1126 33 21 till
256 1127 41 21 den
320 1127 173 22 administrativa
516 1128 169 27 lagstiftningen,
709 1128 71 20 allena
795 1128 97 20 meddela
907 1128 42 20 för-

199 1161 117 21 ordnande.
346 1161 42 21 Till
404 1162 131 26 frängäende
551 1162 23 21 af
587 1163 70 21 denna
672 1162 105 26 rättighet
792 1162 39 20 har
847 1162 5 20 i
868 1162 81 21 föreva-

199 1195 67 21 rande
289 1195 37 21 fall
350 1198 60 23 synts
433 1198 25 19 sä
480 1197 84 26 mycket
586 1197 83 20 mindre
684 1196 55 27 skäl,
756 1202 44 15 som
817 1196 40 21 den
873 1196 76 20 omför-

199 1229 71 21 mälda
286 1229 155 28 författningen
463 1231 112 21 innehällit
591 1231 141 26 stadganden,
748 1230 73 21 hvilka
836 1230 112 26 onekligen

198 1264 69 21 mäste
290 1270 63 15 anses
376 1265 46 20 helt
445 1265 39 21 och
504 1265 67 22 hället
586 1265 51 21 falla
653 1265 56 21 inom
726 1265 37 21 det
778 1264 171 21 administrativa

198 1298 103 27 omrädet,
322 1300 56 19 samt
397 1299 145 27 tilläfventyrs
560 1299 79 27 nödiga
657 1299 118 26 ändringar
791 1299 6 20 i
813 1299 63 20 dessa
891 1298 58 21 stad-

197 1333 85 25 ganden
305 1333 85 21 säledes
414 1333 19 27 ej
457 1333 90 22 behöfde
570 1336 63 24 göras
656 1334 107 21 beroende
787 1333 22 20 af
823 1333 40 21 den
879 1334 68 19 större

197 1368 91 25 omgång
310 1367 38 21 och
368 1367 141 28 tidsutdrägt,
529 1375 45 14 som
590 1368 22 21 af
626 1368 72 27 dylika
714 1367 83 27 frägors
813 1367 85 26 lösning
913 1373 34 20 ge-

196 1406 48 15 nom
261 1400 134 22 Ständernas
410 1402 130 21 medverkan
552 1402 69 21 blefve
632 1408 26 15 en
669 1402 59 26 följd.
759 1401 58 21 Enär
827 1400 119 22 emellertid
