1034 1620
349 96 18 20 U.
384 96 21 20 B.
420 106 29 3 —
465 96 54 24 Prop.
536 95 30 20 N:o
582 95 30 22 12,
820 94 12 20 5

100 162 58 22 delta
173 161 175 26 kronohemman,
365 166 64 22 synes
437 160 65 22 hafva
509 160 108 22 föranledt
627 160 41 22 den
677 160 69 27 öfriga
755 158 106 23 kronoall-

98 202 79 22 mogen
188 197 33 20 att
236 195 36 21 vid
286 195 142 26 riksdagarna
443 194 89 22 anhålla
547 200 34 16 om
598 194 113 22 enahanda
726 194 135 27 rättigheter.

98 231 61 21 Härå
172 228 138 23 resolverade
318 228 77 28 Kongl.
404 228 105 28 Majestät
519 229 65 21 bland
592 231 67 19 annat
666 230 15 20 t.
691 235 32 15 ex.
733 229 40 21 den
781 230 12 20 9
804 228 57 22 Mars

100 266 54 20 1689
179 264 101 22 sålunda:
306 280 12 10 ,,
321 264 38 20 Att
381 263 187 27 kronobönderne,
593 269 46 15 som
654 263 52 21 icke.
718 263 55 22 bebo
790 262 71 22 office-

96 305 75 16 rarnes
187 298 41 30 och
243 298 67 22 andre
325 298 108 27 betjentes
450 298 113 26 boställen,
580 298 25 21 så
619 298 64 26 länge
699 297 28 22 de
742 298 47 21 sina
799 296 60 22 hem-

99 340 49 16 man
163 334 35 22 väl
213 334 69 20 bruka
298 332 40 22 och
354 332 71 27 häfda,
442 332 116 27 utlagorna
573 332 7 21 i
595 334 74 19 rättan
689 332 32 21 tid
735 332 76 27 riktigt
825 331 37 21 be-

99 369 45 21 tala
159 368 40 22 och
214 368 33 21 uti
261 368 40 21 allt
315 366 92 28 fullgöra
422 366 58 22 hvad
495 367 232 27 Husesynsordningen
742 366 40 22 och
793 372 69 16 annan

99 404 63 21 deras
184 403 56 27 pligt
264 402 49 21 dem
328 402 117 27 tillbjuder,
461 402 63 27 måge
539 401 67 22 blifva
620 402 30 27 på
665 402 134 25 hemmanen,
815 407 46 15 som

100 438 26 21 de
149 437 47 27 åbo,
220 436 94 27 odrefne,
338 436 38 21 det
390 436 37 21 vill
441 436 79 27 Kongl.
536 436 103 28 Majestät
654 438 33 19 att
702 436 27 21 de
744 437 7 21 i
766 435 95 27 förmågo

99 472 25 21 af
144 472 50 21 dess
218 472 41 21 den
283 473 11 20 5
317 471 90 22 Januari
424 472 57 20 1684
496 471 110 27 utgångne
622 471 131 27 reglements
774 473 13 19 8
802 470 11 28 $
829 470 32 21 ät-

98 507 62 27 njuta
175 507 67 26 skola,
259 506 24 21 sä
299 507 32 19 att
346 505 64 27 ingen
426 506 50 20 dem
491 506 33 21 uti
540 513 26 14 en
582 506 54 21 eller
651 512 71 15 annan
732 506 69 21 mätto
812 505 49 21 här-

98 542 90 21 utinnan
202 540 112 26 förorätta,
331 540 73 26 tvinga
419 540 54 22 eller
489 540 69 22 drifva
572 540 58 22 mä''.

166 576 66 21 Utom
247 576 70 21 denna
333 574 107 22 allmänna
455 574 113 22 försäkran
584 575 97 27 afgäfvos
691 575 67 22 andra
767 574 95 28 speciela

98 610 88 22 sådana.
217 610 30 22 Sä
269 612 15 19 t.
308 615 31 15 ex.
363 609 126 22 bestämdes
512 616 77 21 genom
605 610 77 27 Kongl.
699 609 162 27 Förordningen

98 644 42 22 den
163 646 26 19 27
213 644 94 27 Augusti
325 645 53 20 1723
395 645 33 20 att
445 650 49 19 ,,om
510 644 141 22 kronobonde
666 645 29 27 pä
710 645 39 21 sitt
763 644 100 22 hemman

99 679 123 27 upptäcker
237 679 52 21 slikt
303 678 146 27 malmstreck,
459 680 73 20 såsom
547 680 58 26 guld,
622 680 77 26 silfver,
716 680 89 26 koppar,
815 678 48 27 jern

97 720 27 15 m.
141 720 35 20 m.,
192 720 47 15 som
254 713 33 21 till
303 714 66 26 något
383 713 128 28 beständigt
527 714 51 22 verk
594 714 35 22 stä
638 716 33 20 att
678 714 105 22 inrättas"
793 712 70 22 skulle

97 748 51 26 han,
171 750 61 20 utom
254 748 67 21 andra
344 748 81 27 vigtiga
447 748 116 27 förmoner,
586 749 22 21 fä
624 749 33 22 för
672 750 40 26 sig,
728 750 77 20 hustru
822 746 41 22 och

98 782 183 22 efterkommande
305 782 87 27 ständig
415 783 177 27 besittningsrätt
615 784 29 27 pä
660 790 81 16 samma
756 783 106 22 hemman.

166 817 48 22 Mot
230 817 68 22 slutet
313 816 22 22 af
350 817 124 22 1700-talet
489 818 139 22 meddelades
644 819 7 21 i
666 819 60 21 detta
741 820 62 19 ämne
814 818 49 20 när-

97 858 59 15 mare
179 851 168 27 bestämningar.
378 851 37 22 Uti
438 852 109 28 Kongliga
569 853 83 22 brefvet
674 853 33 21 till
729 852 74 27 Krigs-
823 850 40 22 och

98 886 233 27 Kammarkollegierna
347 885 23 22 af
383 886 41 21 den
441 888 28 20 26
485 887 61 28 April
562 889 62 25 1775,
640 887 82 22 hvilket
733 886 22 22 af
763 885 100 23 bemälde

97 921 111 26 Kollegier
227 927 77 20 genom
319 921 132 26 kungörelse
467 922 23 21 af
504 923 41 20 den
562 925 12 18 5
590 922 44 22 Juli
650 929 81 15 samma
747 921 24 22 är
787 920 74 22 offent-

96 955 126 27 liggjordes,
246 955 97 21 uttalade
367 955 33 27 sig
423 955 77 27 Kongl.
517 956 91 28 Majstät
623 956 100 22 sålunda:
740 955 67 27 ,Som
822 955 40 21 hos

96 989 78 27 Kongl.
197 988 90 28 Majstät
309 989 7 21 i
339 989 159 27 öfvervägande
513 991 95 26 kommit,
624 991 117 21 huruledes
757 990 105 21 äboernes

96 1024 55 21 barn
167 1023 13 21 &
194 1023 81 22 indelte
289 1024 172 22 kronohemman
477 1025 34 21 väl
528 1027 36 20 äro
580 1026 8 20 i
604 1026 49 22 stöd
669 1026 22 21 af
706 1027 55 20 1684
770 1025 35 21 års
814 1030 48 21 reg-

96 1059 94 21 lemente
206 1058 130 27 sjelfskrifne
352 1059 32 21 till
400 1059 124 28 äboskapet
540 1060 55 22 efter
609 1060 140 26 föräldrarne,
766 1065 48 15 men
830 1059 33 21 att

97 1093 170 27 vederbörande,
283 1092 45 23 förr
343 1096 28 19 än
387 1094 26 22 de
429 1094 74 22 kunna
520 1101 52 15 anse
588 1096 34 26 sig
636 1096 72 21 säsom
716 1094 97 27 verklige
822 1093 41 21 och

95 1129 59 20 rätte
177 1128 72 26 äboer,
273 1128 70 22 måste
366 1129 56 21 först
444 1130 73 21 vända
537 1130 33 27 sig
585 1130 33 22 till
633 1130 166 26 häradsfogden,
816 1133 47 17 som

96 1162 56 21 skall
174 1164 59 25 yttra
255 1163 33 26 sig
311 1169 34 15 om
364 1164 27 21 de
407 1166 38 19 äro
463 1164 106 28 dugelige,
586 1164 39 22 och
642 1165 125 22 sedermera
782 1162 33 22 till
831 1162 32 22 in-

96 1196 201 27 delningshafvaren
320 1197 33 22 för
373 1198 42 21 den
431 1199 114 21 säkallade
561 1202 103 24 accepten
680 1201 57 20 samt
752 1198 111 27 ändtligen

96 1231 33 21 till
144 1231 196 28 Landshöfdingen,
356 1232 89 22 hvilken
461 1233 83 22 lemnar
559 1234 51 21 dess
626 1233 118 22 immission
761 1232 31 22 uti
803 1232 59 21 hem-

95 1267 85 25 manet;
203 1265 65 22 alltså
287 1267 40 20 och
343 1267 92 21 emedan
451 1267 126 28 härigenom
593 1268 51 22 flere
660 1267 147 28 olägenheter,
822 1266 41 21 tvi-

95 1302 46 19 ster
156 1300 41 21 och
212 1301 141 27 rättegångar
368 1301 75 22 kunna
459 1303 141 26 uppkomma;
616 1305 23 26 ty
654 1303 39 21 har
708 1302 60 22 Hans
784 1300 78 27 Kongl.

94 1334 104 27 Majestät
220 1335 7 20 i
243 1335 67 22 nåder
325 1335 71 22 funnit
410 1337 55 26 godt
480 1337 107 27 förordna,
605 1337 37 22 det
656 1337 62 22 alltid
734 1334 130 23 hädanefter

95 1369 42 21 den
152 1369 83 22 afledne
252 1369 81 22 åboens
350 1370 71 22 äldste
437 1377 41 16 son
493 1372 36 21 må
544 1378 40 20 ega
592 1369 228 27 företrädesrättighet
830 1370 35 21 att

93 1408 53 16 vara
169 1403 52 21 värd
241 1404 28 27 på
284 1404 129 27 hemmanet,
432 1406 29 20 då
476 1406 42 21 han
535 1406 93 22 derifrån
643 1406 58 22 förut
717 1406 18 26 ej
752 1404 29 28 på
797 1405 67 21 annat

164 1442 195 18 Ekonomiutskottets
372 1444 121 18 betänkande
505 1446 37 17 N:o
554 1446 17 17 8.
