1003 1617
253 148 80 23 Ständ.
350 149 37 22 Sv.
403 162 26 2 —
446 150 72 27 Prop.
534 150 41 22 N:o
589 150 21 21 5.

327 423 126 24 Finlands
478 423 142 25 Ständers
638 421 165 27 underdåni-

258 470 32 23 ga
309 470 66 17 svar
394 464 6 23 i
420 463 118 32 anledning
557 464 27 23 af
600 463 56 25 Hans
675 463 129 32 Kejserliga

259 503 115 31 Majestäts
393 502 81 31 nådiga
489 504 136 31 proposition
640 503 113 31 angående
767 503 37 24 ar-

258 543 69 24 voden
343 543 34 24 för
392 543 82 24 sådana
489 543 203 32 bouppteckningar
705 543 39 25 och
755 543 48 24 arf-

259 583 82 24 skiften
366 583 7 24 i
398 583 56 28 stad,
478 583 34 24 till
531 583 87 24 hvilkas
636 582 167 25 verkställande

259 623 194 30 förrättningsmän
474 623 25 24 af
515 622 162 26 rädstufvurätt
695 625 69 22 utses.

131 702 228 27 Stormäktigste,
377 702 214 27 Allernädigste
608 702 118 28 Kejsare

316 743 48 21 och
380 743 165 21 Storfurste!

123 811 50 22 Med
189 811 116 28 anledning
321 811 24 22 af
358 818 26 15 en
399 811 49 22 utaf
461 811 183 28 Borgareständet
658 811 37 22 vid
706 811 55 20 1872
771 810 34 21 ärs

52 845 106 28 landtdag
181 846 79 21 afläten
281 846 135 27 underdänig
438 846 93 27 petition
549 846 7 21 i
575 847 73 20 ämnet
666 845 40 22 har
725 845 80 20 Eders

53 880 153 27 Kejserliga
228 880 123 27 Majestät
373 881 8 20 i
404 881 68 20 näder
492 881 91 26 förelagt
599 880 104 21 Finlands
718 887 30 13 nu
763 879 42 21 för-

54 915 95 21 samlade
173 915 92 21 Ständer
283 917 32 18 ett
333 914 79 27 förslag
427 915 34 21 till
476 915 126 27 förordning
618 915 112 27 angäende
745 920 60 15 arvo-

53 949 42 20 den
117 948 34 21 för
173 949 82 21 sädana
273 949 201 27 bouppteckningar
493 949 40 21 och
551 949 113 21 arfskiften
679 949 8 20 i
702 948 55 25 stad,
773 947 34 21 till

52 983 84 21 hvilkas
151 983 159 22 verkställande
326 983 194 28 förrättningsmän
536 983 24 21 af
574 983 156 22 rädstufvurätt
740 984 65 19 utses.

122 1017 101 28 Antydda
234 1019 100 24 arvoden,
351 1017 72 23 hvilka
438 1018 115 25 härintills,
567 1017 87 28 jemlikt
668 1016 77 27 Kongl.
762 1016 42 21 för-

53 1052 147 27 ordningarna
223 1053 41 20 den
279 1053 13 20 1
309 1053 57 20 Mars
381 1053 56 20 1749
454 1053 40 20 och
510 1053 42 20 den
567 1053 28 20 10
610 1051 118 22 December
744 1051 62 25 1756,

53 1087 72 26 utgätt
148 1086 32 22 för
203 1087 148 27 uppteckning
370 1087 40 21 och
425 1087 114 27 värdering
555 1087 49 21 med
620 1093 26 14 en
661 1087 91 27 procent
766 1084 40 22 och

53 1121 34 20 för
103 1121 64 21 skifte
182 1123 49 20 med
250 1129 26 14 en
291 1121 47 22 half
351 1124 90 24 procent
456 1121 25 21 af
494 1121 101 27 samtliga
610 1121 59 21 boets
685 1120 65 22 säkra
765 1119 42 21 till-

53 1155 89 27 gängar,
159 1158 53 19 utan
228 1156 75 27 afdrag
318 1156 34 21 för
367 1156 57 27 gäld,
440 1158 56 19 samt
512 1156 7 21 i
534 1155 73 28 regeln
618 1155 89 22 tillfallit
718 1154 88 22 stadens

53 1189 148 28 borgmästare
221 1190 40 21 och
276 1191 97 24 rädmän,
388 1190 66 21 bland
470 1190 85 21 hvilkas
571 1189 194 28 löningsförmäner
781 1188 26 21 de

52 1224 75 27 plägat
142 1224 137 24 inberäknas,
295 1224 91 26 komme,
403 1225 67 27 enligt
486 1226 42 20 den
544 1225 80 27 nädiga
634 1223 171 29 propositionen,

53 1260 32 19 att
109 1258 114 22 framdeles
245 1259 108 21 beräknas
375 1260 77 20 endast
473 1259 55 21 efter
543 1259 61 21 boets
620 1258 131 26 behällning,
767 1256 40 22 och

53 1292 76 28 inflyta
144 1293 7 21 i
166 1294 87 20 stadens
269 1293 69 22 kassa.

122 1327 49 21 Med
187 1327 83 28 hänsyn
285 1328 34 20 till
329 1328 41 21 den
381 1328 119 27 obillighet,
513 1335 45 14 som
569 1328 67 27 ligger
647 1327 51 25 deri,
710 1328 33 19 att
754 1332 54 20 upp-

53 1362 123 27 tecknings-
200 1362 40 21 och
262 1362 193 27 skiftesafgifterna
479 1363 53 26 utgä
550 1362 62 21 äfven
631 1361 33 21 för
679 1362 42 20 den
737 1359 35 22 del
787 1358 25 22 af

53 1396 148 27 tillgängarna
216 1397 7 20 i
239 1398 30 19 ett
285 1396 34 26 bo,
335 1396 86 22 hvilken
436 1398 121 20 motsvaras
573 1396 24 21 af
610 1396 56 27 gäld,
682 1402 53 14 anse
746 1394 63 21 Stän-

53 1431 68 20 derna
142 1430 157 22 ofvanberörda
313 1431 126 27 förändring
456 1431 6 20 i
479 1430 230 27 beräkningsgrunden
725 1428 33 21 för
774 1428 36 21 de-

53 1471 83 15 samma
151 1472 40 20 ega
212 1465 48 21 fullt
276 1465 46 21 skäl
337 1465 34 21 för
385 1466 41 26 sig;
444 1465 41 21 och
500 1465 56 22 hvad
573 1466 41 20 den
629 1464 124 26 föreslagna
768 1462 42 21 för-
