1028 1620
288 87 80 23 Ständ.
384 87 38 24 Sv.
439 99 26 5 —
481 88 70 28 Prop.
568 88 40 23 N:o
623 87 34 23 14.

374 341 130 26 Finlands
527 342 136 25 Ständers
687 339 163 28 underdåni-

306 389 35 24 ga
363 389 62 18 svar
442 382 7 24 i
468 382 118 31 anledning
604 383 26 24 af
646 382 57 25 Hans
721 381 130 32 Kejserliga

306 421 117 32 Majestäts
441 421 81 31 nådiga
536 422 146 32 proposition,
701 420 150 26 innefattande

308 463 87 31 förslag
412 462 33 24 till
464 462 132 32 förordning
614 469 32 18 om
661 462 52 32 jagt
735 461 39 25 och
793 461 59 32 djur-

307 502 61 31 fång.

191 576 214 28 Stormäktigste,
425 575 206 29 Allernådigste
649 576 117 28 Kejsare

359 616 48 22 och
425 616 169 22 Storfurste!

172 674 38 22 Uti
225 682 26 14 en
266 674 33 22 till
313 674 92 22 Eders
423 673 172 29 Kejserliga
612 674 133 28 Majestät
758 673 8 22 i
781 673 73 22 under-

104 708 99 29 dånighet
224 709 54 22 stäld
299 708 61 23 skrift
375 709 39 21 har
428 708 82 22 Finska
523 708 170 29 jagtföreningen
708 708 93 22 förordat
814 711 40 18 sär-

104 743 69 22 skilda
193 743 111 29 ändringar
325 743 8 22 i
354 743 97 29 gällande
474 743 123 29 förordning
615 743 24 22 af
651 744 42 21 den
709 744 27 22 10
751 742 103 22 Februari

105 779 56 21 1868
182 786 34 14 om
235 778 45 28 jagt
294 778 38 22 och
347 777 104 29 djurfång.
482 778 13 21 I
510 778 114 28 anledning
638 778 62 22 häraf
713 778 38 22 och
767 776 88 23 emedan

105 821 26 13 en
153 812 91 23 revision
266 812 23 22 af
308 812 91 22 nämnda
420 811 123 29 förordning
560 812 63 22 äfven
638 812 8 21 i
661 812 65 22 andra
741 811 113 23 afseenden

105 848 78 21 ansetts
206 846 106 29 påkallad,
336 847 38 21 har
398 847 93 22 Eders
515 846 173 29 Kejserliga
717 846 139 29 Majestät

105 881 68 22 täckts
186 881 42 22 låta
242 881 8 22 i
265 881 55 22 vissa
334 881 58 22 delar
407 881 107 22 omarbeta
524 881 122 22 densamma
657 883 54 20 samt
720 881 8 22 i
738 880 64 29 nådig
811 888 44 21 pro-

105 915 90 29 position
210 915 32 22 till
257 915 127 23 Ständernas
399 915 117 29 antagande
532 915 139 23 öfverlemnat
686 917 30 21 ett
731 915 77 28 förslag
822 915 33 22 till

105 950 121 29 förordning
247 958 34 13 om
301 950 45 29 jagt
364 950 39 22 och
422 949 100 30 djurfång
536 950 8 21 i
558 950 99 22 Finland.
687 951 51 21 Men
754 949 27 23 då
795 949 60 23 Stän-

105 985 65 21 derna
184 984 52 29 hysa
251 985 41 22 den
309 985 59 28 åsigt,
384 986 31 21 att
429 985 68 22 under
512 985 41 22 den
567 985 32 22 tid
614 985 151 22 ofvanberörda
779 984 77 22 förord-

105 1019 52 28 ning
171 1019 54 22 varit
246 1019 96 28 gällande
359 1019 64 22 sådan
438 1019 121 22 erfarenhet
574 1024 57 17 ännu
646 1019 18 29 ej
680 1024 23 17 är
717 1027 93 18 vunnen,
826 1021 30 20 att

105 1062 30 20 ny
156 1053 121 30 förordning
297 1061 35 14 om
351 1053 46 29 jagt
418 1054 40 21 och
480 1053 100 29 djurfång
601 1054 72 22 kunde
693 1054 64 29 derpå
771 1054 84 28 byggas,

105 1087 64 23 hafva
191 1087 117 23 Ständerna
326 1088 48 22 icke
389 1088 57 22 velat
460 1090 77 27 antaga
552 1089 40 21 den
608 1088 157 29 ifrågavarande
781 1087 75 29 nådiga

105 1122 162 29 propositionen,
290 1123 87 22 hvarom
397 1122 120 23 Ständerna
531 1123 22 22 få
568 1123 38 22 hos
627 1123 90 22 Eders
739 1121 118 30 Kejser-

109 1156 56 29 liga
185 1156 137 29 Majestät
336 1157 8 22 i
359 1157 169 29 underdånighet
542 1157 169 29 tillkännagifva.

175 1197 103 22 Finlands
292 1197 90 23 Ständer
397 1197 122 22 framhärda
534 1199 38 21 etc.

176 1236 139 30 Helsingfors,
330 1237 41 22 den
386 1238 26 21 31
430 1237 58 22 Mars
504 1238 63 22 1882.
