1050 2339
233 543 14 20 4
540 543 36 21 N:o
591 544 27 20 11.

205 610 45 27 liga
264 610 103 27 Majestät
379 610 78 27 jemväl
472 611 72 21 funnit
558 611 38 22 det
610 617 52 15 vara
677 611 125 26 lämpligast
816 613 34 19 att
864 611 94 21 nämnda

205 644 63 27 afgift
290 647 28 18 än
340 645 76 22 vidare
436 647 88 26 utgöres
546 645 55 22 efter
624 645 113 22 enahanda
753 646 75 27 grund,
843 646 41 21 har
898 645 60 22 Hans

205 679 122 27 Kejserliga
342 679 102 27 Majestät
458 680 126 27 härigenom
599 680 59 21 velat
672 680 34 21 till
721 680 122 27 antagande
859 680 23 21 af
895 680 62 21 Stän-

205 713 68 22 derna
287 713 90 22 föreslå:

342 749 33 20 att
397 754 29 15 nu
448 748 100 27 gällande
570 748 40 21 och
633 748 90 21 sednast
745 748 31 21 uti
796 748 160 21 redanberörda

306 782 126 28 förordning
454 783 23 21 af
502 783 41 21 den
566 784 38 26 31;
619 782 120 22 December
763 784 53 20 1877
840 783 114 21 faststälda

307 818 70 26 grund
392 817 32 22 för
439 817 173 27 tolagsafgiftens
628 818 146 26 beräknande,
791 818 52 20 eller
858 818 98 21 densam-

307 858 47 15 mas
369 853 119 26 utgörande
503 852 49 22 med
567 852 43 21 viss
626 854 89 25 procent
731 852 24 21 af
766 852 115 22 tullsatsen
892 854 12 19 å
915 853 41 21 den

307 886 43 22 slik
365 886 139 28 beskattning
519 887 159 21 underkastade
694 892 74 22 varan,
784 887 55 21 skall
854 887 48 21 från
916 887 40 21 och

308 922 50 20 med
372 922 42 20 den
430 923 10 19 1
457 921 90 22 Januari
564 922 54 20 1883
634 921 133 21 fortfarande
779 922 59 26 tjena
848 922 33 20 till
892 921 64 22 efter-

307 955 54 27 följd
376 956 57 21 intill
448 956 50 21 dess
514 956 73 21 derom
602 956 43 21 kan
660 956 7 20 i
678 956 176 27 grundlagsenlig
864 956 91 26 ordning

308 990 135 21 annorlunda
457 990 66 22 blifva
539 990 107 26 stadgadt.

276 1024 106 27 Slutligen
398 1025 39 21 och
453 1025 89 21 emedan
558 1024 147 28 omförmälda,
716 1024 34 21 till
761 1024 75 27 frågan
848 1031 33 15 om
891 1031 63 21 grun-

206 1059 42 22 den
270 1059 33 21 för
321 1059 173 27 tolagsafgiftens
512 1059 138 21 beräknande
669 1059 96 21 hörande
784 1058 135 22 föreskrifter
934 1059 23 21 af

204 1093 160 22 administrativ
386 1094 147 21 beskaffenhet
555 1093 57 21 visat
635 1093 33 27 sig
690 1099 53 15 vara
765 1093 190 27 ändamålsenliga,

204 1128 40 21 har
258 1127 61 21 Hans
334 1128 122 26 Kejserliga
471 1128 102 26 Majestät
588 1129 72 19 ansett
676 1127 121 21 Ständerna
810 1127 53 21 böra
874 1128 81 21 erhålla

203 1162 122 22 kännedom
341 1162 73 22 derom
430 1165 32 18 att
477 1162 59 21 Hans
552 1162 123 26 Kejserliga
684 1162 103 26 Majestät
798 1162 39 20 har
847 1162 33 21 för
890 1162 66 26 afsigt

205 1198 33 20 att
252 1196 42 23 till.
306 1196 125 22 efterlefnad
446 1199 28 19 än
489 1196 74 21 vidare
578 1196 95 27 påbjuda
688 1196 67 26 sagde
771 1196 140 22 föreskrifter.

477 1254 73 26 Enligt
568 1253 60 21 Hans
646 1253 123 27 Kejserliga
789 1253 112 27 Majestäts
917 1254 37 20 nå-

409 1288 50 27 diga
480 1288 125 27 befallning,
624 1287 72 27 gifven
712 1287 7 21 i
735 1287 97 21 Krasnoe
848 1287 48 21 Selo
912 1287 41 21 den

408 1325 30 24 10
454 1325 49 24 au
526 1335 52 20 198]

428 1354 21 14 29
462 1354 31 15 Suli

436 1434 35 21 T,
522 1436 142 18 BRUUN.

756 1487 46 22 Edv.
818 1487 79 22 Boehm.

812 1527 29 21 fd.

311 1853 125 23 Helsingfors,
451 1854 11 18 å
474 1854 104 23 Kejserliga
590 1854 90 18 Senatens
693 1852 87 24 tryckeri,
794 1852 49 17 1881.
