1031 1620
370 102 19 20 U.
404 101 20 21 B.
442 113 24 3 —
484 103 54 24 Prop.
554 102 30 20 N:o
598 102 31 20 15.

190 167 13 26 8
221 168 25 20 16
263 168 24 20 är
303 166 23 22 af
338 167 86 22 Preste-
441 167 40 21 och
496 166 168 22 Bondeständen
683 168 93 25 antagen
791 166 7 21 i
814 166 68 27 enlig-

119 201 39 22 het
173 201 49 22 med
238 201 119 22 utskottets
376 202 144 26 betänkande,
536 201 113 22 hvaremot
664 201 158 27 Ridderskapet
841 200 40 22 och

120 235 69 22 Adeln
205 237 57 20 samt
276 235 185 27 Borgareständet
477 236 23 21 ät
515 236 70 22 denna
600 236 14 26 &
630 235 61 27 gifvit
705 235 94 28 följande
818 235 62 22 orda-

120 270 92 28 lydelse:

191 322 9 10 »
203 305 74 27 Yppas
300 305 52 22 tvist
374 312 34 15 om
427 306 103 27 beloppet
545 305 23 22 af
581 305 41 22 den
639 305 67 27 ärliga
722 304 90 28 afgiften
826 304 54 22 eller

120 346 71 15 annan
214 340 124 27 ersättning,
363 346 46 16 som
432 340 67 27 enligt
519 340 13 26 &
550 342 25 20 15
592 340 40 22 bör
646 339 60 27 utgä,
723 339 52 22 eller
791 345 34 15 om
840 339 38 21 det

120 376 105 26 utrymme
238 374 129 29 jordägaren
384 374 13 22 å
412 375 33 21 sin
460 375 67 26 mark,
541 374 87 28 jemlikt
643 374 66 27 sagde
724 374 20 26 $,
761 374 31 21 till
808 374 69 21 inmu-

120 410 61 20 taren
197 409 39 21 bör
250 408 96 28 uppläta,
363 409 41 22 och
419 409 73 22 kunna
506 409 49 22 icke
569 411 102 26 parterne
687 409 93 26 äsämjas
794 414 33 15 om
838 408 41 21 tvi-

120 445 60 20 stens
204 443 92 22 slitande
320 443 22 22 af
363 444 119 27 skiljemän,
506 450 47 15 som
570 444 26 21 de
612 443 74 28 sjelfve
702 443 96 26 tillkalla,
814 443 65 22 varde

120 477 60 22 öfver
196 477 36 22 det
248 478 90 27 stridiga
354 479 74 21 dömdt
444 479 23 21 af
481 479 121 21 domstolen
618 479 6 21 i
640 480 68 20 orten.

188 512 127 22 Detsamma
337 513 68 27 gäller
428 519 34 16 om
480 513 76 22 tvister
572 513 112 27 angäende
699 512 80 22 sädane
795 514 83 19 vatten-

118 546 119 27 ledningar,
253 547 73 22 hvilka
341 549 37 20 äro
394 548 78 27 nödiga
487 547 33 22 för
534 547 86 28 grufve-
636 547 52 22 eller
699 547 179 27 vaskningsarbe-

119 583 34 20 tes
169 581 137 22 utförande”.

186 616 186 27 Borgareständet
386 617 40 22 har
441 618 7 21 i
464 617 67 22 andra
546 623 62 16 mom.
625 616 22 22 af
661 617 13 26 &
690 619 34 24 48,
736 617 49 21 med
795 616 82 22 uteslu-

118 651 66 21 tande
200 650 22 22 af
236 651 62 21 ordet
314 651 178 28 ,förtimringar",
509 652 73 27 utbytt
596 651 68 22 orden
682 651 136 28 ,bergfästen
837 651 40 21 och

117 684 159 28 förtimringar*
293 687 58 20 emot
366 687 67 21 orden
451 687 52 26 ,och
520 680 144 38 bergfästen',
680 686 106 21 hvaremot
796 692 81 15 samma

118 720 13 27 8
146 719 22 22 af
182 719 68 28 öfriga
266 721 96 22 Ständen
378 722 114 26 godkänts.

186 754 72 23 Jemte
274 755 37 22 det
325 755 109 22 utskottet
449 755 103 28 anhäller,
570 757 32 20 att
618 755 176 22 ofvananmärkta
809 755 67 22 felak-

118 789 94 27 tigheter
227 789 57 28 finge
300 789 22 22 af
336 790 120 22 detsamma
470 792 76 25 rättas,
562 791 32 21 fär
609 791 115 25 utskottet,
740 792 52 19 enär
804 790 40 21 den
855 789 23 22 af

117 823 160 28 Ridderskapet
299 824 39 22 och
361 824 69 22 Adeln
454 827 56 19 samt
524 825 185 27 Borgareständet
724 826 94 26 antagna
832 824 43 22 for-

116 858 106 27 mulering
237 858 23 22 af
274 858 10 28 $
302 860 31 25 16,
350 859 72 22 såsom
438 859 150 22 innehållande
604 866 59 14 mera
683 858 133 22 omfattande
838 859 40 21 be-

116 893 139 27 stämningar,
272 900 63 20 synes
350 900 53 16 vara
418 896 32 20 att
464 894 116 27 föredraga
593 893 89 23 framför
697 894 41 22 den
754 893 23 22 af
790 894 85 21 utskot-

115 929 33 20 tet
163 927 122 28 föreslagna
301 928 40 22 och
357 928 23 22 af
393 929 27 21 de
435 929 37 21 tvä
488 928 68 28 öfriga
570 928 96 22 Ständen
677 928 121 28 godkända,
810 928 63 22 vörd-

115 963 57 20 samt
193 962 123 28 hemställa,
340 964 37 21 det
392 963 49 22 ville
454 964 79 27 jemväl
549 964 85 21 Preste-
651 963 40 22 och
707 963 168 21 Bondeständen

114 996 75 22 förena
204 998 32 26 sig
252 1004 35 15 om
303 998 171 28 Ridderskapets
490 999 40 21 och
546 998 80 22 Adelns
643 1000 57 20 samt
719 997 156 28 Borgarestän-

115 1031 48 22 dets
179 1032 78 26 beslut,
272 1032 93 22 hvarhos
381 1033 115 27 utskottet,
517 1033 68 22 ehuru
604 1035 33 20 tre
660 1033 69 21 Stånd
751 1032 96 28 godkänt
862 1032 14 26 &

114 1068 27 20 48
165 1066 128 22 oförändrad
317 1067 40 22 och
378 1068 160 22 ständerbeslut
554 1067 92 22 sålunda
660 1068 7 20 i
683 1067 71 22 denna
770 1066 34 22 del
819 1066 56 22 före-

112 1099 76 28 finnes,
211 1101 72 27 likväl,
307 1104 51 20 enär
376 1108 78 16 ansvar
469 1102 33 22 för
518 1102 131 28 angripande
666 1102 53 21 eller
733 1101 107 27 rubbning
854 1100 24 22 af

111 1134 146 28 förtimringar
272 1135 97 23 befinnes
386 1138 71 20 utsatt
473 1137 59 21 säväl
548 1137 7 20 i
570 1137 74 24 andra,
656 1142 46 15 som
712 1135 8 22 i
731 1136 69 27 tredje
810 1141 62 16 mom.

112 1168 22 22 af
145 1169 39 28 S:n,
196 1170 124 27 ödmjukast
330 1170 137 28 öfverlemna,
479 1177 34 16 om
524 1171 48 22 icke
582 1171 161 26 Ridderskapet
754 1170 40 22 och
805 1170 70 21 Adeln

111 1205 58 20 samt
183 1204 87 22 Preste-
294 1205 40 21 och
356 1206 169 21 Bondeständen
548 1206 56 26 ville,
627 1206 50 20 med
699 1205 132 27 frängäende
854 1205 23 21 af

111 1238 47 21 sina
180 1238 79 28 beslut,
284 1246 51 14 enas
359 1246 34 15 om
417 1240 41 21 den
479 1240 21 22 af
520 1240 184 28 Borgareständet
720 1240 7 20 i
744 1238 102 23 afseende
862 1239 13 21 å

110 1272 72 22 denna
196 1272 11 28 $
223 1274 103 27 vidtagna
341 1274 97 28 ändring.

178 1313 144 28 Helsingfors,
339 1312 41 24 deh
397 1316 12 20 2
425 1314 51 22 Juni
494 1316 60 21 1882.

186 1450 126 24 Helsingfors,
324 1452 71 19 Finska
407 1453 222 23 Litteratursällskapets
640 1452 90 24 tryckeri,
743 1453 50 17 1882.
