1039 2339
216 521 12 21 6
437 522 20 21 U.
473 522 20 21 B.
503 534 27 3 —
540 522 58 27 Prop.
611 522 36 21 N:o
662 521 30 22 10.

261 591 32 19 7:0
310 589 133 22 beträffande
459 590 11 27 $
488 591 31 20 12.

258 623 160 28 Ridderskapet
441 625 38 20 och
502 625 72 21 Adelm
594 627 57 19 samt
672 625 185 28 Borgareständet
879 625 63 21 hafva

185 659 97 25 godkänt
297 659 150 26 betänkandet,
464 659 113 22 hvaremot
593 660 164 21 Presteständet
768 659 28 27 pä
807 659 134 22 Bondestän-

185 693 48 20 dets
248 693 127 27 inbjudning
390 693 85 22 förenat
491 694 33 26 sig
540 695 48 20 med
605 694 60 21 detta
681 694 62 21 stånd
760 700 34 15 om
809 694 30 27 &:s
850 695 91 25 ändring

184 727 7 20 i
208 727 78 21 sädant
305 727 55 27 syfte
380 730 32 19 att
430 728 98 21 tillständ
548 729 33 20 till
601 729 90 20 ledande
707 728 23 21 af
744 730 48 25 nytt
808 728 49 21 dike
872 729 69 20 under

183 763 42 25 väg
241 761 102 22 utverkas
359 762 39 21 hos
413 763 161 21 vederbörande
591 763 173 21 kronolänsman.

256 796 34 21 Dä
309 796 123 28 härigenom
453 804 25 15 en
497 798 122 26 väsendtlig
639 798 83 21 lättnad
743 798 33 20 för
797 798 143 26 jordegarene

183 831 76 21 vinnes
279 834 55 18 samt
355 832 64 26 nägot
439 833 90 21 allmänt
548 833 92 21 intresse
660 832 47 22 icke
727 839 64 20 synes
807 833 85 20 komma
907 834 33 20 att

183 872 77 19 genom
277 872 26 15 en
320 867 66 21 sädan
403 868 119 26 anordning
538 868 131 26 äfventyras,
686 867 39 21 har
741 867 107 21 utskottet
868 869 72 19 ansett

184 900 32 26 sig
233 900 53 21 böra
302 902 111 21 vördsamt
429 902 86 21 föreslä.

417 950 33 19 att
465 948 158 27 Ridderskapet
633 948 38 21 och
681 948 72 20 Adeln
764 950 56 19 samt
831 947 108 28 Borgare-

389 983 87 21 ständet
499 982 50 21 ville
570 983 48 20 med
639 982 135 28 frängäende
794 982 30 27 af
838 982 50 21 sina
904 982 34 20 be-

388 1017 51 25 slut,
458 1017 83 27 förena
565 1018 33 27 sig
617 1024 33 14 om
669 1020 30 18 ett
717 1016 194 28 ändringsförslag
931 1017 8 19 i

389 1052 34 20 det
433 1052 139 26 framstälda
588 1052 68 27 syftet

181 1094 110 22 äfvensom
309 1098 32 18 att
356 1098 100 26 samtliga
473 1098 89 20 ständen
579 1098 49 21 ville
643 1098 114 26 godkänna
768 1099 32 19 att
811 1097 69 21 första
892 1104 44 14 me-

183 1129 80 26 ningen
280 1130 93 22 erhäller
389 1132 93 26 följande
498 1132 91 27 lydelse:

432 1183 110 21 Tillstånd
562 1186 33 18 att
608 1183 69 28 flytta
699 1183 106 27 landsväg
817 1183 58 27 från
890 1183 47 21 dess

382 1218 69 26 förra
460 1218 38 20 och
511 1220 60 18 rätta
581 1218 47 27 läge
639 1218 58 20 skall
705 1217 93 21 ansökas
806 1218 37 20 hos
856 1217 81 21 Guver-

386 1254 71 18 nören.
478 1252 43 21 Vill
528 1253 71 27 någon
609 1252 47 21 leda
665 1254 48 26 nytt
723 1252 48 20 dike
783 1252 68 20 under
862 1252 74 21 lands-

386 1288 47 25 väg,
449 1286 58 21 skall
525 1286 44 21 han
589 1286 88 21 utverka
697 1287 33 26 sig
747 1287 100 20 tillstånd
862 1287 74 20 dertill

387 1320 30 27 af
429 1320 176 21 Kronolänsman
622 1321 44 26 och,
683 1321 38 20 der
737 1321 48 20 dike
802 1321 73 26 blifvit
886 1321 49 24 ledt,

386 1355 130 20 underhålla
533 1355 36 21 bro
586 1355 101 27 deröfver
703 1355 59 21 intill
778 1355 47 21 dess
840 1358 48 25 nytt
898 1357 38 18 vä-

385 1389 97 27 gaskifte
492 1389 43 27 för
550 1397 74 13 annan
639 1389 65 21 orsak
720 1389 43 21 kan
779 1389 99 28 inträffa.

257 1439 34 20 8:0
307 1439 133 22 beträffande
456 1441 11 26 $
485 1442 32 20 13.

255 1472 160 29 Ridderskapet
444 1475 38 20 och
509 1475 71 21 Adeln
607 1476 39 21 har
672 1476 84 26 antagit
783 1475 151 22 betänkandet.

176 1506 86 22 Preste-
282 1507 110 28 Borgare-
411 1509 38 21 och
465 1509 165 22 Bondestånden
645 1510 70 26 hafva,
736 1510 36 21 det
787 1509 148 22 förstnämnda

176 1541 93 28 ståndet,
280 1543 54 21 efter
350 1545 122 25 emottagen
488 1545 133 26 inbjudning,
637 1545 90 21 beslutit
743 1544 113 22 införande
871 1545 22 20 af
908 1551 24 15 en

175 1576 128 27 förändring
319 1578 6 20 i
343 1578 77 21 sådant
435 1579 56 27 syfte
511 1581 31 19 att
562 1579 139 21 Guvernören
719 1585 50 20 eger
785 1579 97 21 meddela
899 1580 35 20 be-

175 1610 74 21 frielse
273 1611 46 21 från
345 1612 149 27 skyldigheten
519 1615 32 19 att
571 1614 101 20 vintertid
690 1613 129 27 öppenhålla
835 1614 98 20 landsvä-

174 1650 48 20 gen,
239 1645 39 21 der
294 1645 210 23 ortsförhållandena
520 1648 77 20 sådant
613 1648 96 26 påkalla;
727 1648 37 20 och
782 1648 33 20 får
826 1648 108 20 utskottet

174 1679 113 21 vördsamt
303 1680 80 21 föreslå

419 1729 32 18 att
468 1726 158 28 Ridderskapet
641 1727 38 21 och
695 1727 72 21 Adeln
786 1728 48 20 ville
845 1727 90 28 frångå

381 1761 38 20 sitt
435 1760 68 22 beslut
519 1762 38 20 och
575 1762 104 28 samtliga
697 1762 92 21 stånden
800 1762 83 27 förena
900 1763 33 27 sig

381 1802 33 14 om
429 1798 33 18 att
478 1796 23 20 åt
515 1803 60 14 mom.
591 1798 16 20 2
621 1797 64 27 gifva
696 1796 106 28 följande
814 1796 89 28 lydelse:

423 1830 36 20 På
475 1830 120 28 ansökning
611 1831 30 27 af
653 1830 159 22 vederbörande
824 1830 108 29 vägbygg-

169 1867 66 23 Bilaga
248 1868 30 17 till
291 1868 132 20 Sammansatto
437 1870 46 22 Lag-
496 1870 29 18 och
537 1871 178 17 Ekonomiutskottets
727 1870 107 18 betänkande
846 1870 34 17 N:o
892 1871 16 18 5.
