1025 1620
413 105 34 21 N:o
463 105 30 21 15.
791 105 11 19 9

78 173 65 22 heten
159 173 19 27 ej
194 175 63 24 utgör
273 173 89 21 föremål
378 173 33 21 för
427 173 122 26 inmutning
568 173 67 26 enligt
651 173 11 27 8
682 175 17 24 1,
715 178 47 15 men
779 171 54 22 efter

80 207 108 27 stämning
210 207 38 22 hos
272 208 100 20 domaren
397 214 33 14 om
454 207 33 21 för
507 207 149 27 inmutningen
676 209 66 19 annat
756 207 77 20 hinder

79 240 75 34 möter.
435 250 2 3 äi

151 276 34 21 Då
200 276 90 21 klander
305 276 23 21 af
342 277 106 20 mutsedel
469 276 7 21 i
492 277 92 20 berörda
600 276 37 21 fall
655 278 69 25 göres,
740 277 34 19 mä
791 275 42 21 Gu-

80 312 102 20 vervören
205 312 27 25 pä
255 311 120 26 ansökning
394 311 99 21 meddela
509 311 77 21 förbud
603 311 32 20 för
652 310 96 21 arbetets
765 310 68 21 vidta-

80 345 93 26 tagande
189 345 52 22 eller
257 345 150 21 fortsättande.

151 379 45 22 Har
211 380 121 21 inmutaren
348 379 106 22 verkstält
470 379 74 22 arbete
560 381 13 20 &
588 379 112 27 fyndighet
716 380 27 25 pä
762 378 70 27 grund

82 414 22 20 af
118 414 112 27 mutsedel,
247 420 46 15 som
309 414 123 21 sedermera
448 414 107 21 förklaras
567 414 64 26 ogild,
642 420 51 14 vare
705 414 86 26 skyldig
802 414 32 19 att

81 450 82 19 ersätta
178 448 29 21 all
223 448 77 21 förlust
315 448 40 21 och
370 448 75 28 skada,
457 454 46 15 som
515 448 124 27 derigenom
651 448 65 27 skett,
728 448 38 20 och
775 448 59 20 dess-

81 484 58 19 utom
162 482 99 22 förfallen
285 483 33 21 till
334 489 78 15 ansvar
428 483 67 27 enligt
512 483 41 27 lag,
570 489 34 15 om
619 483 43 20 han
679 488 76 20 genom
771 482 63 20 vilse-

81 516 91 23 ledande
195 517 52 21 eller
270 517 69 21 falska
359 518 110 26 uppgifter
484 518 39 20 hos
539 518 167 26 Bergmästaren
723 516 112 22 förskaffat

82 552 32 26 sig
124 552 122 20 mutsedeln
258 552 52 20 eller
321 553 27 25 pä
360 554 64 19 annat
437 553 44 19 sätt
492 552 141 26 bedrägligen
645 552 6 20 i
663 552 66 20 saken
738 550 95 22 handlat.

426 614 12 26 3
456 616 31 19 14

153 654 143 27 Stridigheter
319 661 33 15 om
376 654 179 27 inmutningsrätt
574 654 91 22 emellan
681 654 70 21 skilda
767 654 67 20 inmu-

82 691 46 19 tare
151 689 23 21 af
195 696 81 14 samma
299 689 111 27 fyndighet
433 689 110 21 äfvensom
565 689 73 26 frägor
659 695 33 15 om
708 689 90 21 klander
814 688 23 20 af

82 724 113 21 meddelad
211 724 105 21 mutsedel
333 724 6 20 i
356 724 25 21 de
397 724 45 27 fall,
460 724 91 21 sednare
567 725 116 19 momentet
700 724 22 20 af
731 724 11 26 $
756 724 23 20 11
792 729 43 15 om-

82 760 95 25 nämner,
201 760 105 24 upptagas
327 758 38 21 och
384 758 88 26 pröfvas
488 759 27 25 pä
531 758 108 26 stämning
655 758 23 20 af
693 757 120 21 domstolen
829 757 6 20 i

82 792 41 21 den
140 794 39 25 ort,
197 793 37 20 der
249 792 138 27 fyndigheten
399 794 24 19 är
436 792 99 27 belägen.
566 792 44 21 Och
622 798 56 20 vare,
691 792 26 20 dä
728 791 106 21 mutsede]

82 827 112 20 utverkats
210 827 27 26 pä
253 827 40 20 den
310 827 75 26 grund,
402 828 32 19 att
451 827 66 20 redan
534 827 97 20 inmutad
642 826 111 27 fyndighet
764 825 71 22 blifvit

83 861 130 26 öfvergifven
233 861 52 21 eller
305 861 141 21 föreskrifven
463 861 198 26 arbetsskyldighet
676 861 52 20 derä
744 860 90 21 försum-

83 895 55 27 mad,
154 895 57 21 förre
227 895 120 21 inmutaren
364 895 18 27 ej
400 895 85 27 skyldig
501 897 32 19 att
549 895 47 21 frän
612 895 32 21 sin
656 895 119 26 besittning
785 894 50 21 vika

83 929 65 21 innan
164 929 119 22 domstolen
294 930 105 21 förklarat
413 930 79 21 honom
502 929 132 27 rättigheten
646 929 71 22 dertill
728 929 106 26 förlustig.

426 993 11 27 &
457 994 32 20 14.

156 1032 41 21 Vill
214 1033 138 21 innehafvare
368 1033 22 20 af
403 1033 108 20 mutsedel
527 1033 124 20 densamma
663 1034 12 19 ä
686 1039 70 14 annan
767 1031 68 22 öfver-

82 1067 52 26 läta,
158 1067 83 20 anmäle
260 1067 74 21 härom
354 1067 38 21 hos
409 1067 169 26 Bergmästaren
595 1067 39 20 och
650 1067 98 26 uppgifve
764 1065 72 22 tillika

84 1101 39 21 den
140 1107 85 22 person,
241 1102 32 20 till
289 1102 87 21 hvilken
388 1101 153 22 öfverlätelsen
552 1102 97 21 kommer
659 1103 32 19 att
700 1102 43 20 ske.
769 1101 66 26 Berg-

83 1137 109 19 mästaren
208 1136 104 21 anteckne
328 1136 146 21 förhällandet
490 1137 13 20 &
513 1136 132 25 mutsedeln;
657 1136 38 21 och
706 1142 50 15 vare
768 1135 68 20 öfver-

83 1169 92 21 lätelsen
190 1172 52 19 utan
258 1170 59 27 dylik
333 1170 130 27 päteckning
480 1170 64 26 ogild.

154 1199 143 26 Öfverlätelse
319 1205 23 20 af
364 1205 106 20 mutsedel
495 1205 55 19 skall
572 1211 53 13 vara
643 1204 94 21 skrifven
757 1205 13 19 &
786 1203 50 21 den-

84 1245 91 18 samma;
199 1238 39 22 och
262 1239 69 27 äligge
352 1239 40 21 den
408 1245 41 20 nye
466 1238 162 27 innehafvaren,
643 1239 35 20 vid
694 1238 142 26 inmutnings-

83 1274 83 20 rättens
182 1272 84 28 förlust,
286 1275 31 19 att
337 1274 19 26 ej
376 1273 93 21 allenast
488 1273 58 21 inom
562 1273 69 21 sextio
648 1273 66 26 dagar
730 1272 55 21 efter
801 1271 36 21 det

83 1307 121 21 mutsedeln
219 1307 90 21 kommit
324 1308 6 20 i
346 1307 54 21 hans
416 1313 46 21 ego,
480 1307 86 21 anmäla
577 1307 33 27 sig
620 1307 39 21 hos
670 1307 166 26 Bergmästaren

83 1341 32 21 för
131 1341 125 21 erhållande
272 1342 23 20 af
309 1342 80 20 dennes
405 1341 133 27 päteckning
554 1342 57 26 derä,
629 1341 5 21 i
650 1341 102 21 händelse
768 1339 69 21 öfver-

82 1375 92 21 lätelsen
197 1376 23 20 af
241 1376 77 21 honom
339 1376 132 26 godkännes,
487 1377 53 19 utan
557 1376 46 26 ock,
620 1376 66 20 sedan
702 1374 68 28 dylikt
786 1374 51 26 god-

81 1409 115 21 kännande
211 1410 118 26 utverkats,
346 1410 57 20 inom
419 1410 44 20 lika
479 1410 33 20 tid
527 1410 120 26 bevisligen
657 1410 127 20 underrätta
800 1414 35 15 ve-
