1003 1623
323 82 22 24 U.
361 82 23 23 B.
395 94 29 5 —
436 82 62 30 Prop.
515 82 37 24 N:o
568 83 20 23 7.
796 84 12 20 9

79 143 32 20 att
126 140 72 27 hvarje
213 140 128 27 inteckning,
357 146 44 16 som
417 140 109 22 meddelas
536 140 5 21 i
551 140 42 22 fast
603 141 110 26 egendom,
725 139 59 23 äfven
795 146 43 15 om-

78 175 67 22 fattar
160 174 50 22 derä
226 174 90 27 anlagda
330 174 125 22 industriela
470 174 149 27 inrättningar,
635 174 7 21 i
652 174 81 23 hvilket
742 174 37 22 fall
788 173 50 22 flere

79 209 8 22 i
102 209 36 21 det
152 208 78 27 nädiga
244 208 101 27 förslaget
359 208 103 27 ingäende
477 209 160 26 bestämningar
652 209 72 22 kunna
740 208 100 22 bortfalla

80 244 70 21 säsom
166 242 139 27 öfverflödiga.

150 277 135 22 Beträffande
299 277 159 27 inteckningens
473 277 109 28 betydelse
593 277 39 22 och
643 277 78 22 verkan
731 277 49 22 med
790 277 50 22 hän-

81 312 42 27 sigt
145 311 32 22 till
200 311 26 22 de
248 311 124 22 industriela
391 311 181 28 inrättningarnas
588 311 79 28 rörliga
681 311 160 22 beständsdelar

81 346 62 27 ingär
164 345 46 22 icke
232 346 69 27 nägon
321 345 91 22 särskild
432 345 134 28 bestämning
581 346 8 21 i
604 346 37 21 det
656 345 118 22 Ständerna
788 345 54 22 före-

82 380 64 27 lagda
161 379 240 28 författningsförslaget.
427 380 39 21 Ett
481 380 119 27 stadgande
616 380 73 21 derom
705 386 61 21 synes
781 379 60 22 äfven

82 415 73 21 kunna
169 413 99 22 umbäras
282 414 65 21 redan
363 413 90 28 derföre,
470 416 32 19 att
516 413 102 28 förslaget
634 414 93 27 tydligen
743 413 55 22 afser
812 414 30 21 in-

83 449 100 26 teckning
204 448 8 21 i
236 448 91 21 nämnda
349 448 142 27 inrättningar
511 449 71 21 säsom
598 448 244 28 egendomskomplexer,

84 489 49 16 men
147 483 68 21 icke
208 478 12 35 i
238 483 61 21 deras
321 482 96 22 enskilda
438 482 169 27 beständsdelar,
631 483 127 21 betraktade
773 483 70 21 säsom

84 517 145 28 sjelfständiga
252 517 49 26 ting.
333 517 42 22 Det
397 523 63 21 synes
476 517 82 21 derföre
574 516 113 28 sjelffallet,
709 517 6 21 ä
730 523 40 16 ena
784 517 60 21 sidan

85 553 32 21 att
132 551 98 27 redskap,
245 551 128 22 inventarier
388 551 52 21 eller
455 551 107 27 tillbehör,
579 551 72 22 hvilka
665 557 76 22 genom
757 551 88 22 öfverlä-

84 586 55 22 telse
154 585 51 22 eller
219 586 28 27 pä
262 587 64 20 annat
345 587 44 20 sätt
403 585 69 22 blifvit
487 585 77 28 skiljda
579 585 46 22 frän
641 585 39 22 allt
694 585 151 27 sammanhang

85 620 50 21 med
156 620 149 27 inrättningen,
321 619 123 28 derigenom
459 619 61 22 äfven
536 619 88 23 befriats
640 620 47 21 frän
703 620 26 22 de
744 621 13 20 &
772 619 74 22 inrätt-

86 654 78 27 ningen
178 653 98 22 hvilande
291 653 169 28 gravationerna,
469 656 55 19 samt
540 655 12 20 &
568 655 41 21 den
624 655 67 21 andra
705 656 32 20 att
747 653 99 22 tillbehör

86 695 28 15 m.
130 695 35 20 m.,
181 688 71 21 hvilka
275 688 123 21 tillkommit
420 688 55 22 efter
494 689 133 27 intecknings
641 689 154 26 fastställande,
810 688 37 21 det

87 723 90 22 oaktadt
191 723 79 21 inträdt
292 722 65 22 bland
378 722 116 22 föremälen
509 723 33 21 för
557 723 144 27 gravationen.
731 722 116 22 Inrättnin-

87 763 78 21 garnas
179 756 78 28 rörliga
272 756 59 22 delar
346 756 100 22 omfattas
468 757 91 22 sälunda
574 757 22 22 af
609 758 149 26 inteckningen
773 756 75 22 endast

87 792 34 21 för
136 792 24 21 sä
175 791 43 31 vidt
234 791 39 22 och
288 792 23 21 sä
326 791 62 28 länge
404 791 26 22 de
444 791 70 23 finnas
528 793 14 21 &
557 792 40 22 och
612 793 77 26 utgöra
705 792 60 22 delar
775 790 23 23 af
807 790 41 22 den

89 826 8 21 i
111 825 118 22 hufvudsak
244 825 55 22 fasta
313 826 151 27 inrättningen.

159 860 74 22 Såsom
249 866 26 15 en
290 860 62 21 enkel
367 860 39 21 och
421 861 95 27 naturlig
530 861 132 27 konsegvens
677 860 61 22 häraf
750 859 100 22 framstår

91 895 41 21 den
147 895 7 20 i
169 901 74 15 senare
258 896 116 20 momentet
389 895 22 21 af
424 895 14 27 &
456 896 9 20 1
483 895 88 27 intagna
585 895 134 27 bestämning
729 896 32 20 att
771 893 80 22 inteck-

91 929 51 27 ning
157 929 17 26 ej
191 929 34 21 må
240 928 87 28 beviljas
342 929 31 21 uti
387 929 119 27 inrättning
521 929 23 21 af
556 929 162 27 ifrågavarande
733 927 118 23 beskaffen-

90 963 45 26 het,
143 965 40 19 när
197 963 41 21 den
253 965 24 19 är
291 963 83 28 inrymd
389 963 7 21 i
410 964 55 27 hyrd
480 963 58 22 lokal
554 963 51 22 eller
620 963 7 22 i
642 963 47 28 hus,
705 969 46 16 som
761 962 47 21 icke
818 961 33 22 får

91 997 110 22 intecknas
215 996 33 22 för
264 1003 87 21 egarens
369 997 148 22 förbindelser.
548 998 34 21 En
597 998 66 21 sådan
678 996 117 27 inrättning
809 996 43 21 kan

91 1031 106 27 nemligen
211 1031 8 22 i
233 1031 55 22 intet
302 1031 98 22 afseende
407 1031 107 22 likställas
528 1032 49 21 med
587 1031 106 28 fastighet,
704 1031 39 22 och
754 1030 99 27 reglorna

93 1065 109 28 angående
216 1065 121 28 inteckning
352 1065 7 22 i
374 1065 41 22 fast
430 1066 106 27 egendom
551 1066 68 21 skulle
633 1066 7 21 i
656 1066 51 27 följd
723 1065 61 22 deraf
797 1065 57 21 svår-

92 1099 57 27 ligen
164 1099 71 22 kunna
250 1101 12 20 &
271 1100 121 21 densamma
407 1099 115 28 tillämpas.
544 1100 56 22 Ville
607 1107 49 15 man
664 1101 47 21 åter
721 1098 132 27 föreskrifva,

93 1135 33 20 att
140 1133 65 28 rörlig
224 1133 110 22 industriel
351 1134 119 27 inrättning
485 1134 55 22 skall
554 1136 77 25 utgöra
645 1134 102 22 säkerhet
762 1133 33 22 för
809 1133 45 21 deri

94 1167 113 22 intecknad
228 1167 93 27 fordran,
340 1168 53 21 hvar
406 1168 58 22 helst
480 1169 40 22 och
534 1169 8 21 i
560 1169 73 22 hvems
649 1169 58 21 hand
723 1168 40 21 den
779 1169 27 20 än
820 1167 36 22 må

95 1201 84 23 befinna
193 1202 37 28 sig,
246 1203 24 20 så
285 1209 50 15 vore
351 1202 58 22 detta
424 1204 33 20 att
472 1202 69 23 införa
556 1205 32 20 ett
601 1203 134 27 fullständigt
749 1201 108 28 lösörehy-

96 1237 71 27 potek,
183 1249 26 4 —
225 1237 71 26 något,
311 1237 86 21 hvartill
411 1237 109 22 utskottet
535 1244 62 15 anser
618 1237 129 27 tillräckliga
762 1235 47 22 skäl
824 1235 33 22 för

95 1271 132 22 närvarande
244 1271 47 21 icke
312 1270 138 27 förekomma,
466 1271 63 22 äfven
545 1278 35 15 om
594 1272 76 21 sådant
684 1270 116 28 lämpligen
814 1269 44 22 läte

95 1305 33 27 sig
143 1307 52 25 göra
216 1305 57 22 inom
295 1311 74 15 ramen
391 1305 22 21 af
433 1311 27 15 en
476 1305 131 28 författning,
623 1305 86 23 hvilken
725 1304 33 22 för
773 1303 63 27 öfrigt
850 1303 8 21 i

96 1340 39 22 allt
149 1340 128 26 väsendtligt
292 1339 93 22 ansluter
400 1339 32 28 sig
446 1340 35 21 till
496 1340 159 28 lagstiftningen
669 1339 91 23 rörande
779 1338 81 21 inteck-

97 1374 50 27 ning
161 1374 8 21 i
183 1373 42 23 fast
240 1374 109 27 egendom.
375 1374 49 21 Med
440 1374 101 22 afseende
548 1374 53 22 härå
611 1374 40 22 och
662 1374 27 22 då
699 1374 42 22 den
751 1372 107 27 säkerhet,

97 1414 47 15 som
159 1408 71 22 kunde
251 1408 90 22 beredas
356 1407 172 29 fordringsegare
543 1415 76 21 genom
633 1408 124 26 inteckning
772 1407 8 21 i
795 1406 65 27 rörlig

168 1448 139 23 Lagutskottets
319 1448 117 18 betänkande
448 1448 40 18 N:o
500 1448 19 18 2.
