1011 1620
231 65 13 20 2
430 65 29 21 U.
473 65 29 21 B.
517 77 28 3 —
559 64 73 28 Prop.
647 63 42 23 N:o
705 63 22 22 9.

203 128 48 20 dast
266 128 89 21 emellan
370 128 132 27 lägenheter,
518 128 72 20 hvilka
605 131 37 17 äro
658 127 101 27 antingen
775 127 43 20 alla
828 126 63 21 frälse
904 126 53 20 eller

204 162 43 20 alla
262 162 91 20 skatte”.
383 162 110 27 Derjemte
507 162 39 20 har
562 162 85 20 ståndet
662 161 94 27 beslutit,
771 162 6 19 i
794 161 161 21 öfverensstäm-

204 197 66 20 melse
294 197 47 20 med
361 197 54 20 Herr
430 204 42 13 von
487 196 164 28 Weissenbergs
666 196 139 26 reservation,
820 198 31 18 att
866 196 91 20 emellan

204 231 66 20 andra
285 231 41 20 och
341 231 68 27 tredje
425 233 122 19 momenten
564 231 68 20 skulle
647 230 104 27 inskjutas
767 232 31 18 ett
807 232 47 25 nytt
863 232 93 19 moment

204 265 22 20 af
240 265 90 27 ungefär
345 266 65 20 sädan
426 266 83 26 lydelse
525 267 138 19 reservanten
679 265 117 27 föreslagit.

271 300 34 20 Då
328 300 156 26 Ridderskapet
506 299 40 21 och
569 299 81 21 Adelns
666 301 55 18 samt
735 298 169 21 Bondeständets
919 298 36 21 be-

202 334 43 20 slut
266 333 90 21 sälunda
370 334 192 20 öfverensstämma
578 333 48 21 med
642 333 41 21 den
699 333 24 20 af
735 333 110 20 Utskottet
860 333 95 20 uttalade

203 368 56 26 åsigt
282 367 40 21 och
345 368 147 27 stadgandena
514 374 34 14 om
563 367 165 27 lägenheternas
743 369 62 18 natur
820 367 28 20 uti
867 368 8 19 I
893 374 62 14 mom.

203 402 160 27 otvifvelaktigt
378 402 68 20 mäste
461 408 62 14 anses
538 402 90 20 hänföra
644 402 32 27 sig
691 401 63 20 äfven
770 402 32 19 till
817 402 13 19 2
845 408 62 13 mom.
923 401 32 20 fär

202 435 118 28 Utskottet,
336 436 48 20 med
400 436 136 21 vidhällande
552 436 24 20 af
589 435 48 21 dess
653 435 58 21 förra
726 436 91 26 mening,
833 435 77 21 föreslä

409 472 34 20 att
464 470 86 22 Preste-
566 469 39 22 och
619 469 197 28 Borgareständen
831 469 46 22 med
891 469 63 28 frän-

339 505 84 27 gående
443 504 28 29 af
483 505 70 26 deras,
570 504 138 28 beträffande
721 505 18 24 $
752 503 16 22 7
780 503 84 28 fattade
880 503 74 27 beslut,

340 538 53 23 ville
407 539 123 28 godkänna
544 539 127 22 densamma
685 539 9 21 i
709 537 95 29 enlighet
818 538 47 22 med
874 539 81 21 utskot-

340 574 41 21 tets
394 573 93 28 förslag.

202 629 33 21 2:0
479 633 10 22 s
504 629 14 22 8
533 629 68 26 (förut
616 630 31 25 9).

269 675 150 26 Ridderskapet
433 676 41 20 och
489 676 64 20 Adeln
568 678 55 18 samt
637 675 170 26 Borgareständet
816 675 63 20 hafva
890 675 64 21 bland

202 712 65 18 annat
282 710 167 20 &terremitterat
463 712 10 23 $
489 710 31 20 till
536 710 111 26 utskottet,
666 710 3 20 i
685 709 41 21 och
737 709 32 21 för
779 709 120 21 införandet
907 710 45 20 der-

201 745 30 19 uti
246 744 24 21 af
284 746 30 19 ett
330 744 117 27 stadgande
463 745 6 19 i
485 744 56 27 syfte
557 746 31 19 att
604 744 129 27 möjliggöra
742 744 123 27 afsöndring
875 744 20 20 af
904 744 49 27 jord

201 778 47 21 frän
263 778 58 21 förut
335 778 116 21 afsöndrad
466 779 89 26 parcell.

268 812 81 21 Preste-
364 812 41 20 och
420 813 153 20 Bondeständen
588 812 64 21 hafva
667 813 46 20 åter
728 812 82 27 antagit
820 814 10 23 $
841 814 49 18 utan
898 812 55 20 äter-

200 847 75 20 remiss
291 847 7 19 i
313 846 36 21 det
365 847 23 20 af
401 847 28 20 de
444 847 66 20 andra
526 847 90 21 ständen
632 846 90 21 afsedda
737 846 63 27 syfte.

268 881 59 20 Enär
350 883 79 19 tvenne
448 882 62 20 ständ
526 882 82 26 antagit
623 884 10 22 $
648 883 60 19 utom
723 881 76 20 sädant
814 881 74 27 tillägg
902 880 50 20 Rid-

200 914 116 28 derskapet
339 915 40 20 och
402 915 71 21 Adeln
491 918 55 18 samt
560 915 182 27 Borgareständet
757 915 92 26 beslutit,
864 914 89 21 föreslär

199 949 113 26 utskottet,
334 956 45 14 som
403 950 18 26 ej
445 950 69 20 funnit
536 950 47 20 skäl
602 950 76 26 frängä
693 950 33 20 sin
741 950 6 20 i
762 949 144 21 betänkandet
921 952 31 18 ut-

200 984 86 26 tryckta
302 984 62 26 äsigt,

406 1019 33 20 att
454 1017 164 28 Ridderskapet
633 1017 39 23 och
687 1017 75 22 Adeln
775 1019 57 20 samt
843 1018 109 28 Borgare-

337 1051 89 21 ständet
444 1051 53 22 ville
513 1051 84 29 frängä
612 1052 63 21 deras
689 1051 65 28 förra
769 1051 69 22 beslut
851 1052 10 21 i
875 1052 77 28 ofvan-

337 1086 93 21 berörda
444 1085 124 23 hänseende
584 1086 39 22 och
636 1086 122 28 godkänna
772 1087 17 24 $
804 1086 16 22 8
834 1088 56 20 utan
899 1086 54 22 slikt

336 1119 83 28 tillägg.

198 1170 34 21 3:0
477 1175 10 22 S
503 1173 11 19 9
532 1173 66 26 (förut
616 1173 38 26 10).

268 1210 105 27 Samtliga
395 1211 63 21 ständ
481 1212 65 20 hafva
567 1213 95 26 godkänt
677 1215 29 21 $:s
723 1215 31 17 tre
769 1212 68 20 första
851 1214 100 24 moment,

200 1246 63 24 samt,
278 1244 50 20 med
342 1245 110 27 undantag
469 1246 24 20 af
505 1246 167 26 Bondeständet,
688 1246 88 21 beslutit
791 1248 32 18 att
838 1246 52 21 sista
905 1252 46 14 mo-

196 1280 81 18 mentet
293 1278 30 20 uti
339 1281 9 22 $
365 1279 12 20 9
393 1279 70 21 skulle
479 1280 160 21 omformuleras
654 1281 6 19 i
672 1280 221 21 öfverensstämmelse
903 1280 49 21 med

195 1312 55 20 Herr
265 1312 113 27 Fabritius,
394 1314 138 20 reservation.

264 1347 108 27 Derjemte
398 1348 40 20 har
459 1348 150 27 Ridderskapet
632 1349 40 21 och
696 1349 65 20 Adeln
785 1349 166 21 äterremitterat

195 1382 10 22 S
229 1381 32 20 till
284 1382 105 20 utskottet
412 1383 6 19 i
439 1383 40 20 och
495 1383 33 21 för
542 1384 112 20 införande
669 1384 30 20 uti
716 1383 48 21 dess
780 1386 11 17 1
806 1390 63 13 mom.
885 1383 23 20 af
921 1386 31 18 ett

264 1420 64 24 Bilaga
339 1422 29 16 till
381 1422 127 18 Sammansatta
521 1423 44 23 Lag-
577 1423 30 18 och
619 1424 177 17 Ekonomiutskoltets
808 1423 31 17 bet.
853 1423 33 17 N:o
898 1424 16 16 2.
