1003 1620
291 110 22 23 U.
331 110 21 22 B.
369 122 30 5 —
416 110 61 29 Prop.
495 112 34 21 N:o
547 110 21 23 8.
766 110 13 20 3

48 170 57 19 emot
127 168 117 26 äktenskap
268 167 90 22 emellan
378 167 71 27 dylika
464 173 107 21 personer.
603 167 50 21 Men
668 166 33 22 för
715 165 94 22 bibehäl-

47 201 64 22 lande
126 201 22 22 af
163 202 91 21 nämnda
269 201 248 27 ansvarsbestämningar
532 201 43 21 tala
591 202 12 20 å
618 202 67 20 andra
700 201 59 21 sidan
774 200 35 21 be-

49 236 142 21 aktansvärda
212 236 53 26 skäl,
281 236 73 21 hvilka
368 236 107 21 föranledt
489 236 106 21 utskottet
610 238 32 19 att
657 235 60 22 äfven
732 234 77 22 beträf-

49 269 62 22 fande
135 270 69 22 denna
225 270 69 27 punkt
316 270 87 22 förorda
426 270 40 22 den
481 270 78 27 nädiga
574 270 170 27 propositionens
759 268 50 28 god-

49 304 116 21 kännande.
197 305 47 21 Den
268 304 106 23 allmänna
389 304 143 22 rättskänslan
547 304 69 21 finner
630 304 104 27 nemligen
751 303 58 21 brott

50 339 57 20 emot
121 338 125 28 kyskheten,
255 338 111 27 begångna
381 338 22 22 af
416 338 132 28 besvågrade
555 344 107 22 personer,
672 344 58 16 mera
741 336 68 23 straff-

49 372 52 21 bara
117 374 27 20 än
160 373 110 21 enahanda
284 372 112 22 förseelser
411 373 89 21 emellan
516 373 47 21 icke
577 372 136 28 befryndade,
724 371 86 22 hvartill

51 406 90 21 orsaken
156 407 61 21 torde
239 406 53 21 böra
308 407 62 21 sökas
385 406 146 28 förnämligast
547 406 52 27 deri,
615 408 32 20 att
661 406 148 27 familjelifvets

51 440 75 21 renhet
142 441 40 21 och
202 440 64 27 helgd
289 441 7 20 i
312 441 36 21 det
362 441 57 21 förra
434 441 60 21 fallet
509 447 62 22 synas
587 441 171 21 allvarsammare
773 440 37 21 ho-

50 474 50 21 tade
115 477 27 18 än
157 475 7 20 i
179 475 35 21 det
229 481 80 15 senare.
340 475 42 21 För
398 475 62 22 dessa
475 475 56 22 olika
546 475 77 27 grader
638 475 22 21 af
674 474 136 23 straffbarhet

51 508 74 25 skulle,
142 509 70 21 derest
227 508 61 22 äfven
304 510 54 20 6—9
374 509 27 28 $$
417 510 28 20 59
461 510 48 26 kap.
525 509 29 21 M.
571 509 23 21 B.
610 509 123 27 upphäfdes,
754 509 56 21 olika

51 542 114 22 straffmätt
175 542 46 22 icke
228 543 72 21 kunna
310 542 23 22 af
347 543 144 22 domstolarne
506 544 94 26 ädömas,
616 544 89 21 emedan
716 543 26 21 de
756 542 7 21 i
778 542 32 22 sä-

52 576 51 22 dant
117 576 38 22 fall
177 577 125 27 tillämpliga
316 577 249 27 straffbestämningarna
579 578 8 20 i
602 578 27 21 53
645 578 40 21 och
700 578 26 21 55
743 576 68 28 kapit-

51 610 35 22 len
110 610 23 22 af
157 617 79 15 samma
261 611 50 21 balk
334 614 36 18 äro
387 612 103 21 absoluta.
522 613 39 20 Att
576 612 46 22 åter
641 612 3 21 i
659 611 152 26 sammanhang

52 645 49 21 med
115 651 29 15 nu
164 644 142 28 föreliggande
328 645 79 27 förslag
422 646 123 27 uppställda
559 652 42 22 nya
615 646 105 22 straffbud
734 646 34 21 för
782 645 29 21 lä-

52 679 92 27 gersmäl
169 679 89 22 emellan
274 680 136 26 besvägrade,
427 686 62 21 synes
504 680 95 22 hvarken
614 680 130 27 nödvändigt
760 679 51 21 eller

52 712 103 28 lämpligt,
181 714 26 21 dä
231 714 71 21 säsom
326 714 67 21 kändt
408 716 24 20 är
448 716 31 20 ett
494 714 133 28 fullständigt
642 714 79 27 förslag
736 714 32 21 till
784 720 27 20 ny

53 746 96 28 strafflag
171 747 33 21 för
224 748 92 21 Finland
338 748 57 22 inom
410 748 51 22 kört
475 749 62 21 torde
553 749 119 21 Ständerna
686 748 124 26 föreläggas.

123 781 31 21 Pä
170 782 68 26 grund
252 782 22 21 af
288 782 36 21 det
339 782 88 22 anförda
442 782 33 22 fär
490 783 111 22 Utskottet
611 783 107 21 vördsamt
728 782 83 22 föreslä:

261 829 33 18 att
310 827 40 21 den
365 828 84 27 nädiga
457 829 164 26 propositionen
633 829 65 20 mätte
709 827 29 28 af
747 827 64 21 Stän-

193 861 65 20 derna
274 860 140 27 oförändrad
429 865 100 25 antagas.

123 911 10 21 I
149 911 58 22 detta
228 912 90 22 ärendes
340 913 85 27 slutliga
440 913 129 28 behandling
584 913 62 22 hafva
661 912 88 27 deltagit
764 912 48 21 ord-

54 945 102 21 föranden
179 945 152 29 Montgomery,
352 947 146 21 ledamöterne
514 947 21 22 C.
553 948 23 21 F.
593 948 109 25 Forsman,
716 945 95 27 Renvall,

55 978 116 28 Grönberg,
187 980 129 27 Rosengren,
331 980 19 22 J.
366 981 111 27 Forsman,
494 982 100 26 Grönvik,
603 982 112 26 Stenbäck,
723 980 89 28 Nystén,

56 1012 111 28 Clouberg,
184 1014 94 22 Heikura
294 1014 40 22 och
349 1015 129 21 Tensikkala
488 1018 56 19 samt
554 1016 162 27 suppleanterne
724 1015 89 21 friherre

54 1047 25 21 R.
95 1047 84 27 Wrede,
195 1054 41 16 von
251 1049 112 27 Knorring,
379 1049 58 22 Kalli
453 1050 40 21 och
509 1050 116 22 Komonen.

122 1093 130 27 Helsingfors
268 1094 40 22 den
326 1096 25 20 18
367 1095 104 21 Februari
488 1096 61 21 1882.

125 1468 141 22 Lagutskottets
279 1470 117 18 betänkande
408 1470 39 18 N:o
460 1470 17 17 6.
