<?xml version="1.0" encoding="UTF-8"?>
<alto xmlns="http://www.loc.gov/standards/alto/ns-v3#" xmlns:xlink="http://www.w3.org/1999/xlink" xmlns:xsi="http://www.w3.org/2001/XMLSchema-instance" xsi:schemaLocation="http://www.loc.gov/standards/alto/ns-v3# http://www.loc.gov/alto/v3/alto-3-0.xsd">
	<Description>
		<MeasurementUnit>pixel</MeasurementUnit>
		<sourceImageInformation>
			<fileName>/tmp/tess_yps_dh1t_input.PNG</fileName>
		</sourceImageInformation>
		<OCRProcessing ID="OCR_0">
			<ocrProcessingStep>
				<processingSoftware>
					<softwareName>tesseract 5.3.4</softwareName>
				</processingSoftware>
			</ocrProcessingStep>
		</OCRProcessing>
	</Description>
	<Layout>
		<Page WIDTH="1000" HEIGHT="1617" PHYSICAL_IMG_NR="0" ID="page_0">
			<PrintSpace HPOS="0" VPOS="0" WIDTH="1000" HEIGHT="1617">
				<ComposedBlock ID="cblock_0" HPOS="267" VPOS="90" WIDTH="367" HEIGHT="28">
					<TextBlock ID="block_0" HPOS="267" VPOS="90" WIDTH="367" HEIGHT="28">
						<TextLine ID="line_0" HPOS="267" VPOS="90" WIDTH="367" HEIGHT="28">
							<String ID="string_0" HPOS="267" VPOS="92" WIDTH="83" HEIGHT="23" WC="0.82" CONTENT="Ständ."/><SP WIDTH="15" VPOS="92" HPOS="350"/>
							<String ID="string_1" HPOS="365" VPOS="92" WIDTH="36" HEIGHT="22" WC="0.93" CONTENT="Sv."/><SP WIDTH="15" VPOS="92" HPOS="401"/>
							<String ID="string_2" HPOS="416" VPOS="104" WIDTH="28" HEIGHT="4" WC="0.92" CONTENT="—"/><SP WIDTH="15" VPOS="104" HPOS="444"/>
							<String ID="string_3" HPOS="459" VPOS="91" WIDTH="71" HEIGHT="27" WC="0.96" CONTENT="Prop."/><SP WIDTH="15" VPOS="91" HPOS="530"/>
							<String ID="string_4" HPOS="545" VPOS="90" WIDTH="40" HEIGHT="23" WC="0.96" CONTENT="N:o"/><SP WIDTH="14" VPOS="90" HPOS="585"/>
							<String ID="string_5" HPOS="599" VPOS="90" WIDTH="35" HEIGHT="22" WC="0.77" CONTENT="165."/>
						</TextLine>
					</TextBlock>
				</ComposedBlock>
				<ComposedBlock ID="cblock_1" HPOS="285" VPOS="356" WIDTH="541" HEIGHT="152">
					<TextBlock ID="block_1" HPOS="285" VPOS="356" WIDTH="541" HEIGHT="152">
						<TextLine ID="line_1" HPOS="352" VPOS="356" WIDTH="473" HEIGHT="27">
							<String ID="string_6" HPOS="352" VPOS="358" WIDTH="130" HEIGHT="25" WC="0.93" CONTENT="Finlands"/><SP WIDTH="22" VPOS="358" HPOS="482"/>
							<String ID="string_7" HPOS="504" VPOS="357" WIDTH="132" HEIGHT="24" WC="0.90" CONTENT="Ständers"/><SP WIDTH="22" VPOS="357" HPOS="636"/>
							<String ID="string_8" HPOS="658" VPOS="356" WIDTH="167" HEIGHT="26" WC="0.90" CONTENT="underdäni-"/>
						</TextLine>
						<TextLine ID="line_2" HPOS="285" VPOS="397" WIDTH="541" HEIGHT="33">
							<String ID="string_9" HPOS="285" VPOS="405" WIDTH="34" HEIGHT="25" WC="0.96" CONTENT="ga"/><SP WIDTH="18" VPOS="405" HPOS="319"/>
							<String ID="string_10" HPOS="337" VPOS="405" WIDTH="64" HEIGHT="17" WC="0.92" CONTENT="svar"/><SP WIDTH="18" VPOS="405" HPOS="401"/>
							<String ID="string_11" HPOS="419" VPOS="398" WIDTH="6" HEIGHT="23" WC="0.92" CONTENT="i"/><SP WIDTH="20" VPOS="398" HPOS="425"/>
							<String ID="string_12" HPOS="445" VPOS="397" WIDTH="116" HEIGHT="29" WC="0.90" CONTENT="anledning"/><SP WIDTH="21" VPOS="397" HPOS="561"/>
							<String ID="string_13" HPOS="582" VPOS="397" WIDTH="26" HEIGHT="24" WC="0.96" CONTENT="af"/><SP WIDTH="16" VPOS="397" HPOS="608"/>
							<String ID="string_14" HPOS="624" VPOS="397" WIDTH="57" HEIGHT="24" WC="0.93" CONTENT="Hans"/><SP WIDTH="18" VPOS="397" HPOS="681"/>
							<String ID="string_15" HPOS="699" VPOS="397" WIDTH="127" HEIGHT="30" WC="0.91" CONTENT="Kejserliga"/>
						</TextLine>
						<TextLine ID="line_3" HPOS="286" VPOS="436" WIDTH="540" HEIGHT="33">
							<String ID="string_16" HPOS="286" VPOS="438" WIDTH="117" HEIGHT="31" WC="0.84" CONTENT="Majestäts"/><SP WIDTH="13" VPOS="438" HPOS="403"/>
							<String ID="string_17" HPOS="416" VPOS="437" WIDTH="80" HEIGHT="30" WC="0.96" CONTENT="nådiga"/><SP WIDTH="13" VPOS="437" HPOS="496"/>
							<String ID="string_18" HPOS="509" VPOS="437" WIDTH="133" HEIGHT="32" WC="0.96" CONTENT="proposition"/><SP WIDTH="14" VPOS="437" HPOS="642"/>
							<String ID="string_19" HPOS="656" VPOS="444" WIDTH="33" HEIGHT="17" WC="0.96" CONTENT="om"/><SP WIDTH="15" VPOS="444" HPOS="689"/>
							<String ID="string_20" HPOS="704" VPOS="436" WIDTH="122" HEIGHT="31" WC="0.91" CONTENT="antagande"/>
						</TextLine>
						<TextLine ID="line_4" HPOS="289" VPOS="477" WIDTH="469" HEIGHT="31">
							<String ID="string_21" HPOS="289" VPOS="479" WIDTH="25" HEIGHT="23" WC="0.95" CONTENT="af"/><SP WIDTH="16" VPOS="479" HPOS="314"/>
							<String ID="string_22" HPOS="330" VPOS="485" WIDTH="26" HEIGHT="17" WC="0.93" CONTENT="en"/><SP WIDTH="19" VPOS="485" HPOS="356"/>
							<String ID="string_23" HPOS="375" VPOS="479" WIDTH="141" HEIGHT="29" WC="0.93" CONTENT="inmutnings-"/><SP WIDTH="18" VPOS="479" HPOS="516"/>
							<String ID="string_24" HPOS="534" VPOS="477" WIDTH="39" HEIGHT="24" WC="0.93" CONTENT="och"/><SP WIDTH="19" VPOS="477" HPOS="573"/>
							<String ID="string_25" HPOS="592" VPOS="477" WIDTH="166" HEIGHT="31" WC="0.92" CONTENT="grufvestadga."/>
						</TextLine>
					</TextBlock>
				</ComposedBlock>
				<ComposedBlock ID="cblock_2" HPOS="123" VPOS="543" WIDTH="668" HEIGHT="57">
					<TextBlock ID="block_2" HPOS="123" VPOS="543" WIDTH="668" HEIGHT="57">
						<TextLine ID="line_5" HPOS="123" VPOS="543" WIDTH="668" HEIGHT="29">
							<String ID="string_26" HPOS="123" VPOS="545" WIDTH="257" HEIGHT="27" WC="0.91" CONTENT="Stormäktigste,"/><SP WIDTH="20" VPOS="545" HPOS="380"/>
							<String ID="string_27" HPOS="400" VPOS="544" WIDTH="241" HEIGHT="27" WC="0.91" CONTENT="Allernädigste"/><SP WIDTH="20" VPOS="544" HPOS="641"/>
							<String ID="string_28" HPOS="661" VPOS="543" WIDTH="130" HEIGHT="28" WC="0.92" CONTENT="Kejsare"/>
						</TextLine>
						<TextLine ID="line_6" HPOS="326" VPOS="578" WIDTH="267" HEIGHT="22">
							<String ID="string_29" HPOS="326" VPOS="579" WIDTH="54" HEIGHT="21" WC="0.93" CONTENT="och"/><SP WIDTH="20" VPOS="579" HPOS="380"/>
							<String ID="string_30" HPOS="400" VPOS="578" WIDTH="193" HEIGHT="22" WC="0.92" CONTENT="Storfurste!"/>
						</TextLine>
					</TextBlock>
				</ComposedBlock>
				<ComposedBlock ID="cblock_3" HPOS="87" VPOS="635" WIDTH="757" HEIGHT="815">
					<TextBlock ID="block_3" HPOS="87" VPOS="635" WIDTH="749" HEIGHT="404">
						<TextLine ID="line_7" HPOS="155" VPOS="635" WIDTH="676" HEIGHT="27">
							<String ID="string_31" HPOS="155" VPOS="636" WIDTH="69" HEIGHT="22" WC="0.91" CONTENT="Sedan"/><SP WIDTH="22" VPOS="636" HPOS="224"/>
							<String ID="string_32" HPOS="246" VPOS="636" WIDTH="82" HEIGHT="21" WC="0.90" CONTENT="inmutr"/><SP WIDTH="15" VPOS="636" HPOS="328"/>
							<String ID="string_33" HPOS="343" VPOS="642" WIDTH="28" HEIGHT="20" WC="0.92" CONTENT="ng"/><SP WIDTH="18" VPOS="642" HPOS="371"/>
							<String ID="string_34" HPOS="389" VPOS="636" WIDTH="40" HEIGHT="21" WC="0.93" CONTENT="och"/><SP WIDTH="15" VPOS="636" HPOS="429"/>
							<String ID="string_35" HPOS="444" VPOS="635" WIDTH="140" HEIGHT="27" WC="0.92" CONTENT="bearbetning"/><SP WIDTH="16" VPOS="635" HPOS="584"/>
							<String ID="string_36" HPOS="600" VPOS="635" WIDTH="24" HEIGHT="21" WC="0.93" CONTENT="af"/><SP WIDTH="12" VPOS="635" HPOS="624"/>
							<String ID="string_37" HPOS="636" VPOS="635" WIDTH="89" HEIGHT="21" WC="0.92" CONTENT="malmer"/><SP WIDTH="14" VPOS="635" HPOS="725"/>
							<String ID="string_38" HPOS="739" VPOS="635" WIDTH="40" HEIGHT="21" WC="0.93" CONTENT="och"/><SP WIDTH="14" VPOS="635" HPOS="779"/>
							<String ID="string_39" HPOS="793" VPOS="635" WIDTH="38" HEIGHT="21" WC="0.93" CONTENT="mi-"/>
						</TextLine>
						<TextLine ID="line_8" HPOS="88" VPOS="669" WIDTH="743" HEIGHT="27">
							<String ID="string_40" HPOS="88" VPOS="671" WIDTH="92" HEIGHT="21" WC="0.93" CONTENT="neralier"/><SP WIDTH="14" VPOS="671" HPOS="180"/>
							<String ID="string_41" HPOS="194" VPOS="671" WIDTH="7" HEIGHT="20" WC="0.96" CONTENT="i"/><SP WIDTH="15" VPOS="671" HPOS="201"/>
							<String ID="string_42" HPOS="216" VPOS="670" WIDTH="73" HEIGHT="21" WC="0.93" CONTENT="landet"/><SP WIDTH="14" VPOS="670" HPOS="289"/>
							<String ID="string_43" HPOS="303" VPOS="670" WIDTH="76" HEIGHT="21" WC="0.93" CONTENT="vunnit"/><SP WIDTH="15" VPOS="670" HPOS="379"/>
							<String ID="string_44" HPOS="394" VPOS="670" WIDTH="39" HEIGHT="21" WC="0.96" CONTENT="allt"/><SP WIDTH="16" VPOS="670" HPOS="433"/>
							<String ID="string_45" HPOS="449" VPOS="671" WIDTH="68" HEIGHT="20" WC="0.96" CONTENT="större"/><SP WIDTH="15" VPOS="671" HPOS="517"/>
							<String ID="string_46" HPOS="532" VPOS="669" WIDTH="149" HEIGHT="27" WC="0.89" CONTENT="utsträckning"/><SP WIDTH="14" VPOS="669" HPOS="681"/>
							<String ID="string_47" HPOS="695" VPOS="669" WIDTH="40" HEIGHT="21" WC="0.96" CONTENT="har"/><SP WIDTH="14" VPOS="669" HPOS="735"/>
							<String ID="string_48" HPOS="749" VPOS="670" WIDTH="36" HEIGHT="20" WC="0.93" CONTENT="det"/><SP WIDTH="15" VPOS="670" HPOS="785"/>
							<String ID="string_49" HPOS="800" VPOS="669" WIDTH="31" HEIGHT="21" WC="0.92" CONTENT="in-"/>
						</TextLine>
						<TextLine ID="line_9" HPOS="88" VPOS="703" WIDTH="744" HEIGHT="29">
							<String ID="string_50" HPOS="88" VPOS="705" WIDTH="65" HEIGHT="27" WC="0.93" CONTENT="träng"/><SP WIDTH="22" VPOS="705" HPOS="153"/>
							<String ID="string_51" HPOS="175" VPOS="705" WIDTH="7" HEIGHT="20" WC="0.93" CONTENT="i"/><SP WIDTH="19" VPOS="705" HPOS="182"/>
							<String ID="string_52" HPOS="201" VPOS="705" WIDTH="212" HEIGHT="27" WC="0.90" CONTENT="jordeganderätten,"/><SP WIDTH="24" VPOS="705" HPOS="413"/>
							<String ID="string_53" HPOS="437" VPOS="711" WIDTH="52" HEIGHT="19" WC="0.96" CONTENT="som,"/><SP WIDTH="15" VPOS="711" HPOS="489"/>
							<String ID="string_54" HPOS="504" VPOS="704" WIDTH="67" HEIGHT="27" WC="0.96" CONTENT="enligt"/><SP WIDTH="23" VPOS="704" HPOS="571"/>
							<String ID="string_55" HPOS="594" VPOS="711" WIDTH="28" HEIGHT="13" WC="0.96" CONTENT="nu"/><SP WIDTH="17" VPOS="711" HPOS="622"/>
							<String ID="string_56" HPOS="639" VPOS="704" WIDTH="99" HEIGHT="26" WC="0.93" CONTENT="gällande"/><SP WIDTH="16" VPOS="704" HPOS="738"/>
							<String ID="string_57" HPOS="754" VPOS="703" WIDTH="78" HEIGHT="28" WC="0.92" CONTENT="nädiga"/>
						</TextLine>
						<TextLine ID="line_10" HPOS="89" VPOS="738" WIDTH="744" HEIGHT="28">
							<String ID="string_58" HPOS="89" VPOS="740" WIDTH="77" HEIGHT="26" WC="0.92" CONTENT="stadga"/><SP WIDTH="14" VPOS="740" HPOS="166"/>
							<String ID="string_59" HPOS="180" VPOS="739" WIDTH="8" HEIGHT="21" WC="0.93" CONTENT="i"/><SP WIDTH="14" VPOS="739" HPOS="188"/>
							<String ID="string_60" HPOS="202" VPOS="740" WIDTH="71" HEIGHT="20" WC="0.92" CONTENT="ämnet"/><SP WIDTH="16" VPOS="740" HPOS="273"/>
							<String ID="string_61" HPOS="289" VPOS="738" WIDTH="23" HEIGHT="22" WC="0.96" CONTENT="af"/><SP WIDTH="13" VPOS="738" HPOS="312"/>
							<String ID="string_62" HPOS="325" VPOS="739" WIDTH="42" HEIGHT="20" WC="0.96" CONTENT="den"/><SP WIDTH="15" VPOS="739" HPOS="367"/>
							<String ID="string_63" HPOS="382" VPOS="739" WIDTH="26" HEIGHT="20" WC="0.96" CONTENT="25"/><SP WIDTH="17" VPOS="739" HPOS="408"/>
							<String ID="string_64" HPOS="425" VPOS="738" WIDTH="42" HEIGHT="28" WC="0.96" CONTENT="Maj"/><SP WIDTH="18" VPOS="738" HPOS="467"/>
							<String ID="string_65" HPOS="485" VPOS="738" WIDTH="60" HEIGHT="25" WC="0.95" CONTENT="1857,"/><SP WIDTH="11" VPOS="738" HPOS="545"/>
							<String ID="string_66" HPOS="556" VPOS="738" WIDTH="55" HEIGHT="21" WC="0.93" CONTENT="varit"/><SP WIDTH="10" VPOS="738" HPOS="611"/>
							<String ID="string_67" HPOS="621" VPOS="738" WIDTH="133" HEIGHT="27" WC="0.91" CONTENT="upptäckare"/><SP WIDTH="10" VPOS="738" HPOS="754"/>
							<String ID="string_68" HPOS="764" VPOS="738" WIDTH="24" HEIGHT="21" WC="0.93" CONTENT="af"/><SP WIDTH="9" VPOS="738" HPOS="788"/>
							<String ID="string_69" HPOS="797" VPOS="738" WIDTH="36" HEIGHT="27" WC="0.91" CONTENT="dy-"/>
						</TextLine>
						<TextLine ID="line_11" HPOS="88" VPOS="772" WIDTH="745" HEIGHT="28">
							<String ID="string_70" HPOS="88" VPOS="772" WIDTH="46" HEIGHT="22" WC="0.91" CONTENT="lika"/><SP WIDTH="21" VPOS="772" HPOS="134"/>
							<String ID="string_71" HPOS="155" VPOS="772" WIDTH="133" HEIGHT="28" WC="0.91" CONTENT="fyndigheter"/><SP WIDTH="21" VPOS="772" HPOS="288"/>
							<String ID="string_72" HPOS="309" VPOS="772" WIDTH="122" HEIGHT="27" WC="0.92" CONTENT="medgifvet,"/><SP WIDTH="21" VPOS="772" HPOS="431"/>
							<String ID="string_73" HPOS="452" VPOS="774" WIDTH="82" HEIGHT="19" WC="0.89" CONTENT="ansetts"/><SP WIDTH="22" VPOS="774" HPOS="534"/>
							<String ID="string_74" HPOS="556" VPOS="772" WIDTH="52" HEIGHT="21" WC="0.92" CONTENT="böra"/><SP WIDTH="15" VPOS="772" HPOS="608"/>
							<String ID="string_75" HPOS="623" VPOS="772" WIDTH="7" HEIGHT="20" WC="0.93" CONTENT="i"/><SP WIDTH="14" VPOS="772" HPOS="630"/>
							<String ID="string_76" HPOS="644" VPOS="772" WIDTH="71" HEIGHT="26" WC="0.92" CONTENT="nägon"/><SP WIDTH="22" VPOS="772" HPOS="715"/>
							<String ID="string_77" HPOS="737" VPOS="772" WIDTH="49" HEIGHT="21" WC="0.93" CONTENT="män"/><SP WIDTH="15" VPOS="772" HPOS="786"/>
							<String ID="string_78" HPOS="801" VPOS="772" WIDTH="32" HEIGHT="20" WC="0.92" CONTENT="in-"/>
						</TextLine>
						<TextLine ID="line_12" HPOS="90" VPOS="806" WIDTH="745" HEIGHT="28">
							<String ID="string_79" HPOS="90" VPOS="807" WIDTH="105" HEIGHT="21" WC="0.90" CONTENT="skränkas"/><SP WIDTH="22" VPOS="807" HPOS="195"/>
							<String ID="string_80" HPOS="217" VPOS="806" WIDTH="108" HEIGHT="22" WC="0.91" CONTENT="äfvensom"/><SP WIDTH="23" VPOS="806" HPOS="325"/>
							<String ID="string_81" HPOS="348" VPOS="806" WIDTH="45" HEIGHT="22" WC="0.95" CONTENT="dels"/><SP WIDTH="15" VPOS="806" HPOS="393"/>
							<String ID="string_82" HPOS="408" VPOS="813" WIDTH="49" HEIGHT="21" WC="0.96" CONTENT="nya,"/><SP WIDTH="15" VPOS="813" HPOS="457"/>
							<String ID="string_83" HPOS="472" VPOS="806" WIDTH="46" HEIGHT="21" WC="0.96" CONTENT="dels"/><SP WIDTH="14" VPOS="806" HPOS="518"/>
							<String ID="string_84" HPOS="532" VPOS="806" WIDTH="105" HEIGHT="27" WC="0.93" CONTENT="tydligare"/><SP WIDTH="15" VPOS="806" HPOS="637"/>
							<String ID="string_85" HPOS="652" VPOS="807" WIDTH="132" HEIGHT="26" WC="0.92" CONTENT="stadganden"/><SP WIDTH="15" VPOS="807" HPOS="784"/>
							<String ID="string_86" HPOS="799" VPOS="806" WIDTH="36" HEIGHT="22" WC="0.92" CONTENT="be-"/>
						</TextLine>
						<TextLine ID="line_13" HPOS="90" VPOS="840" WIDTH="745" HEIGHT="28">
							<String ID="string_87" HPOS="90" VPOS="841" WIDTH="83" HEIGHT="21" WC="0.95" CONTENT="funnits"/><SP WIDTH="15" VPOS="841" HPOS="173"/>
							<String ID="string_88" HPOS="188" VPOS="842" WIDTH="77" HEIGHT="26" WC="0.96" CONTENT="nödiga"/><SP WIDTH="14" VPOS="842" HPOS="265"/>
							<String ID="string_89" HPOS="279" VPOS="841" WIDTH="33" HEIGHT="21" WC="0.93" CONTENT="till"/><SP WIDTH="15" VPOS="841" HPOS="312"/>
							<String ID="string_90" HPOS="327" VPOS="840" WIDTH="175" HEIGHT="22" WC="0.96" CONTENT="förekommande"/><SP WIDTH="16" VPOS="840" HPOS="502"/>
							<String ID="string_91" HPOS="518" VPOS="840" WIDTH="24" HEIGHT="22" WC="0.96" CONTENT="af"/><SP WIDTH="12" VPOS="840" HPOS="542"/>
							<String ID="string_92" HPOS="554" VPOS="841" WIDTH="26" HEIGHT="21" WC="0.93" CONTENT="de"/><SP WIDTH="16" VPOS="841" HPOS="580"/>
							<String ID="string_93" HPOS="596" VPOS="840" WIDTH="105" HEIGHT="21" WC="0.96" CONTENT="missbruk"/><SP WIDTH="9" VPOS="840" HPOS="701"/>
							<String ID="string_94" HPOS="710" VPOS="841" WIDTH="36" HEIGHT="21" WC="0.93" CONTENT="vid"/><SP WIDTH="9" VPOS="841" HPOS="746"/>
							<String ID="string_95" HPOS="755" VPOS="841" WIDTH="80" HEIGHT="23" WC="0.92" CONTENT="inmut-"/>
						</TextLine>
						<TextLine ID="line_14" HPOS="92" VPOS="874" WIDTH="743" HEIGHT="28">
							<String ID="string_96" HPOS="92" VPOS="875" WIDTH="144" HEIGHT="27" WC="0.91" CONTENT="ningsrättens"/><SP WIDTH="15" VPOS="875" HPOS="236"/>
							<String ID="string_97" HPOS="251" VPOS="875" WIDTH="146" HEIGHT="27" WC="0.92" CONTENT="begagnande,"/><SP WIDTH="17" VPOS="875" HPOS="397"/>
							<String ID="string_98" HPOS="414" VPOS="875" WIDTH="72" HEIGHT="21" WC="0.91" CONTENT="hvilka"/><SP WIDTH="16" VPOS="875" HPOS="486"/>
							<String ID="string_99" HPOS="502" VPOS="875" WIDTH="40" HEIGHT="21" WC="0.91" CONTENT="tidt"/><SP WIDTH="16" VPOS="875" HPOS="542"/>
							<String ID="string_100" HPOS="558" VPOS="874" WIDTH="39" HEIGHT="22" WC="0.96" CONTENT="och"/><SP WIDTH="16" VPOS="874" HPOS="597"/>
							<String ID="string_101" HPOS="613" VPOS="874" WIDTH="45" HEIGHT="21" WC="0.93" CONTENT="ofta"/><SP WIDTH="16" VPOS="874" HPOS="658"/>
							<String ID="string_102" HPOS="674" VPOS="877" WIDTH="35" HEIGHT="25" WC="0.92" CONTENT="egt"/><SP WIDTH="15" VPOS="877" HPOS="709"/>
							<String ID="string_103" HPOS="724" VPOS="882" WIDTH="55" HEIGHT="18" WC="0.96" CONTENT="rum;"/><SP WIDTH="17" VPOS="882" HPOS="779"/>
							<String ID="string_104" HPOS="796" VPOS="875" WIDTH="39" HEIGHT="21" WC="0.96" CONTENT="och"/>
						</TextLine>
						<TextLine ID="line_15" HPOS="91" VPOS="908" WIDTH="743" HEIGHT="28">
							<String ID="string_105" HPOS="91" VPOS="910" WIDTH="40" HEIGHT="21" WC="0.92" CONTENT="har"/><SP WIDTH="14" VPOS="910" HPOS="131"/>
							<String ID="string_106" HPOS="145" VPOS="910" WIDTH="79" HEIGHT="20" WC="0.92" CONTENT="Eders"/><SP WIDTH="15" VPOS="910" HPOS="224"/>
							<String ID="string_107" HPOS="239" VPOS="909" WIDTH="148" HEIGHT="27" WC="0.89" CONTENT="Kejserliga"/><SP WIDTH="15" VPOS="909" HPOS="387"/>
							<String ID="string_108" HPOS="402" VPOS="909" WIDTH="127" HEIGHT="27" WC="0.92" CONTENT="Majestät"/><SP WIDTH="15" VPOS="909" HPOS="529"/>
							<String ID="string_109" HPOS="544" VPOS="909" WIDTH="7" HEIGHT="20" WC="0.92" CONTENT="i"/><SP WIDTH="10" VPOS="909" HPOS="551"/>
							<String ID="string_110" HPOS="561" VPOS="908" WIDTH="116" HEIGHT="27" WC="0.92" CONTENT="anledning"/><SP WIDTH="17" VPOS="908" HPOS="677"/>
							<String ID="string_111" HPOS="694" VPOS="904" WIDTH="59" HEIGHT="36" WC="0.91" CONTENT="häraf"/><SP WIDTH="11" VPOS="904" HPOS="753"/>
							<String ID="string_112" HPOS="764" VPOS="909" WIDTH="70" HEIGHT="21" WC="0.87" CONTENT="täckts"/>
						</TextLine>
						<TextLine ID="line_16" HPOS="87" VPOS="943" WIDTH="749" HEIGHT="27">
							<String ID="string_113" HPOS="87" VPOS="944" WIDTH="50" HEIGHT="24" WC="0.80" CONTENT="Jäta"/><SP WIDTH="15" VPOS="944" HPOS="137"/>
							<String ID="string_114" HPOS="152" VPOS="944" WIDTH="98" HEIGHT="21" WC="0.96" CONTENT="utarbeta"/><SP WIDTH="15" VPOS="944" HPOS="250"/>
							<String ID="string_115" HPOS="265" VPOS="944" WIDTH="38" HEIGHT="20" WC="0.96" CONTENT="och"/><SP WIDTH="16" VPOS="944" HPOS="303"/>
							<String ID="string_116" HPOS="319" VPOS="944" WIDTH="7" HEIGHT="20" WC="0.93" CONTENT="i"/><SP WIDTH="15" VPOS="944" HPOS="326"/>
							<String ID="string_117" HPOS="341" VPOS="944" WIDTH="64" HEIGHT="26" WC="0.96" CONTENT="nådig"/><SP WIDTH="16" VPOS="944" HPOS="405"/>
							<String ID="string_118" HPOS="421" VPOS="944" WIDTH="132" HEIGHT="26" WC="0.96" CONTENT="proposition"/><SP WIDTH="11" VPOS="944" HPOS="553"/>
							<String ID="string_119" HPOS="564" VPOS="943" WIDTH="33" HEIGHT="21" WC="0.93" CONTENT="till"/><SP WIDTH="10" VPOS="943" HPOS="597"/>
							<String ID="string_120" HPOS="607" VPOS="943" WIDTH="131" HEIGHT="21" WC="0.92" CONTENT="Ständernas"/><SP WIDTH="10" VPOS="943" HPOS="738"/>
							<String ID="string_121" HPOS="748" VPOS="943" WIDTH="88" HEIGHT="27" WC="0.92" CONTENT="gransk-"/>
						</TextLine>
						<TextLine ID="line_17" HPOS="92" VPOS="977" WIDTH="744" HEIGHT="28">
							<String ID="string_122" HPOS="92" VPOS="978" WIDTH="52" HEIGHT="27" WC="0.95" CONTENT="ning"/><SP WIDTH="24" VPOS="978" HPOS="144"/>
							<String ID="string_123" HPOS="168" VPOS="978" WIDTH="40" HEIGHT="21" WC="0.96" CONTENT="och"/><SP WIDTH="22" VPOS="978" HPOS="208"/>
							<String ID="string_124" HPOS="230" VPOS="979" WIDTH="122" HEIGHT="26" WC="0.91" CONTENT="antagande"/><SP WIDTH="22" VPOS="979" HPOS="352"/>
							<String ID="string_125" HPOS="374" VPOS="978" WIDTH="132" HEIGHT="22" WC="0.90" CONTENT="öfverlemna"/><SP WIDTH="16" VPOS="978" HPOS="506"/>
							<String ID="string_126" HPOS="522" VPOS="978" WIDTH="80" HEIGHT="26" WC="0.96" CONTENT="förslag"/><SP WIDTH="15" VPOS="978" HPOS="602"/>
							<String ID="string_127" HPOS="617" VPOS="977" WIDTH="32" HEIGHT="21" WC="0.96" CONTENT="till"/><SP WIDTH="16" VPOS="977" HPOS="649"/>
							<String ID="string_128" HPOS="665" VPOS="984" WIDTH="25" HEIGHT="15" WC="0.93" CONTENT="en"/><SP WIDTH="15" VPOS="984" HPOS="690"/>
							<String ID="string_129" HPOS="705" VPOS="978" WIDTH="131" HEIGHT="27" WC="0.92" CONTENT="inmutnings"/>
						</TextLine>
						<TextLine ID="line_18" HPOS="92" VPOS="1011" WIDTH="211" HEIGHT="28">
							<String ID="string_130" HPOS="92" VPOS="1011" WIDTH="42" HEIGHT="22" WC="0.93" CONTENT="och"/><SP WIDTH="13" VPOS="1011" HPOS="134"/>
							<String ID="string_131" HPOS="147" VPOS="1011" WIDTH="156" HEIGHT="28" WC="0.91" CONTENT="grufvestadga."/>
						</TextLine>
					</TextBlock>
					<TextBlock ID="block_4" HPOS="92" VPOS="1045" WIDTH="751" HEIGHT="336">
						<TextLine ID="line_19" HPOS="160" VPOS="1045" WIDTH="679" HEIGHT="28">
							<String ID="string_132" HPOS="160" VPOS="1045" WIDTH="41" HEIGHT="21" WC="0.96" CONTENT="Vid"/><SP WIDTH="23" VPOS="1045" HPOS="201"/>
							<String ID="string_133" HPOS="224" VPOS="1046" WIDTH="158" HEIGHT="27" WC="0.96" CONTENT="behandlingen"/><SP WIDTH="22" VPOS="1046" HPOS="382"/>
							<String ID="string_134" HPOS="404" VPOS="1046" WIDTH="25" HEIGHT="21" WC="0.96" CONTENT="af"/><SP WIDTH="19" VPOS="1046" HPOS="429"/>
							<String ID="string_135" HPOS="448" VPOS="1047" WIDTH="42" HEIGHT="20" WC="0.93" CONTENT="den"/><SP WIDTH="15" VPOS="1047" HPOS="490"/>
							<String ID="string_136" HPOS="505" VPOS="1046" WIDTH="79" HEIGHT="27" WC="0.92" CONTENT="nädiga"/><SP WIDTH="15" VPOS="1046" HPOS="584"/>
							<String ID="string_137" HPOS="599" VPOS="1046" WIDTH="161" HEIGHT="27" WC="0.93" CONTENT="propositionen"/><SP WIDTH="14" VPOS="1046" HPOS="760"/>
							<String ID="string_138" HPOS="774" VPOS="1046" WIDTH="65" HEIGHT="21" WC="0.93" CONTENT="hafva"/>
						</TextLine>
						<TextLine ID="line_20" HPOS="92" VPOS="1075" WIDTH="746" HEIGHT="33">
							<String ID="string_139" HPOS="92" VPOS="1080" WIDTH="129" HEIGHT="25" WC="0.91" CONTENT="Ständerna,"/><SP WIDTH="15" VPOS="1080" HPOS="221"/>
							<String ID="string_140" HPOS="236" VPOS="1075" WIDTH="72" HEIGHT="26" WC="0.93" CONTENT="hvilka"/><SP WIDTH="12" VPOS="1075" HPOS="308"/>
							<String ID="string_141" HPOS="320" VPOS="1080" WIDTH="80" HEIGHT="27" WC="0.91" CONTENT="jemväl"/><SP WIDTH="14" VPOS="1080" HPOS="400"/>
							<String ID="string_142" HPOS="414" VPOS="1080" WIDTH="73" HEIGHT="21" WC="0.95" CONTENT="funnit"/><SP WIDTH="15" VPOS="1080" HPOS="487"/>
							<String ID="string_143" HPOS="502" VPOS="1083" WIDTH="32" HEIGHT="18" WC="0.96" CONTENT="att"/><SP WIDTH="16" VPOS="1083" HPOS="534"/>
							<String ID="string_144" HPOS="550" VPOS="1088" WIDTH="29" HEIGHT="13" WC="0.97" CONTENT="nu"/><SP WIDTH="13" VPOS="1088" HPOS="579"/>
							<String ID="string_145" HPOS="592" VPOS="1081" WIDTH="100" HEIGHT="27" WC="0.93" CONTENT="gällande"/><SP WIDTH="13" VPOS="1081" HPOS="692"/>
							<String ID="string_146" HPOS="705" VPOS="1081" WIDTH="133" HEIGHT="26" WC="0.96" CONTENT="stadganden"/>
						</TextLine>
						<TextLine ID="line_21" HPOS="94" VPOS="1114" WIDTH="745" HEIGHT="28">
							<String ID="string_147" HPOS="94" VPOS="1114" WIDTH="41" HEIGHT="21" WC="0.93" CONTENT="och"/><SP WIDTH="14" VPOS="1114" HPOS="135"/>
							<String ID="string_148" HPOS="149" VPOS="1114" WIDTH="122" HEIGHT="27" WC="0.92" CONTENT="isynnerhet"/><SP WIDTH="22" VPOS="1114" HPOS="271"/>
							<String ID="string_149" HPOS="293" VPOS="1115" WIDTH="32" HEIGHT="25" WC="0.96" CONTENT="de,"/><SP WIDTH="19" VPOS="1115" HPOS="325"/>
							<String ID="string_150" HPOS="344" VPOS="1121" WIDTH="46" HEIGHT="14" WC="0.93" CONTENT="som"/><SP WIDTH="14" VPOS="1121" HPOS="390"/>
							<String ID="string_151" HPOS="404" VPOS="1115" WIDTH="58" HEIGHT="26" WC="0.92" CONTENT="angä"/><SP WIDTH="14" VPOS="1115" HPOS="462"/>
							<String ID="string_152" HPOS="476" VPOS="1115" WIDTH="121" HEIGHT="26" WC="0.92" CONTENT="inmutning"/><SP WIDTH="15" VPOS="1115" HPOS="597"/>
							<String ID="string_153" HPOS="612" VPOS="1115" WIDTH="26" HEIGHT="20" WC="0.93" CONTENT="af"/><SP WIDTH="11" VPOS="1115" HPOS="638"/>
							<String ID="string_154" HPOS="649" VPOS="1115" WIDTH="190" HEIGHT="27" WC="0.92" CONTENT="sjömalmsfyndig-"/>
						</TextLine>
						<TextLine ID="line_22" HPOS="94" VPOS="1148" WIDTH="745" HEIGHT="33">
							<String ID="string_155" HPOS="94" VPOS="1148" WIDTH="68" HEIGHT="26" WC="0.96" CONTENT="heter,"/><SP WIDTH="22" VPOS="1148" HPOS="162"/>
							<String ID="string_156" HPOS="184" VPOS="1149" WIDTH="55" HEIGHT="21" WC="0.96" CONTENT="varit"/><SP WIDTH="14" VPOS="1149" HPOS="239"/>
							<String ID="string_157" HPOS="253" VPOS="1149" WIDTH="7" HEIGHT="20" WC="0.92" CONTENT="i"/><SP WIDTH="14" VPOS="1149" HPOS="260"/>
							<String ID="string_158" HPOS="274" VPOS="1149" WIDTH="67" HEIGHT="21" WC="0.91" CONTENT="behof"/><SP WIDTH="19" VPOS="1149" HPOS="341"/>
							<String ID="string_159" HPOS="360" VPOS="1149" WIDTH="25" HEIGHT="21" WC="0.96" CONTENT="af"/><SP WIDTH="19" VPOS="1149" HPOS="385"/>
							<String ID="string_160" HPOS="404" VPOS="1149" WIDTH="98" HEIGHT="23" WC="0.96" CONTENT="revision,"/><SP WIDTH="16" VPOS="1149" HPOS="502"/>
							<String ID="string_161" HPOS="518" VPOS="1149" WIDTH="8" HEIGHT="21" WC="0.93" CONTENT="i"/><SP WIDTH="14" VPOS="1149" HPOS="526"/>
							<String ID="string_162" HPOS="540" VPOS="1149" WIDTH="121" HEIGHT="21" WC="0.91" CONTENT="hufvudsak"/><SP WIDTH="22" VPOS="1149" HPOS="661"/>
							<String ID="string_163" HPOS="683" VPOS="1149" WIDTH="99" HEIGHT="32" WC="0.91" CONTENT="omfattat"/><SP WIDTH="21" VPOS="1149" HPOS="782"/>
							<String ID="string_164" HPOS="803" VPOS="1150" WIDTH="36" HEIGHT="21" WC="0.96" CONTENT="det"/>
						</TextLine>
						<TextLine ID="line_23" HPOS="95" VPOS="1182" WIDTH="745" HEIGHT="28">
							<String ID="string_165" HPOS="95" VPOS="1183" WIDTH="49" HEIGHT="21" WC="0.92" CONTENT="dem"/><SP WIDTH="21" VPOS="1183" HPOS="144"/>
							<String ID="string_166" HPOS="165" VPOS="1182" WIDTH="110" HEIGHT="28" WC="0.92" CONTENT="förelagda"/><SP WIDTH="22" VPOS="1182" HPOS="275"/>
							<String ID="string_167" HPOS="297" VPOS="1183" WIDTH="249" HEIGHT="27" WC="0.89" CONTENT="författningsförslaget,"/><SP WIDTH="23" VPOS="1183" HPOS="546"/>
							<String ID="string_168" HPOS="569" VPOS="1190" WIDTH="49" HEIGHT="15" WC="0.92" CONTENT="men"/><SP WIDTH="22" VPOS="1190" HPOS="618"/>
							<String ID="string_169" HPOS="640" VPOS="1183" WIDTH="66" HEIGHT="22" WC="0.92" CONTENT="likväl"/><SP WIDTH="22" VPOS="1183" HPOS="706"/>
							<String ID="string_170" HPOS="728" VPOS="1186" WIDTH="52" HEIGHT="19" WC="0.91" CONTENT="trott"/><SP WIDTH="24" VPOS="1186" HPOS="780"/>
							<String ID="string_171" HPOS="804" VPOS="1184" WIDTH="36" HEIGHT="21" WC="0.93" CONTENT="det"/>
						</TextLine>
						<TextLine ID="line_24" HPOS="93" VPOS="1217" WIDTH="748" HEIGHT="28">
							<String ID="string_172" HPOS="93" VPOS="1217" WIDTH="90" HEIGHT="21" WC="0.90" CONTENT="dermed"/><SP WIDTH="22" VPOS="1217" HPOS="183"/>
							<String ID="string_173" HPOS="205" VPOS="1217" WIDTH="96" HEIGHT="28" WC="0.91" CONTENT="äsyftade"/><SP WIDTH="20" VPOS="1217" HPOS="301"/>
							<String ID="string_174" HPOS="321" VPOS="1217" WIDTH="65" HEIGHT="22" WC="0.92" CONTENT="mälet"/><SP WIDTH="15" VPOS="1217" HPOS="386"/>
							<String ID="string_175" HPOS="401" VPOS="1217" WIDTH="88" HEIGHT="22" WC="0.92" CONTENT="säkrare"/><SP WIDTH="16" VPOS="1217" HPOS="489"/>
							<String ID="string_176" HPOS="505" VPOS="1217" WIDTH="74" HEIGHT="22" WC="0.91" CONTENT="kunna"/><SP WIDTH="15" VPOS="1217" HPOS="579"/>
							<String ID="string_177" HPOS="594" VPOS="1219" WIDTH="62" HEIGHT="20" WC="0.91" CONTENT="ernäs"/><SP WIDTH="15" VPOS="1219" HPOS="656"/>
							<String ID="string_178" HPOS="671" VPOS="1225" WIDTH="77" HEIGHT="20" WC="0.96" CONTENT="genom"/><SP WIDTH="14" VPOS="1225" HPOS="748"/>
							<String ID="string_179" HPOS="762" VPOS="1220" WIDTH="32" HEIGHT="19" WC="0.93" CONTENT="att"/><SP WIDTH="15" VPOS="1220" HPOS="794"/>
							<String ID="string_180" HPOS="809" VPOS="1225" WIDTH="32" HEIGHT="14" WC="0.93" CONTENT="er-"/>
						</TextLine>
						<TextLine ID="line_25" HPOS="95" VPOS="1251" WIDTH="747" HEIGHT="28">
							<String ID="string_181" HPOS="95" VPOS="1251" WIDTH="59" HEIGHT="21" WC="0.96" CONTENT="sätta"/><SP WIDTH="22" VPOS="1251" HPOS="154"/>
							<String ID="string_182" HPOS="176" VPOS="1251" WIDTH="66" HEIGHT="27" WC="0.96" CONTENT="några"/><SP WIDTH="22" VPOS="1251" HPOS="242"/>
							<String ID="string_183" HPOS="264" VPOS="1251" WIDTH="24" HEIGHT="21" WC="0.93" CONTENT="af"/><SP WIDTH="19" VPOS="1251" HPOS="288"/>
							<String ID="string_184" HPOS="307" VPOS="1251" WIDTH="113" HEIGHT="27" WC="0.96" CONTENT="förslagets"/><SP WIDTH="19" VPOS="1251" HPOS="420"/>
							<String ID="string_185" HPOS="439" VPOS="1253" WIDTH="137" HEIGHT="26" WC="0.95" CONTENT="stadganden"/><SP WIDTH="14" VPOS="1253" HPOS="576"/>
							<String ID="string_186" HPOS="590" VPOS="1253" WIDTH="49" HEIGHT="20" WC="0.96" CONTENT="med"/><SP WIDTH="15" VPOS="1253" HPOS="639"/>
							<String ID="string_187" HPOS="654" VPOS="1253" WIDTH="75" HEIGHT="25" WC="0.93" CONTENT="andra,"/><SP WIDTH="16" VPOS="1253" HPOS="729"/>
							<String ID="string_188" HPOS="745" VPOS="1252" WIDTH="97" HEIGHT="21" WC="0.92" CONTENT="hvarföre"/>
						</TextLine>
						<TextLine ID="line_26" HPOS="95" VPOS="1284" WIDTH="748" HEIGHT="29">
							<String ID="string_189" HPOS="95" VPOS="1284" WIDTH="42" HEIGHT="22" WC="0.96" CONTENT="och"/><SP WIDTH="16" VPOS="1284" HPOS="137"/>
							<String ID="string_190" HPOS="153" VPOS="1285" WIDTH="27" HEIGHT="21" WC="0.93" CONTENT="dä"/><SP WIDTH="12" VPOS="1285" HPOS="180"/>
							<String ID="string_191" HPOS="192" VPOS="1285" WIDTH="79" HEIGHT="27" WC="0.92" CONTENT="jemväl"/><SP WIDTH="14" VPOS="1285" HPOS="271"/>
							<String ID="string_192" HPOS="285" VPOS="1286" WIDTH="68" HEIGHT="26" WC="0.92" CONTENT="nägra"/><SP WIDTH="15" VPOS="1286" HPOS="353"/>
							<String ID="string_193" HPOS="368" VPOS="1286" WIDTH="68" HEIGHT="20" WC="0.93" CONTENT="andra"/><SP WIDTH="16" VPOS="1286" HPOS="436"/>
							<String ID="string_194" HPOS="452" VPOS="1286" WIDTH="176" HEIGHT="27" WC="0.91" CONTENT="omarbetningar"/><SP WIDTH="14" VPOS="1286" HPOS="628"/>
							<String ID="string_195" HPOS="642" VPOS="1289" WIDTH="83" HEIGHT="18" WC="0.93" CONTENT="ansetts"/><SP WIDTH="14" VPOS="1289" HPOS="725"/>
							<String ID="string_196" HPOS="739" VPOS="1286" WIDTH="104" HEIGHT="21" WC="0.93" CONTENT="erforder-"/>
						</TextLine>
						<TextLine ID="line_27" HPOS="95" VPOS="1319" WIDTH="747" HEIGHT="28">
							<String ID="string_197" HPOS="95" VPOS="1319" WIDTH="51" HEIGHT="26" WC="0.93" CONTENT="liga,"/><SP WIDTH="23" VPOS="1319" HPOS="146"/>
							<String ID="string_198" HPOS="169" VPOS="1319" WIDTH="101" HEIGHT="27" WC="0.91" CONTENT="förslaget"/><SP WIDTH="22" VPOS="1319" HPOS="270"/>
							<String ID="string_199" HPOS="292" VPOS="1321" WIDTH="115" HEIGHT="26" WC="0.92" CONTENT="undergätt"/><SP WIDTH="23" VPOS="1321" HPOS="407"/>
							<String ID="string_200" HPOS="430" VPOS="1320" WIDTH="107" HEIGHT="21" WC="0.96" CONTENT="särskilda"/><SP WIDTH="14" VPOS="1320" HPOS="537"/>
							<String ID="string_201" HPOS="551" VPOS="1320" WIDTH="157" HEIGHT="27" WC="0.96" CONTENT="förändringar,"/><SP WIDTH="16" VPOS="1320" HPOS="708"/>
							<String ID="string_202" HPOS="724" VPOS="1320" WIDTH="32" HEIGHT="21" WC="0.93" CONTENT="för"/><SP WIDTH="14" VPOS="1320" HPOS="756"/>
							<String ID="string_203" HPOS="770" VPOS="1320" WIDTH="72" HEIGHT="21" WC="0.92" CONTENT="hvilka"/>
						</TextLine>
						<TextLine ID="line_28" HPOS="96" VPOS="1353" WIDTH="484" HEIGHT="28">
							<String ID="string_204" HPOS="96" VPOS="1353" WIDTH="124" HEIGHT="22" WC="0.92" CONTENT="Ständerna"/><SP WIDTH="14" VPOS="1353" HPOS="220"/>
							<String ID="string_205" HPOS="234" VPOS="1353" WIDTH="89" HEIGHT="28" WC="0.90" CONTENT="utbedja"/><SP WIDTH="14" VPOS="1353" HPOS="323"/>
							<String ID="string_206" HPOS="337" VPOS="1354" WIDTH="31" HEIGHT="27" WC="0.97" CONTENT="sig"/><SP WIDTH="16" VPOS="1354" HPOS="368"/>
							<String ID="string_207" HPOS="384" VPOS="1356" WIDTH="32" HEIGHT="19" WC="0.96" CONTENT="att"/><SP WIDTH="16" VPOS="1356" HPOS="416"/>
							<String ID="string_208" HPOS="432" VPOS="1354" WIDTH="22" HEIGHT="21" WC="0.96" CONTENT="få"/><SP WIDTH="14" VPOS="1354" HPOS="454"/>
							<String ID="string_209" HPOS="468" VPOS="1355" WIDTH="112" HEIGHT="26" WC="0.96" CONTENT="redogöra."/>
						</TextLine>
					</TextBlock>
					<TextBlock ID="block_5" HPOS="98" VPOS="1387" WIDTH="746" HEIGHT="63">
						<TextLine ID="line_29" HPOS="166" VPOS="1387" WIDTH="678" HEIGHT="28">
							<String ID="string_210" HPOS="166" VPOS="1387" WIDTH="35" HEIGHT="22" WC="0.96" CONTENT="Uti"/><SP WIDTH="21" VPOS="1387" HPOS="201"/>
							<String ID="string_211" HPOS="222" VPOS="1387" WIDTH="67" HEIGHT="22" WC="0.96" CONTENT="första"/><SP WIDTH="22" VPOS="1387" HPOS="289"/>
							<String ID="string_212" HPOS="311" VPOS="1395" WIDTH="62" HEIGHT="14" WC="0.93" CONTENT="mom."/><SP WIDTH="16" VPOS="1395" HPOS="373"/>
							<String ID="string_213" HPOS="389" VPOS="1388" WIDTH="25" HEIGHT="21" WC="0.93" CONTENT="af"/><SP WIDTH="12" VPOS="1388" HPOS="414"/>
							<String ID="string_214" HPOS="426" VPOS="1390" WIDTH="11" HEIGHT="25" WC="0.84" CONTENT="$"/><SP WIDTH="19" VPOS="1390" HPOS="437"/>
							<String ID="string_215" HPOS="456" VPOS="1391" WIDTH="8" HEIGHT="18" WC="0.93" CONTENT="1"/><SP WIDTH="17" VPOS="1391" HPOS="464"/>
							<String ID="string_216" HPOS="481" VPOS="1389" WIDTH="65" HEIGHT="21" WC="0.93" CONTENT="hafva"/><SP WIDTH="22" VPOS="1389" HPOS="546"/>
							<String ID="string_217" HPOS="568" VPOS="1389" WIDTH="123" HEIGHT="21" WC="0.92" CONTENT="Ständerna"/><SP WIDTH="19" VPOS="1389" HPOS="691"/>
							<String ID="string_218" HPOS="710" VPOS="1389" WIDTH="56" HEIGHT="22" WC="0.93" CONTENT="velat"/><SP WIDTH="14" VPOS="1389" HPOS="766"/>
							<String ID="string_219" HPOS="780" VPOS="1389" WIDTH="64" HEIGHT="22" WC="0.96" CONTENT="hafva"/>
						</TextLine>
						<TextLine ID="line_30" HPOS="98" VPOS="1421" WIDTH="746" HEIGHT="29">
							<String ID="string_220" HPOS="98" VPOS="1421" WIDTH="37" HEIGHT="21" WC="0.96" CONTENT="det"/><SP WIDTH="23" VPOS="1421" HPOS="135"/>
							<String ID="string_221" HPOS="158" VPOS="1421" WIDTH="105" HEIGHT="27" WC="0.93" CONTENT="tydligare"/><SP WIDTH="18" VPOS="1421" HPOS="263"/>
							<String ID="string_222" HPOS="281" VPOS="1423" WIDTH="93" HEIGHT="26" WC="0.92" CONTENT="utsagdt,"/><SP WIDTH="16" VPOS="1423" HPOS="374"/>
							<String ID="string_223" HPOS="390" VPOS="1424" WIDTH="32" HEIGHT="19" WC="0.93" CONTENT="att"/><SP WIDTH="15" VPOS="1424" HPOS="422"/>
							<String ID="string_224" HPOS="437" VPOS="1422" WIDTH="113" HEIGHT="27" WC="0.90" CONTENT="myrmalm"/><SP WIDTH="14" VPOS="1422" HPOS="550"/>
							<String ID="string_225" HPOS="564" VPOS="1422" WIDTH="48" HEIGHT="22" WC="0.90" CONTENT="icke"/><SP WIDTH="15" VPOS="1422" HPOS="612"/>
							<String ID="string_226" HPOS="627" VPOS="1423" WIDTH="72" HEIGHT="21" WC="0.96" CONTENT="vidare"/><SP WIDTH="16" VPOS="1423" HPOS="699"/>
							<String ID="string_227" HPOS="715" VPOS="1423" WIDTH="61" HEIGHT="27" WC="0.93" CONTENT="utgör"/><SP WIDTH="14" VPOS="1423" HPOS="776"/>
							<String ID="string_228" HPOS="790" VPOS="1422" WIDTH="54" HEIGHT="22" WC="0.93" CONTENT="före-"/>
						</TextLine>
					</TextBlock>
				</ComposedBlock>
			</PrintSpace>
		</Page>
	</Layout>
</alto>
