1031 1620
339 97 18 19 U.
374 97 18 19 B.
410 107 25 3 —
451 96 53 24 Prop.
520 96 29 19 N:o
564 95 31 20 15.
789 96 24 20 13

84 161 52 22 eller
158 160 139 22 innehafvare
320 161 53 22 eller
393 160 23 22 af
435 160 162 22 vederbörande
613 161 130 27 myndighet,
759 160 85 21 hvilken

83 195 82 23 vården
188 195 59 22 öfver
270 195 68 22 sådan
357 195 80 21 allmän
451 195 107 27 byggnad,
576 195 129 27 anläggning
721 194 52 23 eller
788 194 56 27 plats

85 230 137 21 tillkommer.

154 265 13 20 2
183 270 63 15 mom.
264 263 146 22 oförändradt.

154 301 12 20 3
183 305 63 15 mom.
262 297 147 23 oförändradt.

154 335 13 19 4
183 339 62 16 mom.
276 332 124 27 Inmutning
420 331 23 23 af
455 332 114 27 fyndighet
584 332 57 21 inom
657 332 38 22 det
710 331 33 23 för
757 332 88 22 Kultala

86 367 172 22 kronostation
254 363 15 35 i
277 367 70 22 Enare
370 367 72 27 kapell
462 367 105 22 utbrutna
587 367 87 21 omräde
694 367 33 21 fär
741 367 49 22 icke
806 367 39 22 ske

86 403 53 20 utan
154 402 97 21 tillständ
266 401 24 22 af
304 401 105 22 Senatens
425 401 118 21 Ekonomie
559 401 162 27 Departement.

394 494 15 20 2
424 494 114 25 Kapitlet.

379 538 38 23 Om
441 538 115 23 mutsedel.

441 590 10 28 8
467 593 20 19 4.

159 634 8 18 1
185 637 63 16 mom.
280 631 42 21 Vill
344 631 71 27 någon
429 631 8 21 i
452 633 66 20 annat
537 630 37 23 fall
590 633 26 19 än
632 631 8 21 i
663 632 5 25 &
689 632 26 20 20
733 630 114 23 omföräles

89 666 34 22 till
132 666 120 27 inmutning
268 665 100 27 lofgifven
379 666 207 27 mineralanledving
601 666 13 21 &
630 672 54 20 egen
699 666 53 21 eller
767 671 81 15 annans

88 700 69 28 grund
173 700 49 22 med
238 701 75 21 arbete
328 700 93 28 belägga
437 701 40 21 och
492 701 152 27 tillgodogöra,
659 700 55 22 skall
725 700 80 26 derom,
816 699 33 23 för

89 735 123 22 erhällande
236 734 23 22 af
280 735 169 22 tillständsbevis
474 736 52 21 eller
547 735 114 26 mutsedel,
677 736 63 26 göras
756 734 93 27 skriftlig

90 770 98 21 anmälan
203 770 40 21 hos
259 770 174 26 Bergmästaren,
450 769 87 22 hvilken
553 770 38 21 det
606 770 131 21 tillkommer
749 770 33 21 att
793 770 56 20 mut-

90 804 60 21 sedel
165 803 93 22 utfärda.
284 804 76 21 Denna
376 804 99 21 anmälan
491 804 38 21 bör
545 806 97 25 upptaga
658 804 18 27 ej
688 804 83 21 mindre
781 804 69 21 inmu-

90 840 74 19 tarens
179 844 69 20 namn,
265 838 52 27 yrke
333 838 40 21 och
389 838 98 26 hemvist,
505 840 27 19 än
548 839 61 20 arten
625 837 23 22 af
657 839 40 20 den
709 837 85 28 angifna
804 837 47 28 fyn-

92 872 100 27 digheten
209 872 110 22 äfvensom
335 872 12 21 å
362 873 82 21 hvilket
453 873 112 21 hemmans
577 879 52 20 egor
639 873 52 21 eller
701 879 70 15 annan
782 872 70 27 grund

92 907 42 22 den
155 906 76 27 finnes,
255 907 49 22 med
323 907 84 27 uppgift
427 913 35 16 om
481 907 169 27 anläggningens
666 907 129 27 benämning
811 906 41 22 och

92 942 25 21 sä
132 947 112 22 noggrann
263 941 133 28 beskrifning
415 942 27 27 pä
461 942 85 21 ställets
566 942 131 27 belägenhet
712 941 7 22 i
735 941 70 27 öfrigt,
821 942 32 21 att

92 976 117 22 osäkerhet
225 976 74 21 derom
314 976 47 22 icke
377 977 97 26 uppstär.
498 975 63 23 Afses
578 976 119 27 inmutning
713 975 23 22 af
747 975 105 28 sjömalm,

92 1010 85 27 bilägge
193 1011 111 21 sökanden
321 1011 40 21 ock
377 1011 116 27 utredning
509 1011 80 26 derom,
606 1012 33 20 att
654 1011 41 21 han
711 1012 24 20 är
751 1013 66 24 ägare
833 1009 22 22 af

93 1045 52 21 eller
162 1045 84 21 erhällit
261 1045 99 27 behörigt
375 1045 99 22 tillständ
489 1045 33 21 till
539 1045 134 27 anläggande
689 1045 23 22 af
725 1045 42 22 den
777 1045 77 21 inrätt-

92 1079 58 27 ning,
173 1079 33 22 för
227 1079 87 22 hvilken
336 1079 149 28 inmutningen
507 1080 72 26 sökes,
603 1079 110 22 äfvensom
733 1080 60 27 intyg
807 1079 48 21 frän

92 1113 221 22 landtmäterikontor
331 1114 52 22 eller
401 1113 23 22 af
440 1114 147 22 landtmätare
603 1114 59 22 öfver
679 1114 108 22 omrädets
803 1119 52 22 gva-

94 1147 149 22 dratinnehäll.
274 1148 43 22 Vid
338 1149 121 27 inmutning
482 1148 23 22 af
527 1149 35 21 del
584 1149 7 21 i
610 1149 32 27 sjö
663 1149 55 22 skall
733 1149 59 26 räen,
809 1153 46 16 som

94 1182 96 28 afskiljer
213 1183 99 22 området
333 1182 48 22 från
403 1183 42 22 den
469 1183 68 26 öfriga
557 1183 63 22 delen
635 1183 24 22 af
672 1183 53 28 sjön,
742 1182 113 28 uppgifvas

94 1216 41 22 och
150 1217 132 21 bestämmas
304 1216 48 23 frän
369 1218 75 21 strand
463 1218 34 21 till
513 1218 74 21 strand
603 1218 53 22 eller
671 1224 70 16 annan
755 1217 45 21 fast
815 1216 41 22 och

94 1251 101 22 märkbar
209 1252 71 27 punkt
294 1252 8 21 i
317 1254 34 20 rät
365 1252 58 28 linie,
440 1254 53 20 utan
509 1255 32 19 att
552 1252 133 22 annorlunda
695 1252 97 28 afbrytas
804 1251 53 22 eller

93 1285 62 23 ledas
170 1286 8 22 i
192 1286 79 23 vinkel.

164 1322 12 20 2
192 1326 64 16 mom.
274 1320 147 23 oförändradt.

451 1372 11 28 8
479 1375 19 19 5.

166 1406 142 22 Oförändrad.

165 1444 203 20 Ekonomieutskottets
381 1446 118 18 betänkande
513 1447 37 18 N:o
562 1447 18 18 6.
