1053 2339
204 550 13 20 2
365 548 79 23 Ständ.
460 548 39 24 Sv.
516 559 25 4 —
557 548 73 28 Prop.
645 548 41 22 N:o
700 546 34 24 11.

175 612 160 28 landtdagarne
351 613 51 20 åren
417 612 57 21 1872
489 611 40 22 och
544 611 144 22 1877—1878
702 610 99 22 uttalade
811 611 122 27 grundsats,

176 648 33 21 att
224 653 27 15 en
267 646 96 28 tillfällig
377 647 64 26 skatt,
458 647 67 21 sådan
542 653 46 14 som
604 647 78 26 denna,
698 645 39 22 bör
752 645 131 22 bestämmas
898 651 36 16 en-

177 682 48 21 dast
240 681 35 22 för
290 681 42 22 viss
347 681 121 28 begränsad
477 682 39 26 tid,
528 681 58 22 helst
598 682 41 20 den
650 680 167 28 omständighet,
828 682 33 20 att
871 680 63 22 Stän-

177 717 68 21 derna
265 716 48 22 icke
334 716 108 28 deltaga
431 711 16 38 i
464 716 204 28 tullagstiftningen,
692 715 135 22 fortfarande
849 715 86 22 utöfvar

176 750 119 29 inflytande
314 752 29 27 på
357 751 87 28 frågans
467 751 142 22 bedömande.
640 751 140 21 Förändrade
804 750 130 28 principer
923 746 15 37 i

178 786 198 28 tullagstiftningen
396 787 110 22 äfvensom
531 787 113 21 städernas
667 786 67 22 behof
747 786 25 21 af
784 785 104 22 förökade
902 786 31 21 in-

178 821 96 22 komster
289 821 74 23 kunna
377 823 53 26 göra
444 824 31 20 ett
490 822 134 28 frångående
639 821 24 21 af
676 822 42 20 den
734 821 125 22 nuvarande
869 828 64 20 grun-

179 857 41 21 den
236 856 102 28 önskligt,
353 856 99 22 hvarföre
468 856 122 22 Ständerna
606 858 71 20 ansett
693 856 68 21 sådan
778 856 76 28 åtgärd
864 856 70 21 böra
921 852 18 37 i

178 890 77 28 frågan
278 891 105 28 vidtagas,
405 893 32 20 att
460 892 127 21 densamma
609 891 54 21 efter
677 898 28 14 en
720 891 43 21 viss
779 891 98 22 bestämd
893 891 42 22 tids

178 925 87 29 förlopp
280 926 47 22 åter
342 925 41 23 blir
397 926 90 22 föremål
502 925 33 22 för
550 926 134 22 Ständernas
700 925 107 28 pröfning.
831 926 6 21 I
851 926 38 22 fall
899 926 36 22 vid

179 961 110 27 utgången
305 960 24 22 af
341 961 72 21 denna
427 961 32 21 tid
474 961 106 27 Regering
596 960 40 22 och
647 960 93 22 Ständer
751 961 18 27 ej
781 960 69 22 skulle
861 960 74 22 kunna

178 994 78 23 förena
269 996 33 27 sig
317 1002 35 15 om
367 1003 28 21 ny
409 996 35 28 lag
459 996 8 21 i
482 997 79 25 ämnet,
576 995 71 23 blefve
662 996 29 21 då
706 996 90 21 ärendet
811 995 124 22 återförsatt

180 1030 6 20 i
203 1030 36 21 det
255 1029 68 27 skick,
344 1030 61 22 hvari
427 1031 121 21 detsamma
566 1030 81 22 befann
662 1030 32 28 sig
709 1030 46 22 före
771 1031 24 21 år
810 1031 62 25 1874,
888 1030 47 22 från

181 1064 40 22 och
236 1066 50 20 med
301 1064 82 23 hvilket
398 1066 23 20 år
436 1073 30 13 nu
480 1065 102 28 gällande
597 1066 70 26 grund
677 1064 33 22 för
721 1065 172 27 tolagsafgiftens
904 1068 32 18 ut-

180 1100 97 26 görande
299 1099 113 28 iakttagits
434 1100 41 22 och
490 1100 130 22 varuvärdet
636 1099 131 22 återinfördt
782 1100 71 21 såsom
867 1101 70 26 grund

143 1131 2 2 |
163 1164 2 2 —
181 1133 78 23 derför,
284 1134 61 22 Dock
361 1134 64 23 hafva
440 1135 128 26 Ständerna,
584 1135 49 21 med
648 1136 48 20 stöd
712 1134 24 22 af
750 1135 41 21 den
807 1134 128 27 erfarenhet,

181 1176 45 14 som
242 1176 91 14 numera
347 1170 93 25 vunnits,
457 1172 71 19 ansett
544 1170 42 20 den
601 1169 123 28 föreslagna
744 1170 98 27 grunden
857 1169 33 22 för
905 1173 30 18 to-

180 1203 138 28 lagsafgiften
334 1205 72 21 denna
419 1205 57 27 gång
492 1204 74 22 kunna
582 1204 130 22 bestämmas
727 1204 34 22 för
776 1212 27 14 en
818 1204 74 28 längre
903 1212 34 21 pe-

181 1238 46 22 riod
243 1239 28 21 än
287 1238 34 22 till
336 1240 63 20 nästa
421 1239 110 28 landtdag,
556 1238 40 22 och
615 1238 56 29 förty
687 1239 89 22 beslutit
790 1241 81 26 antaga
885 1241 51 20 den-

181 1280 82 14 samma
278 1272 34 22 för
327 1280 27 14 en
370 1273 33 22 tid
417 1273 24 22 af
454 1274 30 21 tio
500 1274 24 21 år
539 1274 53 21 eller
606 1274 57 21 intill
678 1274 66 21 slutet
760 1274 24 21 af
797 1275 24 20 år
837 1274 61 21 1892.

250 1307 9 21 I
275 1307 118 28 anledning
415 1307 24 22 af
459 1309 37 20 det
518 1308 64 21 ofvan
598 1307 92 22 anförda
706 1308 22 21 få
744 1307 127 27 Ständerna,
888 1310 49 21 med

180 1341 121 29 förklaring
315 1345 33 19 att
364 1343 42 21 den
421 1343 80 28 nådiga
515 1343 162 28 propositionen
692 1343 48 21 icke
756 1343 84 22 kunnat
855 1343 24 22 af
889 1345 47 20 dem

181 1376 133 23 oförändrad
329 1379 97 26 antagas,
442 1378 7 21 i
464 1378 173 27 underdånighet
653 1377 97 22 anmäla:

389 1415 33 19 att
446 1413 123 21 Ständerna
592 1413 118 28 godkänna
732 1413 159 21 bibehällandet
914 1414 29 27 af

321 1447 42 21 den
385 1448 127 21 nuvarande
533 1448 100 27 grunden
651 1447 41 28 för
709 1447 180 28 tolagsafgiftens
905 1447 33 22 be-

320 1481 122 26 räknande,
462 1482 48 21 med
530 1481 109 27 förbehåll
662 1485 33 18 att
716 1482 125 21 densamma
861 1481 77 28 blifver

320 1516 104 27 gällande
440 1517 76 20 endast
531 1517 61 20 intill
607 1517 109 27 utgången
732 1516 30 26 af
773 1517 27 20 år
814 1517 71 25 1892;
901 1517 38 20 och

321 1550 92 22 anhålla
430 1551 123 21 Ständerna
570 1551 160 28 underdånigst
745 1553 33 19 att
793 1550 147 28 derförinnan

317 1584 102 29 förnyad
435 1586 67 27 nådig
514 1586 139 27 proposition
665 1586 7 20 i
682 1588 73 18 ämnet
769 1586 35 20 må
815 1585 68 21 varda
894 1586 45 20 dem

315 1618 116 29 förelagd.

252 1653 173 22 Vidkommande
448 1655 28 20 de
490 1654 8 21 i
513 1656 41 20 den
578 1654 79 28 nådiga
680 1654 163 27 propositionen
863 1653 78 21 omför-

183 1687 74 22 mälda
271 1688 137 22 föreskrifter
422 1688 25 22 af
460 1689 160 21 administrativ
635 1688 150 22 beskaffenhet
800 1688 65 22 hafva
881 1688 62 22 Stän-

182 1722 69 22 derna
266 1722 19 28 ej
303 1722 72 22 funnit
391 1722 46 22 skäl
453 1723 33 21 till
501 1724 71 26 någon
588 1723 151 27 anmärkning.

251 1768 106 22 Finlands
373 1768 93 23 Ständer
482 1769 124 22 framhärda
622 1771 39 20 etc.

251 1814 142 28 Helsingfors,
407 1816 41 20 den
465 1816 13 20 6
494 1816 57 21 Mars
568 1816 60 20 1882.

287 1887 139 41 Helsingfors,
438 1902 16 17 J.
468 1902 72 18 Simelii
554 1893 107 32 arfvingars
674 1888 91 41 tryckeri,
780 1900 48 17 1882.
