1028 1623
382 94 79 23 Ständ.
476 94 37 24 Sv.
531 106 24 3 —
573 95 73 28 Prop.
660 94 41 23 N:o
716 94 34 23 15.

390 157 39 21 dre
444 157 35 21 del
494 160 8 18 i
516 157 156 28 gruföretaget
691 158 76 27 ingått,
791 158 83 27 åtnjute
888 156 44 21 han

390 192 22 27 ej
426 193 70 19 större
512 192 121 27 ersättning
650 191 41 28 för
708 191 95 25 utmålet,
819 193 29 19 än
863 192 8 20 i
884 190 48 27 för-

390 225 103 22 hållande
509 226 35 20 till
559 225 73 29 öfriga
647 226 97 21 andelar.

630 284 16 27 $
660 284 34 20 35.

448 330 47 20 Den
516 330 127 27 ersättning,
666 329 143 27 innehafvare
823 330 30 26 af
865 330 67 20 utmål

392 364 37 20 bör
451 364 89 28 erlägga
558 364 42 27 för
616 364 60 28 jord,
697 370 44 15 som
757 364 35 20 till
807 364 74 20 honom
896 363 35 27 af-

392 398 79 27 trädes,
486 398 57 21 skall
558 398 36 21 vid
603 398 213 28 utmålsläggningen
828 397 104 22 beräknas

392 433 35 20 till
441 440 26 13 en
481 434 43 19 viss
546 433 58 27 årlig
622 432 79 28 afgäld
716 432 35 21 till
762 432 92 27 jordens
869 439 63 20 egare

392 467 52 20 eller
459 466 146 28 innehafvare.

451 501 67 21 Göres
539 507 74 21 genom
636 500 135 28 afskiljande
794 501 30 26 af
842 501 40 20 den
896 500 37 26 för

391 535 188 28 grufanläggning
585 535 52 21 eller
644 535 69 21 utmål
719 534 145 28 erforderliga
871 534 62 21 mark

387 569 59 27 från
467 576 39 21 ega
528 569 52 21 eller
603 569 99 28 lägenhet
724 569 134 20 återstående
872 568 60 21 delen

392 603 69 28 deraf
466 603 43 27 för
523 611 78 20 egaren
616 604 52 20 eller
683 603 156 26 innehafvaren
849 603 83 28 onyttig

392 638 52 21 eller
459 638 138 27 uppkommer
611 638 119 27 derigenom
746 638 120 27 synnerligt
885 644 47 14 men

392 672 8 20 i
415 672 192 28 nyttjanderätten,
625 679 50 14 vare
697 672 235 27 utmålsinnehafvaren

392 706 87 28 skyldig
494 709 32 18 att
541 707 86 27 utgifva
639 707 123 27 ersättning
767 706 42 27 för
819 706 48 21 hela
878 713 53 21 egan

392 741 53 20 eller
459 741 130 27 lägenheten,
605 747 33 14 om
653 748 79 20 egaren
742 741 52 20 eller
804 739 128 28 innehafva-

394 781 39 14 ren
448 775 70 20 derom
533 775 36 21 vid
583 775 213 28 utmålsläggningen
815 774 117 27 påstående

393 808 81 22 väcker.

631 866 15 28 $
662 868 33 20 36.

448 912 81 21 Kunna
544 912 158 21 vederbörande
716 911 103 28 sakegare
834 912 19 26 ej
862 911 72 20 åsäm-

387 947 39 27 jas
442 953 32 14 om
489 946 95 28 beloppet
599 946 29 27 af
640 946 40 21 den
696 946 84 27 afgäld,
791 952 45 14 som
845 945 89 21 utmäls-

393 980 156 27 innehafvaren
571 980 67 28 enligt
656 980 180 26 nästföregående
850 980 15 26 $
880 979 54 27 ålig-

392 1022 39 20 ger
446 1014 41 27 för
503 1015 60 27 jord,
579 1021 43 14 som
638 1015 36 21 till
689 1014 76 21 honom
781 1014 105 27 afträdes,
902 1020 32 13 er-

394 1049 71 27 lägga,
485 1056 49 13 vare
549 1049 35 20 det
599 1048 30 27 af
638 1048 246 28 förrättningsmannen
896 1047 38 21 och

394 1083 54 20 hans
471 1082 97 22 biträden
592 1082 122 21 uträknadt
730 1082 55 26 efter
800 1082 34 20 det
844 1081 41 27 för
900 1081 33 20 så-

394 1117 44 21 dan
447 1117 54 27 jord
516 1117 14 20 å
545 1119 60 19 orten
620 1117 62 28 högst
697 1116 104 28 gällande
816 1116 64 20 värde
896 1115 37 21 och

394 1151 40 21 den
451 1151 76 27 fördel
549 1158 78 20 egaren
649 1151 85 21 kunnat
749 1150 69 27 deraf
825 1149 107 28 påräkna,

393 1185 47 21 med
455 1185 118 27 beräkning
587 1188 32 18 att
631 1185 134 27 jordegaren
780 1190 106 15 ansvarar
897 1183 37 26 för

393 1221 76 19 räntor
491 1219 36 21 och
550 1219 110 28 utskylder
675 1218 30 28 af
711 1219 87 27 jorden,
815 1217 36 21 och
865 1218 69 27 gånge

393 1253 65 21 saken
473 1254 72 26 sedan,
562 1254 8 20 i
585 1253 103 21 händelse
703 1253 30 27 af
744 1253 73 21 vidare
832 1252 56 25 tvist,
899 1252 35 20 till

394 1288 95 21 domstol.

450 1322 69 20 Sedan
535 1322 105 28 afgälden
655 1321 73 28 blifvit
742 1328 75 21 genom
828 1320 106 28 öfverens-

394 1356 108 21 kommelse
513 1356 52 21 eller
575 1356 50 28 laga
636 1356 64 27 kraft
710 1356 81 26 egande
802 1355 68 21 beslut
876 1354 58 27 fast-

393 1390 64 25 stäld,
472 1390 57 21 skall
544 1391 123 20 densamma
686 1390 30 26 af
726 1388 208 25 utmålsinnehafva-

393 1431 38 14 ren
445 1425 56 20 inom
516 1425 64 20 nittio
596 1424 72 28 dagar
683 1424 96 27 derefter
789 1423 99 27 erläggas
900 1424 34 20 till
