1003 1617
301 110 23 24 U.
340 109 23 24 B.
379 121 30 7 —
424 96 62 48 Prop.
503 100 38 33 N:o
557 110 21 24 6.
763 112 23 20 11

58 168 150 31 förordningen
232 168 40 22 den
287 168 28 22 20
330 167 104 23 Februari
450 168 55 22 1865
521 174 35 16 om
571 167 68 23 finska
654 168 97 28 spräkets
766 167 51 23 infö-

56 203 69 23 rande
147 202 35 22 vid
204 202 117 22 domstolar
344 202 38 22 och
405 202 140 27 embetsverk,
568 202 63 28 ingen
650 202 48 22 frän
714 203 54 22 1867
782 202 35 22 ärs

59 237 76 27 början
149 236 55 22 intill
219 236 41 22 den
276 237 10 21 1
304 236 125 28 September
445 237 56 21 1873
515 236 41 22 fätt
571 236 84 28 aflägga
662 236 96 23 domare-
767 236 51 22 eller

59 270 184 24 kameralexamen
258 272 52 20 utan
326 272 32 20 att
372 270 63 22 hafva
449 270 56 22 visat
519 270 32 28 sig
567 277 39 21 ega
620 270 96 28 förmäga
730 273 32 20 att
772 270 45 23 icke

57 305 59 30 blott
130 306 7 21 i
152 305 30 22 tal
197 305 99 28 uttrycka
310 305 33 27 sig
357 306 27 27 pä
399 305 68 22 finska
482 305 88 28 språket
585 307 51 20 utan
652 305 39 22 ock
702 305 116 27 skriftligen

60 340 29 28 pä
103 346 80 16 samma
198 340 64 27 spräk
277 339 107 23 behandla
397 339 104 28 juridiska
515 342 78 20 ämnen
604 342 56 20 samt
668 342 38 25 att,
718 338 100 24 ehuruväl

61 374 41 23 den
123 380 89 16 numera
233 373 109 29 upphäfda
364 374 13 22 6
400 374 11 28 $
431 374 8 21 i
453 373 78 28 nådiga
545 373 150 29 förordningen
710 373 108 29 angående

57 408 182 30 'embetsexamina
254 408 22 22 af
290 408 40 22 den
346 408 28 22 30
389 408 42 27 Maj
449 409 52 21 1871
519 408 115 28 medgifvit,
643 410 32 20 att
686 408 77 22 sådant
772 407 49 28 prof

60 444 72 21 kunde
154 442 92 28 afläggas
267 442 101 28 antingen
390 442 45 22 före
450 442 52 22 eller
517 442 54 23 efter
586 442 72 28 sjelfva
674 449 93 20 examen,
784 442 35 22 det

61 478 64 22 likväl
147 478 28 28 pä
197 484 80 15 samma
291 478 56 27 gång
364 477 145 27 föreskrifvits,
525 479 32 20 att
571 477 47 22 icke
632 478 70 26 någon
716 476 56 28 finge
787 476 32 22 till

62 512 105 28 ordinarie
183 512 64 27 tjenst
261 511 111 22 befordras
386 511 52 22 eller
453 511 33 22 till
501 511 191 23 domareembetets
707 510 112 23 utöfvande

62 546 118 27 förordnas,
195 546 63 22 innan
274 546 41 22 han
331 546 83 27 profvet
429 546 116 27 behörigen
559 544 101 30 fullgjort.
679 540 19 28 Ä
714 545 65 23 andra
794 544 25 22 si-

63 581 42 22 dan
126 581 40 21 har
185 580 53 22 dock
254 580 55 22 ända
323 580 76 22 hittills
414 581 65 27 något
495 580 133 28 &fverhetligt
643 580 116 28 stadgande
774 579 46 22 icke

63 616 114 26 emanerat,
200 621 46 15 som
268 614 68 22 skulle
358 615 59 27 ålagt
431 615 170 27 tjenstemännen
616 615 35 21 vid
666 614 153 22 rådstufvurätt

63 649 40 23 och
121 649 111 27 magistrat
247 648 51 23 eller
314 649 145 27 ordningsrätt
474 651 33 19 att
521 649 88 29 vidtaga
621 650 49 21 med
685 648 135 22 utfärdandet

63 683 23 23 af
105 683 69 22 finska
189 683 149 28 expeditioner.
369 683 50 22 Med
434 683 114 27 anledning
563 683 62 22 häraf
638 690 62 21 synes
715 683 36 21 det
766 682 54 27 sjelf-

63 718 66 27 fallet,
144 720 33 20 att
192 718 56 28 dylik
264 718 252 28 expeditionsskyldighet
529 718 48 21 icke
591 717 67 22 heller
665 717 33 22 för
708 717 112 22 framtiden

63 752 108 22 åhvälfves
185 752 79 22 sådana
280 752 45 22 före
340 758 29 15 nu
381 752 160 26 ifrågavarande
552 752 133 27 förordnings
696 750 125 23 utfärdande

63 786 90 22 tillsatte
175 786 146 22 stadsdomare
344 786 39 22 och
405 786 134 27 tjenstemän,
558 786 70 22 hvilka
642 786 64 27 aflagt
718 785 103 28 juridiska

63 821 96 22 examina
173 820 45 22 före
233 822 25 20 år
274 822 62 25 1867,
351 821 110 21 hvaremot
477 820 131 23 beträffande
624 821 26 21 de
660 820 72 28 öfrige,
743 820 23 22 så
777 819 44 21 vidt

63 856 62 21 deras
143 855 177 27 befordringsrätt
342 856 91 27 grundat
456 855 31 27 sig
511 856 12 21 &
543 855 91 27 juridisk
656 854 166 22 universitetets-

63 896 94 20 examen,
181 890 111 22 enahanda
306 890 139 27 grundsatser
459 896 63 21 synas
536 889 53 23 böra
604 890 106 27 tillämpas
725 895 46 16 som
786 888 33 26 de,

62 924 29 28 pä
105 924 71 22 hvilka
191 924 13 28 &
220 925 12 21 5
248 924 72 22 stöder
335 924 32 27 sig
381 924 7 21 i
403 924 59 27 fräga
478 930 34 16 om
527 924 94 22 ledamot
635 924 7 21 i
657 923 86 22 hofrätt.

131 958 119 22 Ständerna
273 958 63 22 torde
358 958 89 26 derföre,
466 958 65 28 enligt
546 958 120 22 Utskottets
682 957 71 27 tanke,
769 956 52 22 böra

62 992 34 22 för
110 992 11 28 $
137 993 13 21 4
165 992 106 28 tillstyrka
285 992 93 28 följande
393 992 89 28 lydelse:
598 992 2 2 |

269 1060 47 22 Der
331 1062 72 28 någon
419 1060 28 28 af
461 1061 27 22 de
502 1060 149 28 härförinnan
662 1061 92 21 tillsatte
762 1059 61 28 borg-

200 1098 94 19 mästare
316 1096 53 21 eller
385 1096 186 27 justitierådmän
592 1096 52 21 eller
666 1095 39 21 ock
725 1094 98 22 notarier

200 1130 36 21 vid
257 1130 173 28 Rädstufvurätt
445 1131 53 21 eller
513 1130 126 29 Magistrat,
655 1129 85 22 hvilkas
755 1128 69 28 befor-

200 1164 124 28 dringsrätt
345 1165 101 28 grundar
468 1165 34 27 sig
513 1165 33 27 pä
559 1164 99 28 juridisk
672 1170 96 20 examen,
784 1170 40 14 un-

200 1198 124 28 dergängen
347 1199 37 21 vid
409 1198 150 22 Universitetet
571 1198 53 28 före
638 1198 43 22 den
696 1199 14 21 1
726 1197 98 22 Januari

202 1234 66 26 1867,
290 1233 47 21 icke
356 1235 28 19 är
399 1233 70 22 finska
484 1233 89 29 spräket
586 1233 25 21 sä
626 1233 91 28 mäktig,
732 1234 34 20 att
780 1231 44 21 han

200 1273 20 16 0.
236 1274 18 15 8.
269 1274 19 15 v.
308 1267 53 25 (lika
376 1268 48 22 med
439 1267 175 29 propositionen).

131 1336 10 21 I
164 1335 98 23 afseende
284 1337 13 21 &
320 1336 11 28 $
352 1337 12 21 5
380 1342 63 16 anser
457 1336 112 22 Utskottet
583 1336 47 22 icke
644 1337 66 26 något
726 1340 50 16 vara
792 1336 33 20 att

62 1370 108 30 anmärka,
193 1372 51 20 utan
267 1370 61 22 torde
352 1370 121 22 densamma
496 1370 71 22 kunna
587 1370 23 22 af
623 1368 120 24 Ständerna
758 1369 7 21 i
781 1368 41 22 allo

63 1398 105 37 förordas.
417 1428 2 2 .

131 1438 70 22 Sedan
223 1438 112 22 Utskottet
350 1438 90 22 sålunda
455 1439 124 27 genomgått
594 1438 36 22 det
644 1438 34 22 till
693 1437 131 23 Ständernas

132 1478 142 22 Lagutskottets
288 1478 117 18 betänkande
418 1478 36 18 N:o
468 1479 17 17 9.
