1009 1620
289 90 27 21 U.
332 90 27 22 B.
377 101 22 4 —
418 89 71 28 Prop.
504 89 41 23 N:o
560 90 23 21 9.
755 88 28 20 23

62 156 44 19 sats
129 155 32 20 att
184 152 118 22 förminska
324 153 146 27 omgängarne
489 152 39 22 och
548 152 145 22 kostnaderne
713 151 35 22 vid
763 156 48 21 ego-

62 188 113 27 styckning
190 187 41 21 och
243 186 184 28 jordafsöndring,
443 186 118 22 föranlätes
574 187 39 27 jag
628 186 108 28 nedlägga
746 191 66 15 reser-

62 222 72 22 vation
157 223 56 20 emot
235 221 117 21 utskottets
374 221 138 22 betänkande
534 222 6 20 i
561 221 64 22 ofvan
643 220 89 28 angifna
751 219 61 21 delar

62 256 39 22 och
117 256 70 22 tillika
201 256 110 22 vördsamt
326 256 80 22 föreslä

335 304 32 19 att
396 303 7 20 4
425 302 16 28 $
463 302 8 20 i
491 302 40 22 den
551 302 83 28 nädiga
648 301 163 29 propositionen

267 336 68 25 Vletve
351 336 139 26 oförändrad
505 339 106 25 antagen;
625 339 56 19 samt

63 373 33 20 att
110 371 54 22 sista
177 372 117 21 momentet
308 371 7 21 i
330 372 13 20 9
359 372 11 26 $
386 370 25 22 af
419 372 41 20 den
471 371 80 27 nådiga
561 370 161 28 propositionen
733 369 79 23 erhölle

62 406 95 27 följande
172 406 80 28 lydelse

337 451 142 22 Guvernören
493 452 84 28 äligger
588 454 33 19 att
631 459 33 14 om
675 450 136 29 afsöndring,

268 486 65 21 sedan
350 486 126 21 densamma
492 486 73 28 blifvit
581 486 129 27 stadfästad
724 485 38 22 och
777 484 34 27 af-

267 521 80 28 gälden
357 520 107 26 bestämts,
471 520 140 28 föranstalta
622 521 129 27 annotering
761 520 9 20 i
781 519 30 21 lä-

267 557 46 19 nets
329 555 37 21 och
383 555 105 21 häradets
497 555 109 28 jordebok
621 557 55 19 samt
687 554 73 22 tillika
771 561 41 14 un-

268 590 99 21 derrätta
383 589 214 22 länelandtmätären
613 597 17 14 o.
646 596 16 15 s.
678 596 17 15 v.
707 589 41 21 enl.
758 595 54 21 pro-

265 625 130 27 positionen.

572 665 47 21 Karl
636 665 109 21 Fabritius.

133 809 46 22 Den
198 810 7 20 i
221 810 10 26 $
248 810 25 20 11
289 809 25 21 af
326 810 42 20 den
384 809 80 27 nådiga
479 809 162 27 propositionen
657 807 156 28 stomlägenhe-

66 847 47 19 tens
127 844 140 22 innehafvare
282 843 131 22 tillerkända
427 844 142 27 lösningsrätt
579 844 31 25 är,
620 843 67 28 enligt
697 842 44 22 min
751 842 62 28 äsigt,

66 879 34 21 för
114 878 191 28 hemmansegaren
320 878 45 22 ofta
381 878 24 22 af
418 878 95 22 särdeles
524 880 45 20 stor
579 878 114 28 betydelse,
705 878 52 21 enär
767 878 46 20 der-

65 914 84 27 igenom
172 915 30 19 ett
225 913 57 27 slags
301 912 164 28 föreningslänk
479 913 79 21 mellan
574 912 185 28 stomlägenheten
774 911 40 21 och

65 949 41 20 den
122 948 129 21 afsöndrade
265 948 78 28 jorden
357 947 126 22 bibehälles.
513 948 50 22 Men
578 949 28 20 än
620 948 68 21 större
702 946 69 22 fördel
781 952 33 15 er-

64 982 69 22 håller
147 982 195 28 stomlägenhetens
356 982 142 23 innehafvare
513 989 78 21 genom
605 982 168 28 lösningsrätten
783 981 31 21 sä-

64 1017 67 21 lunda
152 1018 33 20 att
202 1016 51 27 han,
271 1016 65 23 äfven
355 1024 35 14 om
404 1016 45 22 han
465 1017 92 22 afhändt
572 1017 32 28 sig
619 1017 115 28 parcellen,
749 1015 66 23 likväl

65 1058 49 21 eger
129 1052 7 21 i
151 1051 72 22 behäll
237 1058 28 15 en
280 1052 43 22 viss
337 1051 193 28 bestämningsrätt
545 1054 110 26 gentemot
665 1059 27 15 en
702 1050 75 29 möjlig
787 1057 28 21 ny

64 1092 87 22 granne.
181 1086 78 22 Derför
281 1086 39 22 och
343 1093 46 15 som
411 1086 107 22 utskottet
536 1087 7 21 i
561 1087 37 21 sitt
612 1086 87 28 förslag,
715 1088 54 20 utan
783 1084 33 22 af-

64 1121 78 20 seende
161 1121 13 20 ä
189 1122 62 20 dessa
266 1120 191 28 omständigheter,
475 1121 104 28 fräntagit
594 1123 134 26 stomegaren
743 1121 72 20 denna

64 1154 147 28 lösningsrätt,
233 1155 69 22 ehuru
319 1156 134 25 densamma,
469 1156 70 22 sävidt
551 1156 38 28 jag
604 1158 42 24 vet,
662 1156 18 28 ej
697 1154 70 23 skulle
781 1153 34 23 för

64 1189 236 28 parcellinnehafvaren
323 1190 57 22 vålla
399 1191 73 27 någon
487 1190 82 28 verklig
584 1190 121 28 olägenhet,
719 1188 45 23 kan
776 1189 39 27 jag

64 1224 8 21 i
86 1224 72 21 denna
171 1224 35 21 del
221 1224 19 28 ej
257 1224 76 22 förena
347 1224 44 28 mig
405 1224 8 22 i
428 1224 119 22 utskottets
562 1225 61 27 åsigt.
645 1224 45 22 Och
705 1230 64 16 anser
776 1223 40 28 jag

65 1259 36 21 det
123 1258 71 22 derför
213 1258 137 29 synnerligen
366 1258 120 23 önskvärdt
501 1261 33 21 att
548 1259 140 29 lösningsrätt
702 1258 34 22 för
751 1260 64 20 stom-

64 1292 154 23 innehafvaren
233 1293 134 22 fortfarande
382 1293 126 23 bibehålles.

133 1327 40 22 Om
194 1328 49 21 mitt
264 1328 81 28 förslag
363 1328 135 28 godkännes,
514 1328 69 22 skulle
595 1329 39 28 jag
649 1328 72 22 derför
735 1326 81 22 föreslå

64 1364 32 19 att
118 1364 11 25 &
152 1363 27 21 12
200 1362 8 22 i
229 1362 117 22 utskottets
364 1362 141 24 betänkande
523 1364 70 22 blefve
613 1363 70 22 tillökt
698 1362 50 22 med
763 1362 53 21 sista

63 1398 118 20 momentet
202 1397 8 21 i
229 1398 42 21 den
289 1398 80 27 nådiga
386 1398 177 28 propositionens
577 1399 26 21 11
619 1400 18 26 $,
652 1398 87 23 hvilken
755 1398 25 20 är
795 1396 24 22 af

62 1430 96 28 följande
173 1431 89 28 lydelse:
