1023 1620
263 107 36 24 U.
315 108 35 23 B.
367 121 28 3 —
410 107 94 30 Prop.
521 108 54 23 N:o
591 109 27 23 2.
783 109 7 19 1

341 385 269 22 Ekonomiutskottets
639 385 155 22 betänkande
819 385 5 21 i

272 420 98 27 anledning
386 420 22 21 af
421 420 106 21 återremiss
550 420 21 21 af
589 420 102 22 utskottets
711 419 114 22 betänkande

273 454 31 22 N:o
321 454 11 21 2
356 454 28 21 för
400 455 119 27 uppgörande
534 455 21 21 af
576 456 42 26 nytt
635 454 70 28 förslag
725 454 29 22 till
771 454 54 21 Stän-

272 489 64 21 dernas
359 489 88 27 yttrande
470 490 5 20 i
499 489 92 21 särskilda
607 489 51 21 delar
681 489 21 21 af
715 488 111 22 Ständernas

271 522 125 28 underdåniga
420 530 44 14 svar
486 523 22 29 på
532 524 47 21 Hans
603 524 104 28 Kejserliga
730 523 96 28 Majestäts

271 558 69 27 Nådiga
367 558 118 28 Proposition
510 558 32 22 N:o
568 559 21 26 2,
620 558 93 29 angående
742 558 84 22 vaccina-

272 593 68 21 tionen,

136 655 28 23 Af
186 656 26 22 de
233 655 204 28 protokollsutdrag,
461 656 212 23 Ekonomiutskottet
695 657 8 21 i
718 656 109 28 öfverens-

66 691 121 22 stämmelse
202 691 49 22 med
266 691 128 27 stadgandet
408 691 8 21 i
432 691 27 22 67
476 691 11 28 $
503 691 22 22 af
539 691 23 22 L.
580 691 23 22 O.
621 691 40 22 fått
677 693 107 26 emottaga
792 697 36 16 an-

66 726 81 27 gående
170 726 100 22 ståndens
292 725 130 28 behandling
438 725 22 23 af
474 726 63 22 ofvan
551 726 92 22 berörde
659 727 78 27 nådiga
751 732 77 21 propo-

66 761 70 27 sition,
152 761 40 22 har
206 761 106 22 utskottet
328 761 112 26 inhemtat,
457 762 33 20 att
506 761 90 22 ärendet
610 760 69 22 blifvit
695 761 22 22 af
730 760 98 27 samtliga
852 774 2 3 -

67 795 89 22 stånden
167 795 33 21 till
210 795 105 22 utskottet
326 795 190 28 återremitteradt,
533 795 44 22 dels
593 795 32 22 för
641 795 110 23 införande
766 795 23 22 af
797 796 31 20 åt-

69 829 84 28 skilliga
175 829 23 23 af
217 830 90 22 stånden
329 830 101 22 beslutna
452 830 116 28 ändringar
589 830 8 22 i
611 830 109 28 lagtexten
735 829 46 23 dels
796 829 33 21 för

68 864 199 28 omformuleringen
290 864 22 22 af
334 864 127 22 ständernas
484 864 147 28 underdåniga
649 872 49 15 svar
713 865 7 21 i
735 864 94 27 enlighet

68 899 48 22 med
136 899 26 22 de
177 898 104 22 förbehåll
296 899 116 22 ständerna
428 901 72 20 ansett
516 899 31 27 sig
563 899 52 22 böra
631 902 51 25 göra
697 898 133 23 beträffande

69 934 101 25 vilkoren,
186 933 40 22 och
242 935 65 20 sättet
322 933 33 22 för
370 934 41 21 den
427 940 43 21 nya
485 934 183 27 organisationens
683 933 117 22 införande.

137 968 169 22 Vidkommande
321 968 53 22 först
390 968 75 27 sjelfva
475 968 109 27 lagtexten
594 968 67 22 finner
671 968 107 22 utskottet
787 967 43 27 lag-

68 1002 56 28 enlig
139 1002 109 28 pluralitet
263 1008 51 16 vara
329 1002 119 22 förhanden
464 1002 134 22 beträffande
614 1002 97 28 samtliga
721 1002 27 28 88
758 1002 7 21 i
777 1002 53 21 För-

69 1038 120 27 ordningen
200 1038 112 28 angående
322 1038 168 21 vaccinationen
499 1038 8 21 i
517 1038 105 26 Finland,
637 1044 48 15 men
701 1037 32 27 dä,
749 1036 8 22 i
771 1036 60 27 fråga

68 1078 34 15 om
125 1072 148 27 stiliseringen,
304 1079 27 15 en
354 1072 35 22 del
413 1072 168 28 anmärkningar
606 1072 61 22 torde
689 1071 92 27 förtjena
803 1069 29 22 af-

67 1106 84 28 seende,
167 1106 67 22 ehuru
250 1107 26 21 de
291 1106 69 22 blifvit
375 1106 137 22 framställda
527 1107 75 21 endast
617 1106 7 22 i
639 1108 32 20 ett
685 1106 70 26 ständ,
771 1106 60 25 tager

68 1140 104 22 utskottet
196 1141 31 27 sig
250 1141 90 22 friheten
363 1142 116 21 hemställa
500 1148 35 16 om
551 1141 127 27 vidtagande
704 1140 22 22 af
739 1138 92 28 följande

68 1175 205 27 omformuleringar:

274 1241 33 20 att
321 1239 7 21 i
344 1239 11 28 $
370 1239 13 22 5
400 1239 68 22 orden
484 1239 20 26 ,?
519 1239 38 22 sitt
572 1239 98 21 hemvist"
685 1238 86 27 utbytas
787 1238 45 20 mot

205 1273 47 26 »vid
267 1276 70 19 annat
353 1273 117 27 tillfälle;*

274 1308 7 21 i
304 1308 12 28 8
341 1309 25 21 10
382 1308 6 21 i
405 1308 42 22 den
464 1308 70 22 finska
549 1310 72 20 texten
636 1308 88 21 föreslås
739 1306 93 27 följande

205 1342 159 28 omstilisering;
381 1343 47 27 ,jos
439 1343 59 27 joku
515 1343 72 21 tahtoo
604 1343 90 20 valittaa
710 1340 121 22 kunnallis-

206 1377 127 26 kokouksen,
350 1376 301 27 kunnallisvaltuusmiesten,
671 1376 161 21 kunnallislau-

207 1412 120 24 takunnan,
358 1411 253 27 vraastuvankokouksen,
637 1410 127 28 kaupungin
790 1409 43 21 val-

212 1446 146 27 tuusmiesten,
384 1445 48 21 tahi
453 1446 216 28 järjestysoikeuden
693 1444 141 22 rokoitusasi-

138 1486 75 24 Bihang
226 1486 31 18 till
268 1486 195 18 Ekonomiutskottets
476 1486 119 18 betänkande
608 1486 37 17 N:o
657 1485 18 19 2.
