<?xml version="1.0" encoding="UTF-8"?>
<alto xmlns="http://www.loc.gov/standards/alto/ns-v3#" xmlns:xlink="http://www.w3.org/1999/xlink" xmlns:xsi="http://www.w3.org/2001/XMLSchema-instance" xsi:schemaLocation="http://www.loc.gov/standards/alto/ns-v3# http://www.loc.gov/alto/v3/alto-3-0.xsd">
	<Description>
		<MeasurementUnit>pixel</MeasurementUnit>
		<sourceImageInformation>
			<fileName>/tmp/tess_lha3cnsf_input.PNG</fileName>
		</sourceImageInformation>
		<OCRProcessing ID="OCR_0">
			<ocrProcessingStep>
				<processingSoftware>
					<softwareName>tesseract 5.3.4</softwareName>
				</processingSoftware>
			</ocrProcessingStep>
		</OCRProcessing>
	</Description>
	<Layout>
		<Page WIDTH="1025" HEIGHT="1625" PHYSICAL_IMG_NR="0" ID="page_0">
			<PrintSpace HPOS="0" VPOS="0" WIDTH="1025" HEIGHT="1625">
				<ComposedBlock ID="cblock_0" HPOS="219" VPOS="54" WIDTH="491" HEIGHT="38">
					<TextBlock ID="block_0" HPOS="219" VPOS="54" WIDTH="491" HEIGHT="38">
						<TextLine ID="line_0" HPOS="219" VPOS="54" WIDTH="491" HEIGHT="38">
							<String ID="string_0" HPOS="219" VPOS="62" WIDTH="26" HEIGHT="20" WC="0.95" CONTENT="12"/><SP WIDTH="181" VPOS="62" HPOS="245"/>
							<String ID="string_1" HPOS="426" VPOS="62" WIDTH="22" HEIGHT="23" WC="0.93" CONTENT="U."/><SP WIDTH="18" VPOS="62" HPOS="448"/>
							<String ID="string_2" HPOS="466" VPOS="62" WIDTH="21" HEIGHT="23" WC="0.32" CONTENT="B."/><SP WIDTH="8" VPOS="62" HPOS="487"/>
							<String ID="string_3" HPOS="495" VPOS="54" WIDTH="115" HEIGHT="38" WC="0.1" CONTENT=":APFöp."/><SP WIDTH="17" VPOS="54" HPOS="610"/>
							<String ID="string_4" HPOS="627" VPOS="62" WIDTH="37" HEIGHT="24" WC="0.96" CONTENT="N:o"/><SP WIDTH="16" VPOS="62" HPOS="664"/>
							<String ID="string_5" HPOS="680" VPOS="63" WIDTH="30" HEIGHT="23" WC="0.95" CONTENT="13."/>
						</TextLine>
					</TextBlock>
				</ComposedBlock>
				<ComposedBlock ID="cblock_1" HPOS="188" VPOS="118" WIDTH="759" HEIGHT="122">
					<TextBlock ID="block_1" HPOS="188" VPOS="118" WIDTH="759" HEIGHT="98">
						<TextLine ID="line_1" HPOS="189" VPOS="118" WIDTH="757" HEIGHT="31">
							<String ID="string_6" HPOS="189" VPOS="118" WIDTH="66" HEIGHT="22" WC="0.93" CONTENT="orden"/><SP WIDTH="17" VPOS="118" HPOS="255"/>
							<String ID="string_7" HPOS="272" VPOS="118" WIDTH="62" HEIGHT="23" WC="0.83" CONTENT=".eller"/><SP WIDTH="15" VPOS="118" HPOS="334"/>
							<String ID="string_8" HPOS="349" VPOS="121" WIDTH="51" HEIGHT="25" WC="0.96" CONTENT="pant"/><SP WIDTH="16" VPOS="121" HPOS="400"/>
							<String ID="string_9" HPOS="416" VPOS="120" WIDTH="22" HEIGHT="21" WC="0.96" CONTENT="af"/><SP WIDTH="12" VPOS="120" HPOS="438"/>
							<String ID="string_10" HPOS="450" VPOS="120" WIDTH="7" HEIGHT="21" WC="0.93" CONTENT="i"/><SP WIDTH="20" VPOS="120" HPOS="457"/>
							<String ID="string_11" HPOS="477" VPOS="114" WIDTH="76" HEIGHT="40" WC="0.60" CONTENT="såän”"/><SP WIDTH="4" VPOS="114" HPOS="553"/>
							<String ID="string_12" HPOS="557" VPOS="120" WIDTH="98" HEIGHT="28" WC="0.93" CONTENT="egendom"/><SP WIDTH="19" VPOS="120" HPOS="655"/>
							<String ID="string_13" HPOS="674" VPOS="120" WIDTH="124" HEIGHT="22" WC="0.93" CONTENT="intecknadt"/><SP WIDTH="14" VPOS="120" HPOS="798"/>
							<String ID="string_14" HPOS="812" VPOS="120" WIDTH="134" HEIGHT="22" WC="0.48" CONTENT="skuldebref&quot;"/>
						</TextLine>
						<TextLine ID="line_2" HPOS="188" VPOS="153" WIDTH="759" HEIGHT="29">
							<String ID="string_15" HPOS="188" VPOS="153" WIDTH="66" HEIGHT="21" WC="0.93" CONTENT="mätte"/><SP WIDTH="15" VPOS="153" HPOS="254"/>
							<String ID="string_16" HPOS="269" VPOS="153" WIDTH="47" HEIGHT="21" WC="0.93" CONTENT="frän"/><SP WIDTH="15" VPOS="153" HPOS="316"/>
							<String ID="string_17" HPOS="331" VPOS="153" WIDTH="236" HEIGHT="29" WC="0.89" CONTENT="författningsförslaget"/><SP WIDTH="16" VPOS="153" HPOS="567"/>
							<String ID="string_18" HPOS="583" VPOS="154" WIDTH="109" HEIGHT="27" WC="0.89" CONTENT="uteslutas,"/><SP WIDTH="17" VPOS="154" HPOS="692"/>
							<String ID="string_19" HPOS="709" VPOS="160" WIDTH="48" HEIGHT="16" WC="0.93" CONTENT="men"/><SP WIDTH="17" VPOS="160" HPOS="757"/>
							<String ID="string_20" HPOS="774" VPOS="155" WIDTH="117" HEIGHT="21" WC="0.93" CONTENT="detsamma"/><SP WIDTH="10" VPOS="155" HPOS="891"/>
							<String ID="string_21" HPOS="901" VPOS="154" WIDTH="6" HEIGHT="21" WC="0.93" CONTENT="i"/><SP WIDTH="12" VPOS="154" HPOS="907"/>
							<String ID="string_22" HPOS="919" VPOS="154" WIDTH="28" HEIGHT="21" WC="0.91" CONTENT="öf-"/>
						</TextLine>
						<TextLine ID="line_3" HPOS="189" VPOS="187" WIDTH="303" HEIGHT="29">
							<String ID="string_23" HPOS="189" VPOS="187" WIDTH="42" HEIGHT="27" WC="0.92" CONTENT="rigt"/><SP WIDTH="15" VPOS="187" HPOS="231"/>
							<String ID="string_24" HPOS="246" VPOS="187" WIDTH="137" HEIGHT="22" WC="0.92" CONTENT="oförändradt"/><SP WIDTH="15" VPOS="187" HPOS="383"/>
							<String ID="string_25" HPOS="398" VPOS="190" WIDTH="94" HEIGHT="26" WC="0.92" CONTENT="antagas."/>
						</TextLine>
					</TextBlock>
					<TextBlock ID="block_2" HPOS="686" VPOS="217" WIDTH="191" HEIGHT="23">
						<TextLine ID="line_4" HPOS="686" VPOS="217" WIDTH="191" HEIGHT="23">
							<String ID="string_26" HPOS="686" VPOS="217" WIDTH="60" HEIGHT="23" WC="0.93" CONTENT="Josef"/><SP WIDTH="16" VPOS="217" HPOS="746"/>
							<String ID="string_27" HPOS="762" VPOS="218" WIDTH="115" HEIGHT="22" WC="0.96" CONTENT="Stenbäck."/>
						</TextLine>
					</TextBlock>
				</ComposedBlock>
				<ComposedBlock ID="cblock_2" HPOS="183" VPOS="290" WIDTH="764" HEIGHT="1051">
					<TextBlock ID="block_3" HPOS="188" VPOS="290" WIDTH="759" HEIGHT="58">
						<TextLine ID="line_5" HPOS="258" VPOS="290" WIDTH="689" HEIGHT="29">
							<String ID="string_28" HPOS="258" VPOS="290" WIDTH="43" HEIGHT="21" WC="0.92" CONTENT="Min"/><SP WIDTH="23" VPOS="290" HPOS="301"/>
							<String ID="string_29" HPOS="324" VPOS="291" WIDTH="54" HEIGHT="22" WC="0.90" CONTENT="ifrän"/><SP WIDTH="18" VPOS="291" HPOS="378"/>
							<String ID="string_30" HPOS="396" VPOS="292" WIDTH="116" HEIGHT="21" WC="0.93" CONTENT="utskottets"/><SP WIDTH="17" VPOS="292" HPOS="512"/>
							<String ID="string_31" HPOS="529" VPOS="292" WIDTH="112" HEIGHT="21" WC="0.93" CONTENT="afvikande"/><SP WIDTH="17" VPOS="292" HPOS="641"/>
							<String ID="string_32" HPOS="658" VPOS="293" WIDTH="84" HEIGHT="26" WC="0.93" CONTENT="mening"/><SP WIDTH="15" VPOS="293" HPOS="742"/>
							<String ID="string_33" HPOS="757" VPOS="292" WIDTH="95" HEIGHT="21" WC="0.92" CONTENT="anhäller"/><SP WIDTH="12" VPOS="292" HPOS="852"/>
							<String ID="string_34" HPOS="864" VPOS="293" WIDTH="37" HEIGHT="26" WC="0.96" CONTENT="jag"/><SP WIDTH="15" VPOS="293" HPOS="901"/>
							<String ID="string_35" HPOS="916" VPOS="294" WIDTH="31" HEIGHT="20" WC="0.96" CONTENT="att"/>
						</TextLine>
						<TextLine ID="line_6" HPOS="188" VPOS="324" WIDTH="402" HEIGHT="24">
							<String ID="string_36" HPOS="188" VPOS="324" WIDTH="39" HEIGHT="21" WC="0.93" CONTENT="här"/><SP WIDTH="14" VPOS="324" HPOS="227"/>
							<String ID="string_37" HPOS="241" VPOS="324" WIDTH="21" HEIGHT="21" WC="0.93" CONTENT="få"/><SP WIDTH="16" VPOS="324" HPOS="262"/>
							<String ID="string_38" HPOS="278" VPOS="325" WIDTH="171" HEIGHT="22" WC="0.92" CONTENT="reservationsvis"/><SP WIDTH="17" VPOS="325" HPOS="449"/>
							<String ID="string_39" HPOS="466" VPOS="326" WIDTH="124" HEIGHT="22" WC="0.41" CONTENT="anteeknad."/>
						</TextLine>
					</TextBlock>
					<TextBlock ID="block_4" HPOS="183" VPOS="359" WIDTH="764" HEIGHT="887">
						<TextLine ID="line_7" HPOS="257" VPOS="359" WIDTH="690" HEIGHT="40">
							<String ID="string_40" HPOS="257" VPOS="359" WIDTH="153" HEIGHT="22" WC="0.92" CONTENT="Ränteaftalets"/><SP WIDTH="15" VPOS="359" HPOS="410"/>
							<String ID="string_41" HPOS="425" VPOS="360" WIDTH="63" HEIGHT="21" WC="0.96" CONTENT="frihet"/><SP WIDTH="16" VPOS="360" HPOS="488"/>
							<String ID="string_42" HPOS="504" VPOS="362" WIDTH="63" HEIGHT="37" WC="0.96" CONTENT="anser"/><SP WIDTH="12" VPOS="362" HPOS="567"/>
							<String ID="string_43" HPOS="579" VPOS="361" WIDTH="37" HEIGHT="26" WC="0.93" CONTENT="jag"/><SP WIDTH="14" VPOS="361" HPOS="616"/>
							<String ID="string_44" HPOS="630" VPOS="361" WIDTH="46" HEIGHT="21" WC="0.89" CONTENT="icke"/><SP WIDTH="17" VPOS="361" HPOS="676"/>
							<String ID="string_45" HPOS="693" VPOS="367" WIDTH="36" HEIGHT="15" WC="0.96" CONTENT="ens"/><SP WIDTH="11" VPOS="367" HPOS="729"/>
							<String ID="string_46" HPOS="740" VPOS="361" WIDTH="47" HEIGHT="21" WC="0.96" CONTENT="med"/><SP WIDTH="11" VPOS="361" HPOS="787"/>
							<String ID="string_47" HPOS="798" VPOS="361" WIDTH="40" HEIGHT="21" WC="0.93" CONTENT="den"/><SP WIDTH="11" VPOS="361" HPOS="838"/>
							<String ID="string_48" HPOS="849" VPOS="361" WIDTH="98" HEIGHT="26" WC="0.92" CONTENT="begräns-"/>
						</TextLine>
						<TextLine ID="line_8" HPOS="187" VPOS="382" WIDTH="758" HEIGHT="49">
							<String ID="string_49" HPOS="187" VPOS="392" WIDTH="56" HEIGHT="27" WC="0.93" CONTENT="ning,"/><SP WIDTH="23" VPOS="392" HPOS="243"/>
							<String ID="string_50" HPOS="266" VPOS="399" WIDTH="45" HEIGHT="16" WC="0.93" CONTENT="som"/><SP WIDTH="24" VPOS="399" HPOS="311"/>
							<String ID="string_51" HPOS="335" VPOS="393" WIDTH="114" HEIGHT="23" WC="0.93" CONTENT="utskottets"/><SP WIDTH="23" VPOS="393" HPOS="449"/>
							<String ID="string_52" HPOS="472" VPOS="382" WIDTH="109" HEIGHT="49" WC="0.13" CONTENT="plurälitet"/><SP WIDTH="24" VPOS="382" HPOS="581"/>
							<String ID="string_53" HPOS="605" VPOS="395" WIDTH="101" HEIGHT="26" WC="0.92" CONTENT="förordat,"/><SP WIDTH="16" VPOS="395" HPOS="706"/>
							<String ID="string_54" HPOS="722" VPOS="401" WIDTH="50" HEIGHT="16" WC="0.96" CONTENT="vara"/><SP WIDTH="16" VPOS="401" HPOS="772"/>
							<String ID="string_55" HPOS="788" VPOS="395" WIDTH="22" HEIGHT="21" WC="0.93" CONTENT="af"/><SP WIDTH="14" VPOS="395" HPOS="810"/>
							<String ID="string_56" HPOS="824" VPOS="396" WIDTH="46" HEIGHT="20" WC="0.93" CONTENT="värt"/><SP WIDTH="16" VPOS="396" HPOS="870"/>
							<String ID="string_57" HPOS="886" VPOS="395" WIDTH="59" HEIGHT="22" WC="0.91" CONTENT="lands"/>
						</TextLine>
						<TextLine ID="line_9" HPOS="187" VPOS="426" WIDTH="759" HEIGHT="31">
							<String ID="string_58" HPOS="187" VPOS="426" WIDTH="72" HEIGHT="23" WC="0.85" CONTENT="affärs-"/><SP WIDTH="16" VPOS="426" HPOS="259"/>
							<String ID="string_59" HPOS="275" VPOS="427" WIDTH="38" HEIGHT="22" WC="0.93" CONTENT="och"/><SP WIDTH="16" VPOS="427" HPOS="313"/>
							<String ID="string_60" HPOS="329" VPOS="425" WIDTH="259" HEIGHT="31" WC="0.89" CONTENT="penninge-förhällanden"/><SP WIDTH="15" VPOS="425" HPOS="588"/>
							<String ID="string_61" HPOS="603" VPOS="429" WIDTH="107" HEIGHT="28" WC="0.93" CONTENT="betingad,"/><SP WIDTH="16" VPOS="429" HPOS="710"/>
							<String ID="string_62" HPOS="726" VPOS="429" WIDTH="96" HEIGHT="22" WC="0.90" CONTENT="hvarföre"/><SP WIDTH="15" VPOS="429" HPOS="822"/>
							<String ID="string_63" HPOS="837" VPOS="430" WIDTH="62" HEIGHT="26" WC="0.93" CONTENT="ingen"/><SP WIDTH="12" VPOS="430" HPOS="899"/>
							<String ID="string_64" HPOS="911" VPOS="432" WIDTH="35" HEIGHT="19" WC="0.93" CONTENT="än-"/>
						</TextLine>
						<TextLine ID="line_10" HPOS="188" VPOS="461" WIDTH="755" HEIGHT="30">
							<String ID="string_65" HPOS="188" VPOS="461" WIDTH="61" HEIGHT="27" WC="0.89" CONTENT="dring"/><SP WIDTH="22" VPOS="461" HPOS="249"/>
							<String ID="string_66" HPOS="271" VPOS="462" WIDTH="6" HEIGHT="21" WC="0.96" CONTENT="i"/><SP WIDTH="24" VPOS="462" HPOS="277"/>
							<String ID="string_67" HPOS="301" VPOS="463" WIDTH="12" HEIGHT="20" WC="0.92" CONTENT="6"/><SP WIDTH="19" VPOS="463" HPOS="313"/>
							<String ID="string_68" HPOS="332" VPOS="462" WIDTH="11" HEIGHT="28" WC="0.88" CONTENT="$"/><SP WIDTH="16" VPOS="462" HPOS="343"/>
							<String ID="string_69" HPOS="359" VPOS="463" WIDTH="12" HEIGHT="21" WC="0.96" CONTENT="9"/><SP WIDTH="16" VPOS="463" HPOS="371"/>
							<String ID="string_70" HPOS="387" VPOS="463" WIDTH="46" HEIGHT="28" WC="0.95" CONTENT="kap."/><SP WIDTH="18" VPOS="463" HPOS="433"/>
							<String ID="string_71" HPOS="451" VPOS="463" WIDTH="26" HEIGHT="22" WC="0.90" CONTENT="H."/><SP WIDTH="11" VPOS="463" HPOS="477"/>
							<String ID="string_72" HPOS="488" VPOS="461" WIDTH="106" HEIGHT="30" WC="0.23" CONTENT="Bf*vore,"/><SP WIDTH="17" VPOS="461" HPOS="594"/>
							<String ID="string_73" HPOS="611" VPOS="464" WIDTH="65" HEIGHT="27" WC="0.96" CONTENT="enligt"/><SP WIDTH="16" VPOS="464" HPOS="676"/>
							<String ID="string_74" HPOS="692" VPOS="463" WIDTH="42" HEIGHT="22" WC="0.96" CONTENT="min"/><SP WIDTH="16" VPOS="463" HPOS="734"/>
							<String ID="string_75" HPOS="750" VPOS="464" WIDTH="89" HEIGHT="27" WC="0.93" CONTENT="mening,"/><SP WIDTH="18" VPOS="464" HPOS="839"/>
							<String ID="string_76" HPOS="857" VPOS="464" WIDTH="86" HEIGHT="27" WC="0.92" CONTENT="önsklig."/>
						</TextLine>
						<TextLine ID="line_11" HPOS="188" VPOS="494" WIDTH="757" HEIGHT="31">
							<String ID="string_77" HPOS="188" VPOS="495" WIDTH="64" HEIGHT="22" WC="0.92" CONTENT="Utom"/><SP WIDTH="23" VPOS="495" HPOS="252"/>
							<String ID="string_78" HPOS="275" VPOS="496" WIDTH="36" HEIGHT="21" WC="0.96" CONTENT="det"/><SP WIDTH="23" VPOS="496" HPOS="311"/>
							<String ID="string_79" HPOS="334" VPOS="499" WIDTH="32" HEIGHT="19" WC="0.96" CONTENT="att"/><SP WIDTH="22" VPOS="499" HPOS="366"/>
							<String ID="string_80" HPOS="388" VPOS="504" WIDTH="75" HEIGHT="20" WC="0.92" CONTENT="genom"/><SP WIDTH="24" VPOS="504" HPOS="463"/>
							<String ID="string_81" HPOS="487" VPOS="494" WIDTH="50" HEIGHT="25" WC="0.87" CONTENT="den&#39;"/><SP WIDTH="14" VPOS="494" HPOS="537"/>
							<String ID="string_82" HPOS="551" VPOS="497" WIDTH="118" HEIGHT="28" WC="0.93" CONTENT="föreslagna"/><SP WIDTH="15" VPOS="497" HPOS="669"/>
							<String ID="string_83" HPOS="684" VPOS="497" WIDTH="135" HEIGHT="28" WC="0.93" CONTENT="frigifningen"/><SP WIDTH="16" VPOS="497" HPOS="819"/>
							<String ID="string_84" HPOS="835" VPOS="498" WIDTH="22" HEIGHT="21" WC="0.93" CONTENT="af"/><SP WIDTH="13" VPOS="498" HPOS="857"/>
							<String ID="string_85" HPOS="870" VPOS="501" WIDTH="75" HEIGHT="18" WC="0.93" CONTENT="räntan"/>
						</TextLine>
						<TextLine ID="line_12" HPOS="187" VPOS="530" WIDTH="758" HEIGHT="33">
							<String ID="string_86" HPOS="187" VPOS="530" WIDTH="133" HEIGHT="27" WC="0.93" CONTENT="kapitalerna"/><SP WIDTH="22" VPOS="530" HPOS="320"/>
							<String ID="string_87" HPOS="342" VPOS="531" WIDTH="68" HEIGHT="22" WC="0.93" CONTENT="skulle"/><SP WIDTH="19" VPOS="531" HPOS="410"/>
							<String ID="string_88" HPOS="429" VPOS="531" WIDTH="20" HEIGHT="23" WC="0.96" CONTENT="få"/><SP WIDTH="23" VPOS="531" HPOS="449"/>
							<String ID="string_89" HPOS="472" VPOS="532" WIDTH="38" HEIGHT="22" WC="0.96" CONTENT="allt"/><SP WIDTH="15" VPOS="532" HPOS="510"/>
							<String ID="string_90" HPOS="525" VPOS="534" WIDTH="68" HEIGHT="29" WC="0.93" CONTENT="större"/><SP WIDTH="17" VPOS="534" HPOS="593"/>
							<String ID="string_91" HPOS="610" VPOS="533" WIDTH="145" HEIGHT="26" WC="0.93" CONTENT="obenägenhet"/><SP WIDTH="17" VPOS="533" HPOS="755"/>
							<String ID="string_92" HPOS="772" VPOS="534" WIDTH="31" HEIGHT="20" WC="0.96" CONTENT="att"/><SP WIDTH="15" VPOS="534" HPOS="803"/>
							<String ID="string_93" HPOS="818" VPOS="533" WIDTH="26" HEIGHT="26" WC="0.96" CONTENT="pä"/><SP WIDTH="17" VPOS="533" HPOS="844"/>
							<String ID="string_94" HPOS="861" VPOS="539" WIDTH="25" HEIGHT="15" WC="0.93" CONTENT="en"/><SP WIDTH="16" VPOS="539" HPOS="886"/>
							<String ID="string_95" HPOS="902" VPOS="533" WIDTH="43" HEIGHT="21" WC="0.92" CONTENT="län-"/>
						</TextLine>
						<TextLine ID="line_13" HPOS="187" VPOS="565" WIDTH="758" HEIGHT="29">
							<String ID="string_96" HPOS="187" VPOS="570" WIDTH="36" HEIGHT="21" WC="0.93" CONTENT="gre"/><SP WIDTH="16" VPOS="570" HPOS="223"/>
							<String ID="string_97" HPOS="239" VPOS="565" WIDTH="30" HEIGHT="21" WC="0.93" CONTENT="tid"/><SP WIDTH="16" VPOS="565" HPOS="269"/>
							<String ID="string_98" HPOS="285" VPOS="565" WIDTH="44" HEIGHT="21" WC="0.92" CONTENT="läta"/><SP WIDTH="15" VPOS="565" HPOS="329"/>
							<String ID="string_99" HPOS="344" VPOS="566" WIDTH="31" HEIGHT="26" WC="0.96" CONTENT="sig"/><SP WIDTH="16" VPOS="566" HPOS="375"/>
							<String ID="string_100" HPOS="391" VPOS="568" WIDTH="56" HEIGHT="20" WC="0.93" CONTENT="emot"/><SP WIDTH="15" VPOS="568" HPOS="447"/>
							<String ID="string_101" HPOS="462" VPOS="566" WIDTH="233" HEIGHT="28" WC="0.89" CONTENT="inteckningssäkerhet"/><SP WIDTH="16" VPOS="566" HPOS="695"/>
							<String ID="string_102" HPOS="711" VPOS="567" WIDTH="94" HEIGHT="27" WC="0.96" CONTENT="placeras"/><SP WIDTH="10" VPOS="567" HPOS="805"/>
							<String ID="string_103" HPOS="815" VPOS="567" WIDTH="7" HEIGHT="21" WC="0.95" CONTENT="i"/><SP WIDTH="11" VPOS="567" HPOS="822"/>
							<String ID="string_104" HPOS="833" VPOS="566" WIDTH="41" HEIGHT="22" WC="0.93" CONTENT="fast"/><SP WIDTH="11" VPOS="566" HPOS="874"/>
							<String ID="string_105" HPOS="885" VPOS="573" WIDTH="60" HEIGHT="20" WC="0.92" CONTENT="egen-"/>
						</TextLine>
						<TextLine ID="line_14" HPOS="188" VPOS="598" WIDTH="757" HEIGHT="30">
							<String ID="string_106" HPOS="188" VPOS="598" WIDTH="47" HEIGHT="21" WC="0.96" CONTENT="dom"/><SP WIDTH="18" VPOS="598" HPOS="235"/>
							<String ID="string_107" HPOS="253" VPOS="600" WIDTH="38" HEIGHT="20" WC="0.93" CONTENT="och"/><SP WIDTH="16" VPOS="600" HPOS="291"/>
							<String ID="string_108" HPOS="307" VPOS="600" WIDTH="81" HEIGHT="22" WC="0.92" CONTENT="säledes"/><SP WIDTH="16" VPOS="600" HPOS="388"/>
							<String ID="string_109" HPOS="404" VPOS="600" WIDTH="175" HEIGHT="28" WC="0.92" CONTENT="fastighetsegare"/><SP WIDTH="16" VPOS="600" HPOS="579"/>
							<String ID="string_110" HPOS="595" VPOS="601" WIDTH="43" HEIGHT="21" WC="0.93" CONTENT="ofta"/><SP WIDTH="15" VPOS="601" HPOS="638"/>
							<String ID="string_111" HPOS="653" VPOS="600" WIDTH="62" HEIGHT="22" WC="0.93" CONTENT="hafva"/><SP WIDTH="15" VPOS="600" HPOS="715"/>
							<String ID="string_112" HPOS="730" VPOS="603" WIDTH="45" HEIGHT="19" WC="0.93" CONTENT="stor"/><SP WIDTH="15" VPOS="603" HPOS="775"/>
							<String ID="string_113" HPOS="790" VPOS="601" WIDTH="106" HEIGHT="27" WC="0.93" CONTENT="svärighet"/><SP WIDTH="18" VPOS="601" HPOS="896"/>
							<String ID="string_114" HPOS="914" VPOS="603" WIDTH="31" HEIGHT="19" WC="0.96" CONTENT="att"/>
						</TextLine>
						<TextLine ID="line_15" HPOS="187" VPOS="633" WIDTH="758" HEIGHT="29">
							<String ID="string_115" HPOS="187" VPOS="633" WIDTH="80" HEIGHT="21" WC="0.95" CONTENT="erhålla"/><SP WIDTH="17" VPOS="633" HPOS="267"/>
							<String ID="string_116" HPOS="284" VPOS="634" WIDTH="76" HEIGHT="27" WC="0.95" CONTENT="nödiga"/><SP WIDTH="14" VPOS="634" HPOS="360"/>
							<String ID="string_117" HPOS="374" VPOS="635" WIDTH="41" HEIGHT="26" WC="0.96" CONTENT="län,"/><SP WIDTH="17" VPOS="635" HPOS="415"/>
							<String ID="string_118" HPOS="432" VPOS="636" WIDTH="95" HEIGHT="21" WC="0.96" CONTENT="kommer"/><SP WIDTH="15" VPOS="636" HPOS="527"/>
							<String ID="string_119" HPOS="542" VPOS="636" WIDTH="93" HEIGHT="20" WC="0.92" CONTENT="nämnda"/><SP WIDTH="14" VPOS="636" HPOS="635"/>
							<String ID="string_120" HPOS="649" VPOS="635" WIDTH="105" HEIGHT="27" WC="0.92" CONTENT="frigifning"/><SP WIDTH="17" VPOS="635" HPOS="754"/>
							<String ID="string_121" HPOS="771" VPOS="635" WIDTH="66" HEIGHT="21" WC="0.96" CONTENT="sällan"/><SP WIDTH="11" VPOS="635" HPOS="837"/>
							<String ID="string_122" HPOS="848" VPOS="635" WIDTH="31" HEIGHT="21" WC="0.93" CONTENT="till"/><SP WIDTH="12" VPOS="635" HPOS="879"/>
							<String ID="string_123" HPOS="891" VPOS="642" WIDTH="54" HEIGHT="20" WC="0.95" CONTENT="gagn"/>
						</TextLine>
						<TextLine ID="line_16" HPOS="187" VPOS="667" WIDTH="757" HEIGHT="29">
							<String ID="string_124" HPOS="187" VPOS="667" WIDTH="32" HEIGHT="21" WC="0.96" CONTENT="för"/><SP WIDTH="24" VPOS="667" HPOS="219"/>
							<String ID="string_125" HPOS="243" VPOS="668" WIDTH="38" HEIGHT="21" WC="0.91" CONTENT="den"/><SP WIDTH="24" VPOS="668" HPOS="281"/>
							<String ID="string_126" HPOS="305" VPOS="668" WIDTH="68" HEIGHT="22" WC="0.91" CONTENT="solida"/><SP WIDTH="23" VPOS="668" HPOS="373"/>
							<String ID="string_127" HPOS="396" VPOS="669" WIDTH="231" HEIGHT="27" WC="0.91" CONTENT="affärsverksamheten,"/><SP WIDTH="18" VPOS="669" HPOS="627"/>
							<String ID="string_128" HPOS="645" VPOS="670" WIDTH="88" HEIGHT="20" WC="0.91" CONTENT="emedan"/><SP WIDTH="17" VPOS="670" HPOS="733"/>
							<String ID="string_129" HPOS="750" VPOS="670" WIDTH="67" HEIGHT="20" WC="0.92" CONTENT="denna"/><SP WIDTH="16" VPOS="670" HPOS="817"/>
							<String ID="string_130" HPOS="833" VPOS="670" WIDTH="111" HEIGHT="21" WC="0.92" CONTENT="framdeles"/>
						</TextLine>
						<TextLine ID="line_17" HPOS="187" VPOS="701" WIDTH="758" HEIGHT="30">
							<String ID="string_131" HPOS="187" VPOS="701" WIDTH="75" HEIGHT="22" WC="0.92" CONTENT="liksom"/><SP WIDTH="18" VPOS="701" HPOS="262"/>
							<String ID="string_132" HPOS="280" VPOS="702" WIDTH="96" HEIGHT="22" WC="0.89" CONTENT="hitintills"/><SP WIDTH="16" VPOS="702" HPOS="376"/>
							<String ID="string_133" HPOS="392" VPOS="706" WIDTH="50" HEIGHT="19" WC="0.93" CONTENT="utan"/><SP WIDTH="15" VPOS="706" HPOS="442"/>
							<String ID="string_134" HPOS="457" VPOS="704" WIDTH="107" HEIGHT="27" WC="0.92" CONTENT="synnerlig"/><SP WIDTH="15" VPOS="704" HPOS="564"/>
							<String ID="string_135" HPOS="579" VPOS="704" WIDTH="107" HEIGHT="26" WC="0.93" CONTENT="svärighet"/><SP WIDTH="12" VPOS="704" HPOS="686"/>
							<String ID="string_136" HPOS="698" VPOS="704" WIDTH="47" HEIGHT="20" WC="0.96" CONTENT="bör."/><SP WIDTH="10" VPOS="704" HPOS="745"/>
							<String ID="string_137" HPOS="755" VPOS="704" WIDTH="71" HEIGHT="20" WC="0.96" CONTENT="kunna"/><SP WIDTH="11" VPOS="704" HPOS="826"/>
							<String ID="string_138" HPOS="837" VPOS="705" WIDTH="56" HEIGHT="19" WC="0.96" CONTENT="emot"/><SP WIDTH="12" VPOS="705" HPOS="893"/>
							<String ID="string_139" HPOS="905" VPOS="704" WIDTH="40" HEIGHT="20" WC="0.96" CONTENT="den"/>
						</TextLine>
						<TextLine ID="line_18" HPOS="186" VPOS="736" WIDTH="759" HEIGHT="29">
							<String ID="string_140" HPOS="186" VPOS="736" WIDTH="6" HEIGHT="20" WC="0.96" CONTENT="i"/><SP WIDTH="17" VPOS="736" HPOS="192"/>
							<String ID="string_141" HPOS="209" VPOS="736" WIDTH="31" HEIGHT="26" WC="0.93" CONTENT="sig"/><SP WIDTH="15" VPOS="736" HPOS="240"/>
							<String ID="string_142" HPOS="255" VPOS="736" WIDTH="48" HEIGHT="27" WC="0.92" CONTENT="sjelf"/><SP WIDTH="13" VPOS="736" HPOS="303"/>
							<String ID="string_143" HPOS="316" VPOS="744" WIDTH="43" HEIGHT="20" WC="0.96" CONTENT="nog"/><SP WIDTH="13" VPOS="744" HPOS="359"/>
							<String ID="string_144" HPOS="372" VPOS="737" WIDTH="54" HEIGHT="27" WC="0.93" CONTENT="höga"/><SP WIDTH="20" VPOS="737" HPOS="426"/>
							<String ID="string_145" HPOS="446" VPOS="740" WIDTH="67" HEIGHT="24" WC="0.91" CONTENT="ränta,"/><SP WIDTH="18" VPOS="740" HPOS="513"/>
							<String ID="string_146" HPOS="531" VPOS="744" WIDTH="45" HEIGHT="16" WC="0.96" CONTENT="som"/><SP WIDTH="16" VPOS="744" HPOS="576"/>
							<String ID="string_147" HPOS="592" VPOS="740" WIDTH="24" HEIGHT="19" WC="0.94" CONTENT="är"/><SP WIDTH="15" VPOS="740" HPOS="616"/>
							<String ID="string_148" HPOS="631" VPOS="739" WIDTH="6" HEIGHT="20" WC="0.94" CONTENT="i"/><SP WIDTH="16" VPOS="739" HPOS="637"/>
							<String ID="string_149" HPOS="653" VPOS="738" WIDTH="35" HEIGHT="27" WC="0.93" CONTENT="lag"/><SP WIDTH="15" VPOS="738" HPOS="688"/>
							<String ID="string_150" HPOS="703" VPOS="738" WIDTH="95" HEIGHT="27" WC="0.91" CONTENT="stadgad,"/><SP WIDTH="16" VPOS="738" HPOS="798"/>
							<String ID="string_151" HPOS="814" VPOS="738" WIDTH="81" HEIGHT="21" WC="0.92" CONTENT="erhälla"/><SP WIDTH="15" VPOS="738" HPOS="895"/>
							<String ID="string_152" HPOS="910" VPOS="738" WIDTH="35" HEIGHT="21" WC="0.93" CONTENT="be-"/>
						</TextLine>
						<TextLine ID="line_19" HPOS="185" VPOS="770" WIDTH="758" HEIGHT="29">
							<String ID="string_153" HPOS="185" VPOS="770" WIDTH="78" HEIGHT="27" WC="0.91" CONTENT="höfliga"/><SP WIDTH="22" VPOS="770" HPOS="263"/>
							<String ID="string_154" HPOS="285" VPOS="771" WIDTH="234" HEIGHT="28" WC="0.85" CONTENT="läneförsträckningar."/><SP WIDTH="37" VPOS="771" HPOS="519"/>
							<String ID="string_155" HPOS="556" VPOS="773" WIDTH="46" HEIGHT="21" WC="0.96" CONTENT="Den"/><SP WIDTH="27" VPOS="773" HPOS="602"/>
							<String ID="string_156" HPOS="629" VPOS="772" WIDTH="105" HEIGHT="27" WC="0.93" CONTENT="egentliga"/><SP WIDTH="23" VPOS="772" HPOS="734"/>
							<String ID="string_157" HPOS="757" VPOS="772" WIDTH="94" HEIGHT="21" WC="0.93" CONTENT="fördelen"/><SP WIDTH="18" VPOS="772" HPOS="851"/>
							<String ID="string_158" HPOS="869" VPOS="785" WIDTH="22" HEIGHT="1" WC="0.90" CONTENT="--"/><SP WIDTH="20" VPOS="785" HPOS="891"/>
							<String ID="string_159" HPOS="911" VPOS="778" WIDTH="32" HEIGHT="15" WC="0.96" CONTENT="om"/>
						</TextLine>
						<TextLine ID="line_20" HPOS="185" VPOS="805" WIDTH="759" HEIGHT="28">
							<String ID="string_160" HPOS="185" VPOS="810" WIDTH="48" HEIGHT="15" WC="0.95" CONTENT="man"/><SP WIDTH="24" VPOS="810" HPOS="233"/>
							<String ID="string_161" HPOS="257" VPOS="806" WIDTH="22" HEIGHT="21" WC="0.93" CONTENT="sä"/><SP WIDTH="23" VPOS="806" HPOS="279"/>
							<String ID="string_162" HPOS="302" VPOS="805" WIDTH="33" HEIGHT="22" WC="0.96" CONTENT="får"/><SP WIDTH="21" VPOS="805" HPOS="335"/>
							<String ID="string_163" HPOS="356" VPOS="806" WIDTH="57" HEIGHT="21" WC="0.96" CONTENT="kalla"/><SP WIDTH="23" VPOS="806" HPOS="413"/>
							<String ID="string_164" HPOS="436" VPOS="807" WIDTH="35" HEIGHT="21" WC="0.93" CONTENT="det"/><SP WIDTH="17" VPOS="807" HPOS="471"/>
							<String ID="string_165" HPOS="488" VPOS="820" WIDTH="24" HEIGHT="1" WC="0.92" CONTENT="—"/><SP WIDTH="18" VPOS="820" HPOS="512"/>
							<String ID="string_166" HPOS="530" VPOS="806" WIDTH="82" HEIGHT="23" WC="0.91" CONTENT="tillfölle"/><SP WIDTH="23" VPOS="806" HPOS="612"/>
							<String ID="string_167" HPOS="635" VPOS="807" WIDTH="22" HEIGHT="21" WC="0.96" CONTENT="af"/><SP WIDTH="14" VPOS="807" HPOS="657"/>
							<String ID="string_168" HPOS="671" VPOS="807" WIDTH="35" HEIGHT="21" WC="0.96" CONTENT="det"/><SP WIDTH="14" VPOS="807" HPOS="706"/>
							<String ID="string_169" HPOS="720" VPOS="806" WIDTH="117" HEIGHT="27" WC="0.92" CONTENT="föreslagna"/><SP WIDTH="15" VPOS="806" HPOS="837"/>
							<String ID="string_170" HPOS="852" VPOS="806" WIDTH="92" HEIGHT="27" WC="0.75" CONTENT="lagstad-"/>
						</TextLine>
						<TextLine ID="line_21" HPOS="186" VPOS="839" WIDTH="759" HEIGHT="29">
							<String ID="string_171" HPOS="186" VPOS="839" WIDTH="78" HEIGHT="26" WC="0.91" CONTENT="gandet"/><SP WIDTH="23" VPOS="839" HPOS="264"/>
							<String ID="string_172" HPOS="287" VPOS="840" WIDTH="40" HEIGHT="21" WC="0.92" CONTENT="den"/><SP WIDTH="23" VPOS="840" HPOS="327"/>
							<String ID="string_173" HPOS="350" VPOS="840" WIDTH="86" HEIGHT="27" WC="0.91" CONTENT="lumpna"/><SP WIDTH="22" VPOS="840" HPOS="436"/>
							<String ID="string_174" HPOS="458" VPOS="841" WIDTH="215" HEIGHT="27" WC="0.92" CONTENT="vinningslystnaden,"/><SP WIDTH="21" VPOS="841" HPOS="673"/>
							<String ID="string_175" HPOS="694" VPOS="847" WIDTH="46" HEIGHT="15" WC="0.93" CONTENT="som"/><SP WIDTH="16" VPOS="847" HPOS="740"/>
							<String ID="string_176" HPOS="756" VPOS="841" WIDTH="45" HEIGHT="21" WC="0.92" CONTENT="icke"/><SP WIDTH="16" VPOS="841" HPOS="801"/>
							<String ID="string_177" HPOS="817" VPOS="841" WIDTH="80" HEIGHT="27" WC="0.92" CONTENT="skydde"/><SP WIDTH="16" VPOS="841" HPOS="897"/>
							<String ID="string_178" HPOS="913" VPOS="843" WIDTH="32" HEIGHT="19" WC="0.96" CONTENT="att"/>
						</TextLine>
						<TextLine ID="line_22" HPOS="186" VPOS="873" WIDTH="759" HEIGHT="28">
							<String ID="string_179" HPOS="186" VPOS="873" WIDTH="63" HEIGHT="21" WC="0.92" CONTENT="ockra"/><SP WIDTH="23" VPOS="873" HPOS="249"/>
							<String ID="string_180" HPOS="272" VPOS="875" WIDTH="27" HEIGHT="26" WC="0.96" CONTENT="pä"/><SP WIDTH="23" VPOS="875" HPOS="299"/>
							<String ID="string_181" HPOS="322" VPOS="874" WIDTH="45" HEIGHT="22" WC="0.93" CONTENT="sina"/><SP WIDTH="23" VPOS="874" HPOS="367"/>
							<String ID="string_182" HPOS="390" VPOS="875" WIDTH="181" HEIGHT="22" WC="0.92" CONTENT="medmenniskors"/><SP WIDTH="24" VPOS="875" HPOS="571"/>
							<String ID="string_183" HPOS="595" VPOS="875" WIDTH="141" HEIGHT="26" WC="0.92" CONTENT="nödstäldhet,"/><SP WIDTH="25" VPOS="875" HPOS="736"/>
							<String ID="string_184" HPOS="761" VPOS="875" WIDTH="108" HEIGHT="21" WC="0.92" CONTENT="oförständ"/><SP WIDTH="25" VPOS="875" HPOS="869"/>
							<String ID="string_185" HPOS="894" VPOS="875" WIDTH="51" HEIGHT="22" WC="0.96" CONTENT="eller"/>
						</TextLine>
						<TextLine ID="line_23" HPOS="185" VPOS="907" WIDTH="758" HEIGHT="28">
							<String ID="string_186" HPOS="185" VPOS="907" WIDTH="106" HEIGHT="23" WC="0.90" CONTENT="lättsinne."/><SP WIDTH="32" VPOS="907" HPOS="291"/>
							<String ID="string_187" HPOS="323" VPOS="909" WIDTH="41" HEIGHT="21" WC="0.96" CONTENT="Om"/><SP WIDTH="24" VPOS="909" HPOS="364"/>
							<String ID="string_188" HPOS="388" VPOS="909" WIDTH="35" HEIGHT="21" WC="0.96" CONTENT="det"/><SP WIDTH="22" VPOS="909" HPOS="423"/>
							<String ID="string_189" HPOS="445" VPOS="916" WIDTH="28" HEIGHT="14" WC="0.96" CONTENT="nu"/><SP WIDTH="23" VPOS="916" HPOS="473"/>
							<String ID="string_190" HPOS="496" VPOS="910" WIDTH="72" HEIGHT="23" WC="0.93" CONTENT="redan,"/><SP WIDTH="17" VPOS="910" HPOS="568"/>
							<String ID="string_191" HPOS="585" VPOS="910" WIDTH="69" HEIGHT="21" WC="0.92" CONTENT="säsom"/><SP WIDTH="16" VPOS="910" HPOS="654"/>
							<String ID="string_192" HPOS="670" VPOS="909" WIDTH="6" HEIGHT="21" WC="0.93" CONTENT="i"/><SP WIDTH="17" VPOS="909" HPOS="676"/>
							<String ID="string_193" HPOS="693" VPOS="909" WIDTH="103" HEIGHT="22" WC="0.91" CONTENT="utskottet"/><SP WIDTH="15" VPOS="909" HPOS="796"/>
							<String ID="string_194" HPOS="811" VPOS="909" WIDTH="132" HEIGHT="26" WC="0.92" CONTENT="framhällits,"/>
						</TextLine>
						<TextLine ID="line_24" HPOS="185" VPOS="941" WIDTH="759" HEIGHT="30">
							<String ID="string_195" HPOS="185" VPOS="941" WIDTH="100" HEIGHT="27" WC="0.93" CONTENT="inträffat,"/><SP WIDTH="16" VPOS="941" HPOS="285"/>
							<String ID="string_196" HPOS="301" VPOS="945" WIDTH="32" HEIGHT="18" WC="0.97" CONTENT="att"/><SP WIDTH="16" VPOS="945" HPOS="333"/>
							<String ID="string_197" HPOS="349" VPOS="943" WIDTH="39" HEIGHT="21" WC="0.96" CONTENT="här"/><SP WIDTH="16" VPOS="943" HPOS="388"/>
							<String ID="string_198" HPOS="404" VPOS="943" WIDTH="38" HEIGHT="22" WC="0.96" CONTENT="och"/><SP WIDTH="17" VPOS="943" HPOS="442"/>
							<String ID="string_199" HPOS="459" VPOS="944" WIDTH="42" HEIGHT="22" WC="0.96" CONTENT="der,"/><SP WIDTH="17" VPOS="944" HPOS="501"/>
							<String ID="string_200" HPOS="518" VPOS="944" WIDTH="6" HEIGHT="20" WC="0.96" CONTENT="i"/><SP WIDTH="16" VPOS="944" HPOS="524"/>
							<String ID="string_201" HPOS="540" VPOS="944" WIDTH="48" HEIGHT="21" WC="0.96" CONTENT="stad"/><SP WIDTH="11" VPOS="944" HPOS="588"/>
							<String ID="string_202" HPOS="599" VPOS="944" WIDTH="39" HEIGHT="21" WC="0.93" CONTENT="och"/><SP WIDTH="11" VPOS="944" HPOS="638"/>
							<String ID="string_203" HPOS="649" VPOS="943" WIDTH="124" HEIGHT="28" WC="0.93" CONTENT="landsbygd,"/><SP WIDTH="11" VPOS="943" HPOS="773"/>
							<String ID="string_204" HPOS="784" VPOS="950" WIDTH="101" HEIGHT="21" WC="0.93" CONTENT="personer"/><SP WIDTH="11" VPOS="950" HPOS="885"/>
							<String ID="string_205" HPOS="896" VPOS="944" WIDTH="48" HEIGHT="21" WC="0.93" CONTENT="ned-"/>
						</TextLine>
						<TextLine ID="line_25" HPOS="185" VPOS="976" WIDTH="760" HEIGHT="27">
							<String ID="string_206" HPOS="185" VPOS="978" WIDTH="42" HEIGHT="19" WC="0.92" CONTENT="satt"/><SP WIDTH="16" VPOS="978" HPOS="227"/>
							<String ID="string_207" HPOS="243" VPOS="976" WIDTH="38" HEIGHT="27" WC="0.93" CONTENT="sig,"/><SP WIDTH="16" VPOS="976" HPOS="281"/>
							<String ID="string_208" HPOS="297" VPOS="977" WIDTH="72" HEIGHT="21" WC="0.92" CONTENT="hvilka"/><SP WIDTH="15" VPOS="977" HPOS="369"/>
							<String ID="string_209" HPOS="384" VPOS="977" WIDTH="46" HEIGHT="22" WC="0.89" CONTENT="icke"/><SP WIDTH="16" VPOS="977" HPOS="430"/>
							<String ID="string_210" HPOS="446" VPOS="978" WIDTH="60" HEIGHT="21" WC="0.92" CONTENT="aktat"/><SP WIDTH="15" VPOS="978" HPOS="506"/>
							<String ID="string_211" HPOS="521" VPOS="978" WIDTH="32" HEIGHT="21" WC="0.93" CONTENT="för"/><SP WIDTH="16" VPOS="978" HPOS="553"/>
							<String ID="string_212" HPOS="569" VPOS="978" WIDTH="35" HEIGHT="21" WC="0.93" CONTENT="rof"/><SP WIDTH="13" VPOS="978" HPOS="604"/>
							<String ID="string_213" HPOS="617" VPOS="980" WIDTH="32" HEIGHT="19" WC="0.93" CONTENT="att"/><SP WIDTH="16" VPOS="980" HPOS="649"/>
							<String ID="string_214" HPOS="665" VPOS="977" WIDTH="95" HEIGHT="22" WC="0.93" CONTENT="bedrifva"/><SP WIDTH="16" VPOS="977" HPOS="760"/>
							<String ID="string_215" HPOS="776" VPOS="980" WIDTH="30" HEIGHT="19" WC="0.93" CONTENT="ett"/><SP WIDTH="11" VPOS="980" HPOS="806"/>
							<String ID="string_216" HPOS="817" VPOS="977" WIDTH="76" HEIGHT="22" WC="0.92" CONTENT="sädant"/><SP WIDTH="11" VPOS="977" HPOS="893"/>
							<String ID="string_217" HPOS="904" VPOS="977" WIDTH="41" HEIGHT="22" WC="0.92" CONTENT="för-"/>
						</TextLine>
						<TextLine ID="line_26" HPOS="185" VPOS="1010" WIDTH="759" HEIGHT="29">
							<String ID="string_218" HPOS="185" VPOS="1010" WIDTH="51" HEIGHT="26" WC="0.90" CONTENT="värf,"/><SP WIDTH="17" VPOS="1010" HPOS="236"/>
							<String ID="string_219" HPOS="253" VPOS="1011" WIDTH="80" HEIGHT="21" WC="0.92" CONTENT="oaktad"/><SP WIDTH="17" VPOS="1011" HPOS="333"/>
							<String ID="string_220" HPOS="350" VPOS="1011" WIDTH="35" HEIGHT="22" WC="0.96" CONTENT="det"/><SP WIDTH="15" VPOS="1011" HPOS="385"/>
							<String ID="string_221" HPOS="400" VPOS="1011" WIDTH="21" HEIGHT="22" WC="0.96" CONTENT="af"/><SP WIDTH="15" VPOS="1011" HPOS="421"/>
							<String ID="string_222" HPOS="436" VPOS="1012" WIDTH="106" HEIGHT="21" WC="0.86" CONTENT="allmänna"/><SP WIDTH="15" VPOS="1012" HPOS="542"/>
							<String ID="string_223" HPOS="557" VPOS="1012" WIDTH="112" HEIGHT="27" WC="0.91" CONTENT="meningen"/><SP WIDTH="17" VPOS="1012" HPOS="669"/>
							<String ID="string_224" HPOS="686" VPOS="1012" WIDTH="38" HEIGHT="21" WC="0.93" CONTENT="och"/><SP WIDTH="16" VPOS="1012" HPOS="724"/>
							<String ID="string_225" HPOS="740" VPOS="1012" WIDTH="204" HEIGHT="21" WC="0.92" CONTENT="rättsmedvetandet"/>
						</TextLine>
						<TextLine ID="line_27" HPOS="184" VPOS="1045" WIDTH="761" HEIGHT="28">
							<String ID="string_226" HPOS="184" VPOS="1045" WIDTH="111" HEIGHT="26" WC="0.91" CONTENT="stämplats"/><SP WIDTH="23" VPOS="1045" HPOS="295"/>
							<String ID="string_227" HPOS="318" VPOS="1051" WIDTH="46" HEIGHT="16" WC="0.89" CONTENT="som"/><SP WIDTH="24" VPOS="1051" HPOS="364"/>
							<String ID="string_228" HPOS="388" VPOS="1046" WIDTH="39" HEIGHT="21" WC="0.89" CONTENT="fult"/><SP WIDTH="23" VPOS="1046" HPOS="427"/>
							<String ID="string_229" HPOS="450" VPOS="1046" WIDTH="39" HEIGHT="21" WC="0.93" CONTENT="och"/><SP WIDTH="20" VPOS="1046" HPOS="489"/>
							<String ID="string_230" HPOS="509" VPOS="1046" WIDTH="82" HEIGHT="27" WC="0.92" CONTENT="nesligt,"/><SP WIDTH="18" VPOS="1046" HPOS="591"/>
							<String ID="string_231" HPOS="609" VPOS="1047" WIDTH="54" HEIGHT="20" WC="0.96" CONTENT="huru"/><SP WIDTH="13" VPOS="1047" HPOS="663"/>
							<String ID="string_232" HPOS="676" VPOS="1046" WIDTH="84" HEIGHT="27" WC="0.95" CONTENT="mycket"/><SP WIDTH="16" VPOS="1046" HPOS="760"/>
							<String ID="string_233" HPOS="776" VPOS="1053" WIDTH="44" HEIGHT="14" WC="0.96" CONTENT="mer"/><SP WIDTH="16" VPOS="1053" HPOS="820"/>
							<String ID="string_234" HPOS="836" VPOS="1046" WIDTH="39" HEIGHT="21" WC="0.93" CONTENT="och"/><SP WIDTH="16" VPOS="1046" HPOS="875"/>
							<String ID="string_235" HPOS="891" VPOS="1045" WIDTH="54" HEIGHT="22" WC="0.91" CONTENT="oför-"/>
						</TextLine>
						<TextLine ID="line_28" HPOS="184" VPOS="1079" WIDTH="759" HEIGHT="29">
							<String ID="string_236" HPOS="184" VPOS="1081" WIDTH="85" HEIGHT="23" WC="0.70" CONTENT="syntare"/><SP WIDTH="16" VPOS="1081" HPOS="269"/>
							<String ID="string_237" HPOS="285" VPOS="1079" WIDTH="54" HEIGHT="22" WC="0.96" CONTENT="skall"/><SP WIDTH="16" VPOS="1079" HPOS="339"/>
							<String ID="string_238" HPOS="355" VPOS="1081" WIDTH="59" HEIGHT="21" WC="0.93" CONTENT="detta"/><SP WIDTH="16" VPOS="1081" HPOS="414"/>
							<String ID="string_239" HPOS="430" VPOS="1081" WIDTH="43" HEIGHT="26" WC="0.19" CONTENT="ske,"/><SP WIDTH="9" VPOS="1081" HPOS="473"/>
							<String ID="string_240" HPOS="482" VPOS="1081" WIDTH="65" HEIGHT="21" WC="0.19" CONTENT="sedan"/><SP WIDTH="17" VPOS="1081" HPOS="547"/>
							<String ID="string_241" HPOS="564" VPOS="1081" WIDTH="35" HEIGHT="21" WC="0.93" CONTENT="det"/><SP WIDTH="16" VPOS="1081" HPOS="599"/>
							<String ID="string_242" HPOS="615" VPOS="1080" WIDTH="67" HEIGHT="22" WC="0.95" CONTENT="blifvit"/><SP WIDTH="16" VPOS="1080" HPOS="682"/>
							<String ID="string_243" HPOS="698" VPOS="1082" WIDTH="31" HEIGHT="20" WC="0.93" CONTENT="ett"/><SP WIDTH="11" VPOS="1082" HPOS="729"/>
							<String ID="string_244" HPOS="740" VPOS="1079" WIDTH="136" HEIGHT="28" WC="0.91" CONTENT="legaliseradt"/><SP WIDTH="10" VPOS="1079" HPOS="876"/>
							<String ID="string_245" HPOS="886" VPOS="1080" WIDTH="57" HEIGHT="28" WC="0.96" CONTENT="yrke!"/>
						</TextLine>
						<TextLine ID="line_29" HPOS="184" VPOS="1110" WIDTH="759" HEIGHT="37">
							<String ID="string_246" HPOS="184" VPOS="1113" WIDTH="49" HEIGHT="21" WC="0.96" CONTENT="Icke"/><SP WIDTH="16" VPOS="1113" HPOS="233"/>
							<String ID="string_247" HPOS="249" VPOS="1113" WIDTH="56" HEIGHT="22" WC="0.96" CONTENT="blott"/><SP WIDTH="15" VPOS="1113" HPOS="305"/>
							<String ID="string_248" HPOS="320" VPOS="1114" WIDTH="101" HEIGHT="24" WC="0.93" CONTENT="enskilda,"/><SP WIDTH="17" VPOS="1114" HPOS="421"/>
							<String ID="string_249" HPOS="438" VPOS="1115" WIDTH="53" HEIGHT="21" WC="0.96" CONTENT="efter"/><SP WIDTH="15" VPOS="1115" HPOS="491"/>
							<String ID="string_250" HPOS="506" VPOS="1115" WIDTH="29" HEIGHT="21" WC="0.95" CONTENT="all"/><SP WIDTH="3" VPOS="1115" HPOS="535"/>
							<String ID="string_251" HPOS="538" VPOS="1110" WIDTH="85" HEIGHT="37" WC="0.79" CONTENT="möjlig"/><SP WIDTH="15" VPOS="1110" HPOS="623"/>
							<String ID="string_252" HPOS="638" VPOS="1115" WIDTH="56" HEIGHT="21" WC="0.93" CONTENT="vinst"/><SP WIDTH="10" VPOS="1115" HPOS="694"/>
							<String ID="string_253" HPOS="704" VPOS="1115" WIDTH="68" HEIGHT="27" WC="0.93" CONTENT="lystne"/><SP WIDTH="11" VPOS="1115" HPOS="772"/>
							<String ID="string_254" HPOS="783" VPOS="1114" WIDTH="160" HEIGHT="27" WC="0.92" CONTENT="penningemän,"/>
						</TextLine>
						<TextLine ID="line_30" HPOS="184" VPOS="1140" WIDTH="760" HEIGHT="42">
							<String ID="string_255" HPOS="184" VPOS="1150" WIDTH="50" HEIGHT="18" WC="0.89" CONTENT="utan"/><SP WIDTH="25" VPOS="1150" HPOS="234"/>
							<String ID="string_256" HPOS="259" VPOS="1149" WIDTH="39" HEIGHT="21" WC="0.89" CONTENT="ock"/><SP WIDTH="23" VPOS="1149" HPOS="298"/>
							<String ID="string_257" HPOS="321" VPOS="1149" WIDTH="120" HEIGHT="22" WC="0.92" CONTENT="konsortier"/><SP WIDTH="21" VPOS="1149" HPOS="441"/>
							<String ID="string_258" HPOS="462" VPOS="1150" WIDTH="22" HEIGHT="20" WC="0.96" CONTENT="af"/><SP WIDTH="21" VPOS="1150" HPOS="484"/>
							<String ID="string_259" HPOS="505" VPOS="1140" WIDTH="80" HEIGHT="42" WC="0.80" CONTENT="sådana"/><SP WIDTH="23" VPOS="1140" HPOS="585"/>
							<String ID="string_260" HPOS="608" VPOS="1148" WIDTH="85" HEIGHT="33" WC="0.96" CONTENT="komma"/><SP WIDTH="19" VPOS="1148" HPOS="693"/>
							<String ID="string_261" HPOS="712" VPOS="1149" WIDTH="71" HEIGHT="21" WC="0.96" CONTENT="säkert"/><SP WIDTH="20" VPOS="1149" HPOS="783"/>
							<String ID="string_262" HPOS="803" VPOS="1151" WIDTH="31" HEIGHT="19" WC="0.96" CONTENT="att"/><SP WIDTH="17" VPOS="1151" HPOS="834"/>
							<String ID="string_263" HPOS="851" VPOS="1148" WIDTH="93" HEIGHT="22" WC="0.96" CONTENT="etablera"/>
						</TextLine>
						<TextLine ID="line_31" HPOS="183" VPOS="1176" WIDTH="761" HEIGHT="39">
							<String ID="string_264" HPOS="183" VPOS="1182" WIDTH="32" HEIGHT="26" WC="0.92" CONTENT="sig"/><SP WIDTH="23" VPOS="1182" HPOS="215"/>
							<String ID="string_265" HPOS="238" VPOS="1183" WIDTH="162" HEIGHT="27" WC="0.91" CONTENT="mångenstädes"/><SP WIDTH="24" VPOS="1183" HPOS="400"/>
							<String ID="string_266" HPOS="424" VPOS="1184" WIDTH="39" HEIGHT="21" WC="0.96" CONTENT="och"/><SP WIDTH="22" VPOS="1184" HPOS="463"/>
							<String ID="string_267" HPOS="485" VPOS="1184" WIDTH="45" HEIGHT="21" WC="0.96" CONTENT="helt"/><SP WIDTH="23" VPOS="1184" HPOS="530"/>
							<String ID="string_268" HPOS="553" VPOS="1176" WIDTH="123" HEIGHT="39" WC="0.55" CONTENT="ogeneradt&#39;"/><SP WIDTH="1" VPOS="1176" HPOS="676"/>
							<String ID="string_269" HPOS="677" VPOS="1176" WIDTH="127" HEIGHT="28" WC="0.59" CONTENT="&quot;annonsera"/><SP WIDTH="15" VPOS="1176" HPOS="804"/>
							<String ID="string_270" HPOS="819" VPOS="1183" WIDTH="38" HEIGHT="26" WC="0.96" CONTENT="sin,"/><SP WIDTH="17" VPOS="1183" HPOS="857"/>
							<String ID="string_271" HPOS="874" VPOS="1184" WIDTH="70" HEIGHT="20" WC="0.96" CONTENT="såsom"/>
						</TextLine>
						<TextLine ID="line_32" HPOS="183" VPOS="1201" WIDTH="503" HEIGHT="45">
							<String ID="string_272" HPOS="183" VPOS="1216" WIDTH="42" HEIGHT="27" WC="0.96" CONTENT="mig"/><SP WIDTH="16" VPOS="1216" HPOS="225"/>
							<String ID="string_273" HPOS="241" VPOS="1223" WIDTH="68" HEIGHT="21" WC="0.93" CONTENT="synes,"/><SP WIDTH="16" VPOS="1223" HPOS="309"/>
							<String ID="string_274" HPOS="325" VPOS="1217" WIDTH="199" HEIGHT="28" WC="0.90" CONTENT="förderfbringande"/><SP WIDTH="16" VPOS="1217" HPOS="524"/>
							<String ID="string_275" HPOS="540" VPOS="1201" WIDTH="146" HEIGHT="45" WC="0.86" CONTENT="hjälpsamhet."/>
						</TextLine>
					</TextBlock>
					<TextBlock ID="block_5" HPOS="253" VPOS="1251" WIDTH="652" HEIGHT="90">
						<TextLine ID="line_33" HPOS="692" VPOS="1251" WIDTH="182" HEIGHT="21">
							<String ID="string_276" HPOS="692" VPOS="1251" WIDTH="24" HEIGHT="21" WC="0.90" CONTENT="T."/><SP WIDTH="20" VPOS="1251" HPOS="716"/>
							<String ID="string_277" HPOS="736" VPOS="1251" WIDTH="24" HEIGHT="21" WC="0.90" CONTENT="T."/><SP WIDTH="19" VPOS="1251" HPOS="760"/>
							<String ID="string_278" HPOS="779" VPOS="1251" WIDTH="95" HEIGHT="21" WC="0.90" CONTENT="Renvall."/>
						</TextLine>
						<TextLine ID="line_34" HPOS="253" VPOS="1281" WIDTH="652" HEIGHT="35">
							<String ID="string_279" HPOS="253" VPOS="1286" WIDTH="10" HEIGHT="20" WC="0.90" CONTENT="I"/><SP WIDTH="16" VPOS="1286" HPOS="263"/>
							<String ID="string_280" HPOS="279" VPOS="1286" WIDTH="151" HEIGHT="22" WC="0.90" CONTENT="ofvanstående"/><SP WIDTH="15" VPOS="1286" HPOS="430"/>
							<String ID="string_281" HPOS="445" VPOS="1286" WIDTH="132" HEIGHT="29" WC="0.96" CONTENT="reservation"/><SP WIDTH="15" VPOS="1286" HPOS="577"/>
							<String ID="string_282" HPOS="592" VPOS="1281" WIDTH="132" HEIGHT="35" WC="0.96" CONTENT="förenar"/><SP WIDTH="-35" VPOS="1281" HPOS="724"/>
							<String ID="string_283" HPOS="689" VPOS="1277" WIDTH="39" HEIGHT="44" WC="0.96" CONTENT="sig"/><SP WIDTH="12" VPOS="1277" HPOS="728"/>
							<String ID="string_284" HPOS="740" VPOS="1285" WIDTH="165" HEIGHT="22" WC="0.96" CONTENT="undertecknad."/>
						</TextLine>
						<TextLine ID="line_35" HPOS="698" VPOS="1319" WIDTH="175" HEIGHT="22">
							<String ID="string_285" HPOS="698" VPOS="1319" WIDTH="46" HEIGHT="22" WC="0.39" CONTENT="T."/><SP WIDTH="17" VPOS="1319" HPOS="744"/>
							<String ID="string_286" HPOS="761" VPOS="1320" WIDTH="112" HEIGHT="21" WC="0.96" CONTENT="Jaatinen."/>
						</TextLine>
					</TextBlock>
				</ComposedBlock>
				<GraphicalElement ID="cblock_3" HPOS="290" VPOS="1388" WIDTH="549" HEIGHT="7"></GraphicalElement >
				<ComposedBlock ID="cblock_4" HPOS="341" VPOS="1397" WIDTH="445" HEIGHT="37">
					<TextBlock ID="block_6" HPOS="341" VPOS="1397" WIDTH="445" HEIGHT="37">
						<TextLine ID="line_36" HPOS="341" VPOS="1397" WIDTH="445" HEIGHT="37">
							<String ID="string_287" HPOS="341" VPOS="1406" WIDTH="113" HEIGHT="19" WC="0.93" CONTENT="Helsingfors,"/><SP WIDTH="10" VPOS="1406" HPOS="454"/>
							<String ID="string_288" HPOS="464" VPOS="1407" WIDTH="186" HEIGHT="14" WC="0.90" CONTENT="Hufvudstadsbladets"/><SP WIDTH="10" VPOS="1407" HPOS="650"/>
							<String ID="string_289" HPOS="660" VPOS="1397" WIDTH="79" HEIGHT="37" WC="0.96" CONTENT="tryckeri,"/><SP WIDTH="9" VPOS="1397" HPOS="739"/>
							<String ID="string_290" HPOS="748" VPOS="1406" WIDTH="38" HEIGHT="14" WC="0.82" CONTENT="1582."/>
						</TextLine>
					</TextBlock>
				</ComposedBlock>
			</PrintSpace>
		</Page>
	</Layout>
</alto>
