1025 1623
218 104 13 20 8
525 106 35 22 N:o
575 107 31 21 14.

534 176 12 27 8
563 177 33 20 16.

258 203 32 25 Af
312 208 46 27 den,
382 209 86 22 hvilken
491 210 13 21 å
527 210 39 21 bar
588 211 90 26 gerning
694 211 101 21 beträdes
811 211 48 21 med
875 210 65 22 sådan

188 242 135 27 förbrytelse,
339 250 45 14 som
400 244 6 20 i
422 245 11 26 $
451 246 25 19 15
493 246 24 19 är
533 246 121 26 omnämnd,
666 246 62 20 hafve
739 245 40 21 ock
789 245 151 27 målseganden

188 278 44 19 rätt
254 279 33 19 att
311 278 70 21 såsom
405 279 121 21 vedermäle
549 281 51 25 taga
616 280 71 26 bössa,
702 280 85 27 jagttyg
803 280 38 20 och
858 280 83 20 hundar

188 313 56 19 samt
260 312 47 20 dem
324 312 85 22 behålla
424 314 56 20 intill
497 314 49 21 dess
565 314 101 21 säkerhet
677 314 34 21 för
721 314 115 26 gäldandet
847 315 23 20 af
880 315 61 21 böter

188 346 38 20 och
243 347 145 26 ersättningar
403 348 72 21 blifvit
490 348 72 23 ställd,
582 349 52 21 eller
649 349 46 26 ock,
712 349 44 21 ifall
769 349 76 21 sådant
857 351 82 25 vägras,

187 380 160 22 vederbörande
363 382 92 21 domstol
473 383 32 25 sig
521 383 73 21 derom
611 384 79 20 utlåtit.

533 448 11 25 S
563 448 30 19 17.

258 485 53 26 Den,
328 493 45 14 som
383 487 68 26 jagar,
464 487 75 27 fångar
550 488 53 20 eller
614 488 61 20 särar
687 488 34 25 elg
732 487 51 21 eller
795 487 78 25 bäfver,
887 488 48 20 böte

186 519 120 22 tvåhundra
322 521 61 20 mark
399 521 38 21 och
454 528 50 14 vare
520 522 78 27 djuret,
615 528 33 15 om
660 522 37 21 det
711 522 84 25 dödats,
807 522 130 21 förverkadt.

185 554 66 21 Idkar
271 554 69 27 någon
365 556 68 21 under
456 556 86 27 fridlyst
559 557 30 20 tid
606 557 114 26 förbjuden
734 557 47 25 jagt
797 557 52 20 eller
865 556 72 26 fångst

185 589 23 20 af
222 591 66 19 annat
303 591 80 26 nyttigt
398 591 98 20 vildbråd
513 591 53 21 eller
586 591 79 21 skadar
681 591 39 21 och
736 591 81 20 förstör
833 591 48 20 dess
897 592 40 25 ägg

185 623 52 21 eller
254 630 72 20 ungar,
344 625 62 21 miste
422 625 55 21 hvad
494 625 90 21 sålunda
600 626 124 20 ätkommits
741 625 38 21 och
795 625 83 21 straffes
890 625 47 21 med

185 658 67 25 böter,
277 659 53 20 efter
354 660 220 26 omständigheterna,
591 660 47 21 från
654 661 61 26 tjugu
732 660 32 20 till
781 660 72 20 femtio
870 660 65 20 mark.

184 692 46 21 Har
246 693 143 26 förbrytelsen
406 695 57 20 skett
480 695 27 26 på
526 701 82 14 annans
624 695 67 23 mark,
709 701 50 14 vare
775 694 161 21 öfverträdaren

185 727 109 21 dessutom
318 728 146 21 underkastad
489 729 65 20 sådan
580 729 86 26 påföljd,
689 735 44 14 som
751 729 5 20 i
773 729 23 26 $$
816 729 23 20 15
855 729 38 20 och
911 729 24 19 16

183 761 68 21 finnes
268 763 74 20 utsatt.

256 792 160 26 Öfverträdelse
439 797 22 21 af
483 797 54 21 hvad
561 798 6 20 i
591 799 11 25 %
624 799 24 19 14
669 797 102 27 stadgadt
786 799 29 24 är,
833 797 102 26 umgälles

183 830 48 21 med
256 831 61 21 böter
340 832 47 20 från
411 832 39 21 och
470 832 47 20 med
534 832 60 27 tjugu
611 832 32 20 till
660 832 39 21 och
715 832 48 20 med
780 832 72 20 femtio
868 832 67 25 mark,

183 865 55 21 efter
261 866 100 26 pröfning
385 866 22 21 af
430 867 108 26 domaren,
562 869 55 19 samt
640 867 79 21 förlust
742 866 22 20 af
785 872 72 19 varan,
877 866 58 25 eller,

183 900 73 20 derest
272 900 68 21 denne
356 900 170 27 undanskaffats,
543 902 49 20 dess
608 902 70 20 värde.

255 934 42 21 För
321 935 68 21 andra
411 935 167 22 öfverträdelser
600 936 23 20 af
637 936 70 20 denna
723 935 125 25 förordning
863 935 73 20 dömes

184 968 31 21 till
233 968 61 22 böter
311 970 46 20 från
374 970 30 21 tio
421 970 32 21 till
469 970 73 21 femtio
559 970 60 21 mark
636 970 38 21 och
692 969 193 26 skadeersättning.

529 1034 11 26 N
558 1034 32 20 18.

253 1072 118 28 Förbryter
387 1074 33 26 sig
435 1074 122 26 öfvermage
572 1076 58 18 emot
645 1073 56 21 hvad
713 1073 6 20 i
731 1073 68 21 denna
810 1072 125 26 förordning

182 1107 94 27 stadgas,
296 1108 65 21 varde
384 1109 34 20 för
441 1109 76 20 sådant
540 1108 83 27 okynne
643 1108 81 21 varnad
741 1108 38 20 och
796 1108 27 26 på
839 1107 96 26 lämpligt

181 1144 43 18 sätt
248 1143 155 21 tillrättavisad
430 1144 23 20 af
473 1143 113 25 föräldrar,
616 1143 104 21 målsman
744 1142 52 21 eller
819 1142 116 20 husbonde.

181 1170 141 33 Ådagalägga
346 1178 64 20 dessa
433 1178 152 20 efterlåtenhet
608 1178 52 25 deri,
685 1177 24 21 så
725 1179 32 19 att
774 1176 93 27 okynnet
883 1182 52 20 upp-

180 1217 70 21 repas,
272 1212 52 20 eller
347 1212 123 27 öfvertygas
487 1212 25 21 de
529 1214 33 18 att
577 1212 63 20 hafva
656 1211 88 25 afvetat,
761 1217 47 15 men
824 1210 46 21 icke
886 1210 48 20 sökt

180 1245 118 27 alvarligen
322 1246 73 27 afböja
418 1246 124 26 detsamma,
563 1252 91 15 ansvare
670 1246 34 20 för
720 1246 136 25 betalningen
873 1244 22 21 af
909 1244 26 20 de

179 1280 63 20 böter
266 1280 38 21 och
328 1281 41 21 den
393 1282 194 25 skadeersättning,
608 1287 45 15 som
674 1281 71 21 denna
761 1279 125 26 förordning
902 1278 33 21 för

179 1314 40 20 den
236 1314 114 28 begångna
365 1310 168 26 öfverträdelsen
551 1315 136 21 bestämmer.

526 1378 11 27 $
556 1380 30 19 19.

251 1413 173 26 Öfverträdelser
435 1418 22 21 af
467 1418 26 21 de
503 1424 76 21 genom
591 1418 70 20 denna
672 1417 127 26 förordning
811 1416 123 21 fastställda
