1025 1620
256 114 33 22 U.
306 113 41 23 B.
364 125 30 5 —
409 113 104 28 Prop.
528 112 60 23 N:o
603 113 31 22 ?.

274 416 256 22 Ekonomiutskottets
552 415 155 22 betänkande
729 415 38 21 N:o
789 414 12 21 2
823 414 6 20 i

206 451 98 28 anledning
322 451 21 21 af
359 451 48 21 Mans
424 451 105 27 Kejserliga
545 451 97 27 Majestäts
658 449 71 29 Nädiga
743 449 87 28 Proposi-

205 486 39 21 tion
259 485 32 21 N:o
306 485 12 21 2
334 485 93 28 angående
444 485 146 22 vaccinationen.

137 549 57 21 Från
209 548 98 27 samtliga
322 548 62 21 stånd
399 547 40 22 har
455 547 70 22 denna
540 547 133 28 proposition
684 547 69 22 blifvit
764 547 67 22 öfver-

68 583 85 22 lemnad
174 583 33 21 till
226 582 222 22 Ekonomiutskottets
464 582 155 22 förberedande
634 581 139 28 behandling;
790 581 41 22 och

69 617 39 22 har
129 617 105 22 utskottet
255 617 47 21 frän
324 616 119 27 Kejserliga
466 617 94 21 Senaten
580 617 28 26 pä
622 616 94 27 begäran
731 615 64 22 utfätt
811 615 18 27 ej

70 651 80 22 mindre
171 652 25 21 de
210 651 133 27 handlingar,
359 657 45 16 som
420 651 124 21 tillkommit
560 651 67 21 under
642 651 100 21 ärendets
756 649 75 22 bered-

71 686 49 27 ning
144 685 23 22 af
188 692 26 15 en
233 685 7 22 i
255 685 76 22 sädant
346 685 100 22 afseende
463 685 40 22 den
518 686 13 20 2
548 685 56 27 Sept.
623 686 54 21 1875
694 685 85 22 nedsatt
794 684 37 21 ko-

70 720 51 22 mite
136 722 56 20 samt
206 719 227 28 Medicinalstyrelsens
449 719 112 22 utlåtande
576 719 59 22 öfver
650 720 37 21 det
703 719 22 22 af
737 718 94 22 komiten

70 755 118 27 uppgjorda
210 754 120 27 lagförslag,
353 757 27 18 än
401 754 49 21 dei
466 756 31 19 ett
512 754 128 27 föregäende
655 754 66 22 skede
737 753 22 22 af
772 755 60 20 ären-

71 789 36 22 det
128 789 122 22 infordrade
265 789 113 27 yttranden
393 789 7 20 i
415 789 117 27 anledning
547 788 23 23 af
583 790 25 21 är
624 789 53 22 1871
695 788 64 22 väckt
772 787 61 27 fråga

71 829 34 15 om
120 823 164 21 kommunernas
298 822 121 28 skyldighet
435 824 34 20 att
483 826 51 19 utan
546 823 118 26 ersättning
674 823 83 27 skjutsa
767 821 66 22 vacci-

70 859 86 20 natörer
179 857 39 21 och
236 857 149 21 vaccinatriser
399 858 28 26 pä
443 857 64 22 deras
522 857 201 27 förrättningsresor
737 858 54 20 samt
807 862 26 15 en

71 891 22 21 af
106 891 159 22 Bondeständet
280 891 33 22 vid
332 892 54 21 1872
402 892 35 21 ärs
452 891 104 28 landtdag
568 892 120 22 framställd
698 891 90 28 petition
799 896 34 16 om

71 925 301 22 vaccinationsförhällandena
401 926 7 20 i
433 926 80 22 landet.
549 926 133 22 Sistberörde
708 925 127 27 handlingar

71 959 62 22 hafva
154 966 88 15 numera
264 960 76 21 endast
362 962 31 19 ett
413 960 120 27 aflägsnare
548 960 153 28 sammanhang
716 960 49 21 med
779 958 56 22 före-

70 994 98 26 liggande
192 996 68 25 ämne,
285 994 111 22 hvaremot
421 994 108 22 utskottet
553 994 69 22 under
646 994 188 26 förhandlingarne

71 1028 71 22 städse
164 1028 54 27 tagit
232 1028 82 27 hänsyn
328 1028 33 21 till
376 1028 108 22 komitens
499 1028 115 28 lagförslag
630 1029 39 21 och
685 1030 32 20 ett
732 1028 23 22 af
768 1027 67 23 komi-

70 1062 47 22 tens
140 1062 89 22 medlem
252 1062 84 22 Doktor
351 1063 24 21 A.
392 1063 25 21 E.
434 1062 111 28 Nylander
559 1063 175 22 reservationsvis
749 1062 86 27 afgifvet

70 1096 105 27 yttrande.
206 1096 108 28 Derjemte
337 1097 40 21 har
399 1097 108 21 utskottet
530 1099 64 25 egnat
608 1096 190 28 uppmärksamhet
813 1096 24 21 ät

72 1129 26 22 de
112 1129 22 22 af
148 1129 175 23 Medicinalrädet
338 1131 85 22 Doktor
437 1131 20 22 J.
474 1131 17 22 I.
508 1131 115 28 Björkstén
638 1131 7 21 i
657 1133 32 20 ett
699 1129 138 28 andragande

71 1163 34 22 vid
119 1163 142 23 läkaremötet
276 1165 6 20 i
298 1165 126 26 September
441 1166 53 21 1881
512 1165 97 22 uttalade
624 1165 84 27 äsigter.

141 1197 47 22 Den
210 1197 68 23 första
299 1199 100 27 ympning
421 1199 24 21 af
466 1199 136 22 vaccinämne
624 1199 46 22 från
686 1205 27 15 en
728 1197 111 23 menniska

71 1232 33 21 till
126 1237 70 16 annan
217 1232 111 27 uppgifves
350 1232 63 22 hafva
434 1232 23 22 af
471 1233 86 22 Doktor
571 1234 79 21 Jenner
665 1232 116 22 verkstälts
797 1232 41 21 den

73 1267 27 20 14
114 1265 43 27 Maj
174 1266 62 21 1796.
258 1266 74 22 Redan
347 1267 25 21 år
388 1268 56 21 1802
460 1267 128 22 tillerkände
604 1267 101 27 engelska
719 1266 120 28 parlamen-

72 1302 38 25 tet,
132 1300 28 27 pä
182 1300 70 26 grund
270 1300 23 21 af
306 1302 32 20 ett
353 1303 135 24 gemensamt
503 1301 113 22 utlätande
631 1301 22 22 af
666 1300 103 22 Londons
784 1301 55 20 mest

73 1334 92 22 ansedde
187 1334 73 22 läkare
284 1334 39 22 och
345 1334 107 28 kirurger,
468 1335 82 22 Jenner
565 1342 26 16 en
606 1334 197 27 nationalbelöning
819 1333 22 22 af

74 1368 77 27 10,000
165 1368 59 27 pund
239 1368 93 28 sterling,
349 1369 85 21 hvilken
451 1369 123 22 sedermera
588 1369 107 27 förhöjdes
709 1368 34 22 till
754 1368 84 26 30,000.

73 1402 32 22 De
120 1402 130 27 härjningar,
264 1403 112 27 kopporna
391 1403 40 21 allt
447 1403 56 21 ifrän
519 1403 38 21 sitt
571 1403 67 22 första
648 1402 149 28 uppträdande
807 1401 34 22 för

73 1435 41 21 tolf
127 1436 71 22 sekler
217 1436 72 28 sedan,
305 1437 49 21 med
369 1443 26 15 en
410 1436 57 23 intill
483 1437 67 22 slutet
565 1437 23 21 af
602 1437 36 22 det
652 1436 119 22 adertonde
787 1435 56 22 oför-

142 1475 194 19 Ekonomiutskottets
349 1476 119 18 betänkande
481 1477 39 17 N:o
533 1476 18 18 2.
