1006 1617
336 344 67 24 Hans
421 344 153 30 Kejserliga
589 345 138 28 Majestäts
738 344 79 30 nådiga

268 379 139 29 proposition.
421 379 32 23 till
478 379 101 23 Finlands
603 380 88 23 Ständer
707 378 109 30 angående

268 413 92 23 arvoden
375 413 34 23 för
425 411 79 26 sädane
519 413 196 29 bouppteckningar
725 414 38 22 och
775 413 40 24 arf-

268 447 80 24 skiften
363 448 7 23 i
385 447 54 29 stad,
454 448 33 23 till
503 448 85 23 hvilkas
604 447 155 24 verkställande
774 447 41 24 för-

266 481 157 29 rättningsmän
439 481 24 24 af
477 480 163 25 Rädstufvurätt
654 483 68 22 utses.

135 540 70 21 Sedan
221 541 103 21 Finlands
340 541 35 20 vid
392 541 54 20 1872
463 541 35 20 ärs
509 541 104 26 landtdag
623 541 129 21 församlade
764 540 51 21 Bor-

63 574 117 26 gareständ
198 575 6 20 i
225 575 170 26 underdänighet
415 575 114 21 inkommit
544 575 48 21 med
608 575 158 26 framställning
781 579 35 16 om

63 607 102 22 behofvet
180 609 22 20 af
212 609 130 20 förändrade
353 609 133 26 stadganden
499 609 91 20 rörande
602 609 46 25 den,
660 609 67 26 enligt
737 607 78 26 Kongl.

62 641 154 28 förordningen
236 643 39 20 den
297 644 25 19 10
341 643 119 20 December
481 644 60 25 1756,
558 643 148 26 borgmästare
722 642 39 21 och
776 641 40 21 räd

64 675 90 26 tillagda
170 677 281 26 bouppteckningsprocent,
468 679 56 18 samt
539 677 72 20 tillika
626 676 90 21 anhällit
731 677 38 24 att,
786 675 29 20 ef-

62 711 34 19 ter
111 709 37 21 det
167 710 101 21 städerna
288 710 70 21 blifvit
377 711 31 20 uti
427 710 71 21 denna
519 711 62 25 fräga
597 710 72 26 hörde,
685 710 66 25 nädig
766 715 49 20 pro-

62 743 94 26 position
180 744 6 20 i
210 745 72 20 ämnet
304 744 66 21 mätte
389 744 48 20 med
459 744 85 26 ledning
563 744 23 20 af
604 745 25 20 de
644 743 114 27 yttranden
775 742 40 21 och

62 776 88 27 förslag,
167 777 73 21 hvilka
255 777 74 21 dervid
350 777 104 26 afgäfves,
475 778 84 21 landets
578 777 91 22 Ständer
685 777 128 26 föreläggas,

61 810 65 21 hafva
141 811 147 27 underdäniga
304 812 125 21 utlätanden
445 812 6 20 i
469 812 114 25 anledning
594 812 23 20 af
626 811 142 21 omförmälda
777 816 37 20 pe-

61 845 64 21 tition
141 845 71 21 blifvit
227 846 124 21 infordrade
367 846 47 21 utaf
428 847 18 25 ej
463 846 84 21 mindre
563 846 164 21 Guvernörerne
742 845 6 20 i
765 844 50 21 Fin-

61 879 62 21 lands
139 880 100 25 samtliga
255 880 41 25 län,
317 880 161 21 vederbörande
496 880 145 26 magistrater,
661 879 154 25 ordningsmän

60 913 41 21 och
116 913 71 21 äldste
202 913 34 21 för
252 914 156 26 borgerskapet
424 915 6 20 i
447 914 108 25 städerna,
572 916 27 18 än
615 914 61 20 äfven
692 913 23 20 af
733 912 26 20 de
772 917 43 20 nya

61 947 216 27 stadsmyndigheter,
294 949 78 22 hvilka,
388 949 68 25 enligt
475 948 80 26 nädiga
575 948 152 25 förordningen
743 947 41 20 den
800 946 13 20 8

60 981 118 21 December
196 983 60 24 1873,
273 982 110 26 angående
399 982 255 25 kommunalförvaltning
669 981 7 21 i
688 981 55 25 stad,
754 979 61 22 trädt

60 1015 7 20 i
82 1015 99 21 bemälde
196 1016 82 21 äldstes
294 1016 68 21 ställe.

131 1049 38 21 Uti
186 1049 140 22 omförmälda
348 1050 125 21 utlätanden
491 1050 40 21 har
545 1049 188 26 hufvudsakligast
749 1048 65 20 fram-

58 1082 81 24 hällits,
154 1083 46 21 dels
216 1086 33 19 att
265 1085 41 20 den
321 1085 67 24 enligt
403 1090 28 14 nu
448 1084 99 26 gällande
565 1083 134 26 stadganden
710 1081 104 22 Rädstuf-

59 1118 125 19 vurätterne
206 1118 91 25 tillagda
319 1118 103 26 rättighet
445 1120 39 24 att,
508 1118 37 20 der
566 1118 18 26 ej
605 1116 137 21 annorlunda
762 1121 51 14 vore

58 1150 109 27 stadgadt,
190 1153 49 19 utse
262 1153 54 24 gode
339 1154 48 19 män
407 1152 34 20 för
461 1151 160 22 verkställande
640 1151 23 21 af
681 1149 132 27 bouppteck-

58 1185 78 26 ningar
151 1185 39 21 och
206 1186 120 26 arfskiften,
343 1187 32 20 till
391 1186 77 27 sjelfva
483 1187 33 20 sin
527 1186 70 26 grund
607 1186 104 20 innebure
722 1190 26 15 en
759 1183 54 21 obil-

58 1219 74 27 lighet,
150 1220 26 20 dä
192 1220 58 21 vissa
265 1220 83 21 klasser
364 1220 23 21 af
401 1221 114 20 städernas
526 1220 102 21 invänare
640 1220 124 25 derigenom
775 1217 38 27 pä-

58 1252 57 27 lagts
131 1255 32 19 ett
177 1254 66 26 tväng
258 1254 40 20 och
314 1260 26 15 en
356 1254 145 26 beskattning,
518 1254 108 21 hvarifrän
642 1253 69 21 andra
729 1252 84 20 klasser

58 1286 58 22 inom
139 1287 221 27 stadskommunerne,
384 1288 78 20 liksom
487 1288 85 20 landets
595 1288 68 26 öfrige
687 1286 125 26 inbyggare,

45 1326 65 22 vore
125 1321 99 26 fritagne,
240 1322 46 20 dels
298 1323 32 19 att
340 1322 310 26 bouppteckninysprocenten,
662 1326 47 15 som
719 1319 34 21 för
764 1320 49 19 när-

57 1355 96 21 varande
176 1356 107 20 beräknas
306 1356 54 20 efter
380 1362 85 14 summa
484 1356 113 20 inventarii
618 1357 52 19 utan
686 1353 77 25 afdrag
779 1352 34 21 för
