1036 1620
423 115 35 22 N:o
473 116 30 21 12.
800 115 11 20 7

89 185 52 27 ning
156 185 23 21 af
193 185 117 26 kronojord
326 184 146 26 föreskrifver,
489 184 51 21 eller
557 186 39 24 gör
612 184 33 26 sig
661 184 84 26 skyldig
761 183 32 21 till
805 182 36 21 nå-

90 222 38 24 got
151 220 77 20 sådant
246 220 60 20 brott
328 225 45 15 som
397 219 6 20 i
427 219 10 27 $
463 220 11 18 2
497 221 24 19 är
537 218 69 27 sagdt,
627 218 35 21 må
676 218 42 20 han
734 218 47 20 från
797 219 44 19 tor-

90 256 37 24 pet
143 254 82 26 skiljas,
242 254 55 20 ändå
312 255 33 19 att
360 253 76 21 aftalet
452 254 72 20 derom
540 253 72 21 blifvit
628 252 136 22 stadfästadt.

435 317 11 27 8
465 318 31 19 11.

163 353 83 26 Önskar
269 357 138 21 innehafvare
430 357 23 21 af
468 357 167 21 kronohemman
652 357 47 20 från
715 356 126 27 lägenheten

91 392 89 27 försälja
202 394 79 25 qvarts,
303 392 90 26 fältspat
416 392 52 21 eller
486 392 106 25 kalksten,
609 392 35 20 må
660 391 138 21 Guvernören
814 390 27 26 på

91 427 52 20 hans
167 427 92 26 begäran
279 427 77 20 sådant
374 426 77 26 tillåta,
476 433 33 14 om
533 432 77 20 genom
634 432 38 20 syn
693 425 12 21 å
721 425 73 21 stället
809 425 32 20 ut-

91 463 62 18 rönes
176 463 32 18 att
232 461 67 20 skada
322 461 122 26 derigenom
468 461 18 26 ej
505 461 130 26 tillskyndas
651 460 138 27 lägenhetens
805 459 36 20 od-

92 495 108 26 lingsbara
216 502 56 20 egor.

163 530 136 21 Beträffande
315 530 51 21 åbos
378 532 45 19 rätt
433 530 33 21 till
478 530 120 21 hemmanet
611 529 159 27 underlydande
781 528 60 25 skog,

91 565 56 26 gälle
162 565 55 20 hvad
234 565 71 20 derom
322 567 24 18 är
362 565 104 20 särskildt
482 565 107 26 stadgadt.

412 652 67 26 Kap.
494 652 23 21 3.

335 709 33 21 Om
385 709 114 27 antagande
518 709 20 21 af
554 708 46 22 åbo.

435 767 12 26 $
466 767 32 20 12.

165 807 32 20 Då
220 807 94 26 åboskap
338 807 12 20 å
373 807 167 20 kronohemman
568 806 70 21 blifvit
661 806 72 27 ledigt,
760 805 83 21 anmäle

93 841 146 26 kronofogden
256 842 72 20 derom
345 841 38 21 hos
400 841 139 21 Guvernören
556 841 39 21 och
606 841 74 27 styrke
690 841 71 21 tillika
771 839 73 21 hvilka

93 876 40 20 den
157 875 104 27 afgångne
284 876 67 20 äbons
374 877 109 20 närmaste
507 876 125 26 skyldemän
652 878 42 18 äro.
726 870 29 26 Är
774 874 69 26 någon

93 910 22 20 af
130 910 61 20 desse
208 910 105 26 omyndig,
325 910 90 21 anmode
427 907 139 24 Guvernören
578 910 160 21 vederbörande
749 909 94 25 domare,

93 946 32 18 att
147 944 33 21 för
204 944 39 20 den
266 944 112 27 omyndige
402 946 47 19 utse
473 944 143 27 förmyndare,
641 946 54 19 samt
714 942 129 28 uppmane
826 938 20 37 i

92 978 73 26 hvarje
188 978 102 21 händelse
312 985 75 20 genom
412 979 135 26 kungörelse,
573 985 44 15 som
642 979 55 21 inom
714 978 44 21 viss
775 978 69 20 utsatt

92 1013 31 20 tid
147 1013 39 21 bör
208 1013 6 20 i
238 1012 100 22 häradets
362 1013 81 27 kyrkor
459 1015 33 19 tre
508 1014 80 26 gånger
604 1014 101 26 uppläsas
721 1012 39 22 och
776 1012 7 20 i
799 1012 44 20 lan-

93 1048 47 20 dets
157 1047 90 21 officiela
263 1048 108 26 tidningar
387 1050 33 19 tre
438 1048 81 26 gånger
534 1048 88 26 införas,
640 1048 53 25 dem,
709 1047 74 21 hvilka
793 1046 50 21 åbo-

93 1082 76 26 skapet
192 1082 110 26 öfvertaga
325 1082 49 27 vilja
398 1082 51 21 eller
473 1089 39 20 ega
532 1083 112 26 omyndigs
661 1084 42 19 rätt
719 1081 73 21 dertill
809 1080 35 22 be-

91 1116 62 25 vaka,
170 1118 32 18 att
216 1116 57 21 inom
290 1122 36 15 sex
347 1116 102 21 månader
471 1116 54 21 efter
541 1117 154 26 kungörelsens
715 1115 129 22 utfrädande

92 1151 33 20 till
149 1149 138 22 Guvernören
311 1157 33 14 om
360 1151 121 26 åboskapet
496 1151 93 21 inlemna
605 1151 108 26 skriftliga
729 1149 114 22 ansöknin-

91 1191 45 20 gar,
160 1185 89 26 åtföljda
272 1185 22 20 af
316 1185 128 27 frejdebevis
469 1186 38 21 och
531 1186 26 21 de
581 1185 69 27 öfriga
669 1185 134 26 handlingar,
823 1183 22 21 af

92 1219 73 21 hvilka
180 1219 121 21 sökandene
317 1220 50 26 vilja
383 1220 33 26 sig
432 1220 104 26 begagna,
553 1220 39 20 och
608 1220 107 25 förordne,
729 1219 66 21 sedan
807 1224 37 14 an-

93 1254 117 26 sökningen
226 1254 118 26 inkommit,
360 1254 33 20 till
410 1254 67 21 sådan
494 1260 37 20 syn
548 1254 13 21 å
577 1254 126 26 lägenheten
719 1260 45 14 som
777 1253 6 20 i
796 1252 48 26 14
833 1248 15 37 $

92 1288 142 21 omförmäles.

436 1318 11 26 $
466 1318 33 20 13.

163 1357 77 21 Finnes
256 1358 34 20 för
305 1358 198 20 vidmakthållande
518 1357 22 21 af
550 1357 68 27 ledigt
628 1357 167 21 kronohemman
807 1356 37 20 nö-

91 1390 46 27 digt
161 1394 31 18 att
217 1392 164 21 mellantidsåbo
399 1392 52 21 derå
466 1392 110 26 tillsättes,
592 1392 35 20 må
642 1392 66 20 sådan
725 1390 22 21 af
762 1389 82 21 Guver-

91 1427 67 19 nören
174 1428 96 25 antagas,
288 1426 53 21 dock
357 1428 51 19 utan
427 1426 157 26 inskränkning
600 1426 6 20 i
623 1426 39 20 den
678 1427 50 22 rätt,
745 1430 46 15 som
803 1424 41 21 den
