1028 1623
217 96 27 20 38

379 96 81 23 Ständ.
475 97 37 23 Sv.
527 110 27 4 —
569 98 70 28 Prop.
656 98 39 22 N:o
710 98 34 23 15.

391 160 66 26 lager.
492 160 43 21 Vid
556 161 113 21 enahanda
690 161 42 21 vite
746 160 41 28 bör
802 168 63 21 egare
879 160 53 21 eller

387 194 125 31 förvaltare
526 194 31 28 af
567 194 86 28 grufva,
669 194 114 22 bearbetad
792 194 117 29 fyndighet
924 194 8 20 i

385 228 123 28 Jjordlager,
520 228 84 22 vaskeri
612 229 52 21 eller
671 230 159 27 sjömalmstägt
837 229 93 27 aflemna

391 264 25 18 de
438 262 74 21 vidare
534 262 116 28 uppgifter,
672 263 71 21 hvilka
766 262 163 28 bergsstyrelsen

391 295 43 21 kan
450 296 66 28 finna
537 297 74 27 nödigt
625 297 9 20 i
649 297 38 21 och
705 297 41 27 för
768 304 24 13 en
815 303 112 21 noggrann

393 329 157 28 bergsstatistik
565 330 107 28 infordra.

448 363 50 21 Har
508 364 152 27 försummelse
678 365 135 21 härutinnan
827 367 34 25 egt
875 370 54 19 rum,

392 404 36 21 ege
442 400 139 26 guvernören,
600 400 31 27 på
652 400 110 25 anmälan,
778 398 37 22 och
829 398 56 28 efter
899 405 33 14 ve-

392 432 144 22 derbörandes
558 433 100 27 hörande,
672 434 62 27 fälla
750 433 40 21 den
802 433 131 28 försumlige

392 467 35 20 till
436 466 106 27 försuttet
557 468 40 20 vite
613 470 55 19 samt
683 467 113 28 förelägga
811 474 28 21 ny
850 467 32 21 tid
893 467 36 21 och

391 500 73 29 hvarje
485 502 58 27 gång
561 501 103 28 förhöjdt
678 503 48 23 vite,
742 501 53 21 dock
810 501 44 21 icke
870 501 61 26 öfver

387 534 145 29 Jyrahundra
546 536 69 21 mark.

591 605 16 18 8
620 606 112 22 Kapitlet.

516 651 123 18 Särskilda
650 651 156 23 stadganden.

632 697 14 26 $
661 698 34 20 53.

448 741 72 26 Böter,
542 748 44 15 som
607 743 67 26 enligt
694 742 72 21 denna
788 742 77 27 stadga
880 741 51 21 ådö-

393 783 51 18 mas,
466 775 60 21 skola
544 776 100 27 fördelas
654 777 72 27 jemnt
741 776 90 20 emellan
846 775 83 20 kronan

393 809 36 21 och
446 809 117 28 åklagaren
578 813 55 18 samt
643 810 113 27 försonas,
772 809 35 22 vid
823 809 109 21 bristande

393 844 220 28 betalningstillgång,
628 845 47 26 med
689 844 99 28 fängelse
802 844 67 27 enligt
883 844 26 20 de
925 844 8 20 i

393 879 27 19 10
436 878 99 28 Kapitlet
554 878 23 21 U.
593 878 25 21 B.
634 878 36 22 och
682 878 80 28 Kongl.
784 878 147 27 förklaringen

393 912 46 20 den'
448 914 30 20 23
492 912 61 21 Mars
568 914 55 20 1807
638 912 106 28 stadgade
759 912 102 27 grunder.

632 970 14 26 $
662 971 33 19 54.

449 1015 88 20 Allmän
559 1015 103 27 åklagare
684 1015 73 27 åligge
772 1017 38 23 att,
822 1014 31 28 på
869 1014 64 20 måls-

393 1048 91 28 egandes
499 1049 51 21 eller
566 1048 200 29 bergstjenstemans
776 1048 111 25 anmälan,
896 1054 37 14 an-

393 1083 65 20 ställa
480 1083 46 20 åtal
542 1083 41 27 för
605 1082 167 28 öfverträdelser
786 1082 30 27 af
829 1082 102 27 stadgan-

393 1116 54 21 dena
463 1116 8 20 i
485 1116 178 29 nästföregående
678 1117 88 27 kapitel.

630 1174 16 28 $
660 1175 35 20 55.

449 1218 54 26 Den,
525 1226 43 14 som
589 1219 150 27 härförinnan
754 1218 88 22 erhållit
857 1220 76 19 mutse-

393 1253 40 26 del,
449 1260 49 14 vare
513 1254 35 20 vid
562 1254 34 20 sin
618 1254 123 27 derigenom
756 1260 71 14 vunna
842 1254 45 19 rätt
902 1252 31 21 bi-

394 1286 101 26 behållen,
521 1294 47 14 men
589 1288 63 20 ställe
675 1287 33 27 sig
732 1287 34 21 till
791 1286 142 28 efterrättelse

388 1320 169 28 föreskrifterna
572 1328 32 14 om
620 1320 194 29 arbetsskyldighet
828 1322 33 20 uti
875 1320 16 28 $
905 1322 29 20 43

392 1358 55 18 samt
469 1355 94 28 iakttage
580 1357 8 20 i
607 1356 134 27 tillämpliga
766 1355 61 21 delar
849 1354 56 22 hvad
926 1356 9 19 i

394 1389 68 21 denna
477 1390 137 28 författning
623 1390 41 27 för
680 1390 70 27 öfrigt
764 1390 95 27 stadgas.
