1028 1623
218 96 24 20 10
518 97 33 21 N:o
567 97 31 21 15.

187 164 133 22 derbörande
334 165 113 27 jordegare
463 172 34 15 om
514 166 152 21 öfverlåtelsen
682 166 40 21 och
737 166 45 20 låta
797 164 138 22 mutsedeln
925 160 15 37 i

186 199 82 26 kyrkan
284 200 97 26 uppläsa.

256 234 106 21 Mutsedel
382 235 13 20 å
412 234 222 28 sjömalmsfyndighet
654 235 33 21 får
706 234 114 21 öfverlåtas
837 234 76 21 endast
928 232 7 21 i

186 268 36 20 det
237 268 44 27 fall,
298 268 27 21 då
345 268 123 22 densamma
488 269 124 21 innehafves
632 269 22 21 af
668 269 62 27 bruk,
747 274 45 15 som
807 268 128 26 tillgodogör

186 302 104 27 sjömalm,
307 303 38 20 och
359 303 65 26 jemte
440 304 79 20 bruket
534 303 34 21 till
583 310 72 14 annan
671 303 105 27 öfvergår.

257 336 83 27 Vägrar
355 337 167 27 Bergmästaren
533 340 32 18 att
576 338 114 26 godkänna
703 337 135 21 öfverlåtelse
850 336 22 21 af
881 338 54 19 mut-

188 370 65 28 sedel,
277 372 34 20 må
334 372 78 26 klagan
432 372 99 21 deröfver
547 372 37 21 ske
600 372 7 21 i
623 373 41 20 den
680 372 91 26 ordning
786 372 11 25 $
814 373 10 19 7
841 371 94 26 stadgar.

466 452 20 23 3
504 452 154 28 Kapitlet.

330 515 33 21 Om
380 515 106 28 skärpning
504 516 36 21 och
557 516 61 21 annat
634 515 162 22 försöksarbete.

530 574 11 24 S
560 574 31 20 15.

257 611 53 28 Den,
335 619 43 14 som
402 613 86 21 undfätt
510 613 104 21 mutsedel
639 615 12 19 å
667 614 70 25 någon
753 612 116 27 fyndighet,
886 617 49 15 vare

187 645 123 28 berättigad
333 648 30 19 att
384 647 22 21 af
420 648 150 26 angränsande
586 648 61 21 mark
662 648 100 26 begagna
777 647 55 20 hvad
848 646 33 21 till
896 647 41 24 väg

187 680 38 21 och
249 682 105 25 utrymme
378 682 4 19 i
407 681 64 27 öfrigt
490 682 75 27 nödigt
584 684 24 19 är
624 682 33 21 för
672 681 136 22 anställande
824 680 22 21 af
860 681 77 20 sådant

186 715 139 27 skärpnings-
341 715 53 22 eller
409 718 65 19 annat
494 716 166 27 försöksarbete,
678 722 45 15 som
739 715 33 21 till
788 715 148 27 fyndighetens

186 751 99 20 närmare
301 751 160 26 undersökning
476 751 39 20 och
530 751 111 21 blottande
657 751 117 25 erfordras,
790 750 64 20 innan
870 749 67 20 utmål

186 783 71 22 derför
273 784 84 27 lägges;
373 785 55 21 dock
443 785 55 21 skall
514 785 48 27 han,
574 785 33 21 för
617 785 56 21 hvad
683 785 43 20 han
737 784 90 21 sålunda
838 784 97 26 begagna

187 818 38 28 får,
243 819 57 26 gifva
316 826 79 20 egaren
411 820 53 20 eller
480 820 152 21 innehafvaren
648 820 23 20 af
683 819 84 27 jorden,
784 820 23 19 så
822 818 63 26 länge
895 818 42 20 för-

187 853 136 21 söksarbetet
345 854 89 27 fortgår,
458 854 38 21 full
520 854 120 26 ersättning
660 854 6 20 i
684 853 133 27 årlig.afgift
833 853 38 20 och
887 858 50 14 vare

184 887 86 28 jemväl,
287 888 6 20 i
309 888 103 21 händelse
428 888 208 28 grufanläggningen
652 888 128 26 öfvergifves
794 888 65 20 innan
871 887 67 21 utmål

187 922 71 21 derför
274 922 71 21 blifvit
359 923 67 27 lagdt,
442 923 85 27 skyldig
543 925 32 19 att
591 925 82 19 ersätta
686 922 130 27 jordegaren
827 922 52 20 eller
891 922 46 26 den,

187 962 44 15 som
255 956 6 21 i
284 957 54 21 hans
358 957 62 21 ställe
436 957 33 21 till
486 958 66 20 sådan
573 957 136 27 godtgörelse
725 956 122 26 berättigad
863 958 30 24 är,
909 955 29 21 all

187 990 74 28 skada,
278 997 45 15 som
339 992 89 21 marken
444 998 75 20 genom
535 992 171 21 försöksarbetet
722 992 41 20 kan
780 991 32 20 för
822 990 115 21 framtiden

188 1024 65 22 hafva
268 1026 62 26 tagit.

259 1059 143 28 Skärpnings-
425 1061 53 21 eller
500 1062 66 19 annat
589 1060 124 27 grufarbete
737 1060 67 20 under
820 1059 68 26 dagen
904 1059 33 19 må

186 1093 54 27 icke,
256 1096 53 19 utan
324 1095 150 27 medgifvande
490 1095 22 21 af
526 1102 64 20 egare
606 1095 52 21 eller
674 1094 140 21 innehafvare
828 1093 22 21 af
862 1093 76 27 jorden

186 1128 53 21 eller
262 1128 23 21 af
304 1129 40 21 den
365 1129 6 21 i
387 1130 12 26 &
415 1130 12 20 3
444 1130 128 20 omnämnda
587 1129 133 27 myndighet,
736 1128 80 21 drifvas
832 1129 105 25 närmare,

186 1163 27 19 än
229 1162 116 22 etthundra
361 1164 90 27 famnar,
467 1164 33 20 till
515 1164 133 26 boningshus
664 1163 54 21 eller
729 1163 67 20 andra
807 1162 130 26 byggnader.

532 1226 12 27 8
563 1227 30 19 16.

257 1265 72 27 Yppas
352 1266 53 20 tvist
427 1272 33 14 om
478 1266 101 26 beloppet
597 1265 23 21 af
635 1266 42 20 den
694 1264 68 27 årliga
778 1264 91 26 afgiften
885 1264 53 20 eller

186 1305 71 15 annan
281 1300 128 27 ersättning,
430 1306 45 15 som
491 1300 67 26 enligt
574 1300 11 26 $
603 1301 25 20 15
644 1300 54 26 utgå
713 1299 45 26 bör,
775 1298 40 21 och
829 1298 74 21 kunna
919 1298 18 26 ej

186 1335 101 24 parterne
304 1335 93 26 åsämjas
413 1341 33 15 om
462 1335 90 21 tvistens
569 1334 93 21 slitande
679 1334 23 20 af
716 1334 121 26 mätismän,
849 1339 45 15 som
911 1332 25 21 de

185 1368 75 26 sjelfve
276 1368 100 28 tillkalla,
392 1369 64 21 varde
472 1369 58 21 öfver
546 1370 36 20 det
597 1368 93 27 stridiga
702 1368 72 21 dömdt
786 1368 23 20 af
819 1366 120 22 domstolen

185 1402 7 20 i
208 1404 69 20 orten.
