1034 1620
373 92 82 23 Ständ.
470 93 39 22 Sv.
520 104 27 4 —
562 92 73 28 Prop.
650 93 41 22 N:o
706 92 34 22 16.

376 155 136 25 ordföranden
526 156 9 19 i
549 157 64 19 ortens
627 156 183 20 kommunalnämnd
823 156 44 19 med
880 161 47 20 upp-

375 190 39 25 gift
437 191 62 19 tillika
521 196 31 14 om
566 191 23 19 så
604 191 34 19 väl
652 190 69 23 stället,
738 190 34 19 der
787 190 141 25 försäljningen

375 225 25 19 är
423 224 70 25 afsedd
515 226 31 18 att
566 225 106 24 bedrifvas,
696 230 41 14 som
759 224 36 20 den
810 231 79 18 person,
905 224 26 25 af

374 258 75 21 hvilken
471 259 86 20 rörelsen
578 259 73 20 komme
670 260 30 19 att
712 259 93 24 förestås.
836 259 91 20 Kommu-

375 293 106 20 nalnämnd
503 293 52 20 skall
573 293 90 25 deröfver
678 293 78 25 afgifva
770 293 95 25 yttrande,
881 293 47 20 hvil-

375 328 36 23 ket,
427 329 52 19 inom
495 335 22 13 en
531 328 73 20 månad
618 329 50 24 efter
682 328 32 19 det
728 328 128 25 ansökningen
870 327 58 25 ingif-

375 363 44 23 vits,
443 363 129 24 öfverlemnas
595 363 30 20 till
642 363 205 20 kommunalstämmas
861 361 67 25 ordfö-

375 396 67 24 rande,
459 403 40 13 som
514 397 38 19 har
566 398 35 22 att,
618 397 23 19 så
656 398 56 18 snart
726 397 34 19 ske
766 396 45 23 kan,
822 396 107 24 föredraga

375 430 80 20 ärendet
476 430 31 20 till
528 431 108 25 afgörande
650 431 13 19 å
678 430 199 24 kommunalstämma,
896 430 33 20 vid

377 465 76 19 hvilken
467 465 215 25 bryggeriinnehafvare
696 465 40 19 icke
751 471 43 19 eger
803 465 9 19 i
821 465 107 25 öfverlägg-

375 499 44 25 ring
441 499 46 20 eller
507 499 61 20 beslut
589 500 81 24 deltaga.
701 499 88 25 Bifaller
810 499 117 20 kommunal-

377 534 84 19 stämma
483 534 134 24 ansökningen,
640 535 72 19 utsätte
733 534 63 19 tillika
815 534 18 24 ej
853 534 75 19 mindre

376 568 66 20 stället
457 568 33 20 der
504 568 141 25 försäljningen
660 568 33 20 må
706 568 63 24 idkas,
781 569 26 19 än
815 568 56 24 ifrån
880 568 47 20 hvil-

376 602 36 20 ken
434 603 29 19 tid
485 603 112 20 densamma
618 603 34 20 må
664 603 80 24 vidtaga
758 604 53 18 samt
825 603 23 19 de
862 602 66 25 öfriga

376 637 63 20 vilkor
460 637 33 20 och
514 637 101 24 förbehåll,
638 643 41 14 som
701 637 64 20 kunna
779 637 64 24 finnas
857 637 71 24 nödiga

377 671 30 20 till
427 671 123 20 undvikande
569 672 25 24 af
610 671 97 20 missbruk
722 671 46 20 eller
781 671 102 24 underslef
894 671 34 20 vid

375 706 124 25 rättighetens
513 707 94 24 utöfning.
638 706 56 20 Dock
712 706 33 19 må
759 705 64 20 sådan
837 705 92 25 rättighet

377 740 18 24 €)
409 740 97 20 meddelas
520 741 35 24 för
570 741 66 24 längre
651 740 28 20 tid
693 741 26 18 än
734 740 34 19 två
783 740 24 19 år
821 740 9 19 i
843 739 74 21 sender.

627 799 16 23 $
658 798 19 19 4.

433 844 51 23 Den,
507 850 42 14 som
571 844 57 24 enligt
642 844 18 24 $
674 844 12 18 3
701 842 80 25 undfätt
802 844 42 18 rätt
858 844 30 18 att
898 842 30 26 pä

376 877 66 20 landet
457 878 29 19 till
500 878 119 24 afhemtning
633 877 87 25 försälja
734 876 135 25 maltdrycker,
881 877 46 25 älig-

375 918 34 19 ger
431 912 34 24 för
479 912 64 20 sädan
557 912 69 25 näring
642 912 77 24 deltaga
733 912 9 18 i
754 912 123 19 kommunens
892 911 35 20 all-

376 947 73 19 männa
470 946 98 25 utskylder
590 946 47 24 efter
659 946 95 24 taxering,
770 946 83 20 hvarvid
867 946 61 24 afgif-

377 982 30 18 ten
421 982 34 23 för
469 981 68 24 hvarje
558 980 186 26 försäljningsställe
758 980 40 20 icke
811 980 34 20 mä
859 980 69 20 under-

376 1015 51 25 stiga
442 1015 103 20 etthundra
559 1016 57 19 mark
630 1015 35 25 för
680 1015 30 23 är,
726 1010 57 28 äfven
798 1020 31 14 om
843 1014 86 20 rörelsen

375 1049 41 20 icke
429 1049 62 20 under
506 1049 43 20 hela
564 1049 44 20 året
621 1049 85 25 utöfvas.

435 1084 89 19 Nämnde
538 1084 66 24 afgift,
621 1090 42 13 som
678 1083 96 20 beräknas
789 1083 34 24 för
832 1083 98 20 kalender-

377 1117 48 24 året,
442 1118 86 25 erlägges
544 1118 30 20 till
587 1124 46 18 nyss
648 1119 62 19 utsatt
725 1117 72 25 belopp,
814 1118 60 19 innan
888 1118 42 24 för-

377 1152 107 25 säljningen
498 1152 35 24 för
547 1152 43 20 året
599 1152 93 25 vidtager,
704 1152 126 25 förskottsvis
841 1152 30 20 till
879 1152 51 20 kom-

376 1192 80 14 munens
476 1186 66 24 kassa,
563 1187 33 19 och
619 1186 29 20 till
670 1186 121 20 återstående
814 1186 35 23 del,
871 1186 61 20 sedan

377 1220 113 25 taxeringen
509 1220 109 24 verkstälts,
634 1221 14 19 å
662 1221 61 24 utlyst
740 1219 191 26 uppbördsstämma.

434 1255 131 19 Försummar
579 1255 176 25 försäljningsman
770 1255 30 19 att
810 1254 79 25 erlägga
898 1254 35 26 nä

375 1294 38 19 gon
435 1288 31 20 del
487 1289 26 24 af
533 1288 57 20 dessa
611 1288 82 25 afgifter
714 1289 8 19 i
743 1288 133 24 föreskrifven
897 1288 34 29 tid,

375 1322 62 20 varde
451 1322 36 20 den
501 1324 68 24 genast
582 1324 76 18 utmätt.
694 1322 36 20 Vid
745 1322 53 25 dylik
812 1322 121 20 underläten-

375 1356 32 20 het
429 1356 64 20 andra
513 1357 74 25 gången
607 1358 24 19 är
646 1356 197 26 försäljningsrätten
857 1357 76 24 förver-

375 1390 46 24 kad,
444 1397 43 13 men
509 1391 82 25 afgiften
613 1391 35 24 för
670 1391 82 25 löpande
767 1391 44 20 året
825 1391 35 19 bör
875 1391 60 20 likväl

375 1426 86 24 uttagas.
