1031 1617
346 118 19 20 U.
380 118 19 20 B.
415 129 28 3 —
457 118 54 24 Prop.
527 118 29 20 N:o
571 118 31 20 15.
799 118 24 20 11

95 182 33 22 till
143 182 180 27 Bergmästarens
333 182 123 27 afgörande,
473 182 32 22 uti
520 189 83 15 samma
612 183 14 26 8
641 182 77 22 införts
734 182 120 27 stadgande

93 217 74 22 derom
182 218 33 20 att
230 217 97 22 tillstånd
343 217 32 21 till
391 223 26 16 en
433 217 77 28 åtgärd
525 217 24 21 af
561 216 76 23 anförd
652 216 149 23 beskaffenhet
816 217 39 22 bör

93 251 103 22 utverkas
212 251 40 22 hos
268 251 171 28 Bergstyrelsen.

163 285 41 22 Vid
227 285 11 28 8
261 288 27 20 48
312 285 39 22 har
373 286 115 22 Utskottet
502 285 67 23 infört
583 285 137 28 bestämning
735 286 73 21 derom
823 286 33 21 att

95 319 162 29 öfverläggning
280 327 34 15 om
336 321 79 26 nödiga
438 321 219 26 säkerhetsåtgärder
679 320 55 22 skall
753 320 40 22 ske
807 319 49 22 med

95 354 114 27 grufägare
225 355 53 22 eller
293 355 101 26 ansvarig
409 355 53 22 eller
477 354 206 27 hufvudförvaltare,
697 355 67 28 jemte
775 355 37 21 det
822 355 34 20 ut-

95 389 86 27 trycket
197 389 171 28 ,förtimringar"
388 390 84 27 utbytts
489 391 46 20 mot
553 389 38 22 det
606 389 143 28 sakriktigare
767 406 6 10 ,
779 389 77 22 ställen

95 422 34 23 för
142 423 166 28 förtimringar*.

164 458 35 21 Då
222 458 37 22 det
282 459 18 27 ej
321 459 42 21 kan
379 465 51 15 vara
445 459 76 27 nödigt
536 460 33 20 att
583 459 76 21 kartor
673 460 110 26 uppgöras
799 457 59 23 öfver

96 491 93 28 grufvor,
213 493 73 21 hvilka
308 495 38 19 äro
368 492 47 22 från
437 493 71 27 dagen
523 493 48 22 fullt
587 493 88 28 synliga,
692 493 39 22 har
745 493 114 22 Utskottet

96 527 33 21 uti
151 527 11 28 $
186 529 25 20 51
236 527 128 28 undantagit
387 527 72 28 dylika
474 527 88 28 grufvor
576 527 48 22 från
640 528 53 26 dem,
710 527 61 23 öfver
785 527 74 22 hvilka

96 561 163 22 markscheider
282 562 53 22 eller
356 562 151 27 grufvekartor
529 563 54 22 böra
605 563 120 27 upprättas,
747 563 112 21 hvaremot

97 596 115 22 Utskottet
226 596 72 27 tillagt
313 597 172 26 bestämningen,
502 599 33 19 att
551 599 32 19 ett
599 597 107 27 exemplar
722 597 22 21 af
757 597 103 21 kartorna

98 630 40 22 bör
160 630 64 22 äfven
245 632 35 20 vid
303 630 89 28 grufvan
414 632 71 21 hållas
507 631 34 22 för
563 632 238 26 bergstjenstemännen
816 630 43 22 till-

98 665 103 27 gängligt.

167 700 47 21 Den
230 701 44 20 rätt
289 700 106 22 inmutare
409 700 139 22 härförinnan
563 700 76 22 vunnit
654 700 61 22 torde
731 700 47 21 icke
789 700 72 21 kunna

99 734 41 22 och
154 734 54 22 böra
223 734 79 22 honom
318 741 76 21 genom
409 734 164 28 ifrågavarande
589 735 131 26 inmutnings
729 734 39 22 och
777 733 84 28 grufve-

100 770 78 26 stadga
192 769 97 27 betagas;
306 770 41 20 och
361 770 40 21 har
416 770 115 21 Utskottet
546 770 7 20 i
568 769 53 28 följd
637 769 22 22 af
674 769 71 22 denna
760 768 57 27 åsigt
827 769 34 20 ut-

100 804 74 26 vidgat
190 804 41 21 den
246 804 33 21 uti
294 804 78 26 nådiga
387 804 174 27 propositionens
578 804 11 28 $
610 806 26 19 56
647 804 134 26 (Utskottets
797 802 11 28 $
824 802 37 26 55)

100 838 106 28 ingående
221 839 142 27 bestämning,
380 841 32 19 att
428 839 78 21 endast
522 839 41 21 den
578 838 138 22 härförinnan
728 838 133 22 afinmutare

100 879 71 15 vunna
193 875 45 19 rätt
259 873 33 21 till
315 874 94 26 mineral,
427 880 46 15 som
490 873 95 22 härefter
601 874 18 27 ej
636 874 85 21 komme
737 874 32 20 att
786 873 77 25 utgöra

100 907 90 22 föremål
212 907 33 22 för
266 908 126 27 inmutning,
416 908 68 22 borde
507 908 33 22 för
563 908 114 21 framtiden
697 908 79 21 honom
791 905 71 23 förbe-

100 942 76 21 hållas.

169 976 73 28 Några
257 978 83 21 smärre
356 977 101 21 rättelser
471 977 8 21 i
495 976 102 22 afseende
612 977 13 21 å
641 976 88 28 språket
739 976 32 21 uti
779 975 38 21 det
825 974 38 22 fin-

101 1011 40 21 ska
163 1010 242 28 författningsförslaget
427 1011 65 22 hafva
515 1011 111 22 dessutom
648 1010 23 22 af
688 1010 115 22 Utskottet
818 1009 45 21 vid-

102 1045 73 27 tagits.

171 1080 31 21 På
217 1081 70 26 grund
302 1080 23 22 af
338 1080 55 22 hvad
409 1080 105 22 härofvan
529 1079 82 23 anförts
627 1079 33 22 får
675 1079 112 22 Utskottet
802 1077 63 22 vörd-

103 1116 57 19 samt
174 1113 90 23 föreslå:

276 1151 32 20 att
326 1149 81 22 landets
423 1149 112 28 höglofliga
552 1149 93 22 Ständer
659 1149 64 21 måtte
739 1149 78 25 antaga
833 1146 34 21 det

208 1184 26 27 af
251 1183 64 22 Hans
337 1184 119 27 Kejserliga
479 1183 105 28 Majestät
606 1183 32 22 till
653 1183 45 22 dem
713 1181 153 28 öfverlemnade

207 1219 81 26 förslag
312 1218 31 21 till
360 1219 143 26 inmutnings-
520 1218 36 21 och
570 1218 157 27 grufvestadga,
743 1216 63 22 likväl
820 1215 48 22 med

208 1253 107 21 särskilda
337 1253 118 26 ändringar
479 1253 7 20 i
508 1253 40 20 den
569 1253 120 26 föreslagna
707 1251 160 28 författningen,

208 1287 81 22 hvilken
303 1288 10 21 i
326 1287 53 28 följd
394 1287 64 27 deraf
464 1288 80 21 komme
553 1289 31 20 att
591 1287 79 22 erhålla
677 1287 93 28 följande
781 1285 88 28 lydelse:

176 1463 193 19 Ekonomiutskottets
382 1464 120 18 besänkande
515 1464 36 18 N:o
563 1464 18 17 6.
