1009 1623
366 84 82 23 Ständ.
463 84 39 23 Sv.
518 97 27 4 —
561 86 72 29 Prop.
667 91 22 18 N:o
703 85 21 23 4.

369 147 73 22 handa
456 155 81 15 ansvar
551 156 51 15 vare
616 149 37 22 ock
663 149 40 22 den
713 149 151 27 underkastad,
872 155 44 15 som

369 182 28 27 af
408 183 139 28 upphittaren
569 183 50 28 köpt
636 183 51 22 slikt
696 183 61 28 fynd
770 183 48 22 med
831 183 86 27 vetskap

369 218 31 19 att
414 217 119 22 detsamma
547 218 45 21 icke
607 218 70 28 blifvit
689 219 10 20 i
709 217 149 29 föreskrifven
872 217 45 22 ord-

369 251 53 28 ning
437 252 102 22 anmäldt.

613 309 16 29 $
643 311 34 21 11.

397 349 2 2 —
425 355 74 27 Böter,
522 355 89 23 hvartill
624 357 71 27 någon
709 356 68 27 enligt
791 356 70 21 denna
870 355 47 28 för-

369 389 92 29 ordning
475 391 78 26 dömes,
564 391 101 28 fördelas
679 391 35 22 till
723 390 44 22 lika
777 390 72 27 belopp
860 390 58 21 emel-

369 424 37 22 lan
419 425 84 22 kronan
519 425 36 22 och
571 425 122 28 åklagaren.
719 424 87 22 Brister
820 425 38 21 hos
878 425 40 20 den

368 459 99 28 sakfälde
483 460 90 27 tillgång
585 460 33 21 till
627 460 99 22 böternas
735 459 113 28 gäldande,
858 459 60 21 skola

368 493 25 22 de
403 493 132 28 förvandlas
550 495 34 20 till
592 494 107 28 fängelse,
710 495 35 26 pä
759 495 43 20 sätt
816 495 9 20 i
839 495 13 20 1
862 494 17 27 $
889 495 29 20 10

367 528 90 28 kapitlet
474 528 133 28 Utsöknings
621 529 84 22 Balken
719 530 58 20 samt
791 529 47 21 8:de
848 528 69 27 punk-

367 564 35 21 ten
416 564 9 20 i
440 563 79 28 Kongl.
530 563 154 28 förklaringen
697 563 42 22 den
747 564 32 21 23
789 569 59 15 mars
858 564 60 20 1807

367 597 130 23 bestämmes.

607 656 16 28 8
637 657 36 21 12.
852 676 2 3 n

425 701 80 23 Denna
516 701 133 29 förordning
663 701 58 23 skall
733 701 60 28 gälla
803 701 57 28 frän
880 700 36 23 och

368 736 48 21 med
429 736 42 22 den

229 786 105 22 Finlands
349 787 94 22 Ständer
457 788 126 22 framhärda
597 790 40 20 ete.

230 833 140 28 Helsingfors,
386 835 42 21 den
443 836 14 19 5
471 835 43 28 Maj
533 835 60 22 1882.

433 997 41 3 —
492 989 144 20 8098

286 1440 119 22 Helsingfors,
418 1439 12 18 J
443 1440 67 18 Simelii
522 1441 97 23 arfvingars
630 1441 81 22 tryckeri,
728 1440 51 17 1882.
