1025 1617
414 102 34 21 N:o
459 102 20 22 2.
769 102 23 20 11

72 170 107 26 åtgärder,
203 170 33 21 till
258 170 72 22 hvilka
350 170 212 27 omständigheterna
577 170 40 21 och
633 170 102 21 inkomna
750 171 72 19 anmä-

73 204 76 21 landen
165 204 7 21 i
188 205 31 20 ett
235 204 51 21 eller
297 206 65 19 annat
373 204 101 21 afseende
485 204 210 27 författningsenligt
705 203 117 22 föranleda.

423 273 11 26 8
451 275 19 20 9.

144 313 84 27 Högsta
243 313 111 22 inseendet
369 313 60 22 öfver
445 313 271 27 skyddskoppympningen
731 313 93 21 tillkom-

72 354 46 15 mer
133 348 229 27 Medicinalstyrelsen,
379 354 51 20 som,
447 349 49 20 med
512 348 87 26 ledning
615 348 22 21 af
651 347 173 22 vederbörandes

72 383 33 20 till
121 382 220 27 Medicinalstyrelsen
357 383 105 26 ingäende
478 382 215 21 embetsberättelser
709 382 39 21 och
763 381 61 21 redo-

73 417 102 26 görelser,
199 417 126 21 öfvervakar
345 417 172 21 vaccinationens
533 417 103 26 behöriga
651 415 173 26 handhafvande;

74 451 38 21 och
128 451 82 27 äligger
225 451 36 21 det
277 451 222 27 Medicinalstyrelsen
515 453 38 24 att,
567 451 68 27 jemte
651 450 174 27 handläggandet

73 485 23 21 af
109 485 68 26 öfriga
196 486 159 21 vaccinationen
374 485 93 22 rörande
490 485 98 26 ärenden,
605 485 48 21 med
668 485 157 21 instruktioner

74 519 57 21 förse
146 519 288 27 vaccindepotföreständare
450 520 39 21 och
505 520 154 25 vaccinatörer,
676 520 34 20 till
726 519 98 21 efterrät-

73 553 54 22 telse
151 553 86 22 utfärda
258 554 128 21 formulärer
404 554 33 21 till
458 554 270 26 vaccinationsdagböcker
748 553 76 21 samt
809 549 19 35 i

73 588 116 21 allmänhet
211 589 87 25 vidtaga
320 589 43 20 alla
382 589 82 20 sädana
484 589 100 26 ätgärder
603 588 34 21 för
652 588 172 21 vaccinationens

72 622 103 27 behöriga
189 622 106 27 fortgäng,
310 623 72 21 hvilka
399 622 23 22 af
436 623 221 27 Medicinalstyrelsen
674 623 58 21 bero.

390 702 75 28 Kap
482 702 26 23 %.

267 759 229 28 Vaccinationsordning
512 760 30 22 för
559 760 74 22 landet.

417 818 11 27 8
447 819 32 20 10.

144 858 114 20 Närmaste
274 858 100 26 tillsynen
390 858 60 21 öfver
465 859 161 20 vaccinationen
636 858 28 27 pä
675 858 75 21 landet
760 857 66 21 hand-

75 891 73 21 hafves
165 892 22 20 af
201 892 236 26 kommunalnämnden,
454 892 86 21 hvilken
557 892 35 21 det
607 892 93 26 äligger:

144 926 22 26 a)
190 928 32 18 att
241 926 88 26 ärligen,
349 926 49 21 med
416 926 89 27 ledning
525 926 22 21 af
561 927 26 20 de
602 926 47 21 frän
665 926 163 27 presterskapet

74 960 101 26 erhållna,
196 960 3 21 i
215 960 11 27 $
244 961 25 20 13
285 966 62 15 mom.
364 960 11 20 &
391 960 131 22 föreskrifna
538 960 195 27 förteckningarna,
749 962 6 19 i
772 966 55 15 sam-

74 994 38 21 råd
128 994 48 21 med
191 995 148 20 vaecinatören
357 995 118 20 bestämma
492 996 39 20 den
549 996 97 25 ordning,
662 996 7 19 i
683 996 86 20 hvilken
781 1000 46 15 vac-

75 1029 119 20 cinationen
211 1029 57 20 inom
284 1029 128 21 kommunen
429 1029 39 21 bör
484 1029 115 27 företagas,
617 1032 55 18 samt
682 1031 84 19 utsätta
777 1029 51 20 stäl-

75 1063 47 20 lena
138 1063 38 20 och
192 1063 59 20 tiden
266 1063 33 21 för
315 1063 141 27 ympningens
476 1063 40 22 och
535 1064 171 26 granskningens
722 1063 106 21 verkstäl-

74 1097 62 20 lande
160 1097 108 21 äfvensom
292 1097 72 21 derom
385 1098 17 26 ej
423 1098 84 21 mindre
532 1098 155 27 ofördröjligen
702 1098 127 21 underrätta

74 1131 209 21 Provincialläkaren
311 1132 6 20 i
340 1134 68 23 orten,
431 1133 27 19 än
482 1132 62 21 äfven
567 1132 44 21 låta
634 1133 5 19 i
664 1132 164 25 församlingens

75 1165 67 27 kyrka
165 1165 97 26 kungöra
284 1166 66 21 minst
369 1166 79 26 fjorton
472 1167 68 25 dagar
561 1166 45 21 före
622 1166 69 21 första
705 1166 124 27 ympnings-

75 1201 75 23 mötet;

146 1233 20 27 b)
189 1235 32 19 att
240 1234 38 21 hos
297 1234 211 22 Provincialläkaren
529 1235 84 21 anmäla
629 1241 34 15 om
679 1235 101 21 behofvet
795 1234 34 21 för

75 1268 46 21 året
143 1268 23 21 af
187 1267 122 22 blanketter
331 1269 32 20 till
384 1269 269 27 vaccinationsdagböcker
673 1269 39 21 och
732 1268 96 21 vaccina-

75 1303 126 26 tionsintyg;

146 1337 19 26 ec)
182 1338 37 25 att,
237 1337 73 21 derest
326 1337 148 21 vaccinatören
491 1337 47 21 icke
554 1339 24 19 är
593 1337 47 21 med
656 1337 76 26 nödigt
748 1336 82 21 vaccin-

75 1373 61 19 ämne
158 1371 94 26 försedd,
273 1371 83 26 sådant,
376 1371 27 26 på
422 1371 55 21 hans
499 1371 100 26 begäran,
615 1371 46 21 från
678 1370 151 22 Provinciallä-

76 1405 66 21 karen
158 1405 52 21 eller
225 1407 109 19 närmaste
350 1405 142 26 vaccindepot
508 1405 105 25 anskaffa;
