1036 2339
227 498 29 22 10

426 500 26 22 U.
468 500 26 22 B.
511 512 26 4 —
553 500 70 29 Prop.
641 500 40 23 N:o
696 500 38 22 10.

336 562 38 21 der
388 563 26 20 de
430 570 33 14 om
478 563 91 22 beslutet
584 570 58 19 enas,
658 563 239 28 vägbyggnadstungan
913 563 33 26 sig

337 597 89 21 emellan
437 597 98 28 fördela.
564 591 21 27 Å
601 600 64 23 orter,
682 597 39 21 der
736 597 212 29 vägbyggnadslaget

339 631 105 27 omfattar
458 633 69 20 större
543 631 88 22 område
645 634 30 19 än
690 631 122 28 tingslaget,
828 633 34 20 må
873 631 75 22 dervid

335 663 113 29 förblifva,
464 666 24 21 så
509 666 64 27 länge
591 665 26 22 de
631 665 252 28 vägbyggnadsskyldige
897 665 53 22 här-

337 705 33 14 om
392 701 88 26 sämjas.
511 695 34 26 Är
567 700 97 28 tingslag
685 699 112 27 fördeladt
816 700 8 20 i
840 700 35 21 två
897 700 51 21 eller

336 733 51 24 Nere
401 733 199 29 vägbyggnadslag,
619 735 36 20 mä
669 734 97 28 ändring
781 733 50 22 häri
844 733 45 22 icke
903 734 41 26 ske,

337 767 47 21 med
398 769 86 21 mindre
500 769 127 28 tingslagets
642 769 104 27 samtliga
764 768 123 22 kommuner
902 769 47 21 der-

338 801 35 21 till
388 801 81 28 bifalla
484 802 52 21 eller
551 802 133 29 vederbörlig
699 802 130 28 myndighet,
845 802 35 22 vid
889 802 60 29 skilj-

339 835 96 29 aktighet
449 836 154 22 kommunerna
623 837 99 26 emellan,
738 836 79 21 sådant
832 837 116 28 medgifvit.

339 868 45 22 Der
401 870 9 20 i
427 871 67 27 något
508 870 192 29 vägbyggnadslag
711 870 153 22 kostsammare
875 878 18 14 o.
904 878 17 15 s.
931 878 20 15 v.

338 902 44 23 lika
396 905 50 21 med
460 905 162 27 propositionen
637 907 15 19 t.
669 912 18 14 o.
704 911 27 14 m.
747 911 62 15 mom.
824 906 20 20 2.

406 938 47 22 Der
475 939 134 28 vattendrag,
632 939 116 25 hvaröfver
766 938 67 28 färja
855 939 93 21 inrättas

340 972 37 21 och
392 972 142 22 underhållas
550 973 44 26 bör,
610 973 100 28 åtskiljer
721 972 59 22 olika
790 973 160 28 vägbyggnads-

340 1006 42 28 lag,
406 1008 35 20 må
464 1008 61 21 dessa
548 1008 35 28 sig
606 1008 92 21 emellan
721 1006 180 28 öfverenskomma
917 1014 32 14 om

339 1043 64 19 sättet
426 1042 38 21 och
481 1042 147 21 kostnaderna
639 1041 42 28 för
691 1041 156 28 fullgörandet
862 1040 29 28 af
899 1041 53 27 fär-

336 1075 160 30 Jjehållningen.

408 1109 68 29 (Sista
488 1110 73 28 mom.)
591 1110 150 28 Likalydande
764 1110 49 20 med
834 1116 62 14 mom.
916 1108 35 21 3i

339 1144 169 27 propositionen,
530 1146 61 20 utom
613 1146 33 19 att
668 1144 62 22 ordet
748 1143 201 28 »öfverenskomma«

339 1176 85 28 utbytes
439 1180 45 20 mot
501 1178 148 22 »bestämmas«.

623 1241 16 27 $
653 1242 19 20 4.

407 1275 11 20 I
432 1275 95 27 enlighet
548 1276 50 20 med
620 1274 170 28 propositionen,
810 1275 48 20 med
872 1274 81 21 undan-

340 1310 37 26 tag
392 1309 25 21 af
430 1310 36 21 det
481 1309 7 21 i
501 1310 20 25 I,
540 1310 13 20 3
571 1309 40 22 och
628 1311 6 19 5
649 1316 64 15 mom.
735 1308 174 22 förekommande
925 1314 31 15 or-

342 1343 36 21 det
403 1343 226 28 »tullmjölqvarnar«,
645 1350 46 14 som
708 1342 86 28 utbytes
810 1344 55 19 emot
883 1342 76 27 »mjöl-

341 1384 119 21 qvarnar«.

624 1440 15 27 $
654 1440 21 21 5.

364 1506 2 3 .
410 1479 137 22 Oförändrad
569 1480 50 21 med
643 1485 83 16 samma
748 1478 92 28 ändring
861 1477 24 22 af
898 1479 60 21 ordet

346 1513 223 28 »tullmjölgvarnar<.

572 1578 31 27 $$
617 1579 14 20 6
647 1578 38 21 och
702 1579 22 19 7.

572 1611 160 22 Oförändrade.

656 1676 21 20 8.

412 1701 21 27 Å
456 1707 56 22 båda
534 1708 61 21 sidor
617 1675 33 54 1
673 1708 109 26 landsväg
800 1706 67 25 skola,
883 1706 37 20 der
934 1706 25 20 sä

339 1740 103 28 fordras,
466 1742 63 22 diken
551 1742 93 28 gräfvas
667 1742 39 22 och
729 1742 49 20 med
795 1740 76 28 nödigt
885 1740 73 28 aflopp

342 1774 77 27 förses.
450 1776 95 26 Buskar,
563 1783 46 14 som
623 1776 45 21 icke
683 1776 37 22 till
730 1774 108 29 prydnad
852 1780 19 15 0.
887 1780 16 15 s.
918 1781 18 15 v.
952 1774 8 21 i

343 1809 96 28 enlighet
454 1811 50 21 med
518 1810 169 28 propositionen.

253 1850 143 19 Sammansatta
407 1851 50 23 Lag-
470 1852 32 18 och
513 1851 187 19 Ekonomiutskottets
713 1848 114 20 betänkande
838 1848 36 19 N:o
885 1849 17 17 5.
