1031 1620
191 103 14 21 4
354 103 81 23 Ständ.
452 103 38 24 Sv.
506 116 26 4 —
548 104 72 28 Prop.
635 104 41 22 N:o
691 103 35 23 16.

231 166 14 27 8
260 165 14 22 5
289 167 116 21 motsvarar
420 167 14 26 &
449 168 14 21 5
477 167 8 22 i
500 167 120 22 förberörda
634 167 78 28 förslag
727 167 48 22 med
790 167 74 22 endast
878 167 42 22 den

163 199 160 30 omredigering,
339 208 45 14 som
400 201 181 29 följdriktigheten
596 201 100 29 påkallat.

231 235 14 26 $
261 235 12 21 6
289 237 117 20 motsvarar
422 237 13 25 8
452 237 12 21 6
480 236 5 21 i
502 244 80 14 samma
604 235 77 29 förslag
701 235 67 29 jemte
790 236 41 21 den
849 236 34 21 del
898 235 28 22 af

163 269 13 26 8
193 269 18 25 1,
227 276 45 14 som
288 269 63 28 angår
366 269 88 30 forsling
469 270 23 22 af
504 271 147 28 maltdrycker.
681 270 68 22 Deti
763 270 156 29 propositionen

162 302 104 29 ingäende
288 303 98 23 förbudet
400 306 32 20 att
446 304 72 23 förena
534 305 144 28 ölförsäljning
693 305 49 21 med
757 313 70 13 annan
842 305 78 21 handel

162 337 27 29 pä
204 337 72 22 landet
291 338 64 22 hafva
377 338 119 23 Ständerna
511 339 102 26 uteslutit,
635 339 89 22 emedan
740 339 119 22 Ständerna
873 338 47 22 fun-

163 371 32 22 nit
209 372 36 22 det
259 372 82 29 obilligt
363 375 31 20 att
416 375 98 26 utstänga
528 374 179 22 landthandlande
721 373 46 22 frän
782 373 137 29 möjligheten

163 407 31 20 att
216 405 65 22 vinna
303 406 41 22 slik
366 407 107 29 rättighet,
489 408 26 22 dä
530 408 155 22 vederbörande
707 407 213 22 kommunalstämma

163 439 70 23 blifvit
255 440 114 23 tillerkänd
392 444 42 20 rätt
456 444 30 20 att
501 442 116 22 bestämma
631 442 99 22 häröfver
745 442 39 21 och
799 442 66 22 måste
880 441 42 22 för-

163 476 89 20 utsättas
274 475 73 22 kunna
369 476 74 28 pröfva
460 476 24 22 de
499 476 111 29 garantier,
627 476 18 29 ej
662 476 83 22 mindre
760 476 159 22 landthandlan-

163 508 36 22 des
222 513 27 17 än
272 509 65 22 andra
359 518 109 21 personers
483 511 99 22 karakter
596 511 105 29 erbjuder.
730 511 49 21 Den
795 510 127 28 omständig-

163 543 42 26 het,
221 545 32 20 att
268 551 27 14 en
310 544 178 23 landthandlande
503 546 47 21 icke
565 545 33 22 för
612 545 33 22 sin
661 545 94 22 utkomst
769 549 23 17 är
808 543 122 23 inskränkt”

163 577 33 23 till
219 578 74 23 endast
313 579 151 30 ölförsäljning,
479 589 62 20 synes
557 580 86 29 erbjuda
659 589 26 13 en
701 580 121 29 ytterligare
837 579 83 29 garanti

163 614 45 21 mot
222 613 106 22 missbruk
343 614 24 21 af
379 613 267 30 försäljningsrättigheten.

233 648 14 26 8
263 648 12 21 7
291 649 117 21 motsvarar
430 657 79 14 samma
529 651 13 25 8
562 649 5 22 i
584 649 121 22 förberörda
727 649 82 28 förslag.
840 647 33 22 Af
893 647 27 22 de

163 680 148 29 inrättningar,
327 682 8 21 i
349 683 84 22 hvilkas
448 684 75 21 närhet
538 683 143 29 ölförsäljning
692 682 19 29 ej
723 683 34 22 mä
767 687 79 24 öppnas
856 681 64 23 hafva

164 715 119 22 Ständerna
299 717 98 22 uteslutit
415 718 167 26 »landthandel»,
597 718 8 21 i
620 718 115 28 anledning
749 717 24 22 af
780 717 40 22 den
831 716 90 28 ändring

164 757 44 14 som
231 750 100 29 vidtagits
350 752 3 21 i
369 753 14 26 &
398 753 20 25 6,
434 755 54 20 samt
504 755 77 20 större
596 753 75 26 fabrik,
687 752 62 26 bruk,
764 751 89 29 sågverk
869 751 52 22 eller

163 785 61 27 plats,
248 785 37 22 der
307 788 66 20 större
396 787 88 22 allmänt
505 788 70 21 arbete
597 787 128 25 bedrifves>,
741 791 50 17 enär
806 786 35 21 det
857 793 62 21 synes

164 818 125 28 Ständerna,
313 828 44 14 som
380 828 33 14 om
434 822 36 21 det
482 821 44 29 just
541 830 49 14 vore
604 821 8 22 i
627 822 103 21 närheten
745 820 23 22 af
781 820 72 28 dylika
869 820 51 28 plat-

164 860 39 18 ser,
220 853 37 22 der
273 862 26 14 en
315 855 77 29 mängd
414 856 94 22 arbetare
526 857 67 21 finnas
608 856 99 25 samlade,
724 863 44 13 som
784 862 26 14 en
825 854 94 28 reglerad

163 886 125 30 försäljning
303 888 24 22 af
338 890 144 28 maltdryeker
503 890 42 22 kan
565 898 50 14 vara
629 890 24 22 af
665 889 206 28 omständigheterna
886 888 34 28 pä-

163 921 78 26 kallad,
257 922 45 22 dels
317 924 90 21 emedan
430 924 121 22 arbetarene
566 924 110 28 verkligen
691 924 73 21 kunna
779 922 63 22 hafva
857 922 67 22 behof

163 955 24 22 af
200 956 20 22 öl
235 956 33 22 till
283 956 46 22 sina
343 957 105 27 måltider,
465 958 43 22 dels
523 958 32 22 för
570 961 30 19 att
614 958 115 28 förebygga
744 957 139 29 uppkomsten
899 956 25 22 af

163 990 118 29 lönkrogar.
313 992 109 22 Tillätelse
445 992 33 22 till
500 992 102 23 afvikelse
620 992 47 22 frän
681 992 27 22 de
723 992 106 28 päbjudna
845 990 75 22 afstän-

164 1024 40 21 den
219 1024 65 22 hafva
299 1025 119 23 Ständerna
434 1029 69 20 ansett
517 1028 49 21 böra
580 1027 107 21 meddelas
703 1026 24 22 af
734 1025 186 22 kommunalstäm-

163 1066 41 18 ma,
221 1059 88 22 hvilken
324 1060 47 22 bäst
385 1065 23 17 är
423 1061 7 21 i
446 1061 82 22 tillfälle
543 1064 31 20 att
588 1061 89 22 bedöma
692 1060 27 22 de
734 1059 185 29 omständigheter,

163 1100 45 14 som
224 1098 35 17 äro
274 1094 28 28 pä
316 1094 65 22 saken
397 1096 113 22 verkande.

233 1128 13 26 8
263 1129 12 21 8
297 1131 116 20 motsvarar
432 1131 14 26 &
462 1131 14 21 9
490 1130 8 22 i
513 1130 89 29 änsagde
624 1130 84 28 förslag.
740 1128 72 23 Orden
837 1128 19 20 vi
879 1132 41 17 sär-

163 1160 66 24 skildt
250 1162 196 30 försäljningsrum»
471 1164 62 22 hafva
548 1164 71 22 blifvit
633 1164 109 22 uteslutna
757 1162 48 22 med
821 1162 100 21 afseende

163 1194 12 22 &
191 1196 40 21 den
246 1197 107 28 rättighet,
370 1198 121 28 bryggerier
505 1198 121 29 medgifvits
640 1201 32 19 att
686 1197 53 28 sälja
754 1197 82 22 mindre
848 1201 26 16 än
885 1196 36 21 hel

163 1229 52 29 korg
230 1231 52 21 eller
296 1231 43 22 fem
355 1232 83 22 kannor
452 1233 33 22 till
499 1233 139 28 afhemtning.

233 1265 13 27 8
263 1266 13 21 9
295 1268 116 20 motsvarar
426 1268 14 26 8
456 1268 26 21 11
498 1267 8 21 i
520 1267 99 29 förslaget
640 1267 33 23 till
696 1265 123 29 förordning
834 1272 33 14 om
883 1263 38 23 vil-

163 1298 66 22 koren
244 1299 34 22 för
292 1300 125 30 försäljning
436 1302 33 22 till
484 1302 132 28 afhemtning
631 1303 54 21 samt
701 1302 30 26 $$
747 1301 10 21 1
774 1300 38 21 och
829 1300 12 20 2
857 1299 8 21 i
881 1298 38 22 för-

163 1332 66 28 slaget
244 1334 35 22 till
293 1334 123 30 förordning
430 1344 35 14 om
481 1336 94 22 vilkoren
590 1336 32 22 för
637 1335 125 29 försäljning
777 1334 32 22 till
819 1332 102 28 förtäring

162 1366 27 29 på
203 1368 78 22 stället.

233 1403 13 25 8
264 1403 27 21 10
313 1406 117 20 motsvarar
452 1406 14 26 &
485 1406 13 20 3
514 1404 7 22 i
536 1405 129 22 sistnämnda
686 1404 85 27 förslag.
802 1401 119 23 Ständerna

162 1435 65 23 hafva
249 1438 141 28 omredigerat
412 1438 73 29 början
507 1439 23 21 af
543 1447 62 14 mom.
623 1441 17 25 1,
655 1439 67 29 jemte
737 1438 35 21 det
787 1444 25 14 ur
827 1443 63 14 mom.
908 1435 14 21 2
