1039 1623
329 137 23 22 U.
369 137 22 22 B.
407 148 30 5 —
453 136 61 29 Prop.
532 136 36 23 N:o
585 137 23 22 II.
809 136 12 21 3

89 195 122 21 nuvarande
234 194 96 27 grunden
350 194 84 21 komme
450 195 32 20 att
497 195 95 26 antagas,
608 193 69 22 blefve
693 193 88 22 ärendet
795 193 56 22 äter-
877 192 2 6 '

88 229 77 21 försatt
179 228 8 21 i
202 228 36 21 det
254 228 65 27 skick,
342 235 45 14 som
403 234 37 15 var
454 228 95 21 rädande
564 227 46 22 före
625 229 25 20 är
666 229 62 26 1874,
744 227 39 22 och
798 227 53 22 säle-

90 263 37 21 des
149 263 128 21 varuvärdet
296 261 106 28 sjelffallet
417 262 127 21 äterinfördt
558 263 72 20 såsom
645 262 69 27 grund
727 262 33 21 för
774 261 77 27 tolags-
861 281 13 12 .

89 296 98 28 afgiftens
209 297 141 21 beräknande.
382 296 93 21 Likvisst
499 296 63 22 hafva
581 297 117 21 utskottets
714 296 137 21 medlemmar

90 331 55 22 varit
161 337 49 15 ense
226 331 78 26 derom,
314 333 37 24 att,
360 331 49 21 med
424 331 48 21 stöd
489 330 23 22 af
525 331 42 21 den
577 330 121 22 erfarenhet
708 337 45 15 som
763 336 88 15 numera

90 365 91 26 vunnits,
198 365 65 27 sagde
287 365 69 27 grund
370 365 70 21 kunde
456 365 130 22 bestämmas
601 365 33 21 för
649 371 26 16 en
690 365 73 27 längre
778 365 31 21 tid
825 366 26 19 än

90 399 34 21 till
139 401 61 20 nästa
215 399 109 27 landtdag,
340 399 86 22 hvilken
440 399 60 22 Hans
516 399 101 27 Majestät
632 399 103 27 Kejsaren
744 399 39 22 och
793 399 59 21 Stor-

90 433 82 22 fursten
191 433 91 22 utlofvat
298 435 32 19 att
344 433 153 22 sammankalla
513 440 35 15 om
563 435 34 20 tre
611 435 31 25 är,
658 433 98 22 hvarföre
771 433 80 21 utskot-

92 469 32 20 tet
146 474 29 15 nu
196 467 90 22 föreslår
309 474 26 15 en
358 467 177 28 tidsbestämning
554 467 22 22 af
591 468 30 21 tio
637 469 31 26 är,
684 468 53 21 eller
751 467 54 22 intill
820 469 32 19 ut-

91 503 85 26 gängen
191 501 23 22 af
227 503 24 20 är
268 503 59 20 1892.

161 537 10 21 I
191 536 113 27 anledning
319 536 22 21 af
354 536 56 21 hvad
427 536 105 22 utskottet
546 536 91 22 sålunda
651 536 46 22 haft
712 539 52 19 äran
779 535 73 22 anföra

92 570 32 23 får
139 571 106 21 utskottet
259 570 108 21 vördsamt
382 570 78 21 föreslå

265 624 32 19 att
320 622 84 21 landets
427 621 123 28 höglofliga
566 622 91 22 ständer
671 623 56 24 ville,
744 622 47 21 med
800 621 52 28 för-

231 656 88 27 klaring
342 659 33 18 att
397 656 41 21 den
454 656 90 27 Nådiga
556 657 167 27 propositionen
738 657 45 20 icke
799 656 52 21 kun-

224 693 46 18 nat
292 690 138 27 oförändrad
452 693 101 25 antagas,
574 691 7 20 i
596 691 174 28 underdånighet
778 691 74 27 fram-

232 724 80 22 hålla
299 720 17 37 :'

266 762 33 18 att
320 760 119 20 ständerna
461 759 119 28 godkänna
597 760 160 21 bibehällandet
772 759 29 27 af
812 760 41 20 den

232 800 29 15 nu
284 794 103 27 gällande
409 794 101 28 grunden
527 794 42 27 för
585 794 180 29 tolagsafgiftens
781 794 73 21 beräk-

233 829 77 26 nande,
334 829 47 20 med
394 829 116 26 förbehåll
524 832 34 18 att
572 829 127 21 densamma
715 829 78 27 blifver
806 829 48 27 gäl-

232 863 64 20 lande
311 863 77 21 endast
403 864 35 20 till
453 864 110 27 utgången
578 863 31 27 af
620 864 27 20 år
663 865 64 26 1892,
737 865 53 25 före
800 863 55 21 hvil-

231 897 40 20 ken
294 897 32 20 tid
347 897 120 21 ständerna
491 897 91 22 anhålla
605 900 34 19 att
654 897 102 29 förnyad
778 897 76 28 Nådig

228 932 137 26 proposition
381 932 8 20 i
404 932 90 21 ärendet
510 933 35 20 må
560 932 70 21 varda
646 933 47 20 dem
702 931 113 28 förelagd.

162 993 169 22 Vidkommande
354 994 26 21 de
403 994 7 21 i
433 994 42 22 den
498 994 83 27 Nådiga
603 995 160 28 propositionen
778 994 77 22 omför-

93 1027 71 21 mälda
178 1027 131 22 föreskrifter
330 1027 22 22 af
365 1028 155 22 administrativ
535 1029 147 22 beskaffenhet
696 1029 39 22 har
750 1029 105 22 utskottet

94 1061 18 27 ej
128 1061 70 22 funnit
213 1061 47 22 skäl
274 1061 33 22 till
322 1063 71 26 någon
408 1063 146 27 anmärkning.

162 1095 38 22 Uti
222 1096 115 22 utskottets
359 1097 131 28 behandling
513 1097 22 22 af
557 1098 89 21 ärendet
669 1098 62 22 hafva
756 1097 99 28 deltagit:

93 1128 85 28 Munck,
197 1129 23 22 C.
231 1130 31 27 F.,
281 1129 133 29 ordförande,
425 1133 56 20 samt
496 1132 147 22 ledamöterne
652 1131 165 27 Nordenskiöld,
828 1131 26 22 N.

94 1163 32 27 0.,
137 1163 130 28 Furuhjelm,
278 1165 24 21 E.
312 1165 33 26 H.,
357 1165 87 27 Schildt,
456 1166 33 21 W.
502 1167 32 26 O.,
546 1167 103 26 Granfelt,
661 1167 24 22 A.
697 1167 31 26 E.,
739 1166 116 27 Dahlberg,

94 1197 32 28 G.,
141 1197 133 28 Nordström,
292 1199 24 21 O.
333 1199 36 27 M.,
385 1200 67 27 Böök,
469 1200 24 22 G.
512 1201 32 26 R.,
560 1201 119 27 Molander,
695 1201 32 27 E.,
743 1200 112 27 Andersin,

93 1231 24 22 E.
135 1231 31 27 F.,
182 1232 138 25 Hasselblatt,
336 1233 24 22 R.
376 1234 34 27 A.,
426 1234 122 27 Lindholm,
564 1235 35 27 K.,
615 1235 143 27 Hannuksela,
774 1234 27 27 J.,
817 1235 40 21 La-

93 1266 101 27 gerstedt,
210 1267 24 21 F.
250 1267 40 27 W.,
306 1267 90 28 Brusila,
412 1269 18 21 J.
448 1269 41 22 och
504 1269 109 27 Duncker,
628 1270 25 21 E.

163 1311 139 28 Helsingfors,
320 1313 40 21 den
376 1314 13 21 9
405 1313 107 23 Februari
528 1315 61 22 1882.

162 1498 191 20 Ekonomiutskottets
366 1501 117 18 betänkande
496 1502 36 18 N:o
545 1503 16 17 1.
