1020 1617
236 102 14 20 2
410 102 83 23 Ständ.
507 102 38 23 Sv.
560 115 28 4 —
603 103 71 27 Prop.
689 102 42 22 N:o
744 102 21 21 2.

207 163 122 22 Ständerna
344 164 56 22 dock
413 164 77 23 härvid
504 167 73 19 ansett
591 166 32 26 sig
632 165 54 21 böra
695 166 54 26 göra
759 165 36 21 det
806 164 111 26 förbehäll,
925 166 33 18 att

206 198 37 20 det
253 198 49 20 frän
317 198 129 22 statsverket
461 200 109 26 utgäende
584 200 100 27 bidraget
694 199 33 21 till
737 199 174 22 vaccinationens
921 198 36 22 be-

204 232 107 22 kostande
320 232 83 27 blifver,
411 233 34 21 för
454 233 115 22 lindrande
576 234 24 21 af
608 234 167 21 kommunernas
785 234 123 25 kostnader,
916 233 40 21 för-

204 266 63 28 höjdt
276 266 34 21 till
324 268 78 21 sådant
417 267 86 29 belopp,
519 270 32 20 att
561 268 75 28 hvarje
646 269 109 25 kommun,
767 268 38 21 der
815 268 141 27 vaccindepot

204 300 20 28 ej
240 300 70 22 finnes
324 302 103 26 inrättad,
439 302 92 22 erhåller
546 304 31 20 ett
597 303 64 27 årligt
678 302 140 27 statsbidrag,
834 302 121 21 beräknadt

203 335 60 21 inom
285 335 85 29 Kuopio
392 336 41 22 och
453 336 119 28 Uleåborgs
593 338 37 20 län
653 337 55 22 efter
727 337 106 27 tjugufem
852 336 40 22 och
906 336 8 21 i
929 337 26 21 de

204 368 70 28 öfriga
287 369 65 23 länen
368 370 54 22 efter
435 371 64 27 tjugu
513 371 62 21 mark
588 371 34 22 för
631 372 75 27 hvarje
716 370 96 22 tusental
821 378 103 20 personer
933 370 26 22 af

202 403 144 23 kommunens
360 405 133 28 folkmängd.

270 444 140 23 Beträffande
440 445 166 28 förordningens
632 445 231 28 detaljbestämningar
890 445 65 22 hafva

202 477 123 23 Ständerna
344 479 81 28 jemväl
447 479 72 22 funnit
541 480 117 27 anledning
679 480 135 21 förekomma
835 480 34 21 till
887 481 68 26 några

202 513 124 27 ändringar,
341 513 35 22 för
390 513 73 23 hvilka
479 513 121 22 Ständerna
614 521 30 14 nu
658 515 29 27 gå
701 516 33 19 att
749 515 111 26 redogöra.

269 553 11 21 I
299 554 12 26 8
326 554 14 19 2
354 553 66 22 hafva
434 555 67 20 orden
517 554 39 26 ,,af
568 554 242 27 Medicinal-styrelsen”
826 553 70 22 blifvit
911 553 42 22 till-

199 586 67 28 lagda
286 586 34 22 för
342 589 33 20 att
397 589 88 27 antyda,
507 588 25 21 af
551 589 87 22 hvilken
660 589 126 27 myndighet
805 589 99 21 tillstånd
918 587 34 22 till

199 623 81 20 tvänne
295 622 138 22 kommuners
447 623 120 21 förenande
581 630 35 15 om
630 629 125 22 gemensam
769 623 124 22 vaccinatör
914 622 39 21 bör

199 655 118 27 meddelas,
340 658 54 20 enär
413 658 72 21 denna
499 657 131 28 upplysning
645 658 63 27 eljest
722 658 68 21 måste
806 657 63 22 sökas
884 657 7 21 i
906 663 46 20 reg-

199 689 111 28 lementet,
326 691 150 22 hvarförutom
491 691 122 22 Ständerna
626 692 68 21 infört
705 694 31 19 ett
746 692 83 27 tillägg,
839 693 33 20 att
882 691 69 22 helso-

198 724 147 23 vårdsnämnd
359 725 8 21 i
382 727 49 20 stad
445 726 41 21 och
495 726 194 28 provincialläkare
699 727 30 27 på
738 726 75 21 landet
824 726 54 21 böra
887 725 64 22 höras

198 758 60 23 öfver
274 759 107 22 sökandes
396 760 127 28 lämplighet
537 761 34 21 till
580 760 302 27 vaccinatörs-befattningen.

265 799 11 20 I
298 800 12 27 &
332 801 14 20 3
361 800 66 22 hafva
441 801 123 21 Ständerna
577 801 67 21 infört
659 800 209 23 ofvanomförmälda
881 800 70 22 förbe-

196 833 46 21 håll
264 840 35 15 om
313 833 126 30 förhöjning
454 835 25 22 af
491 837 83 20 statens
588 835 76 28 bidrag
679 835 35 21 till
728 835 175 22 vaccinationens
917 835 34 21 be-

185 887 2 2 .
196 867 108 22 kostande
319 868 112 23 äfvensom
445 869 98 22 uteslutit
557 871 36 20 det
603 870 128 27 stadgande,
741 869 140 27 hvarigenom
890 869 60 21 kom-

195 909 108 15 munerna
316 903 94 22 lemnats
426 905 65 26 öppet
505 906 32 19 att
552 904 107 21 fastställa
670 910 28 15 en
708 903 42 22 viss
761 903 62 28 afgift
833 903 34 22 för
876 903 75 28 hvarje

195 937 51 21 med
268 936 114 29 framgång
404 938 74 21 utförd
501 938 142 27 vaccinering,
659 939 54 20 enär
728 939 37 20 det
780 939 59 26 synts
854 937 96 28 följdrik-

195 971 49 27 tigt,
259 973 34 19 att
307 972 144 27 vaccination,
465 979 46 15 som
526 973 80 22 enhvar
620 973 86 27 tvingas
721 974 33 19 att
769 971 133 22 underkasta
912 972 38 27 sig,

194 1004 40 22 bör
248 1012 53 16 vara
315 1005 140 24 kostnadsfri.

264 1045 41 22 Till
324 1045 69 23 första
407 1047 116 27 meningen
537 1047 26 22 af
575 1047 11 28 $
601 1048 15 20 4
630 1047 67 22 hafva
712 1047 122 21 Ständerna
848 1048 54 20 trott
917 1046 32 27 sig

194 1079 54 22 böra
256 1081 54 26 göra
320 1083 32 18 ett
362 1081 82 28 tillägg,
453 1081 137 28 hvarigenom
600 1082 154 21 vaccinatören
764 1081 41 21 och
815 1081 134 21 kommunal-

193 1115 106 27 styrelsen
321 1115 84 22 lemnas
423 1115 86 22 tillfälle
523 1118 34 19 att
574 1116 118 27 godkänna
708 1116 82 21 sådana
804 1115 84 26 hinder,
903 1122 46 15 som

193 1148 99 28 skäligen
314 1156 64 15 anses
397 1149 54 22 böra
465 1150 113 22 föranleda
592 1150 174 28 uppskjutandet
781 1149 26 22 af
818 1150 131 22 vaccinatio-

192 1189 44 15 nen
250 1183 86 22 utöfver
351 1184 38 21 två
403 1184 36 21 års
449 1184 65 22 ålder.
543 1184 109 28 Derjemte
662 1183 67 23 hafva
739 1184 122 22 Ständerna
871 1185 78 20 ändrat

191 1217 69 23 orden
275 1218 71 26 ,,visat
361 1218 45 28 sig”
421 1218 34 21 till
469 1219 50 25 ,mä
535 1221 92 25 antagas
642 1218 74 27 vara”,
731 1218 92 22 emedan
838 1219 37 21 det
890 1220 59 20 ännu

191 1250 49 22 icke
262 1252 58 21 lärer
342 1259 53 15 vara
412 1254 79 24 utredt,
507 1253 106 22 huruvida
628 1254 74 26 någon
716 1259 79 21 person
811 1254 24 20 är
850 1252 97 22 fullstän-

191 1285 47 28 digt
254 1286 143 28 oemottaglig
411 1287 35 21 för
460 1288 81 21 vaccin.

260 1326 43 22 Till
317 1328 11 26 $
344 1328 13 19 5
372 1326 66 23 hafva
453 1327 120 22 Ständerna
587 1327 60 28 fogat
662 1328 33 20 ett
710 1327 81 27 tillägg,
807 1334 47 14 som
868 1327 81 21 tillåter

190 1360 126 22 vaccinatör
331 1363 33 19 att
379 1361 49 21 icke
443 1362 132 21 underkasta
589 1362 49 21 från
652 1362 164 26 granskningen
831 1361 118 23 uteblifven

190 1401 81 21 person
293 1395 94 28 förnyad
405 1396 110 28 ympning,
531 1397 29 21 då
575 1397 35 21 det
625 1403 80 21 genom
720 1396 113 27 befintliga
847 1398 37 20 ärr
898 1396 52 22 eller

189 1429 130 21 annorledes
341 1430 45 21 kan
408 1432 95 25 utredas,
524 1434 33 18 att
579 1432 42 20 den
642 1431 62 21 förra
719 1430 164 22 vaccinationen
902 1431 48 23 haft
