1034 1617
323 105 22 23 U.
363 105 22 23 B.
402 116 29 6 —
447 105 60 29 Prop.
525 106 37 22 N:o
579 106 29 22 I6.
806 105 13 21 9

90 163 52 27 sälja
158 162 60 22 äfven
233 162 81 22 mindre
329 165 27 19 än
372 162 35 22 hel
422 163 59 27 korg,
507 165 56 20 samt
582 162 117 29 dymedelst
715 162 60 22 äfven
801 161 47 22 dei

90 197 102 21 närheten
208 196 82 22 boende
305 197 137 27 möjligheten
458 199 31 19 att
511 198 33 21 för
566 197 71 27 daglig
660 196 134 22 konsumtion
818 202 32 15 er-

90 231 58 22 hålla
163 231 20 21 öl
199 231 32 21 till
247 231 96 27 billigare
358 231 49 28 pris.
438 231 113 22 Utskottet
565 232 39 21 har
620 231 104 27 nemligen
741 232 60 25 trott,
818 231 32 21 att

92 266 40 21 den
148 266 107 21 allmänna
270 266 116 26 ordningen
401 266 40 21 och
465 266 131 27 sedligheten
619 266 76 21 endast
716 265 71 21 kunde
808 264 41 22 för-

91 300 47 22 lora
152 306 76 21 genom
243 300 99 21 förbudet
357 302 32 19 att
404 299 47 22 från
466 300 122 28 bryggeriet
602 300 53 27 sälja
671 300 80 21 mindre
767 301 26 19 än
816 298 34 22 hel

91 335 63 27 korg,
185 336 52 20 enär
266 334 59 22 detta
353 334 85 22 komme
464 336 31 20 att
520 334 110 22 föranleda
656 333 195 28 lönförsäljningars

92 369 114 27 uppkomst
225 368 6 22 i
254 368 160 28 kringliggande
430 369 111 27 boningar,
565 369 108 21 äfvensom
696 371 31 19 att
749 368 50 22 flere
822 366 29 22 öl-

93 403 88 26 törstige
196 403 84 22 komme
295 405 31 19 att
342 403 32 22 slå
389 403 32 28 sig
435 403 129 22 tillsamman
580 410 34 15 om
634 410 26 15 en
682 403 54 27 korg
758 402 39 21 och
820 402 32 21 sä-

93 437 65 22 lunda
174 437 79 22 förtära
268 444 59 15 mera
342 440 26 19 än
385 438 60 27 eljest
460 438 55 21 hade
531 438 54 21 varit
600 438 64 21 fallet.

164 472 12 28 &
192 473 12 19 2
221 474 118 19 motsvarar
354 472 11 27 $
381 473 12 20 2
409 472 8 21 i
433 472 101 27 förslaget
549 472 32 21 till
598 472 122 27 förordning
737 477 33 16 om
785 471 66 21 vilko-

95 513 37 15 ren
147 506 33 22 för
194 507 122 26 försäljning
331 507 32 21 till
379 507 137 27 afhemtning.
548 507 110 21 Utskottet
673 507 38 20 har
731 505 44 22 deri
797 505 56 27 gjort

96 543 30 19 ett
141 541 79 27 tillägg,
237 543 32 19 att
283 541 241 27 bryggeriinnehafvare,
548 547 45 15 som
608 541 7 21 i
630 541 47 21 stad
696 541 35 21 vill
742 539 50 22 idka
802 539 51 21 han-

96 575 33 21 del
144 575 48 22 med
207 575 27 26 öl,
257 575 40 22 bör
315 575 84 22 anmäla
424 582 34 15 om
482 576 122 27 öppnandet
627 575 21 22 af
666 575 73 27 hvarje
754 573 100 22 särskildt

96 609 202 28 försäljningsställe,
314 610 135 27 hvarigenom
461 609 121 22 kontrollen
594 610 84 21 komme
693 611 32 20 att
740 608 33 22 för
787 607 68 22 stads-

97 643 174 28 myndigheterna
285 644 136 21 underlättas.

166 678 12 27 8
194 679 12 21 3
222 681 118 19 motsvarar
355 678 12 28 $
383 679 12 20 3
410 678 6 21 i
432 678 102 27 förslaget
549 678 32 21 till
596 677 123 27 förordning
735 683 33 15 om
791 676 66 21 vilko-

98 719 37 15 ren
150 712 33 21 för
197 712 123 27 försäljning
335 713 32 20 till
383 712 138 27 afhemtning.
542 712 110 21 Utskottet
667 712 39 21 har
720 711 69 22 funnit
805 710 51 21 det
844 706 15 38 i

98 736 159 42 propositionen
267 747 119 26 föreslagna
394 747 137 21 maskineriet
540 747 38 21 allt
585 746 33 22 för
625 746 125 26 inveckladt,
762 747 50 20 enär
820 751 36 20 gu-

98 783 110 24 vernören,
224 781 43 21 ifall
276 781 56 21 olika
340 781 125 21 utlåtanden
477 781 107 21 inkomma
594 780 46 22 från
648 779 207 24 kommunalnämnd,

99 815 218 26 kommunalstämma,
334 815 135 27 presterskap
487 815 39 22 och
534 815 167 26 kronobetjente,
718 814 61 21 torde
795 813 62 22 hafva

100 851 58 20 svårt
174 852 32 19 att
221 849 78 27 afgöra,
322 849 85 21 hvilken
423 849 86 26 mening
532 849 41 22 han
596 849 39 21 bör
657 849 54 27 gifva
735 848 116 21 företrädet

100 885 33 20 Då
149 884 35 21 det
193 884 101 27 derjemte
309 890 62 21 synes
386 890 51 15 vara
452 884 118 27 tillbörligt,
588 886 31 19 att
629 883 230 22 bestämmanderätten

103 919 5 20 i
124 918 59 27 fråga
206 925 34 14 om
257 918 153 27 ölförsäljnings
425 918 123 22 inrättande
570 919 6 20 i
599 919 100 20 kommun
722 917 137 22 tillerkännes

102 953 219 26 kommunalstämma,
342 952 39 21 har
396 953 107 21 utskottet
526 953 141 26 omredigerat
683 952 10 27 &
709 951 95 26 sålunda,
829 951 31 20 att

102 987 50 21 slikt
167 987 77 21 ärende
259 987 74 21 endast
348 993 75 20 genom
440 986 77 22 besvär
532 987 68 21 skulle
615 987 71 20 kunna
701 986 7 21 i
723 985 70 26 vanlig
813 984 48 21 ord-

867 469 12 28 8
896 470 20 21 2.

872 676 50 28 83.

102 1021 49 27 ning
167 1021 76 26 dragas
273 1021 66 21 under
359 1021 165 26 länestyrelsens
540 1021 97 27 pröfning
652 1021 39 21 och
714 1019 92 22 derifrän
829 1017 32 22 till
877 1039 2 2 .

103 1055 65 27 högre
184 1055 87 21 instans.

172 1089 11 27 8
206 1091 13 19 4
243 1091 117 20 motsvarar
383 1089 10 28 $
412 1090 14 20 4
449 1089 6 21 i
479 1090 141 21 nästnämndä
641 1087 218 28 förordningsförslag.

103 1124 56 21 Från
174 1123 126 27 föregående
315 1123 30 28 &s
367 1123 52 22 sista
434 1130 63 15 mom.
524 1125 38 20 har
582 1124 105 21 utskottet
709 1123 32 21 hit
763 1121 100 22 öfverfört

104 1158 159 27 bestämningen
287 1164 33 15 om
345 1157 189 28 försäljningsäret,
566 1158 80 21 hvilket
668 1158 105 21 utskottet
794 1157 70 20 ansett

105 1192 52 21 böra
179 1192 146 21 sammanfalla
348 1192 47 20 med
419 1192 156 26 kalenderåret,
599 1194 51 19 enär
672 1191 137 27 utskylderna
831 1189 33 21 till

103 1226 128 21 kommunen
247 1229 83 19 taxeras
341 1226 53 21 efter
407 1226 157 26 kalenderåret,
581 1226 35 22 vid
633 1226 80 21 hvilket
732 1224 132 22 förhållande

104 1260 105 22 utskottet
222 1263 69 18 ansett
307 1260 39 21 den
363 1261 166 27 omständighet,
553 1263 31 19 att
600 1258 265 29 tjenstehjonsflyttningen

104 1295 49 21 sker
169 1295 39 21 den
226 1296 9 20 1
253 1294 125 27 November,
395 1301 52 15 vara
463 1296 23 20 af
499 1296 81 20 mindre
596 1295 48 27 vigt.

172 1329 186 26 Omredigeringen
383 1329 23 21 af
430 1330 18 20 3.
467 1336 63 15 mom.
557 1329 55 22 afser
635 1330 74 20 endast
733 1330 31 20 ett
786 1326 80 28 förtyd-

105 1363 83 27 ligande
204 1363 22 22 af
240 1364 35 20 det
289 1370 42 20 nog
346 1363 125 22 obestämda
487 1364 161 27 uttryckssättet
663 1364 5 20 i
686 1362 164 28 propositionen.

173 1398 13 27 &
202 1399 12 20 5
231 1400 118 19 motsvarar
364 1398 11 26 &
391 1398 12 20 5
420 1398 5 20 i
441 1397 126 22 förberörde
582 1398 78 26 förslag
675 1398 48 20 med
740 1396 75 22 endast
826 1396 40 20 den

106 1432 160 26 omredigering,
283 1438 44 15 som
343 1432 183 27 följdriktigheten
542 1432 99 27 päkallat.

175 1471 190 17 Ekonomiutskottets
379 1471 119 18 betänkande
512 1472 35 17 N:o
561 1472 16 17 3.

877 1084 13 28 8
907 1086 19 19 4.

882 1394 12 28 8
906 1394 25 28 5.
