1036 1620
409 129 52 22 N:o
477 128 45 23 11.

364 372 67 24 Hans
448 372 153 29 Kejserliga
615 372 138 29 Majestäts
763 371 78 30 nädiga

299 407 128 29 proposition
446 407 32 22 till
499 406 100 24 Finlands
619 407 93 28 Ständer,
731 406 109 29 angäende

298 441 93 28 grunden
407 440 33 23 för
455 441 175 29 tolagsafgiftens
646 441 139 23 beräknande.

163 505 47 22 Den
226 505 68 27 afgift,
310 511 51 20 som,
382 505 68 20 under
469 504 130 27 benämning
617 505 23 20 af
653 503 139 28 tolagsafgift,
808 509 33 15 re-

97 540 41 21 dan
154 539 7 22 i
176 539 60 22 äldre
251 539 57 21 tider
323 539 55 21 varit
397 539 104 20 Finlands
520 539 144 26 stapelstäder
678 538 116 21 tillerkänd
809 537 33 21 för

95 574 44 21 alla
154 574 81 21 sädana
250 579 69 22 varor,
334 573 72 21 hvilka
422 573 6 21 i
444 573 64 21 dessa
518 573 74 22 städer
602 573 95 27 undergä
707 572 134 22 tullbehand-

95 608 52 27 ling,
163 608 39 21 har
217 608 56 21 intill
290 609 24 20 är
336 608 52 20 1874
407 608 72 25 utgätt
494 607 49 22 med
558 607 50 27 viss,
624 607 23 21 af
660 607 134 27 Regeringen
809 605 34 22 för

93 642 74 27 hvarje
189 642 49 21 stad
260 641 103 22 särskildt
381 641 99 22 bestämd
501 644 89 24 procent
605 641 23 21 af
640 642 77 21 värdet
732 642 12 20 å
760 641 25 20 de
801 640 42 21 slik

93 676 139 27 beskattning
251 676 158 21 underkastade
428 682 98 15 varorna.
557 675 71 22 Sedan
648 677 24 19 är
689 677 53 19 1874
756 675 40 20 har
811 676 31 19 to-

94 711 146 27 lagsafgiften,
262 711 49 20 med
334 710 131 21 Ständernas
487 710 61 21 bifall
564 710 39 21 och
619 710 116 27 samtycke,
751 709 92 26 utgjorts

94 745 56 21 efter
171 745 117 21 förändrad
306 745 68 26 grund
395 745 52 20 eller
463 745 49 20 med
526 745 44 20 viss
585 747 89 24 procent
689 744 22 21 af
725 744 26 21 de
767 743 76 22 tullbe-

93 779 108 21 handlade
223 785 103 15 varornas
348 779 93 20 tullsats.
471 779 76 21 Denna
568 785 43 20 nya
633 779 68 26 grund
717 778 32 21 för
764 777 79 26 tolags-

95 813 102 27 afgiftens
213 814 119 26 utgörande
346 813 45 21 blef
409 813 31 21 uti
455 813 85 27 Nädiga
555 813 152 27 förordningen
723 812 23 22 af
760 812 40 21 den
818 812 24 20 17

96 848 120 21 November
240 849 54 20 1873
316 847 100 21 faststäld
435 850 33 18 att
486 848 48 20 frän
557 848 24 20 är
599 848 53 20 1874
668 847 57 27 gälla
739 846 56 22 intill
811 847 32 19 ut-

96 883 84 25 gängen
196 882 22 21 af
232 883 24 20 är
274 883 60 25 1877,
349 882 39 21 och
408 888 77 20 genom
500 882 152 26 förordningen
668 882 22 20 af
704 882 41 20 den
760 882 25 20 31
802 880 41 21 De-

95 916 85 21 cember
204 917 52 20 1877
280 918 30 25 är,
334 916 6 21 i
360 916 222 22 öfverensstämmelse
597 916 49 21 med
662 916 130 21 Ständernas
807 914 37 21 vid

99 951 138 20 1877—1878
253 951 63 20 ärens
332 950 109 27 landtdag,
458 950 6 21 i
481 950 115 27 anledning
611 950 23 21 af
648 950 27 21 dä
690 950 78 21 afläten
779 948 65 27 nädig

96 984 132 27 proposition
248 984 7 21 i
275 986 77 25 ämnet,
374 984 82 21 fattade
475 984 78 28 beslut,
569 985 101 26 stadgadt
686 986 31 19 att
733 983 112 22 enahanda

97 1018 69 27 grund
181 1018 33 21 för
232 1018 67 27 sagda
318 1018 73 27 afgifts
410 1018 138 22 beräknande
564 1018 131 22 fortfarande
711 1018 55 21 skall
782 1017 63 27 följas

96 1052 56 22 intill
168 1054 108 25 utgängen
295 1052 23 22 af
335 1054 23 19 är
375 1054 60 20 1882.
466 1053 42 20 Vid
523 1053 134 21 sistnämnda
672 1052 103 26 landtdag
790 1051 55 21 hade

98 1086 127 28 Ständerna,
245 1087 6 21 i
272 1087 153 26 sammanhang
443 1087 49 21 med
510 1087 157 27 behandlingen
684 1087 23 21 af
719 1087 77 25 frägan
812 1091 33 15 om

97 1121 76 26 sjelfva
188 1121 97 26 grunden
300 1121 33 20 för
347 1121 173 26 tolagsafgiftens
532 1122 126 26 utgörande,
669 1121 61 21 äfven
741 1119 106 27 tillstyrkt

97 1155 108 21 särskilda
227 1155 34 21 till
284 1155 69 21 denna
375 1155 61 26 fråga
458 1155 96 21 hörande
569 1155 135 21 föreskrifter
719 1155 24 20 af
756 1153 89 22 admini-

97 1189 77 21 strativ
195 1189 154 27 beskaffenhet,
371 1189 73 21 hvilka
467 1189 56 21 varit
545 1189 121 22 Ständerna
688 1190 6 20 i
717 1188 101 22 afseende
834 1189 13 19 å

95 1223 101 27 yttrande
211 1223 117 27 förelagda.
357 1223 69 21 Dessa
445 1223 24 21 af
481 1223 121 21 Ständerna
612 1223 113 21 förordade
736 1221 111 23 föreskrif-

95 1259 42 25 ter,
153 1257 123 21 sedermera
294 1257 88 27 intagna
401 1257 32 21 uti
449 1258 42 20 den
505 1258 65 26 jemte
587 1258 119 26 åberopade
722 1256 126 26 förordning

95 1291 24 21 af
133 1292 41 20 den
189 1292 26 20 31
231 1291 118 21 December
368 1292 53 20 1877
441 1292 115 21 utfärdade
570 1292 143 26 kungörelsen
729 1291 24 21 af
766 1296 81 15 samma

97 1326 50 26 dag,
163 1328 38 19 äro
216 1326 104 26 följande:

169 1362 32 19 att
222 1360 173 27 tolagsafgiftens
421 1360 60 21 förra
504 1360 170 27 maximibelopp,
696 1358 151 22 motsvarande

97 1394 49 26 fyra
161 1397 89 24 procent
264 1394 24 22 af
300 1394 114 22 tullsatsen
430 1395 13 20 å
459 1394 42 22 den
517 1394 209 27 tolagsbeskattning
741 1392 106 22 underka-

97 1428 63 21 stade
175 1434 73 21 varan,
264 1428 69 22 skulle
348 1428 134 26 bibehållas;
