1034 1617
272 98 83 23 Ständ.
370 98 38 23 Sv.
424 110 26 4 —
466 97 73 28 Prop.
554 98 41 22 N:o
610 97 36 22 10.
785 96 28 21 15

292 167 42 21 gon
351 160 72 25 neder,
434 159 132 28 förderfvar
582 160 52 20 eller
648 158 84 22 skadar
742 165 31 15 nu
787 157 56 29 ifrä-

292 194 127 28 gavarande
434 194 92 28 stolpar,
539 194 71 27 plikte
626 200 46 14 som
682 194 8 20 i
700 194 14 20 9
724 193 16 27 $
749 194 28 21 21
793 192 49 28 kap.

294 228 72 22 M'B.
381 228 98 28 stadgas.

544 284 15 28 $
575 285 35 21 1.

367 330 113 22 Tillstånd
494 332 34 19 att
538 330 70 28 flytta
619 330 105 28 landsväg
729 329 58 28 från
797 329 48 21 dess

297 364 64 24 förra
376 364 37 21 och
428 366 61 20 rätta
505 364 49 28 läge
569 364 59 21 skall
645 364 94 21 ansökas
753 364 39 21 hos
806 370 39 21 gu-

295 400 110 20 vernören.
440 398 46 22 Vill
500 399 74 27 någon
589 398 50 21 leda
654 400 48 26 nytt
712 398 49 21 dike
776 398 69 21 under

297 432 112 28 landsväg,
432 432 59 21 skall
513 432 45 21 han
580 432 92 22 utverka
694 432 34 28 sig
744 432 102 21 tillstånd

297 466 75 21 dertill
387 466 30 28 af
428 466 172 22 kronolänsman
615 466 43 26 och,
675 466 39 21 der
729 466 50 21 dike
795 465 52 28 blif-

296 501 31 20 vit
343 500 50 25 ledt,
410 500 134 21 underhålla
559 500 37 22 bro
612 500 100 28 deröfver
727 500 61 21 intill
798 500 48 21 dess

297 536 49 26 nytt
369 534 124 28 vägaskifte
513 534 43 28 för
578 542 76 14 annan
673 534 65 22 orsak
753 534 45 21 kan
813 534 32 21 in-

299 568 74 28 träffa.
407 568 38 21 Om
469 568 68 28 byväg
560 576 50 14 vare
632 569 38 27 lag
688 576 90 18 samma,
793 568 54 28 ifall

299 603 54 25 alla,
369 610 45 14 som
430 605 53 25 taga
498 604 36 20 del
549 603 9 21 i
572 605 80 25 vägens
662 603 124 25 underhåll,
802 602 46 22 icke

298 639 41 19 äro
355 644 33 14 om
403 637 68 21 saken
486 644 48 14 ense
544 637 38 21 och
593 637 113 21 bestående
710 636 139 29 jordaskifte

299 672 124 26 derigenom
441 671 44 21 icke
500 671 87 22 rubbas.
622 666 140 32 Öfverträdes
781 671 66 25 detta,

299 712 52 14 vare
367 705 34 21 bot
407 705 42 27 för
460 706 106 27 landsväg
573 706 89 27 fyratio
673 705 63 21 mark
745 706 56 20 samt
807 704 42 28 för

301 738 69 28 byväg
392 740 63 27 tjugu
477 740 69 25 mark,
570 740 38 20 och
623 740 41 20 den
679 739 98 28 skyldige
792 738 58 22 skall

301 773 108 21 dessutom
425 780 55 14 vara
489 774 129 26 förbunden
634 776 34 18 att
682 773 116 21 återställa
813 774 36 19 vä-

300 814 41 21 gen
356 808 9 20 i
379 808 47 20 dess
437 807 70 27 förra
522 808 64 25 skick,
603 814 33 14 om
647 807 168 28 förändringen
829 806 22 27 ej

301 840 80 28 blifver
395 848 77 14 senare
487 843 9 19 i
511 842 53 28 laga
579 842 96 28 ordning
689 840 110 30 godkänd.

546 899 15 27 $
576 900 35 20 13.

360 943 120 28 Landsväg
497 944 58 21 skall
577 944 105 21 vintertid
703 943 31 28 af
750 942 102 28 samtlige

301 977 256 29 vägbyggnadsskyldige
572 979 8 19 i
590 977 214 29 vägbyggnadslaget
819 983 35 21 ge-

302 1014 105 19 mensamt
423 1012 73 21 hållas
511 1014 70 25 öppen
602 1019 76 21 genom
690 1012 109 28 plogning
815 1010 39 22 och

301 1046 120 27 skottning,
437 1052 45 14 som
498 1046 128 28 ombesörjes
645 1047 105 27 antingen
766 1045 29 27 af
805 1046 49 19 sär-

303 1079 69 21 skildt
386 1080 113 20 inrättade
511 1080 93 27 ploglag
621 1080 52 20 eller
687 1080 67 28 eljest,
762 1079 33 27 på
809 1080 46 19 sätt

304 1114 27 20 de
346 1113 256 28 vägbyggnadsskyldige
617 1114 35 20 vid
663 1113 191 22 kommunalstäm-

304 1154 36 14 ma
357 1147 89 26 besluta,
463 1147 97 26 hvarvid,
572 1154 33 14 om
616 1148 60 21 olika
684 1148 117 27 meningar
816 1153 39 21 yp-

300 1188 51 21 pas,
370 1181 89 27 frågan
477 1181 89 28 afgöres
581 1188 76 21 genom
673 1182 135 26 omröstning
824 1180 32 28 ef-

305 1218 34 18 ter
353 1216 42 20 den
409 1216 9 20 i
433 1216 15 27 $
463 1216 12 20 4
483 1215 43 27 för
536 1217 49 26 väg-
596 1215 39 21 och
646 1214 210 30 brobyggnadsskyl-

306 1249 102 27 digheten
424 1249 112 21 bestämda
551 1250 84 27 grund;
650 1250 51 20 dock
712 1250 38 21 bör
760 1250 96 20 kommu-

306 1284 143 20 nalstämmas
460 1284 9 20 i
480 1283 61 28 dylik
550 1283 74 28 fråga
630 1283 92 27 fattade
733 1284 69 20 beslut
816 1289 41 21 gu-

306 1319 115 19 vernörens
437 1317 125 28 afgörande
577 1318 154 21 underställas.
762 1317 50 21 Den
825 1323 32 13 er-

304 1352 107 26 sättning,
427 1358 45 14 som
491 1351 43 27 för
549 1351 117 28 landsvägs
681 1350 177 22 underhållande

307 1385 104 21 vintertid
427 1385 44 21 kan
487 1385 104 28 betingas,
597 1386 102 26 fördelas
706 1386 33 27 på
749 1384 48 22 alla
807 1386 51 26 väg-

307 1418 215 29 byggnadsskyldige
544 1420 8 20 i
571 1419 222 28 vägbyggnadslaget.
823 1418 37 22 På
