1006 1620
301 96 23 19 U.
336 96 23 19 B.
371 106 23 3 —
406 96 61 24 Prop.
480 96 38 19 N:o
530 97 19 19 4.
757 97 22 18 17

337 404 177 25 Reservation.

118 473 10 21 I
143 472 145 27 underdäniga
303 474 71 20 svaret
389 472 13 22 &
416 473 160 27 propositionen
591 473 7 21 i
613 475 72 19 ämnet
700 473 32 21 till
750 472 54 22 1872

50 507 36 21 ärs
101 507 103 27 landtdag
214 506 122 22 förklarade
347 506 120 22 Ständerna
477 508 31 20 att
518 508 52 26 ,den
582 508 124 26 ersättning,
718 507 86 21 hvarom

50 542 7 21 i
72 542 14 21 3
101 542 12 27 8
129 542 61 26 talas,
206 541 39 21 bör
260 543 106 19 motsvara
382 541 29 21 all
426 542 42 21 den
483 542 78 21 förlust
576 542 39 21 och
628 542 120 26 olägenhet,
759 547 46 15 som

50 577 6 20 i
75 576 163 27 ifrägavarande
257 576 38 21 fall
311 576 82 21 drabba
406 576 88 26 jordens
510 582 64 21 egare
590 576 52 22 eller
657 575 148 22 innehafvare*

50 612 55 20 samt
125 612 31 20 att
175 610 73 27 ,giltig
267 610 120 26 anledning,
406 610 68 27 enligt
490 610 130 22 Ständernas
636 610 62 27 äsigt,
715 610 19 27 ej
750 609 55 22 före-

50 644 68 22 finnes
138 646 31 20 att
186 644 118 22 fränkänna
322 644 42 22 den
379 644 111 27 sakegare,
506 651 46 15 som
567 645 47 21 icke
629 645 60 27 nöjes
705 644 48 22 med
769 644 37 21 det

50 679 23 21 af
95 679 103 21 Senatens
219 679 261 27 Ekonomie-departemet
499 679 77 21 honom
594 679 91 27 tillagda
699 679 106 27 beloppet,

51 713 130 27 rättigheten
204 715 32 20 att
257 713 131 21 underkasta
406 714 38 20 sitt
463 714 224 26 ersättningsanspräk
703 712 102 22 domstols

50 748 118 26 pröfning*,
179 748 98 21 hvarföre
288 748 62 21 äfven
362 748 92 26 ändring
462 748 7 21 i
478 748 63 21 dessa
549 748 69 28 syften
629 748 30 21 uti
668 748 45 28 8:ns
721 747 85 27 lydelse

52 782 23 21 af
90 782 119 22 Ständerna
227 782 90 27 vidtogs.
347 782 29 21 Af
390 782 42 22 den
447 782 137 27 redogörelse
600 782 60 22 öfver
674 782 87 26 frägans
776 781 30 21 vi-

52 817 52 21 dare
120 817 61 26 gäng,
198 823 44 15 som
258 817 7 20 i
280 816 152 27 lagutskottets
448 816 147 27 föreliggande
611 816 133 22 betänkande
756 816 52 21 lem-

52 857 47 20 nas,
122 851 100 27 framgär,
245 852 31 20 att
296 851 68 21 denna
383 851 91 27 ändring
492 851 20 27 ej
530 851 75 21 vunnit
622 851 74 27 nädigt
713 850 95 27 godkän-

52 885 75 26 nande,
151 885 89 22 emedan
256 885 36 22 det
306 885 19 27 ej
342 887 82 20 ansetts
439 885 105 27 lämpligt,
560 887 32 20 att
607 885 104 22 Senatens
726 885 7 20 i
748 884 60 21 Hans

52 919 122 27 Kejserliga
196 919 112 28 Majestäts
331 926 63 15 namn
414 920 92 21 rörande
522 920 145 27 ersättningen
683 919 125 22 meddelade

52 953 72 22 beslut
138 953 56 28 finge
209 953 140 22 underkastas
365 954 126 27 ytterligare
506 954 99 27 pröfning
620 954 23 21 af
657 953 98 22 domstol.

120 989 74 26 Enligt
215 988 13 21 3
250 988 12 27 8
286 989 5 20 i
311 995 29 14 nu
355 988 148 27 föreliggande
518 988 219 28 författningsförslag
753 987 56 22 skall

53 1022 139 22 omförmälde
208 1023 117 26 ersättning
340 1023 131 21 bestämmas
486 1029 76 21 genom
578 1023 66 21 sädan
660 1029 38 21 syn
712 1022 39 21 och
762 1024 47 19 vär-

56 1057 82 27 dering,
154 1063 44 16 som
214 1057 7 21 i
236 1057 99 27 gällande
351 1057 295 27 expropriationsförordning
661 1059 25 20 är
700 1055 110 23 föreskrif-

53 1097 41 16 ven
116 1091 34 22 för
172 1092 128 21 utrönandet
321 1092 23 21 af
365 1092 76 21 värdet
460 1091 33 22 för
512 1092 67 27 mark,
598 1098 46 15 som
659 1092 24 21 af
694 1091 115 27 jordegare

53 1125 34 22 för
102 1126 118 27 menighets
236 1126 65 21 behof
318 1126 102 21 afträdes.
451 1127 34 20 Dä
505 1127 69 21 denna
589 1133 37 21 syn
642 1126 39 22 och
697 1125 113 26 värdering

53 1160 40 21 bör
113 1160 101 22 förrättas
232 1161 23 21 af
269 1161 93 26 domare,
380 1161 202 27 distriktsingeniör,
598 1161 143 21 landtmätare
756 1159 55 22 eller

51 1201 73 15 annan
146 1195 134 26 tjensteman,
304 1201 62 21 synes
389 1195 75 27 hvarje
483 1195 147 27 betänklighet
644 1195 36 21 vid
698 1196 31 19 att
744 1193 67 22 tiller-

54 1229 71 21 känna
141 1229 39 21 den
197 1229 109 27 sakegare,
322 1235 46 15 som
384 1229 49 21 med
450 1231 154 25 synemännens
619 1228 114 28 värdering
749 1228 19 26 ej
780 1228 31 20 åt-

53 1264 67 26 nöjes,
142 1263 102 27 rättighet
262 1265 32 19 att
308 1263 132 22 underkasta
455 1264 123 21 densamma
594 1263 103 22 domstols
712 1262 100 28 pröfning

54 1298 65 21 hafva
141 1298 48 21 bort
204 1298 91 21 förfalla.
327 1298 75 21 Denna
419 1298 81 26 jemväl
517 1298 67 26 enligt
598 1296 213 28 expropriationsför-

53 1333 120 26 ordningen
196 1332 102 27 sakegare
320 1332 164 22 tillkommande
507 1334 43 20 rätt
572 1332 55 21 hade
644 1332 8 20 i
671 1330 141 22 förevarande

52 1366 40 22 fall
112 1367 24 21 sä
155 1367 84 27 mycket
257 1366 82 22 mindre
354 1366 49 22 bort
418 1366 79 22 honom
513 1366 135 27 fränkännas,
664 1372 47 15 som
727 1365 36 21 vid
778 1371 35 15 ex-

51 1401 134 26 propriation
209 1401 23 21 af
255 1401 142 26 fornlemning
420 1401 83 21 kronan
526 1403 24 19 är
570 1401 39 21 den
625 1407 40 15 ena
682 1401 75 26 parten
774 1399 39 21 och

123 1440 123 22 Lagutskottets
258 1441 104 17 betänkande
375 1441 34 16 N:o
426 1441 14 17 7.
