1025 1617
333 102 20 20 U.
371 102 56 20 B.
412 95 13 37 —
437 101 57 27 Prop.
508 102 35 21 N:o
561 102 32 22 10.
801 102 11 20 7

291 169 161 28 nadsskyldige,
473 176 35 21 ege
528 170 139 21 Guvernören
685 170 103 24 meddela,
804 169 38 21 der

291 204 218 26 ortsförhäliandena
527 204 81 21 sädant
623 204 99 28 päkalla,
743 204 99 27 befrielse

287 238 58 26 från
361 238 148 28 skyldigheten
524 241 33 19 att
572 239 103 20 vintertid
690 245 74 21 genom
776 238 64 28 plog-

291 272 53 27 ning
366 272 130 27 öppenhälla
519 273 83 21 allmän
625 273 105 27 landsväg
753 275 55 19 samt
827 272 13 21 å

291 309 64 23 orter,
372 307 38 20 der
426 307 82 21 allmän
523 308 118 27 vinterväg,
657 308 67 26 enligt
739 308 15 27 $
767 308 34 24 14,
814 308 27 19 är

293 342 34 20 till
343 341 137 28 begagnande
495 342 110 27 upplåten,
621 342 56 27 efter
689 342 110 28 pröfning
814 341 30 27 af

287 376 126 26 företeende
432 376 187 27 omständigheter,
641 376 103 27 eftergift
763 377 8 20 i
790 383 51 14 ena-

292 410 73 21 handa
380 410 133 27 skyldighet;
529 411 53 20 dock
592 413 33 18 att
637 411 131 27 landsvägen
780 411 7 20 i
798 409 42 28 god

292 445 31 20 tid
339 451 33 14 om
388 445 65 20 vären
469 444 88 29 bringas
573 446 8 19 i
591 445 95 26 farbart
701 445 65 20 skick.

160 491 33 20 9:0
210 489 134 22 beträffande
360 491 11 26 $
390 492 31 19 16.

159 525 157 27 Ridderskapet
339 525 38 21 och
400 525 71 21 Adelm
494 528 56 19 samt
571 525 185 28 Borgareständet
778 525 64 21 hafva

86 559 84 26 antagit
185 559 33 27 S:n
234 559 136 26 oförändrad,
388 560 109 21 hvaremot

159 593 168 26 Presteståndet,
345 594 27 26 på
387 594 128 26 inbjudning
535 594 22 21 af
571 595 169 24 Bondeståndet,
757 594 83 21 förenat

86 627 33 26 sig
142 628 47 20 med
209 628 59 20 detta
289 628 62 20 stånd
371 634 33 14 om
424 629 91 26 ändring
531 628 22 21 af
567 629 207 26 tidsbestämningen
790 628 47 20 från

88 662 46 26 fyra
151 663 31 20 till
199 662 80 26 fjorton
296 663 72 26 dagar.

335 707 35 21 På
389 707 67 27 förut
480 707 83 28 anförd
585 708 72 27 grund
675 708 45 27 får
738 707 102 21 uiskottet

294 742 108 21 vördsamt
410 742 87 27 föreslå
510 745 33 18 att
553 742 88 21 Preste-
653 742 37 21 och
704 742 136 21 Bondestån-

293 776 46 25 den,
356 777 46 20 med
413 777 141 27 frångående
569 777 30 27 af
611 777 49 20 sina
676 777 74 24 beslut,
770 776 48 21 ville
834 776 8 20 i

293 811 69 20 denna
371 811 34 20 del
412 811 116 27 godkänna
537 811 142 21 betänkandet
687 810 154 28 oförändradt.

163 853 44 19 10:0
226 851 91 21 rörande
333 851 11 27 $
363 852 31 20 18.

159 885 156 28 Ridderskapet
335 885 38 21 och
393 886 70 20 Adeln
487 886 38 20 har
544 888 51 19 utan
616 886 124 26 förändring
758 885 84 26 antagit

89 921 146 20 betänkandet

159 955 161 20 Presteständet
343 955 39 20 har
405 955 6 20 i
436 955 72 20 stället
528 955 32 21 för
584 955 65 21 orden
669 955 77 26 ,enligt
762 954 79 21 allmän

88 990 44 25 lag”
149 989 82 26 antagit
249 989 110 27 uttrycket
378 990 162 25 ,motsvarande
560 996 25 14 en
607 989 103 27 tredjedel
731 989 23 20 af
768 989 36 20 det
820 988 22 20 &-

88 1024 78 21 dömda
181 1024 181 26 bötesbeloppet.*

158 1058 184 28 Borgareständet
364 1059 40 20 har
426 1059 96 26 godkänt
545 1059 145 20 betänkandet
710 1058 48 21 med
774 1057 68 21 sädan

88 1093 90 26 ändring
197 1095 32 18 att
249 1093 70 20 orden
333 1093 39 26 ,gä
391 1093 32 20 till
443 1093 110 21 treskifte*
573 1095 79 19 ersatts
672 1093 48 21 med
736 1091 106 28 ,fördelas

88 1127 71 21 såsom
175 1127 7 20 i
200 1129 8 19 1
226 1127 11 27 $
254 1128 27 19 32
297 1127 49 27 kap.
362 1127 24 21 R.
404 1127 22 21 B.
444 1128 81 26 säges."

158 1161 161 21 Bondeständet
337 1162 39 20 har
395 1162 84 26 antagit
495 1161 145 22 betänkandet
655 1161 47 22 med
723 1161 67 21 sädan
806 1162 37 19 än-

89 1196 62 26 dring
167 1198 32 18 att
215 1196 90 20 böterna
321 1196 114 20 tveskiftas
452 1197 91 20 emellan
559 1197 82 19 kronan
657 1197 39 20 och
712 1196 98 20 häradet.

159 1230 58 21 Enär
240 1230 85 21 Preste-
349 1231 39 20 och
412 1230 188 27 Borgareständen
626 1231 46 20 med
698 1230 146 26 ändringarne

87 1265 46 21 afse
156 1267 31 19 ett
207 1264 159 27 förtydligande
388 1265 22 20 af
429 1265 130 26 stadgandet
578 1267 56 19 samt
650 1266 60 20 detta
726 1264 68 26 enligt
809 1265 35 19 ut-

87 1299 93 21 skottets
197 1299 64 20 tanke
278 1299 5 20 i
301 1300 65 25 högre
382 1300 53 26 grad
451 1300 75 20 vinnes
542 1306 75 20 genom
634 1299 112 21 införande
758 1298 22 21 af
790 1298 54 20 Bor-

87 1334 150 25 gareständets
254 1334 97 25 ändring,
368 1334 32 20 fär
417 1334 108 20 utskottet
541 1334 109 20 vördsamt
666 1333 115 21 hemställa

322 1376 33 18 att
378 1373 159 28 Ridderskapet
557 1374 38 20 och
611 1374 77 24 Adeln,
704 1373 87 20 Preste-
807 1372 39 20 och

292 1407 168 21 Bondeständen
486 1409 71 24 mätte,
585 1408 46 20 med
652 1406 143 28 frängäende
818 1406 31 27 af

86 1446 64 22 Bilaga
163 1447 29 16 till
205 1448 126 16 Sammansatta
344 1448 46 22 Lag-
403 1448 30 16 och
446 1448 177 17 Ekonomiutskoltets
636 1447 107 17 betänkande
757 1446 33 17 N:o
804 1446 16 18 5.
