1053 2339
228 543 12 19 4
449 544 20 19 U.
485 544 20 19 B.
521 554 28 4 —
564 544 55 24 Prop.
634 544 30 19 N:o
679 543 30 21 12.

197 607 117 27 påkalladt,
331 607 90 22 emedan
437 608 38 22 det
490 608 133 28 ömsesidiga
637 608 105 22 intresset
756 607 8 21 i
775 607 116 22 allmänhet
898 606 62 23 förde

198 641 32 22 till
255 648 82 15 samma
360 643 48 21 mål.
438 643 39 21 Ett
496 643 68 21 delvis
581 645 66 20 annat
661 642 135 22 förhållande
811 642 105 26 inträdde,
933 641 27 22 då

197 676 197 27 indelningsverket
416 677 22 22 af
460 677 52 22 Karl
534 677 32 22 XI
588 677 103 26 infördes,
715 677 92 21 hvarvid
829 677 92 21 åboerne
946 676 14 21 å

197 711 27 21 de
239 711 83 22 indelta
342 711 127 22 hemmanen
485 712 78 21 trädde
578 712 6 21 i
600 711 206 22 rättsförhållanden
822 711 19 28 ej
856 711 57 22 blott
927 710 33 22 till

196 745 83 22 kronan
302 748 51 19 utan
376 746 63 22 äfven
462 747 33 21 till
510 746 246 28 indelningshafvarene,
773 745 41 22 och
830 746 69 21 denna
914 752 44 15 om-

196 779 125 28 ständighet
335 781 7 21 i
357 780 97 28 förening
469 782 49 22 med
534 782 152 27 konungarnes
702 782 84 22 önskan
802 783 32 19 att
849 781 6 21 i
871 780 42 22 alla
928 779 31 23 af-

196 815 94 22 seenden
313 816 105 28 betrygga
440 817 94 21 nämnda
556 817 65 21 verks
636 816 95 23 bestånd
746 822 64 22 synes
826 815 63 22 hafva
903 814 56 22 varit

195 849 143 29 anledningen
354 851 32 21 till
402 853 33 19 att
449 852 133 27 uttryckliga
596 851 68 23 löften
680 857 35 16 om
724 850 88 27 ständig
820 850 137 26 besittnings-

195 886 45 20 rätt
254 886 127 26 upprepade
396 886 81 27 gånger
492 885 23 23 af
528 888 129 25 regenterne
673 885 99 27 afgåfvos
788 885 33 21 till
836 884 93 22 åboerne
945 884 13 20 å

195 918 82 23 indelta
291 919 105 27 hemman.

263 954 44 22 Det
328 954 69 22 första
415 954 64 23 löftet
494 954 23 22 af
531 955 71 22 denna
617 954 152 23 beskaffenhet
784 954 60 27 ingår
859 954 7 21 i
882 955 11 19 8
910 952 10 28 $
936 952 23 22 af

194 988 151 27 Reglementet
357 988 33 22 för
406 990 26 21 de
447 990 82 21 indelta
544 990 128 22 hemmanen
688 989 23 22 af
726 989 42 21 den
777 990 11 20 5
797 988 88 22 Januari
895 989 60 24 1684,

194 1022 87 22 hvilken
297 1022 11 28 &
324 1030 50 20 eger
388 1023 95 28 följande
497 1024 94 28 lydelse:

262 1074 4 10 »
270 1058 48 26 Till
336 1058 150 23 officerarenes
501 1060 25 21 sä
542 1060 86 26 mycket
642 1060 72 21 större
730 1035 90 45 visshet
830 1063 33 15 om
878 1058 78 20 räntan

193 1092 41 21 och
248 1092 98 22 bondens
370 1099 33 15 om
420 1093 75 28 sjelfva
509 1094 80 22 bruket
605 1094 40 22 och
660 1093 149 27 besittningen
825 1092 38 22 har
879 1091 76 27 Kongl.

193 1126 105 28 Majestät
319 1127 86 27 nädigst
425 1128 54 26 godt
500 1128 71 22 funnit
590 1128 84 22 således
690 1130 34 19 att
739 1127 108 26 förordna,
863 1128 32 20 att
910 1126 45 22 offi-

193 1166 89 16 ceraren
304 1161 61 22 alltid
390 1162 54 22 skall
467 1162 64 22 hafva
554 1163 61 21 makt
637 1163 41 21 och
692 1164 47 20 rätt
754 1164 34 19 att
803 1168 24 15 se
842 1161 39 21 och
896 1160 60 28 fråga

193 1194 55 22 efter
264 1201 34 15 om
314 1196 85 22 bonden
414 1197 86 27 brukar,
517 1198 82 27 bygger
615 1197 39 22 och
670 1196 78 23 häfdar
764 1196 82 27 gården
860 1197 45 20 rätt
915 1195 40 21 och

191 1229 41 27 väl,
256 1229 40 22 och
320 1235 34 17 om
373 1230 42 22 han
430 1232 86 21 märker
531 1234 34 19 att
580 1232 87 22 bonden
681 1232 58 21 intet
753 1230 79 27 fullgör
847 1230 32 21 sin
893 1230 61 27 pligt,

191 1263 28 22 då
234 1264 56 21 skall
306 1264 125 23 officeraren
447 1267 78 21 sådant
539 1267 40 21 hos
597 1266 164 22 vederbörande
777 1266 111 20 Guvernör
903 1264 52 21 eller

190 1298 162 28 Landshöfding
374 1300 7 21 i
402 1302 73 19 rättan
493 1301 31 21 tid
540 1301 91 27 angifva,
647 1301 89 21 hvilken
752 1301 60 20 strax
826 1298 69 22 måste
910 1298 45 21 låta

188 1333 95 21 ransaka
306 1339 35 16 om
364 1335 101 21 ärendets
489 1335 40 22 och
551 1335 94 28 gårdens
663 1333 154 24 beskaffenhet
832 1333 39 22 och
887 1332 68 23 första

188 1367 86 26 gången
296 1367 98 23 förmana
416 1369 86 22 bonden
524 1370 33 21 till
581 1370 32 21 sin
632 1369 66 28 pligts
715 1368 132 27 fullgörelse,
864 1367 39 22 och
920 1373 34 15 om

188 1401 44 22 han
255 1401 28 22 då
305 1402 56 21 intet
376 1403 83 22 bättrar
475 1404 38 27 sig,
530 1406 33 19 att
579 1404 125 22 officeraren
720 1403 85 26 nödgas
820 1402 67 22 andra
902 1401 51 28 gån-

188 1442 42 21 gen
252 1436 65 27 klaga
340 1437 39 22 och
403 1438 86 23 bonden
507 1439 68 22 finnes
591 1439 108 27 brottslig,
716 1439 30 21 då
761 1437 55 22 skall
831 1437 122 21 hemmanet

187 1471 50 21 med
260 1477 27 15 en
309 1477 70 16 annan
402 1473 41 21 åbo
466 1473 75 27 förses,
563 1474 41 21 och
619 1474 23 21 af
656 1474 42 21 den
714 1473 70 22 förres
801 1471 104 28 egendom
921 1477 32 16 er-

190 1507 70 20 sättas
277 1505 42 22 den
335 1506 75 27 skada,
427 1513 47 16 som
489 1508 55 21 både
560 1508 126 21 officeraren
702 1507 42 22 och
759 1507 122 21 hemmanet
896 1505 58 28 pröf-

188 1545 37 17 vas
248 1540 120 28 bevisligen
390 1541 63 23 hafva
476 1543 55 27 tagit
547 1542 22 22 af
583 1543 41 22 den
639 1542 71 22 förres
726 1541 48 23 oflit
790 1541 40 22 och
845 1541 108 22 vårdslös-

187 1574 45 22 het.
263 1575 104 22 Deremot
390 1577 56 21 skall
469 1578 46 21 åter
537 1578 54 21 hvar
613 1578 40 22 och
670 1584 26 16 en
712 1577 80 26 bonde,
808 1582 46 16 som
869 1576 85 22 beflitar

187 1608 33 27 sig
236 1610 34 20 att
284 1610 34 21 väl
334 1610 65 22 häfda
415 1612 33 20 sin
463 1612 53 27 gård
532 1613 41 21 och
588 1613 6 21 i
607 1615 73 19 rättan
696 1612 34 22 tid
746 1612 99 27 erlägger
859 1611 32 21 till
907 1611 46 22 offi-

187 1648 89 16 ceraren
292 1644 47 22 sina
355 1645 91 27 utlagor,
463 1647 60 27 njuta
538 1646 34 22 för
587 1647 33 27 sig
636 1648 41 21 och
692 1647 50 22 sina
757 1647 55 21 barn
832 1646 41 22 och
888 1645 65 22 efter-

187 1676 130 24 kommande
341 1679 40 21 den
398 1680 137 28 säkerheten,
551 1683 33 19 att
599 1682 43 21 han
658 1682 40 21 och
716 1682 28 21 de
760 1681 62 21 skola
838 1680 37 22 allt
888 1680 64 21 fram-

185 1713 53 25 gent
252 1712 23 21 få
290 1712 30 22 bli
335 1714 35 20 vid
386 1714 123 23 hemmanet
525 1716 88 22 odrefne
629 1716 40 22 och
685 1716 115 22 orubbade
814 1717 53 20 utan
881 1715 72 27 någon

185 1746 95 22 städslas
304 1747 67 27 afgift,
395 1749 28 26 på
447 1749 38 22 det
507 1750 27 21 de
550 1750 92 27 således,
660 1753 78 25 trygge
754 1756 35 16 om
804 1756 26 17 en
845 1750 54 26 rolig
913 1749 38 22 be-

184 1779 98 28 sittning,
305 1781 63 28 måge
391 1783 25 21 så
438 1784 86 26 mycket
538 1790 60 16 mera
613 1785 101 27 vinlägga
729 1785 35 26 sig
779 1791 35 15 om
829 1786 32 19 att
875 1784 76 26 bruka,

183 1813 73 28 bygga
272 1816 40 20 och
326 1816 108 22 förbättra
449 1818 48 22 sina
512 1819 120 22 hemman''.

252 1849 48 21 Den
315 1850 91 28 förmån,
422 1852 87 22 hvilken
523 1853 92 22 sålunda
630 1854 125 22 utlofvades
770 1854 109 22 bönderne
895 1854 13 22 å
918 1855 33 21 in-

251 1888 195 21 Ekonomiutskottets
459 1892 117 18 betänkande
590 1894 38 17 N:o
640 1894 16 17 8.
