1009 1620
284 84 27 22 U.
327 84 28 22 B.
371 96 28 3 —
413 84 73 27 Prop.
502 84 41 22 N:o
559 83 21 22 3.
769 83 13 22 3

54 147 42 22 och
118 147 149 26 omgängarna
289 146 36 22 vid
339 146 117 22 hvartdera
470 145 24 22 af
508 146 63 21 dessa
585 145 46 28 slag
647 146 26 21 af
682 145 129 29 jordfördel-

56 182 53 27 ning
124 181 66 21 borde
205 181 7 20 i
227 181 123 27 möjligaste
365 181 68 20 mätto
448 181 64 26 göras
522 180 115 26 likartade,
648 180 40 21 har
697 180 113 25 utskottet,

55 216 48 21 icke
111 215 85 21 kunnat
211 215 74 27 undgä
294 217 33 20 att
337 215 41 21 här
387 214 66 23 hafva
463 214 85 22 uttalad
559 214 175 22 önskvärdheten
744 214 67 26 deraf,

56 252 33 19 att
112 249 118 28 lagförslag
251 250 113 26 angäende
387 249 59 22 säväl
467 248 219 28 hemmansklyfning,
701 256 47 14 som
763 255 48 21 ego-

56 283 115 28 styckning
186 283 41 22 och
239 283 178 28 jordafsöndring
431 283 56 22 hade
503 283 70 22 blifvit
588 283 8 21 i
610 285 31 20 ett
656 283 156 28 sammanhang

57 318 126 21 utarbetadt
198 318 41 21 och
255 318 124 21 Ständerna
393 317 114 28 förelagdt,
523 317 56 22 helst
594 325 30 14 nu
638 318 101 27 gällande
754 319 57 21 stad-

57 353 87 27 ganden
166 359 35 15 om
216 353 112 21 hemmans
343 352 98 28 klyfning
457 359 64 21 synas
537 352 130 22 ätminstone
682 353 8 21 i
704 353 57 22 vissa
776 353 36 21 de-

57 387 33 21 lar
105 387 71 21 tarfva
190 387 94 21 revision
299 387 40 21 och
354 386 157 28 förordningen
526 387 8 20 i
549 388 74 20 ämnet
638 387 24 21 af
675 388 42 20 den
734 389 10 19 1
755 387 58 21 Mars

58 422 57 20 1852
129 421 48 21 icke
191 421 124 21 tillkommit
329 421 30 27 pä
373 420 177 28 grundlagsenlig
564 422 48 27 väg.

127 456 41 21 Vid
189 456 163 26 genomgående
374 455 25 21 af
417 455 152 28 lagförslagets
591 456 12 20 1
621 457 10 26 $
645 455 41 22 har
700 456 113 26 utskottet,

58 490 85 22 befarat
158 492 33 19 att
207 490 36 21 det
259 490 46 21 deri
318 489 177 22 förekommande
511 490 109 28 uttrycket
637 490 106 28 »lagligen
758 490 56 22 afrö-

59 525 39 21 sad
114 524 34 22 del
163 524 25 22 af
201 525 78 21 sådant
294 524 122 26 hemman»,
431 524 104 28 möjligen
550 524 72 22 kunde
637 524 36 22 vid
682 524 132 28 tillämpnin-

58 566 42 21 gen
116 559 24 21 af
156 560 13 20 8
185 560 10 26 &
211 559 130 21 missförstås
357 560 58 20 ända
429 558 90 27 derhän,
534 561 33 19 att
583 560 87 21 dermed
684 559 85 29 afsäges
783 559 32 21 äf-

59 601 41 15 ven
123 594 68 27 enligt
209 595 72 20 denna
298 594 127 27 förordning
440 593 119 22 afsöndrad
571 594 56 28 jord,
643 597 56 19 samt
713 597 33 19 att
761 594 54 22 säle-

60 630 38 20 des
113 629 48 21 frän
179 629 88 27 parcell,
283 629 124 27 ytterligare
423 628 127 27 afsöndring
564 629 73 21 kunde
652 629 162 28 ifrägakomma.

60 663 34 22 Då
103 663 108 22 utskottet
221 663 120 22 emellertid
351 663 36 22 vid
394 663 125 28 jemförelse
529 663 25 22 af
561 663 106 22 komitöns
677 663 80 28 förslag
767 663 49 22 med

60 699 43 20 den
119 698 80 27 nädiga
214 698 163 27 propositionen
391 699 54 20 trott
460 698 33 27 sig
508 698 60 21 finna
583 700 33 19 att
629 699 42 20 den
681 698 136 21 sistnämnda

60 731 48 22 icke
124 732 80 27 äsyftat
219 739 27 14 en
261 733 68 20 sädan
344 732 153 27 utsträckning
507 732 25 21 af
540 732 226 28 parcelleringsrätten
777 731 40 22 och

62 766 106 21 utskottet
191 767 110 20 dessutom
320 768 72 20 ansett
407 767 37 20 det
458 773 55 15 vara
527 767 120 27 betänkligt
662 769 33 19 att
710 766 108 28 tillstyrka

63 801 68 20 sådan
154 801 75 21 vidare
252 801 133 27 afsöndring,
405 801 91 21 emedan
513 801 123 27 derigenom
651 801 19 27 ej
686 801 57 21 blott
756 801 61 21 utbe-

64 834 139 22 kommandet
218 834 49 22 från
282 834 110 28 pareellen
407 834 25 22 af
440 836 94 26 stadgad
544 835 73 27 algäld
627 835 72 22 kunde
709 835 34 22 för
752 837 65 19 stom-

63 868 141 28 lägenhetens
227 876 64 20 egare
309 870 7 20 i
330 869 96 28 betydlig
441 870 51 20 män
508 870 108 22 försväras
631 870 40 21 och
685 870 81 22 honom
780 869 38 27 pä-

64 903 84 27 tvingas
171 905 31 19 ett
225 903 135 22 oberäknadt
381 904 40 21 och
436 903 85 22 kanske
540 904 51 27 föga
609 904 116 22 önskvärdt
739 910 79 21 grann-

64 937 61 27 skap,
140 937 139 27 hvarigenom
292 938 127 27 jordegares
434 938 151 28 obenägenhet
601 941 32 19 att
648 938 107 28 medgifva
770 944 49 21 par-

64 971 102 27 cellering
188 971 73 22 kunde
283 972 8 21 i
310 972 43 28 hög
372 973 53 27 grad
444 972 60 27 ökas,
524 975 54 19 utan
593 973 41 22 ock
656 973 114 27 förvirring
787 974 25 19 ut

61 1006 175 28 jordeböckerna
251 1006 70 22 skulle
335 1006 140 28 uppkomma,
491 1007 42 21 har
542 1008 107 21 utskottet
659 1010 53 19 trott
722 1008 36 20 det
768 1013 53 16 vara

65 1040 24 21 af
109 1040 100 22 behofvet
232 1041 121 27 päkalladt,
373 1044 33 19 att
421 1042 124 28 tydliggöra
559 1043 36 21 det
610 1042 155 28 egostyckning
781 1041 40 21 och

64 1074 64 28 iföjld
143 1074 64 22 deraf
220 1075 81 27 jemväl
321 1076 179 28 jordafsöndring
523 1076 56 28 finge
594 1076 118 23 tillsvidare
727 1076 96 27 försiggä

66 1110 77 20 endast
158 1108 48 22 från
222 1110 7 20 i
244 1110 84 22 mantal
342 1112 44 20 satt
398 1110 57 28 jord,
471 1111 42 21 och
528 1111 7 21 i
547 1111 95 27 enlighet
652 1112 89 20 dermed
749 1110 73 22 förän-

66 1144 49 20 drat
130 1143 152 28 ordalydelsen
297 1144 7 21 i
319 1146 11 26 $
347 1147 18 19 1.

134 1177 61 21 Enär
207 1179 37 21 det
255 1178 7 22 i
277 1180 11 26 &
305 1179 6 21 3
323 1180 131 20 omnämnda
466 1182 100 20 »senaste
577 1180 116 28 egoskifte>
706 1180 29 28 pä
745 1180 80 26 många

67 1214 57 19 orter
146 1212 8 21 i
175 1213 48 21 värt
246 1213 52 21 land
321 1215 35 26 egt
371 1221 47 14 rum
433 1214 34 21 för
485 1221 28 14 en
528 1214 51 28 läng
594 1215 33 21 tid
641 1215 74 26 sedan,
731 1214 46 21 ofta
791 1213 34 21 för

67 1253 46 14 mer
134 1247 29 20 än
178 1246 87 22 hundra
280 1247 24 21 är
319 1247 98 26 tillbaka,
433 1250 56 19 samt
507 1249 42 21 den
563 1249 115 27 gradering
693 1249 41 21 och
748 1247 77 22 klassi-

67 1281 91 21 fikation
178 1281 25 21 af
215 1282 98 26 marken,
329 1289 46 14 som
393 1283 74 21 dervid
482 1283 67 26 skett,
564 1284 69 21 under
648 1283 125 23 nuvarande
789 1282 37 21 od-

67 1314 210 28 lingsförhällanden
293 1316 143 28 tilläfventyrs
451 1317 48 22 icke
516 1318 97 27 angifver
626 1318 89 28 jordens
729 1316 98 27 verkliga

67 1350 73 24 värde,
164 1349 41 21 har
226 1350 108 22 utskottet
357 1351 59 22 velat
437 1352 83 22 bereda
539 1352 122 28 jordegare,
683 1359 46 15 som
748 1350 79 22 sädant

68 1383 112 26 ästundar,
202 1384 87 22 tillfälle
311 1387 39 24 att,
372 1386 8 20 i
395 1386 40 21 och
449 1386 34 21 för
499 1387 15 21 &
528 1386 55 22 hans
597 1386 102 28 lägenhet
713 1385 116 22 tillämnad

69 1417 164 29 egostyckning,
250 1418 23 22 fä
288 1419 33 21 sin
333 1420 52 27 jord
399 1421 109 26 graderad
523 1420 41 22 och
579 1421 148 22 klassificerad
741 1420 7 21 i
759 1419 70 22 öfver-
