1003 1617
769 101 13 19 I

254 102 81 23 Ständ.
350 103 39 23 Sv.
403 114 28 4 —
447 103 72 27 Prop.
535 102 41 22 N:o
592 102 22 22 6.

56 166 56 21 1881
129 167 24 20 är
168 166 69 21 såsom
254 165 57 27 regel
326 165 118 25 faststäldt,
461 165 26 20 de
502 164 8 21 i
520 164 153 22 förstnämnda
684 164 10 26 $
706 162 106 28 ingående

57 200 165 22 föreskrifterna
236 199 72 21 kunde
324 199 133 21 omedelbart
471 199 68 21 lända
551 198 33 22 till
595 197 150 27 efterrättelse,
757 198 55 20 samt

58 236 11 25 8
85 235 12 20 3
113 234 64 21 alltså
191 234 50 27 lyda
256 234 100 21 sålunda:

331 286 29 24 Ej
373 286 32 19 må
420 286 116 24 hädanefter
550 286 63 24 någon
629 285 29 19 till
673 284 140 24 borgmästare-

264 320 56 24 tjenst
342 320 85 24 föreslås
444 320 45 20 eller
504 320 43 20 med
562 319 91 25 fullmakt
668 319 12 19 å
690 316 122 27 justitieråd-

262 354 114 24 manstjenst
390 354 64 24 förses
469 355 46 19 eller
531 354 29 20 till
574 354 75 20 notarie
658 353 33 19 vid
700 352 113 24 rådstufvu-

264 390 40 18 rätt
318 389 46 19 eller
378 389 104 24 magistrat
497 389 46 20 eller
558 388 120 25 ordförande
692 388 8 18 i
714 386 100 25 ordnings-

263 424 40 18 rätt
324 424 103 18 utnämnas
449 423 46 20 eller
513 423 30 20 till
557 422 122 20 bestridande
694 421 25 25 af
732 420 83 20 berörda

264 457 78 24 tjenster
356 457 107 24 förordnas
477 457 44 20 med
535 457 75 20 mindre
625 457 48 19 hans
684 455 91 25 förmåga
785 455 29 18 att

263 491 8 19 i
286 491 28 20 tal
328 491 33 20 och
376 491 61 24 skrift
450 491 85 25 begagna
551 491 81 20 svenska
643 491 33 19 och
685 489 63 24 finska
759 488 55 25 språ-

263 526 35 19 ken
313 526 64 23 blifvit
391 526 68 24 styrkt,
473 526 30 24 på
518 527 40 18 sätt
573 526 6 19 i
596 527 8 23 &
616 526 13 18 7
639 525 26 24 af
672 522 143 26 ofvanberörda

264 560 71 25 nådiga
350 560 116 25 förordning
481 560 36 19 den
533 560 12 19 9
560 560 46 24 Maj
619 559 52 19 1881
682 559 24 19 är
717 556 96 26 stadgadt.

128 611 41 21 Vid
179 611 159 27 granskningen
350 611 24 20 af
382 612 10 25 &
402 612 15 19 4
426 611 40 21 har
476 611 39 20 hos
525 609 160 28 Ridderskapet
696 609 40 21 och
746 606 68 23 Adeln

59 645 91 21 kommit
172 645 7 21 i
202 645 157 27 öfvervägande
382 647 39 23 att,
441 645 7 20 i
463 645 55 27 följd
534 645 24 20 af
571 644 130 27 stadgandet
716 643 7 20 i
739 644 10 25 $
766 642 12 20 3
794 640 24 21 af

59 679 154 27 förordningen
230 680 40 20 den
286 679 28 21 20
328 679 105 21 Februari
448 679 56 21 1865
521 686 34 14 om
571 678 70 21 finska
652 677 98 28 språkets
760 674 55 22 infö-

60 715 68 20 rande
149 713 36 22 vid
208 713 117 22 domstolar
347 714 40 21 och
407 713 142 26 embetsverk,
565 713 65 27 ingen
646 712 47 21 från
708 710 57 22 1867
781 709 34 20 års

60 748 77 27 början
152 748 55 21 intill
224 749 40 20 den
280 749 12 19 1
304 748 127 27 September
440 749 57 20 1873
509 748 42 21 fått
562 747 84 27 aflägga
657 747 96 20 domare-
764 743 51 22 eller

61 782 188 21 kameralexamen
265 785 53 18 utan
334 785 32 18 att
382 783 65 21 hafva
457 783 56 21 visat
525 783 32 26 sig
568 788 40 21 ega
617 781 97 26 förmåga
725 781 33 19 att
768 777 47 22 icke

60 816 56 21 blott
131 817 7 20 i
153 817 31 20 tal
199 817 99 27 uttrycka
314 817 31 26 sig
361 817 29 27 på
400 817 70 20 finska
481 816 89 27 språket
580 818 53 19 utan
644 815 40 21 ock
694 812 121 27 skriftligen

61 851 29 27 på
106 857 81 19 samma
202 851 66 26 språk
283 851 108 21 behandla
403 851 109 27 juridiska
528 852 78 19 ämnen
622 851 55 20 samt
688 850 38 23 att,
739 847 78 21 ehuru-

61 884 35 22 väl
111 885 41 20 den
170 892 89 14 numera
274 885 112 27 upphäfda
400 887 13 18 6
429 887 11 25 $
455 886 8 19 i
479 885 80 27 nådiga
573 884 161 26 förordningen,
750 881 66 26 angä-

61 920 56 20 ende
132 919 183 21 embetsexamina
330 919 24 21 af
367 920 41 20 den
424 920 28 20 30
468 919 43 28 Maj
528 920 56 20 1871
600 917 118 28 medgifvit,
734 917 33 19 att
783 915 33 20 så-

62 954 53 20 dant
138 953 51 27 prof
208 953 72 22 kunde
304 954 94 27 afläggas
421 954 104 27 antingen
541 953 46 21 före
603 953 52 21 eller
670 951 54 22 efter
740 948 76 28 sjelfva

62 994 96 19 examen,
175 988 37 20 det
226 987 66 22 likväl
308 989 29 26 på
353 995 82 14 samma
450 989 57 26 gång
518 987 148 25 föreskrifvits,
678 987 32 20 att
720 983 48 22 icke
779 983 37 20 nå-

61 1028 42 20 gon
118 1021 57 27 finge
189 1021 32 21 till
238 1022 107 21 ordinarie
360 1022 67 27 tjenst
443 1022 112 21 befordras
571 1022 51 21 eller
637 1021 33 21 till
685 1021 132 20 domareem-

61 1055 70 21 betets
147 1055 117 22 utöfvande
278 1056 121 26 förordnas,
414 1057 68 20 innan
493 1057 43 20 han
547 1056 84 27 profvet
642 1054 116 26 behörigen
768 1051 49 22 full-

61 1085 64 35 gjort.
149 1084 18 26 Å
183 1091 69 20 andra
266 1091 61 20 sidan
343 1091 39 20 har
398 1091 55 21 dock
469 1092 58 19 ända
542 1090 76 21 hittills
635 1090 64 26 något
714 1086 104 23 öfverhet-

61 1123 40 27 ligt
124 1125 119 26 stadgande
259 1125 47 20 icke
322 1127 117 24 emanerat,
456 1132 46 14 som
518 1125 69 21 skulle
602 1125 59 26 ålagt
676 1121 141 30 tjenstemän-

61 1164 43 14 nen
127 1158 36 21 vid
185 1159 157 21 rådstufvurätt
364 1159 40 21 och
427 1160 114 26 magistrat
557 1159 51 21 eller
624 1157 147 27 ordningsrätt
787 1156 32 19 att

61 1191 89 28 vidtaga
172 1193 48 20 med
243 1193 140 21 utfärdandet
405 1193 25 21 af
445 1193 72 22 finska
531 1193 153 28 expeditioner.
716 1191 50 21 Med
782 1196 37 13 an-

61 1226 89 28 ledning
172 1227 65 21 häraf
256 1227 40 21 har
318 1229 37 19 det
370 1230 59 25 synts
445 1228 159 28 Ridderskapet
622 1227 39 21 och
676 1226 69 22 Adeln
762 1223 57 28 sjelf-

61 1260 69 27 fallet,
146 1263 33 19 att
195 1262 57 27 dylik
270 1262 260 28 expeditionsskyldighet
545 1262 47 22 icke
607 1262 67 21 heller
688 1260 34 22 för
737 1258 82 22 framti-

62 1296 42 20 den
120 1295 109 22 åhvälfves
250 1297 82 21 sådana
346 1297 46 21 före
408 1304 29 14 nu
453 1297 165 27 ifrågavarande
633 1294 137 27 förordnings
786 1294 33 19 ut-

61 1328 107 22 färdande
184 1330 90 21 tillsatte
290 1332 149 20 stadsdomare
455 1332 40 20 och
511 1332 137 27 tjenstemän,
664 1329 74 22 hvilka
754 1327 66 26 aflagt

59 1363 108 27 juridiska
183 1364 99 21 examina
297 1364 46 22 före
359 1366 23 20 år
398 1366 63 25 1867,
477 1366 111 21 hvaremot
602 1364 135 22 beträffande
753 1363 26 20 de
790 1361 31 21 öf-

61 1397 53 27 rige,
131 1399 24 19 så
169 1398 46 21 vidt
231 1400 62 20 deras
308 1399 182 27 befordringsrätt
500 1400 95 26 grundar
606 1399 31 27 sig
648 1400 13 20 å
669 1396 95 30 juridisk
775 1396 46 20 uni-

61 1431 200 27 versitetsexamen,
285 1433 115 21 enahanda
417 1435 142 25 grundsatser
576 1435 82 19 ansetts
675 1432 53 21 böra
743 1431 79 21 tilläm-
