1017 1620
409 93 33 21 N:o
459 93 30 22 10.
772 93 24 20 15

76 162 54 21 skall
142 161 146 27 ansökningen
299 162 72 21 derom
381 162 66 27 jemte
459 162 139 26 delegarenes
608 161 214 22 öfverenskommelse

76 203 34 14 om
133 196 96 21 vilkoren
252 196 37 21 och
313 198 66 19 sättet
398 196 33 21 för
447 196 100 27 afgiftens
563 196 141 26 uppbärande
721 196 102 21 inlemnas

75 231 33 20 till
132 230 139 21 Guvernören
293 230 71 21 tillika
386 230 49 21 med
456 237 33 20 en,
509 230 71 21 såvidt
595 231 90 26 möjligt,
702 229 122 26 tillförlitlig

75 265 115 26 utredning
206 271 32 14 om
257 265 146 20 kostnaderna
421 265 34 20 för
473 265 135 26 byggnaden.
640 264 137 22 Guvernören
794 264 30 21 in-

76 299 65 21 sände
158 299 92 21 derefter
270 299 154 26 handlingarne
445 301 55 19 samt
520 301 48 24 eget
584 299 112 21 utlåtande
712 299 32 21 till
761 299 63 20 Sena-

75 335 47 20 tens
142 333 271 28 Ekonomiedepartement,
433 340 46 15 som
498 334 145 21 förordnande
659 334 6 20 i
681 336 72 19 ämnet
767 333 57 21 med-

76 368 65 21 delar.
172 368 24 26 Ej
213 369 33 20 må
265 368 147 27 ifrågakomne
432 368 83 21 förmån
530 368 98 27 beviljas,
645 368 72 21 derest
733 368 18 27 ej
767 368 57 20 kost-

76 403 69 20 naden
161 402 32 20 för
209 402 64 20 brons
289 402 131 26 uppförande
431 403 86 25 pröfvas
528 403 71 26 uppgå
610 402 34 20 till
655 402 67 21 minst
732 402 93 20 tiotusen

76 436 67 21 mark.

147 471 10 21 I
176 471 111 21 enahanda
309 471 91 26 ordning
422 472 35 19 må
473 471 98 21 tillstånd
587 471 94 20 ansökas
697 470 33 21 till
745 469 79 28 uppbä-

76 506 66 20 rande
158 505 22 21 af
194 505 108 27 vägafgift,
319 506 27 20 då
361 506 49 20 med
425 505 102 21 afseende
538 506 12 20 å
561 505 180 27 byggnadssättet
752 504 72 26 betyd-

77 540 67 26 ligare
159 540 91 20 kostnad
266 540 51 20 derå
332 540 98 26 nedlagts
447 540 52 20 eller
515 539 55 21 skall
586 540 127 26 nedläggas.

424 604 11 24 $
452 604 19 19 6.

147 642 74 21 Denna
237 642 127 26 kungörelse
380 643 74 20 träder
471 643 5 20 i
492 643 137 21 verksamhet
645 642 39 21 den

347 706 72 26 Enligt
439 705 60 21 Hans
518 706 121 26 Kejserliga
659 705 111 27 Majestäts
786 704 37 20 nå-

279 740 49 26 diga
350 740 125 27 befallning,
494 740 70 26 gifven
581 740 6 20 i
603 740 97 20 Krasnoe
718 739 47 21 Selo
782 738 40 21 den

280 773 78 21 ga
398 781 60 19 1881.

310 884 36 17 T.
359 883 177 17 BRUUN.

626 963 43 20 Edv.
686 962 80 21 Boehm.

680 1008 28 21 fd.
