1025 1620
417 118 35 21 N:o
468 118 20 21 2.
771 118 25 19 15

72 187 65 21 födda
152 187 59 27 barn,
228 194 45 15 som
289 188 62 21 äfven
367 188 65 26 äldre,
449 187 118 27 veterligen
583 188 152 21 ovaccinerade
750 193 74 21 perso-

72 227 44 20 ner,
133 221 62 27 samt,
215 222 27 21 då
261 222 303 26 vaccinationsdagböckerna,
581 222 85 27 jemlikt
685 221 139 22 föreskriften

72 256 6 20 i
94 256 12 27 $
123 257 25 19 10
164 263 63 14 mom.
242 257 20 26 d,
279 257 32 20 till
328 257 105 20 nämnden
449 257 131 25 återställas,
593 257 78 26 jemväl
689 256 73 27 bifoga
780 255 44 22 för-

73 290 101 27 teckning
189 291 60 21 öfver
264 291 53 26 dem,
337 291 79 26 hvilka,
433 291 7 20 i
456 291 49 21 stöd
521 290 23 22 af
558 291 85 21 läkares
659 291 53 21 eller
728 290 96 21 enskilde

72 325 157 21 vaccinatörers
252 325 66 26 bevis,
342 325 72 21 blifvit
432 325 7 21 i
462 325 126 27 kyrkboken
605 325 132 21 antecknade
753 325 70 20 såsom

72 359 137 21 vaccinerade
225 360 67 21 under
308 360 36 21 det
360 360 30 26 år,
406 360 151 26 dagböckerna
573 359 98 26 omfatta;

142 394 20 26 e)
179 395 32 19 att
225 394 32 20 uti
272 394 129 21 utfärdande
416 395 121 26 prestbevis
554 394 103 21 särskildt
673 394 69 20 införa
758 393 66 21 huru-

72 427 48 21 vida
140 428 40 20 den
203 434 84 20 person,
304 428 33 21 för
352 428 88 21 hvilken
456 428 83 22 beviset
554 428 74 27 gäller,
644 428 117 26 undergått
776 433 47 15 vac-

72 462 92 20 cination
195 462 52 21 eller
268 462 34 21 för
325 462 123 22 densamma
471 463 109 21 befunnits
604 462 139 26 oemottaglig
771 461 52 21 eller

72 496 98 26 verkliga
185 496 145 27 smittkoppor
345 497 131 27 genomgått.

416 536 11 28 $
445 538 31 20 14.

143 571 222 21 Provincialläkarens
382 571 127 27 åligganden
526 574 48 18 äro:

142 605 22 27 a)
181 607 32 19 att
232 606 48 20 med
300 606 149 26 noggrannhet
469 606 115 20 öfvervaka
600 606 171 20 vaccinationens
787 604 35 22 be-

72 640 110 21 drifvande
197 640 7 20 i
219 640 38 20 sitt
273 640 88 21 distrikt
376 642 62 24 samt,
454 640 34 21 för
503 640 106 21 vinnande
625 640 22 21 af
661 642 99 19 närmare
771 639 52 21 kän-

70 674 77 21 nedom
163 674 54 21 huru
233 674 131 21 densamma'
380 674 139 26 handhafves,
536 674 87 26 årligen,
639 674 77 21 medan
733 673 90 27 skydds-

70 708 129 27 ympningen
214 708 73 27 pägär,
303 714 126 21 genomresa
445 708 131 22 ätminstone
591 708 72 21 halfva
678 708 82 21 antalet
775 714 49 14 vac-

72 742 208 22 cinationsomräden
299 743 6 20 i
325 742 111 22 distriktet
456 743 40 21 och
513 743 26 21 de
555 743 136 21 äterstäende
708 742 115 21 omrädena

71 776 47 21 året
135 777 73 26 derpä,
225 776 108 22 äfvensom
349 777 69 21 under
434 778 64 20 dessa
513 778 197 26 inspektionsresor
721 776 60 22 alltid
792 776 31 21 öf-

71 817 90 14 vervara
177 811 67 26 några
259 811 122 26 ympnings-
397 811 39 21 och
452 811 217 27 granskningsmöten
685 811 6 21 i
703 811 73 26 hvarje
788 810 35 21 be-

72 845 49 21 sökt
136 845 97 25 omräde;

142 879 21 27 0)
187 881 38 24 att,
249 880 6 20 i
277 879 103 21 händelse
406 879 22 22 af
446 880 128 21 kommunen
594 881 90 25 antagen
701 879 122 21 vaceinatör

71 913 94 21 befinnes
182 913 84 27 skyldig
286 913 32 21 till
338 913 29 21 fel
383 914 52 20 eller
450 914 137 21 värdslöshet
602 915 35 20 vid
651 913 171 22 vaccinationens

70 947 123 26 utöfvande,
213 947 97 21 meddela
329 947 77 22 honom
426 949 91 26 varning
537 949 38 20 och
592 949 77 25 nödiga
685 947 138 22 föreskrifter

71 984 61 23 samt,
148 982 73 21 derest
235 982 89 21 rättelse
340 982 18 27 ej
375 982 69 27 följer,
461 983 49 21 med
525 983 98 21 anmälan
640 983 73 21 derom
729 982 33 21 till
778 981 44 21 Me-

71 1017 184 26 dicinalstyrelsen
270 1016 59 27 ingä;

138 1051 20 26 e)
175 1052 32 19 att
229 1051 63 25 tillse,
316 1051 36 20 det
374 1051 63 22 äfven
460 1052 69 27 öfrige
553 1058 108 21 personer,
681 1051 74 21 hvilka
775 1050 48 21 med

71 1085 183 26 skyddsympning
269 1085 7 20 i
291 1085 179 27 församlingarne
486 1087 33 26 sig
534 1086 88 26 befatta,
638 1086 116 26 behörigen
770 1091 52 20 upp-

71 1119 51 26 fylla
145 1119 47 20 sina
215 1119 153 26 skyldigheter,
389 1121 56 20 samt
464 1121 33 20 att
510 1121 79 26 jemväl
605 1120 153 21 kommunerne
773 1118 50 21 full-

70 1155 51 24 göra
144 1153 57 21 hvad
224 1153 27 27 pä
275 1153 46 21 dem
344 1154 7 20 i
370 1154 101 21 afseende
488 1155 12 20 å
516 1155 159 20 vaccinationen
692 1154 130 25 ankommer,

70 1187 111 21 äfvensom
203 1188 13 20 å
239 1188 136 27 vederbörlig
398 1190 34 19 ort
450 1189 85 21 anmäla
551 1195 33 14 om
600 1189 110 20 missbruk
726 1187 39 22 och
780 1187 43 21 för-

71 1222 126 20 summelser
221 1222 52 21 eller
295 1224 102 26 vidtagna
416 1223 116 27 olämpliga
551 1223 106 27 åtgärder,
674 1222 90 21 såframt
779 1223 43 19 rät-

70 1256 54 21 telse
140 1256 46 21 deri
203 1256 18 26 ej
237 1256 82 22 kunnat
335 1258 22 20 af
371 1258 212 20 Provincialläkaren
599 1257 133 21 omedelbart
752 1255 71 21 åstad-

70 1290 108 26 kommas;

142 1324 22 27 d)
185 1327 37 25 att,
242 1326 28 26 på
288 1326 94 27 begäran
402 1326 22 21 af
438 1326 164 21 vederbörande
621 1324 202 22 kommunalnämnd

70 1358 53 21 eller
145 1360 128 26 vaccinatör,
297 1360 87 26 vidtaga
407 1360 78 26 åtgärd
504 1366 34 15 om
559 1359 137 21 anskaffande
712 1358 22 21 af
748 1358 76 25 nödigt

70 1392 136 22 vaccinämne
229 1396 55 19 samt
307 1394 123 21 blanketter
450 1394 34 20 till
499 1393 268 26 vaccinationsdagböcker
784 1392 38 20 och

71 1427 214 27 vaccinationsintyg;
