1017 1617
267 96 81 24 Ständ.
364 98 38 22 Sv.
418 110 25 4 —
460 98 72 29 Prop.
546 99 42 23 N:o
601 98 22 23 2.
780 99 12 20 5

276 160 34 21 het
324 160 48 22 med
385 161 16 27 $
414 162 22 24 2,
452 161 30 27 af
492 162 92 27 depoten
594 161 133 29 ombesörjes,
738 162 86 27 äligger

274 194 77 22 staden
373 197 33 19 att
424 195 42 27 för
488 196 175 21 vaccinationens
678 195 146 28 förrättande

275 229 92 27 uppläta
383 229 106 28 lämpliga
504 230 90 26 lokaler,
605 230 71 21 derest
686 230 93 25 sädana,
790 232 34 19 ut-

275 264 60 26 öfver
356 262 79 28 sjelfva
455 263 156 28 depotlokalen,
627 264 68 27 blifva
711 263 113 29 behöfliga,

274 298 56 20 samt
345 299 40 24 att,
400 299 43 19 när
458 297 68 27 behof
536 298 99 28 uppstår,
650 300 84 26 antaga
749 300 73 19 extra-

274 331 148 21 vaccinatörer
438 332 43 27 för
502 334 34 20 att
549 339 55 15 vara
619 332 203 28 depotförestånda-

274 371 39 15 ren
327 365 36 22 vid
378 366 272 28 vaccinationsgöromålen
666 366 135 28 behjelplige.

524 429 15 28 $
552 430 21 20 4.

340 473 132 26 Föräldrar,
494 474 190 27 fosterföräldrar
703 474 39 22 och
757 474 66 21 måls-

274 509 50 20 män
349 508 85 28 åligger
458 511 34 18 att
516 509 47 21 låta
587 509 47 21 med
656 509 167 28 skyddskoppor

273 549 65 21 ympa
352 542 27 21 de
394 543 8 20 i
417 543 66 21 deras
497 543 55 21 vård
566 543 97 22 varande
678 543 62 26 barn,
751 543 71 21 innan

273 577 62 21 dessa
357 577 95 27 uppnått
474 577 35 21 två
528 577 38 22 års
580 577 69 26 ålder,
664 577 97 28 såframt
776 576 46 22 icke

272 611 78 28 giltiga
372 611 49 21 skäl
443 611 36 21 till
500 612 144 27 ympningens
659 610 162 29 uppskjutande

268 645 133 28 Jörefinnas.
432 645 155 28 Skyldigheten
608 648 34 19 att
662 646 100 27 undergå
776 652 45 14 vac-

272 680 96 21 cination
390 679 72 28 gäller
482 679 67 28 äfven
569 679 38 27 för
630 680 63 21 äldre
712 679 55 22 barn
782 679 38 21 och

268 713 122 28 fullvuxna
401 721 113 20 personer,
530 713 84 22 hvilkas
628 714 138 21 vaccination
780 720 41 15 an-

273 748 73 28 tingen
368 748 80 28 aflupit
470 751 56 18 utan
539 748 125 29 framgång
678 749 54 21 eller
747 747 74 27 blifvit

267 782 142 27 försummad
423 783 54 20 eller
491 782 137 29 uppskjuten.

339 817 64 21 Från
424 817 151 28 skyldigheten
592 819 33 19 att
640 817 98 28 undergå
753 816 67 22 vacci-

272 851 76 21 nation
365 850 112 28 frikallas
493 851 20 28 ej
528 851 84 21 mindre
632 851 47 27 den,
694 858 46 15 som
755 850 67 22 bevis-

272 885 58 28 ligen
350 885 126 28 genomgått
498 885 98 28 verkliga
616 885 151 28 smittkoppor,
790 887 30 19 än

271 919 48 27 den,
340 919 88 21 hvilken
448 919 72 22 under
542 921 32 20 tre
586 920 32 27 på
633 919 129 22 hvarandra
772 919 48 28 föl-

266 953 72 28 jande
352 954 27 21 år
394 953 74 27 blifvit
484 954 135 25 vaccinerad,
634 954 67 21 minst
716 954 35 21 två
766 954 54 27 gån-

270 994 38 21 ger
326 987 59 28 från
406 994 49 15 arm
470 988 37 21 till
522 995 54 19 arm,
591 995 48 14 men
653 990 55 19 utan
720 987 100 28 påföljd,

270 1021 38 22 och
329 1022 97 21 sålunda
448 1022 37 21 må
500 1025 94 26 antagas
610 1029 54 14 vara
679 1021 141 28 oemottaglig

265 1055 42 28 för
322 1056 82 21 vaccin.

524 1107 16 28 $
554 1108 20 21 5.

335 1153 66 27 Efter
422 1153 113 21 verkstäld
552 1153 135 28 vaccinering
702 1153 60 21 skall
777 1153 42 21 den

267 1187 99 29 ympade,
382 1187 36 21 till
428 1187 123 21 utrönande
561 1187 30 27 af
595 1188 144 28 ympningens
746 1186 73 29 fram-

266 1222 65 28 gång,
347 1222 31 27 af
387 1222 153 21 vaccinatören
554 1221 108 28 granskas
677 1221 39 22 och
727 1221 43 28 för
784 1222 35 20 så-

268 1256 54 21 dant
336 1256 106 21 ändamål
457 1262 55 15 vara
528 1255 108 22 tillstädes
651 1256 14 20 å
680 1256 34 20 tid
728 1255 39 21 och
778 1257 41 23 ort,

267 1296 45 15 som
327 1290 76 21 dertill
418 1292 104 19 utsättas.
538 1289 60 21 Dock
613 1290 35 20 må
663 1290 20 28 ej
699 1289 61 22 detta
767 1288 51 28 for-

266 1324 54 21 dras
334 1324 31 26 af
374 1324 48 25 den,
437 1330 47 15 som
499 1323 68 22 redan
572 1323 66 28 förut
647 1323 36 21 vid
692 1325 71 19 annat
774 1323 46 21 till-

260 1358 61 27 fälle
335 1357 119 29 undergått
468 1357 144 29 granskning.
645 1357 132 28 Ogranskad
792 1359 27 19 är

265 1395 34 19 att
321 1392 71 21 såsom
415 1392 46 21 icke
484 1392 129 21 vaccinerad
635 1398 62 15 anses
720 1391 39 21 och
780 1391 39 21 bör

264 1427 61 29 förty
347 1428 57 27 ånyo
421 1426 146 22 underkastas
582 1426 111 28 ympning,
710 1425 72 21 derest
798 1426 20 27 ej
