1023 1623
223 98 29 21 122

194 302 74 29 (Mom.
284 304 29 28 1).

193 376 74 29 (Mom.
285 378 28 28 2).

191 617 73 29 (Mom.
281 619 29 28 3).

186 994 76 27 (Mom.
279 996 30 26 1).

185 1028 75 27 (Mom.
275 1030 32 28 2).

180 1198 65 24 Mom.
263 1201 31 27 3).

421 100 28 22 U.
465 100 27 22 B.
508 112 29 4 —
552 100 73 29 Prop.
641 100 40 23 N:o
696 100 36 22 10.

607 164 14 28 $
637 165 33 21 12.

567 203 144 22 Oförändrad.

573 266 16 28 $
605 267 34 21 13.

338 305 117 29 Landsväg
476 306 59 21 skall
558 306 103 22 vintertid
683 306 31 28 af
723 306 100 28 samtlige
838 306 108 28 väydygg-

331 340 159 28 nadsskyldige,
507 347 19 14 o.
541 347 17 14 s.
574 348 19 14 v.
609 340 46 22 lika
668 340 51 22 med
733 340 169 28 propositionen.

330 374 21 26 Ä
362 382 39 24 ort,
413 380 39 22 der
460 381 83 21 allmän
554 381 117 28 vinterväg,
682 381 69 28 enligt
759 381 15 27 $
785 382 33 24 14,
830 383 26 19 är
867 381 35 21 till
912 380 32 22 be-

329 415 114 27 gagnande
458 416 111 27 uppläten,
577 422 36 21 ege
624 415 148 25 Guvernören,
782 415 30 27 pä
822 414 122 28 ansökning

329 448 30 25 af
369 449 158 21 vederbörande
541 449 263 28 vägbyggnadsskyldige,
816 451 54 25 efter
877 449 66 27 pröf-

330 483 53 27 ning
405 483 30 27 af
448 484 127 26 företeende
593 483 190 28 omständigheter,
800 483 97 21 meddela
912 483 32 27 ef-

329 517 77 27 tergift
421 518 8 20 i
444 518 150 28 skyldigheten
616 520 33 19 att
672 518 108 27 landsväg
802 517 141 28 öppenhälla;

328 551 51 21 dock
390 554 32 19 att
437 552 144 22 densamma
567 547 14 38 i
594 552 43 28 god
652 552 33 22 tid
700 558 34 15 om
749 552 66 21 vären
832 551 88 28 bringas
934 551 8 21 i

323 585 93 26 farbart
431 586 65 21 skick.

335 619 33 21 På
390 620 25 21 de
437 621 86 26 ställen,
546 621 45 25 der,
608 620 42 28 för
671 620 138 28 omgifoande
828 619 114 29 hägnader

326 653 53 21 eller
401 654 30 27 af
449 662 74 14 annan
546 655 71 25 orsak,
640 654 88 29 mycken
750 656 39 19 snö
806 654 13 20 å
835 654 107 27 landsväg

326 688 87 26 samlas,
435 689 25 21 så
482 692 33 18 att
537 691 68 25 vägen
625 689 77 21 endast
717 688 48 21 med
780 688 109 28 svårighet
904 688 38 20 och

325 724 70 19 större
416 722 92 22 kostnad
523 723 44 21 kan
589 723 103 21 vintertid
711 722 79 26 farbar
805 722 79 26 hållas,
898 722 42 26 må,

326 756 56 27 efter
400 757 109 28 pröfning
532 757 29 27 af
579 760 72 18 ortens
674 756 176 26 kronolänsman,
871 758 69 26 vägen

326 790 59 21 ledas
407 792 32 27 på
464 792 65 21 sidan
554 798 34 15 om
611 792 85 21 sådana
721 790 85 26 ställen,
822 790 39 21 der
880 790 58 21 detta

325 825 143 28 beqvämligen
491 826 38 21 och
552 828 53 19 utan
629 825 114 28 olägenhet
753 824 42 27 för
803 825 135 27 jordegaren

325 859 56 21 låter
404 861 34 26 sig
460 862 61 25 göra,
537 861 53 20 eller
610 860 75 26 denne,
701 859 70 21 ehuru
786 858 114 29 olägenhet
914 858 31 27 af

323 895 79 26 vägens
417 901 20 14 o.
453 901 15 15 s.
484 901 18 15 v.
519 894 68 27 enligt
602 893 171 28 propositionen.

596 958 15 27 $
626 958 34 20 14.

325 996 150 28 Likalydande
490 998 49 20 med
555 997 170 27 propositionen.

334 1043 28 3 —
379 1043 24 3 —
420 1043 28 4 —
463 1044 27 3 —
506 1032 91 27 Hugger
619 1032 72 27 någon
714 1036 45 21 upp
780 1030 46 20 isen
842 1029 14 20 &
870 1029 71 21 sådan

325 1067 42 25 väg
382 1065 61 27 öfver
458 1066 38 27 sjö,
512 1072 51 14 vare
577 1072 82 14 ansvar
675 1064 123 26 enahanda,
813 1069 45 15 som
874 1063 8 20 i
897 1064 13 20 9
926 1064 15 27 $

323 1100 30 20 21
363 1099 50 27 kap.
425 1099 30 21 M.
467 1100 25 20 B.
504 1102 69 18 utsatt
583 1102 33 18 är.
639 1099 46 21 För
694 1099 73 27 någon
778 1098 69 29 deraf
852 1100 88 27 kropps-

323 1133 72 27 syada
410 1134 54 20 eller
480 1134 64 27 ljuter
559 1134 77 25 döden,
652 1140 50 14 vare
718 1140 82 15 ansvar
814 1134 76 26 derför
905 1141 35 14 en-

324 1167 41 27 ligt
381 1168 42 27 lag.

328 1201 75 27 Enligt
418 1202 170 27 propositionen.

594 1265 16 27 $
625 1265 34 21 15.

387 1304 10 20 I
412 1304 95 28 enlighet
522 1306 49 20 med
587 1305 173 28 propositionen.

591 1368 16 27 $
623 1370 36 20 16.

386 1407 10 20 I
419 1406 65 29 öfrigt
506 1407 46 22 lika
570 1408 50 21 med
638 1407 154 23 motsvarande
812 1408 10 26 $
837 1406 8 21 i
860 1412 78 22 propo-

227 1432 142 43 Sammansatta
380 1446 49 24 Lag-
441 1448 32 18 och
486 1447 187 20 Ekonomiutskottets
684 1446 118 20 betänkande
813 1446 37 19 N:o
862 1447 18 17 5.
