1025 1620
416 100 35 22 N:o
467 100 20 22 2.
774 101 25 20 17

79 171 91 19 stämma
185 169 53 20 eller
254 169 197 27 stadsfullmäktige
467 170 97 26 tillsatte,
579 170 6 21 i
596 170 82 21 hvilket
689 169 38 22 fall
738 169 91 21 nämnda

80 203 128 26 åligganden
224 203 22 21 af
260 203 46 21 dem
324 203 129 27 öfvertagas.

423 267 12 27 $
453 269 31 19 17.

151 307 45 21 Den
221 307 97 26 ordning,
344 308 31 20 uti
400 307 86 21 hvilken
508 308 212 27 skyddsympningen
736 307 33 22 för
784 308 47 20 året

81 343 97 20 kommer
194 344 32 19 att
242 343 6 20 i
264 342 76 21 staden
357 342 135 26 verkställas,
509 342 61 26 skall,
587 342 50 21 höst
652 343 39 20 och
708 342 43 26 vår,
764 342 67 21 under

80 377 36 20 två
131 377 27 26 på
174 377 121 20 hvarandra
310 376 95 27 följande
421 377 108 26 söndagar
545 377 109 26 kungöras
664 377 7 20 i
683 377 88 20 stadens
782 376 49 27 kyr-

81 411 44 26 kor,
144 411 66 26 jemte
231 411 36 20 det
282 410 207 27 tillkännagifvande
506 411 72 21 derom
595 410 62 22 äfven
673 411 40 21 bör
728 410 80 22 införas
824 410 6 21 i

81 446 69 26 någon
173 446 6 20 i
204 446 76 20 staden
300 446 143 26 tilläfventyrs
463 446 152 20 utkommande
631 446 84 26 tidning
730 445 27 27 på
773 445 58 21 såväl

82 480 92 21 svenska
198 486 44 15 som
263 480 68 21 finska
348 480 95 26 språket,
459 480 99 26 hvarhos,
575 480 27 26 på
618 482 44 18 sätt
679 480 3 20 i
707 480 4 27 &
729 481 24 19 10
769 485 62 15 mom.

81 522 13 13 a
114 515 34 20 för
171 515 150 21 landsorterna
336 517 24 18 är
376 515 109 25 stadgadt,
502 514 210 21 Provincialläkaren
729 514 52 20 skall
799 520 33 14 om

81 550 141 26 ympningens
238 550 140 26 företagande
394 550 146 20 underrättas.

425 613 12 27 $
455 614 32 20 18.

154 653 179 27 Tillsyningsmän
354 654 33 20 för
406 654 37 20 det
463 654 5 20 i
485 654 11 27 $
515 655 25 20 12
556 654 90 21 afsedda
661 653 97 21 ändamål
775 655 59 18 utses

83 688 22 20 af
120 688 173 20 rådhusstämma
309 688 52 21 eller
377 688 205 27 stadsfullmäktige,
599 688 39 22 och
654 688 35 20 må
704 688 41 20 slik
757 686 77 22 befatt-

84 722 49 27 ning
152 722 123 27 uppdragas
296 728 24 15 en
337 722 58 26 hvar,
413 728 46 15 som
475 723 33 20 till
524 722 49 21 dess
589 722 163 21 handhafvande
768 720 67 22 finnes

84 757 88 27 lämplig
195 757 39 21 och
250 757 47 21 med
315 757 86 21 hvilken
417 757 52 21 aftal
487 764 33 14 om
535 757 132 27 uppdragets
685 755 151 27 emottagande

84 792 41 20 kan
141 790 81 21 träffas.

428 822 11 25 S
459 821 31 20 19.

156 861 134 26 Stadgandet
313 861 5 20 i
342 861 11 27 $
377 862 25 20 10
425 867 64 15 mom.
505 868 10 13 e
530 861 111 26 angående
656 859 132 28 afgifvandet
804 859 33 20 till

86 895 216 21 kommunalstämma
317 895 23 21 af
354 895 155 21 årsberättelse
525 895 59 21 öfver
600 895 159 20 vaccinationen
771 893 66 27 jemte

85 930 80 25 förslag
190 930 31 20 till
246 930 80 20 sådana
349 929 102 27 åtgärder
474 929 34 22 för
531 929 134 22 densammas
688 927 149 26 befordrande,

86 971 43 14 som
146 965 73 20 kunna
235 964 67 21 finnas
318 964 85 26 nödiga,
421 964 55 21 skall
495 965 6 20 i
518 964 48 21 stad
577 964 108 26 tillämpas
697 963 97 25 sålunda,
806 964 32 19 att

86 999 65 26 sagde
174 999 154 20 ärsherättelse
351 999 38 20 och
409 998 90 27 förslag,
515 999 57 21 inom
589 998 58 21 Mars
663 998 83 25 månad,
763 1003 74 20 genom

88 1033 140 26 Magistraten
252 1033 51 21 eller
328 1033 183 26 Ordningsrätten
534 1033 32 20 till
587 1032 184 21 rådhusstämmas
787 1031 52 20 eller

88 1068 208 26 stadsfullmäktiges
313 1068 131 25 behandling
461 1067 149 22 öfverlemnas.

398 1165 83 28 Kap.
501 1165 29 22 4.

114 1233 33 22 Om
163 1233 157 27 vaccindepoter
336 1234 37 21 och
391 1234 175 26 tillgodogörande
582 1234 21 21 af
618 1234 131 21 vaccinämne
764 1232 54 21 samt

169 1268 154 22 vaccinationen
342 1268 5 21 i
363 1268 25 22 de
403 1268 80 26 städer,
500 1268 26 21 uti
544 1268 64 22 hvilka
623 1266 132 28 vaccindepot

397 1304 23 20 är
437 1303 96 21 inrättad.

435 1372 11 27 s
463 1373 35 19 20.

161 1412 9 21 I
187 1412 99 21 ändamål
302 1414 32 19 att
349 1412 107 26 betrygga
472 1411 119 27 tillgången
607 1411 27 27 på
649 1410 52 28 godt
712 1410 130 25 vecinämne,

766 1455 11 17 2
