1034 1620
204 100 12 20 6
506 101 35 22 N:o
556 100 32 24 16.

176 168 48 21 med
246 168 144 28 maltdrycker
412 169 117 22 innefattar
552 170 46 21 icke
617 170 99 20 tillstånd
735 172 33 18 att
786 168 88 26 försälja
889 168 34 20 de-

177 209 80 15 samma
273 203 32 21 till
322 204 104 26 förtäring
442 204 28 27 på
486 205 79 20 stället.

520 268 11 27 $
550 269 31 20 12.

248 306 121 28 Maltdryck
392 307 34 21 må
448 308 47 20 icke
519 308 6 20 i
545 308 188 27 försäljningsrum
752 307 103 26 utborgas
874 306 51 21 eller

178 342 57 19 emot
254 342 52 25 pant
325 341 75 22 aflåtas
420 342 52 21 eller
490 342 33 21 till
540 342 105 27 förtäring
661 342 12 21 å
689 342 74 21 stället
781 337 66 25 såsom
864 340 62 27 gåfva

177 374 87 22 lemnas.

521 405 12 27 $
550 406 31 20 13.

251 444 53 25 Den,
320 451 44 15 som
381 445 99 27 försäljer
500 445 119 27 maltdryck
640 447 52 19 utan
709 447 38 24 att,
763 445 28 26 på
807 447 42 18 sätt
865 444 61 21 ofvan

182 479 104 26 stadgats,
302 486 51 15 vara
369 480 71 21 dertill
460 480 121 26 berättigad
598 480 52 21 eller
667 480 34 21 vid
717 479 84 26 handel,
818 479 86 21 hvarom
920 479 7 20 i

182 513 24 27 88
224 514 8 20 1
250 513 40 21 och
313 515 11 19 9
348 516 68 24 säges,
442 514 64 26 säljer
529 514 52 21 eller
601 515 106 20 utlemnar
725 514 83 20 mindre
827 515 26 19 än
869 513 57 20 det
913 509 15 36 i

180 547 73 27 hvarje
276 547 37 21 fall
336 548 107 27 medgifna
458 549 79 20 minsta
553 548 83 27 belopp,
657 549 58 25 eller,
735 550 45 19 mot
798 548 55 20 hvad
871 547 11 27 $
903 548 21 19 11

180 581 94 27 stadgar,
291 582 53 21 låter
361 583 36 21 det
413 583 65 27 köpta
494 583 12 21 &
524 584 73 20 stället
612 584 100 25 förtäras,
729 583 51 21 eller
797 582 130 21 öfverträder

179 616 111 26 förbuden,
308 623 44 15 som
368 620 36 19 äro
421 618 59 26 gifna
495 618 6 20 i
516 618 25 27 $$
557 618 18 26 6,
595 620 24 19 10
635 618 38 21 och
692 619 31 25 12,
734 618 49 20 böte
799 617 67 21 första
877 617 50 26 gän-

180 657 40 20 gen
244 651 46 21 frän
314 652 38 20 och
372 653 47 20 med
439 652 103 27 tjugufem
563 653 32 20 till
616 653 39 21 och
671 653 48 21 med
735 652 117 26 sjuttiofem
868 651 59 21 mark

180 685 39 21 och
242 686 67 20 andra
330 686 83 27 gängen
437 687 46 21 frän
502 687 39 21 och
565 688 48 20 med
633 687 73 21 femtio
723 687 32 21 till
771 686 38 21 och
825 686 48 21 med
889 688 40 18 ett-

181 720 83 20 hundra
283 720 73 22 femtio
377 722 66 20 mark.
474 722 53 20 Sker
547 722 36 20 det
602 722 68 26 tredje
687 722 83 26 gängen
787 721 51 21 eller
854 720 74 25 oftare,

181 760 50 15 vare
254 755 38 21 bot
311 755 46 21 från
377 756 39 20 och
436 756 48 21 med
504 756 116 21 etthundra
636 756 32 21 till
685 756 39 21 och
740 756 48 20 med
804 755 125 21 femhundra

180 788 67 22 mark.

525 819 12 27 8
555 820 30 19 14.

253 857 138 28 Förbrytelse
407 860 45 19 mot
466 859 12 26 &
494 860 11 20 7
523 859 85 21 straffas
625 859 48 21 med
689 859 68 25 böter,
769 858 68 21 första
847 858 82 27 gången

182 891 46 22 frän
245 892 39 21 och
300 892 48 21 med
364 893 117 26 sjuttiofem
497 893 31 20 till
546 893 38 21 och
600 893 48 21 med
659 893 117 21 etthundra
786 893 73 20 femtio
870 893 60 20 mark

182 927 39 20 och
244 927 66 20 andra
330 927 83 26 gången
433 927 45 21 från
500 928 38 20 och
557 928 48 20 med
622 928 115 20 etthundra
755 927 72 21 femtio
843 927 32 20 till
891 927 39 21 och

182 960 48 21 med
246 961 118 21 trehundra
383 962 67 20 mark.
481 962 52 20 Sker
553 962 36 20 det
605 962 68 26 tredje
689 962 82 26 gången
788 962 52 20 eller
855 961 75 24 oftare,

182 1001 50 14 vare
256 995 37 21 bot
316 995 46 21 från
383 996 38 20 och
441 996 47 20 med
509 996 118 21 trehundra
643 996 32 21 till
693 996 38 21 och
747 996 48 20 med
811 995 121 21 sexhundra

184 1030 66 20 mark.

527 1059 11 27 $
557 1060 32 20 15.

256 1094 140 26 Öfverträder
411 1100 69 26 någon
497 1099 100 21 förbudet
612 1100 6 20 i
635 1100 10 26 $
662 1101 11 19 5
693 1105 55 15 mom
761 1090 14 41 1
795 1099 51 20 eller
857 1098 75 21 under-

184 1132 55 21 låter
255 1135 33 19 att
303 1133 93 27 fullgöra
412 1134 54 20 hvad
482 1134 4 20 j
504 1140 63 14 mom.
585 1134 11 20 2
612 1134 23 20 af
649 1140 82 14 samma
747 1133 10 27 $
775 1134 92 25 stadgas,
884 1133 49 21 böte

183 1166 47 22 från
246 1168 39 20 och
301 1168 47 20 med
365 1168 31 20 tio
412 1168 32 20 till
462 1168 37 21 och
515 1168 47 21 med
578 1168 79 27 fyratio
673 1168 66 21 mark.

528 1231 11 27 $
558 1231 29 20 16.

255 1271 142 22 Innehafvare
416 1272 22 21 af
455 1271 183 27 försäljningsrätt
657 1278 57 18 vare,
735 1271 38 20 der
792 1271 41 20 han
853 1271 22 19 ät
890 1272 44 18 sär-

184 1305 56 21 skild
264 1306 148 21 föreståndare
436 1307 109 20 öfverlåtit
568 1306 166 26 försäljningens
761 1305 104 25 utöfning,
892 1304 43 21 lika

184 1340 48 21 med
256 1340 68 21 denne
347 1341 100 26 ansvarig
466 1341 17 26 ej
507 1341 92 20 allenast
617 1340 33 21 för
669 1339 155 22 öfverträdelse
843 1339 24 20 af
880 1339 55 20 före-

184 1373 118 22 skrifterna
318 1375 6 20 i
341 1375 70 21 denna
426 1375 125 26 förordning
566 1377 52 18 utan
635 1374 69 26 äfven,
716 1374 45 21 ifall
773 1373 162 22 föreståndaren

184 1408 48 21 icke
255 1408 81 22 förmår
358 1408 88 27 erlägga
467 1408 78 21 honom
565 1408 92 22 ådömda
677 1408 68 25 böter,
765 1407 33 21 för
813 1407 63 21 deras
891 1407 44 26 gäl-
