<?xml version="1.0" encoding="UTF-8"?>
<alto xmlns="http://www.loc.gov/standards/alto/ns-v3#" xmlns:xlink="http://www.w3.org/1999/xlink" xmlns:xsi="http://www.w3.org/2001/XMLSchema-instance" xsi:schemaLocation="http://www.loc.gov/standards/alto/ns-v3# http://www.loc.gov/alto/v3/alto-3-0.xsd">
	<Description>
		<MeasurementUnit>pixel</MeasurementUnit>
		<sourceImageInformation>
			<fileName>/tmp/tess_4lremgsx_input.PNG</fileName>
		</sourceImageInformation>
		<OCRProcessing ID="OCR_0">
			<ocrProcessingStep>
				<processingSoftware>
					<softwareName>tesseract 5.3.4</softwareName>
				</processingSoftware>
			</ocrProcessingStep>
		</OCRProcessing>
	</Description>
	<Layout>
		<Page WIDTH="1025" HEIGHT="1620" PHYSICAL_IMG_NR="0" ID="page_0">
			<PrintSpace HPOS="0" VPOS="0" WIDTH="1025" HEIGHT="1620">
				<ComposedBlock ID="cblock_0" HPOS="280" VPOS="101" WIDTH="528" HEIGHT="28">
					<TextBlock ID="block_0" HPOS="280" VPOS="101" WIDTH="528" HEIGHT="28">
						<TextLine ID="line_0" HPOS="280" VPOS="101" WIDTH="528" HEIGHT="28">
							<String ID="string_0" HPOS="280" VPOS="102" WIDTH="81" HEIGHT="23" WC="0.54" CONTENT="Ständ."/><SP WIDTH="16" VPOS="102" HPOS="361"/>
							<String ID="string_1" HPOS="377" VPOS="102" WIDTH="38" HEIGHT="23" WC="0.93" CONTENT="Sv."/><SP WIDTH="16" VPOS="102" HPOS="415"/>
							<String ID="string_2" HPOS="431" VPOS="115" WIDTH="27" HEIGHT="2" WC="0.91" CONTENT="—"/><SP WIDTH="15" VPOS="115" HPOS="458"/>
							<String ID="string_3" HPOS="473" VPOS="102" WIDTH="72" HEIGHT="27" WC="0.96" CONTENT="Prop."/><SP WIDTH="15" VPOS="102" HPOS="545"/>
							<String ID="string_4" HPOS="560" VPOS="102" WIDTH="40" HEIGHT="22" WC="0.96" CONTENT="N:o"/><SP WIDTH="15" VPOS="102" HPOS="600"/>
							<String ID="string_5" HPOS="615" VPOS="101" WIDTH="34" HEIGHT="22" WC="0.95" CONTENT="15."/><SP WIDTH="147" VPOS="101" HPOS="649"/>
							<String ID="string_6" HPOS="796" VPOS="102" WIDTH="12" HEIGHT="20" WC="0.96" CONTENT="7"/>
						</TextLine>
					</TextBlock>
				</ComposedBlock>
				<ComposedBlock ID="cblock_1" HPOS="88" VPOS="163" WIDTH="759" HEIGHT="1290">
					<TextBlock ID="block_1" HPOS="88" VPOS="163" WIDTH="750" HEIGHT="96">
						<TextLine ID="line_1" HPOS="88" VPOS="163" WIDTH="749" HEIGHT="27">
							<String ID="string_7" HPOS="88" VPOS="165" WIDTH="72" HEIGHT="25" WC="0.96" CONTENT="sökas,"/><SP WIDTH="13" VPOS="165" HPOS="160"/>
							<String ID="string_8" HPOS="173" VPOS="164" WIDTH="70" HEIGHT="22" WC="0.96" CONTENT="blifvit"/><SP WIDTH="14" VPOS="164" HPOS="243"/>
							<String ID="string_9" HPOS="257" VPOS="163" WIDTH="114" HEIGHT="22" WC="0.96" CONTENT="inskränkt"/><SP WIDTH="14" VPOS="163" HPOS="371"/>
							<String ID="string_10" HPOS="385" VPOS="165" WIDTH="34" HEIGHT="20" WC="0.96" CONTENT="till"/><SP WIDTH="14" VPOS="165" HPOS="419"/>
							<String ID="string_11" HPOS="433" VPOS="165" WIDTH="37" HEIGHT="21" WC="0.96" CONTENT="två"/><SP WIDTH="14" VPOS="165" HPOS="470"/>
							<String ID="string_12" HPOS="484" VPOS="165" WIDTH="31" HEIGHT="24" WC="0.96" CONTENT="år,"/><SP WIDTH="16" VPOS="165" HPOS="515"/>
							<String ID="string_13" HPOS="531" VPOS="171" WIDTH="46" HEIGHT="14" WC="0.96" CONTENT="som"/><SP WIDTH="14" VPOS="171" HPOS="577"/>
							<String ID="string_14" HPOS="591" VPOS="167" WIDTH="83" HEIGHT="18" WC="0.96" CONTENT="ansetts"/><SP WIDTH="15" VPOS="167" HPOS="674"/>
							<String ID="string_15" HPOS="689" VPOS="164" WIDTH="33" HEIGHT="21" WC="0.93" CONTENT="för"/><SP WIDTH="15" VPOS="164" HPOS="722"/>
							<String ID="string_16" HPOS="737" VPOS="164" WIDTH="100" HEIGHT="21" WC="0.90" CONTENT="ändamå-"/>
						</TextLine>
						<TextLine ID="line_2" HPOS="88" VPOS="197" WIDTH="750" HEIGHT="29">
							<String ID="string_17" HPOS="88" VPOS="200" WIDTH="31" HEIGHT="21" WC="0.93" CONTENT="let"/><SP WIDTH="14" VPOS="200" HPOS="119"/>
							<String ID="string_18" HPOS="133" VPOS="198" WIDTH="110" HEIGHT="28" WC="0.92" CONTENT="tillfyllest,"/><SP WIDTH="16" VPOS="198" HPOS="243"/>
							<String ID="string_19" HPOS="259" VPOS="197" WIDTH="112" HEIGHT="22" WC="0.92" CONTENT="hvarutom"/><SP WIDTH="14" VPOS="197" HPOS="371"/>
							<String ID="string_20" HPOS="385" VPOS="199" WIDTH="8" HEIGHT="20" WC="0.96" CONTENT="i"/><SP WIDTH="15" VPOS="199" HPOS="393"/>
							<String ID="string_21" HPOS="408" VPOS="199" WIDTH="68" HEIGHT="21" WC="0.96" CONTENT="andra"/><SP WIDTH="20" VPOS="199" HPOS="476"/>
							<String ID="string_22" HPOS="496" VPOS="200" WIDTH="117" HEIGHT="19" WC="0.95" CONTENT="momentet"/><SP WIDTH="16" VPOS="200" HPOS="613"/>
							<String ID="string_23" HPOS="629" VPOS="205" WIDTH="26" HEIGHT="14" WC="0.93" CONTENT="en"/><SP WIDTH="16" VPOS="205" HPOS="655"/>
							<String ID="string_24" HPOS="671" VPOS="197" WIDTH="167" HEIGHT="22" WC="0.91" CONTENT="redaktionsför-"/>
						</TextLine>
						<TextLine ID="line_3" HPOS="89" VPOS="232" WIDTH="214" HEIGHT="27">
							<String ID="string_25" HPOS="89" VPOS="233" WIDTH="92" HEIGHT="26" WC="0.95" CONTENT="ändring"/><SP WIDTH="14" VPOS="233" HPOS="181"/>
							<String ID="string_26" HPOS="195" VPOS="232" WIDTH="108" HEIGHT="27" WC="0.96" CONTENT="vidtagits."/>
						</TextLine>
					</TextBlock>
					<TextBlock ID="block_2" HPOS="90" VPOS="266" WIDTH="750" HEIGHT="302">
						<TextLine ID="line_4" HPOS="158" VPOS="266" WIDTH="680" HEIGHT="28">
							<String ID="string_27" HPOS="158" VPOS="267" WIDTH="95" HEIGHT="20" WC="0.93" CONTENT="Emedan"/><SP WIDTH="23" VPOS="267" HPOS="253"/>
							<String ID="string_28" HPOS="276" VPOS="266" WIDTH="120" HEIGHT="22" WC="0.91" CONTENT="Ständerna"/><SP WIDTH="23" VPOS="266" HPOS="396"/>
							<String ID="string_29" HPOS="419" VPOS="267" WIDTH="19" HEIGHT="27" WC="0.96" CONTENT="ej"/><SP WIDTH="23" VPOS="267" HPOS="438"/>
							<String ID="string_30" HPOS="461" VPOS="268" WIDTH="72" HEIGHT="19" WC="0.93" CONTENT="ansett"/><SP WIDTH="23" VPOS="268" HPOS="533"/>
							<String ID="string_31" HPOS="556" VPOS="267" WIDTH="80" HEIGHT="26" WC="0.91" CONTENT="nödigt,"/><SP WIDTH="16" VPOS="267" HPOS="636"/>
							<String ID="string_32" HPOS="652" VPOS="269" WIDTH="33" HEIGHT="19" WC="0.93" CONTENT="att"/><SP WIDTH="15" VPOS="269" HPOS="685"/>
							<String ID="string_33" HPOS="700" VPOS="266" WIDTH="138" HEIGHT="27" WC="0.93" CONTENT="utmälslägg-"/>
						</TextLine>
						<TextLine ID="line_5" HPOS="90" VPOS="300" WIDTH="748" HEIGHT="29">
							<String ID="string_34" HPOS="90" VPOS="302" WIDTH="58" HEIGHT="27" WC="0.96" CONTENT="ning,"/><SP WIDTH="16" VPOS="302" HPOS="148"/>
							<String ID="string_35" HPOS="164" VPOS="308" WIDTH="45" HEIGHT="14" WC="0.96" CONTENT="som"/><SP WIDTH="15" VPOS="308" HPOS="209"/>
							<String ID="string_36" HPOS="224" VPOS="300" WIDTH="45" HEIGHT="21" WC="0.96" CONTENT="ofta"/><SP WIDTH="15" VPOS="300" HPOS="269"/>
							<String ID="string_37" HPOS="284" VPOS="300" WIDTH="43" HEIGHT="21" WC="0.96" CONTENT="kan"/><SP WIDTH="14" VPOS="300" HPOS="327"/>
							<String ID="string_38" HPOS="341" VPOS="308" WIDTH="52" HEIGHT="14" WC="0.96" CONTENT="vara"/><SP WIDTH="15" VPOS="308" HPOS="393"/>
							<String ID="string_39" HPOS="408" VPOS="301" WIDTH="24" HEIGHT="21" WC="0.96" CONTENT="af"/><SP WIDTH="12" VPOS="301" HPOS="432"/>
							<String ID="string_40" HPOS="444" VPOS="301" WIDTH="83" HEIGHT="26" WC="0.96" CONTENT="ganska"/><SP WIDTH="16" VPOS="301" HPOS="527"/>
							<String ID="string_41" HPOS="543" VPOS="301" WIDTH="63" HEIGHT="20" WC="0.96" CONTENT="enkel"/><SP WIDTH="14" VPOS="301" HPOS="606"/>
							<String ID="string_42" HPOS="620" VPOS="301" WIDTH="153" HEIGHT="26" WC="0.93" CONTENT="beskaffenhet,"/><SP WIDTH="16" VPOS="301" HPOS="773"/>
							<String ID="string_43" HPOS="789" VPOS="301" WIDTH="49" HEIGHT="21" WC="0.91" CONTENT="ovil"/>
						</TextLine>
						<TextLine ID="line_6" HPOS="90" VPOS="334" WIDTH="747" HEIGHT="29">
							<String ID="string_44" HPOS="90" VPOS="336" WIDTH="79" HEIGHT="27" WC="0.91" CONTENT="korligt"/><SP WIDTH="15" VPOS="336" HPOS="169"/>
							<String ID="string_45" HPOS="184" VPOS="335" WIDTH="39" HEIGHT="21" WC="0.96" CONTENT="bör"/><SP WIDTH="14" VPOS="335" HPOS="223"/>
							<String ID="string_46" HPOS="237" VPOS="334" WIDTH="25" HEIGHT="22" WC="0.96" CONTENT="af"/><SP WIDTH="11" VPOS="334" HPOS="262"/>
							<String ID="string_47" HPOS="273" VPOS="334" WIDTH="146" HEIGHT="28" WC="0.96" CONTENT="bergmästare"/><SP WIDTH="15" VPOS="334" HPOS="419"/>
							<String ID="string_48" HPOS="434" VPOS="335" WIDTH="136" HEIGHT="25" WC="0.96" CONTENT="verkställas,"/><SP WIDTH="15" VPOS="335" HPOS="570"/>
							<String ID="string_49" HPOS="585" VPOS="335" WIDTH="81" HEIGHT="21" WC="0.96" CONTENT="hvilket"/><SP WIDTH="15" VPOS="335" HPOS="666"/>
							<String ID="string_50" HPOS="681" VPOS="335" WIDTH="52" HEIGHT="26" WC="0.96" CONTENT="ofta,"/><SP WIDTH="11" VPOS="335" HPOS="733"/>
							<String ID="string_51" HPOS="744" VPOS="335" WIDTH="93" HEIGHT="21" WC="0.96" CONTENT="särdeles"/>
						</TextLine>
						<TextLine ID="line_7" HPOS="90" VPOS="369" WIDTH="747" HEIGHT="28">
							<String ID="string_52" HPOS="90" VPOS="369" WIDTH="8" HEIGHT="21" WC="0.96" CONTENT="i"/><SP WIDTH="14" VPOS="369" HPOS="98"/>
							<String ID="string_53" HPOS="112" VPOS="369" WIDTH="159" HEIGHT="28" WC="0.95" CONTENT="Lappmarken,"/><SP WIDTH="16" VPOS="369" HPOS="271"/>
							<String ID="string_54" HPOS="287" VPOS="369" WIDTH="73" HEIGHT="21" WC="0.96" CONTENT="kunde"/><SP WIDTH="15" VPOS="369" HPOS="360"/>
							<String ID="string_55" HPOS="375" VPOS="369" WIDTH="97" HEIGHT="22" WC="0.96" CONTENT="medföra"/><SP WIDTH="15" VPOS="369" HPOS="472"/>
							<String ID="string_56" HPOS="487" VPOS="369" WIDTH="78" HEIGHT="27" WC="0.96" CONTENT="onödig"/><SP WIDTH="16" VPOS="369" HPOS="565"/>
							<String ID="string_57" HPOS="581" VPOS="369" WIDTH="99" HEIGHT="26" WC="0.96" CONTENT="kostnad,"/><SP WIDTH="16" VPOS="369" HPOS="680"/>
							<String ID="string_58" HPOS="696" VPOS="369" WIDTH="64" HEIGHT="22" WC="0.93" CONTENT="hafva"/><SP WIDTH="14" VPOS="369" HPOS="760"/>
							<String ID="string_59" HPOS="774" VPOS="369" WIDTH="63" HEIGHT="22" WC="0.91" CONTENT="Stän-"/>
						</TextLine>
						<TextLine ID="line_8" HPOS="92" VPOS="403" WIDTH="747" HEIGHT="27">
							<String ID="string_60" HPOS="92" VPOS="405" WIDTH="66" HEIGHT="19" WC="0.96" CONTENT="derna"/><SP WIDTH="21" VPOS="405" HPOS="158"/>
							<String ID="string_61" HPOS="179" VPOS="403" WIDTH="57" HEIGHT="21" WC="0.95" CONTENT="velat"/><SP WIDTH="14" VPOS="403" HPOS="236"/>
							<String ID="string_62" HPOS="250" VPOS="403" WIDTH="8" HEIGHT="20" WC="0.93" CONTENT="i"/><SP WIDTH="15" VPOS="403" HPOS="258"/>
							<String ID="string_63" HPOS="273" VPOS="404" WIDTH="10" HEIGHT="25" WC="0.72" CONTENT="$"/><SP WIDTH="16" VPOS="404" HPOS="283"/>
							<String ID="string_64" HPOS="299" VPOS="404" WIDTH="27" HEIGHT="19" WC="0.93" CONTENT="26"/><SP WIDTH="15" VPOS="404" HPOS="326"/>
							<String ID="string_65" HPOS="341" VPOS="403" WIDTH="108" HEIGHT="27" WC="0.92" CONTENT="medgifva"/><SP WIDTH="21" VPOS="403" HPOS="449"/>
							<String ID="string_66" HPOS="470" VPOS="403" WIDTH="167" HEIGHT="27" WC="0.91" CONTENT="bergsstyrelsen"/><SP WIDTH="23" VPOS="403" HPOS="637"/>
							<String ID="string_67" HPOS="660" VPOS="405" WIDTH="44" HEIGHT="19" WC="0.96" CONTENT="rätt"/><SP WIDTH="22" VPOS="405" HPOS="704"/>
							<String ID="string_68" HPOS="726" VPOS="406" WIDTH="39" HEIGHT="23" WC="0.96" CONTENT="att,"/><SP WIDTH="20" VPOS="406" HPOS="765"/>
							<String ID="string_69" HPOS="785" VPOS="403" WIDTH="54" HEIGHT="21" WC="0.96" CONTENT="efter"/>
						</TextLine>
						<TextLine ID="line_9" HPOS="91" VPOS="436" WIDTH="747" HEIGHT="28">
							<String ID="string_70" HPOS="91" VPOS="437" WIDTH="100" HEIGHT="27" WC="0.89" CONTENT="pröfning"/><SP WIDTH="15" VPOS="437" HPOS="191"/>
							<String ID="string_71" HPOS="206" VPOS="436" WIDTH="24" HEIGHT="22" WC="0.96" CONTENT="af"/><SP WIDTH="18" VPOS="436" HPOS="230"/>
							<String ID="string_72" HPOS="248" VPOS="437" WIDTH="220" HEIGHT="27" WC="0.95" CONTENT="omständigheterna,"/><SP WIDTH="15" VPOS="437" HPOS="468"/>
							<String ID="string_73" HPOS="483" VPOS="437" WIDTH="103" HEIGHT="21" WC="0.95" CONTENT="förordna"/><SP WIDTH="14" VPOS="437" HPOS="586"/>
							<String ID="string_74" HPOS="600" VPOS="444" WIDTH="72" HEIGHT="14" WC="0.96" CONTENT="annan"/><SP WIDTH="15" VPOS="444" HPOS="672"/>
							<String ID="string_75" HPOS="687" VPOS="437" WIDTH="88" HEIGHT="27" WC="0.93" CONTENT="lämplig"/><SP WIDTH="15" VPOS="437" HPOS="775"/>
							<String ID="string_76" HPOS="790" VPOS="444" WIDTH="48" HEIGHT="20" WC="0.92" CONTENT="per-"/>
						</TextLine>
						<TextLine ID="line_10" HPOS="91" VPOS="472" WIDTH="748" HEIGHT="27">
							<String ID="string_77" HPOS="91" VPOS="479" WIDTH="40" HEIGHT="14" WC="0.96" CONTENT="son"/><SP WIDTH="15" VPOS="479" HPOS="131"/>
							<String ID="string_78" HPOS="146" VPOS="474" WIDTH="31" HEIGHT="19" WC="0.93" CONTENT="att"/><SP WIDTH="16" VPOS="474" HPOS="177"/>
							<String ID="string_79" HPOS="193" VPOS="472" WIDTH="181" HEIGHT="27" WC="0.91" CONTENT="utmålsläggning"/><SP WIDTH="14" VPOS="472" HPOS="374"/>
							<String ID="string_80" HPOS="388" VPOS="472" WIDTH="123" HEIGHT="22" WC="0.81" CONTENT="verkställa."/><SP WIDTH="23" VPOS="472" HPOS="511"/>
							<String ID="string_81" HPOS="534" VPOS="472" WIDTH="11" HEIGHT="21" WC="0.96" CONTENT="I"/><SP WIDTH="15" VPOS="472" HPOS="545"/>
							<String ID="string_82" HPOS="560" VPOS="472" WIDTH="93" HEIGHT="27" WC="0.96" CONTENT="enlighet"/><SP WIDTH="15" VPOS="472" HPOS="653"/>
							<String ID="string_83" HPOS="668" VPOS="472" WIDTH="89" HEIGHT="21" WC="0.95" CONTENT="härmed"/><SP WIDTH="15" VPOS="472" HPOS="757"/>
							<String ID="string_84" HPOS="772" VPOS="473" WIDTH="24" HEIGHT="20" WC="0.93" CONTENT="är"/><SP WIDTH="10" VPOS="473" HPOS="796"/>
							<String ID="string_85" HPOS="806" VPOS="479" WIDTH="33" HEIGHT="14" WC="0.92" CONTENT="or-"/>
						</TextLine>
						<TextLine ID="line_11" HPOS="92" VPOS="506" WIDTH="748" HEIGHT="28">
							<String ID="string_86" HPOS="92" VPOS="507" WIDTH="36" HEIGHT="21" WC="0.93" CONTENT="det"/><SP WIDTH="18" VPOS="507" HPOS="128"/>
							<String ID="string_87" HPOS="146" VPOS="506" WIDTH="167" HEIGHT="27" WC="0.91" CONTENT="»bergmästare»"/><SP WIDTH="22" VPOS="506" HPOS="313"/>
							<String ID="string_88" HPOS="335" VPOS="506" WIDTH="62" HEIGHT="22" WC="0.96" CONTENT="äfven"/><SP WIDTH="16" VPOS="506" HPOS="397"/>
							<String ID="string_89" HPOS="413" VPOS="507" WIDTH="29" HEIGHT="27" WC="0.97" CONTENT="på"/><SP WIDTH="14" VPOS="507" HPOS="442"/>
							<String ID="string_90" HPOS="456" VPOS="507" WIDTH="68" HEIGHT="26" WC="0.96" CONTENT="några"/><SP WIDTH="19" VPOS="507" HPOS="524"/>
							<String ID="string_91" HPOS="543" VPOS="506" WIDTH="77" HEIGHT="21" WC="0.96" CONTENT="ställen"/><SP WIDTH="15" VPOS="506" HPOS="620"/>
							<String ID="string_92" HPOS="635" VPOS="507" WIDTH="8" HEIGHT="20" WC="0.96" CONTENT="i"/><SP WIDTH="14" VPOS="507" HPOS="643"/>
							<String ID="string_93" HPOS="657" VPOS="506" WIDTH="95" HEIGHT="28" WC="0.96" CONTENT="följande"/><SP WIDTH="16" VPOS="506" HPOS="752"/>
							<String ID="string_94" HPOS="768" VPOS="508" WIDTH="22" HEIGHT="26" WC="0.76" CONTENT="8$"/><SP WIDTH="16" VPOS="508" HPOS="790"/>
							<String ID="string_95" HPOS="806" VPOS="508" WIDTH="34" HEIGHT="19" WC="0.92" CONTENT="ut-"/>
						</TextLine>
						<TextLine ID="line_12" HPOS="92" VPOS="540" WIDTH="437" HEIGHT="28">
							<String ID="string_96" HPOS="92" VPOS="540" WIDTH="47" HEIGHT="28" WC="0.96" CONTENT="bytt"/><SP WIDTH="15" VPOS="540" HPOS="139"/>
							<String ID="string_97" HPOS="154" VPOS="543" WIDTH="56" HEIGHT="19" WC="0.96" CONTENT="emot"/><SP WIDTH="16" VPOS="543" HPOS="210"/>
							<String ID="string_98" HPOS="226" VPOS="541" WIDTH="60" HEIGHT="20" WC="0.93" CONTENT="ordet"/><SP WIDTH="18" VPOS="541" HPOS="286"/>
							<String ID="string_99" HPOS="304" VPOS="540" WIDTH="225" HEIGHT="27" WC="0.50" CONTENT="»förrättningsman»."/>
						</TextLine>
					</TextBlock>
					<TextBlock ID="block_3" HPOS="92" VPOS="574" WIDTH="752" HEIGHT="199">
						<TextLine ID="line_13" HPOS="160" VPOS="574" WIDTH="680" HEIGHT="23">
							<String ID="string_100" HPOS="160" VPOS="574" WIDTH="113" HEIGHT="22" WC="0.92" CONTENT="Likaledes"/><SP WIDTH="16" VPOS="574" HPOS="273"/>
							<String ID="string_101" HPOS="289" VPOS="574" WIDTH="64" HEIGHT="23" WC="0.93" CONTENT="hafva"/><SP WIDTH="15" VPOS="574" HPOS="353"/>
							<String ID="string_102" HPOS="368" VPOS="575" WIDTH="122" HEIGHT="21" WC="0.92" CONTENT="Ständerna"/><SP WIDTH="14" VPOS="575" HPOS="490"/>
							<String ID="string_103" HPOS="504" VPOS="576" WIDTH="72" HEIGHT="20" WC="0.93" CONTENT="ansett"/><SP WIDTH="15" VPOS="576" HPOS="576"/>
							<String ID="string_104" HPOS="591" VPOS="574" WIDTH="155" HEIGHT="23" WC="0.90" CONTENT="landtmätares"/><SP WIDTH="10" VPOS="574" HPOS="746"/>
							<String ID="string_105" HPOS="756" VPOS="575" WIDTH="84" HEIGHT="22" WC="0.96" CONTENT="biträde"/>
						</TextLine>
						<TextLine ID="line_14" HPOS="92" VPOS="604" WIDTH="748" HEIGHT="32">
							<String ID="string_106" HPOS="92" VPOS="611" WIDTH="36" HEIGHT="21" WC="0.93" CONTENT="vid"/><SP WIDTH="15" VPOS="611" HPOS="128"/>
							<String ID="string_107" HPOS="143" VPOS="609" WIDTH="189" HEIGHT="27" WC="0.90" CONTENT="utmålsläggning,"/><SP WIDTH="16" VPOS="609" HPOS="332"/>
							<String ID="string_108" HPOS="348" VPOS="611" WIDTH="48" HEIGHT="19" WC="0.96" CONTENT="med"/><SP WIDTH="15" VPOS="611" HPOS="396"/>
							<String ID="string_109" HPOS="411" VPOS="609" WIDTH="101" HEIGHT="22" WC="0.93" CONTENT="afseende"/><SP WIDTH="17" VPOS="609" HPOS="512"/>
							<String ID="string_110" HPOS="529" VPOS="610" WIDTH="12" HEIGHT="20" WC="0.90" CONTENT="å"/><SP WIDTH="10" VPOS="610" HPOS="541"/>
							<String ID="string_111" HPOS="551" VPOS="604" WIDTH="174" HEIGHT="27" WC="0.92" CONTENT="beskaffenheten"/><SP WIDTH="11" VPOS="604" HPOS="725"/>
							<String ID="string_112" HPOS="736" VPOS="609" WIDTH="24" HEIGHT="22" WC="0.96" CONTENT="af"/><SP WIDTH="8" VPOS="609" HPOS="760"/>
							<String ID="string_113" HPOS="768" VPOS="617" WIDTH="26" HEIGHT="14" WC="0.96" CONTENT="en"/><SP WIDTH="12" VPOS="617" HPOS="794"/>
							<String ID="string_114" HPOS="806" VPOS="609" WIDTH="34" HEIGHT="22" WC="0.96" CONTENT="del"/>
						</TextLine>
						<TextLine ID="line_15" HPOS="94" VPOS="643" WIDTH="747" HEIGHT="28">
							<String ID="string_115" HPOS="94" VPOS="643" WIDTH="49" HEIGHT="22" WC="0.96" CONTENT="utaf"/><SP WIDTH="13" VPOS="643" HPOS="143"/>
							<String ID="string_116" HPOS="156" VPOS="643" WIDTH="72" HEIGHT="28" WC="0.96" CONTENT="dylika"/><SP WIDTH="15" VPOS="643" HPOS="228"/>
							<String ID="string_117" HPOS="243" VPOS="643" WIDTH="161" HEIGHT="28" WC="0.96" CONTENT="förrättningar,"/><SP WIDTH="16" VPOS="643" HPOS="404"/>
							<String ID="string_118" HPOS="420" VPOS="644" WIDTH="18" HEIGHT="27" WC="0.96" CONTENT="ej"/><SP WIDTH="12" VPOS="644" HPOS="438"/>
							<String ID="string_119" HPOS="450" VPOS="651" WIDTH="52" HEIGHT="15" WC="0.93" CONTENT="vara"/><SP WIDTH="10" VPOS="651" HPOS="502"/>
							<String ID="string_120" HPOS="512" VPOS="643" WIDTH="139" HEIGHT="28" WC="0.91" CONTENT="ovilkorligen"/><SP WIDTH="10" VPOS="643" HPOS="651"/>
							<String ID="string_121" HPOS="661" VPOS="644" WIDTH="71" HEIGHT="27" WC="0.92" CONTENT="nödig,"/><SP WIDTH="10" VPOS="644" HPOS="732"/>
							<String ID="string_122" HPOS="742" VPOS="644" WIDTH="99" HEIGHT="21" WC="0.90" CONTENT="hvarföre"/>
						</TextLine>
						<TextLine ID="line_16" HPOS="94" VPOS="677" WIDTH="750" HEIGHT="28">
							<String ID="string_123" HPOS="94" VPOS="679" WIDTH="8" HEIGHT="20" WC="0.86" CONTENT="i"/><SP WIDTH="15" VPOS="679" HPOS="102"/>
							<String ID="string_124" HPOS="117" VPOS="680" WIDTH="11" HEIGHT="25" WC="0.85" CONTENT="&amp;"/><SP WIDTH="15" VPOS="680" HPOS="128"/>
							<String ID="string_125" HPOS="143" VPOS="679" WIDTH="27" HEIGHT="20" WC="0.93" CONTENT="27"/><SP WIDTH="15" VPOS="679" HPOS="170"/>
							<String ID="string_126" HPOS="185" VPOS="677" WIDTH="234" HEIGHT="28" WC="0.91" CONTENT="förrättningsmannen"/><SP WIDTH="15" VPOS="677" HPOS="419"/>
							<String ID="string_127" HPOS="434" VPOS="678" WIDTH="92" HEIGHT="21" WC="0.91" CONTENT="lemnats"/><SP WIDTH="15" VPOS="678" HPOS="526"/>
							<String ID="string_128" HPOS="541" VPOS="679" WIDTH="66" HEIGHT="26" WC="0.96" CONTENT="öppet"/><SP WIDTH="16" VPOS="679" HPOS="607"/>
							<String ID="string_129" HPOS="623" VPOS="680" WIDTH="32" HEIGHT="19" WC="0.96" CONTENT="att"/><SP WIDTH="16" VPOS="680" HPOS="655"/>
							<String ID="string_130" HPOS="671" VPOS="678" WIDTH="7" HEIGHT="21" WC="0.96" CONTENT="i"/><SP WIDTH="16" VPOS="678" HPOS="678"/>
							<String ID="string_131" HPOS="694" VPOS="678" WIDTH="37" HEIGHT="21" WC="0.96" CONTENT="fall"/><SP WIDTH="15" VPOS="678" HPOS="731"/>
							<String ID="string_132" HPOS="746" VPOS="678" WIDTH="24" HEIGHT="21" WC="0.93" CONTENT="af"/><SP WIDTH="7" VPOS="678" HPOS="770"/>
							<String ID="string_133" HPOS="777" VPOS="677" WIDTH="67" HEIGHT="22" WC="0.93" CONTENT="behof"/>
						</TextLine>
						<TextLine ID="line_17" HPOS="95" VPOS="712" WIDTH="747" HEIGHT="26">
							<String ID="string_134" HPOS="95" VPOS="712" WIDTH="69" HEIGHT="21" WC="0.93" CONTENT="anlita"/><SP WIDTH="13" VPOS="712" HPOS="164"/>
							<String ID="string_135" HPOS="177" VPOS="712" WIDTH="155" HEIGHT="21" WC="0.91" CONTENT="landtmätares"/><SP WIDTH="15" VPOS="712" HPOS="332"/>
							<String ID="string_136" HPOS="347" VPOS="712" WIDTH="90" HEIGHT="26" WC="0.96" CONTENT="biträde,"/><SP WIDTH="15" VPOS="712" HPOS="437"/>
							<String ID="string_137" HPOS="452" VPOS="719" WIDTH="50" HEIGHT="14" WC="0.96" CONTENT="men"/><SP WIDTH="15" VPOS="719" HPOS="502"/>
							<String ID="string_138" HPOS="517" VPOS="713" WIDTH="7" HEIGHT="20" WC="0.96" CONTENT="i"/><SP WIDTH="15" VPOS="713" HPOS="524"/>
							<String ID="string_139" HPOS="539" VPOS="714" WIDTH="68" HEIGHT="19" WC="0.96" CONTENT="annat"/><SP WIDTH="14" VPOS="714" HPOS="607"/>
							<String ID="string_140" HPOS="621" VPOS="712" WIDTH="38" HEIGHT="21" WC="0.93" CONTENT="fall"/><SP WIDTH="14" VPOS="712" HPOS="659"/>
							<String ID="string_141" HPOS="673" VPOS="712" WIDTH="116" HEIGHT="22" WC="0.92" CONTENT="verkställa"/><SP WIDTH="9" VPOS="712" HPOS="789"/>
							<String ID="string_142" HPOS="798" VPOS="712" WIDTH="44" HEIGHT="21" WC="0.82" CONTENT="för-"/>
						</TextLine>
						<TextLine ID="line_18" HPOS="96" VPOS="747" WIDTH="289" HEIGHT="26">
							<String ID="string_143" HPOS="96" VPOS="747" WIDTH="123" HEIGHT="26" WC="0.92" CONTENT="rättningen"/><SP WIDTH="15" VPOS="747" HPOS="219"/>
							<String ID="string_144" HPOS="234" VPOS="748" WIDTH="53" HEIGHT="19" WC="0.93" CONTENT="utan"/><SP WIDTH="15" VPOS="748" HPOS="287"/>
							<String ID="string_145" HPOS="302" VPOS="747" WIDTH="83" HEIGHT="20" WC="0.92" CONTENT="sädant."/>
						</TextLine>
					</TextBlock>
					<TextBlock ID="block_4" HPOS="94" VPOS="780" WIDTH="747" HEIGHT="130">
						<TextLine ID="line_19" HPOS="163" VPOS="780" WIDTH="678" HEIGHT="27">
							<String ID="string_146" HPOS="163" VPOS="781" WIDTH="78" HEIGHT="20" WC="0.93" CONTENT="Vidare"/><SP WIDTH="15" VPOS="781" HPOS="241"/>
							<String ID="string_147" HPOS="256" VPOS="780" WIDTH="39" HEIGHT="21" WC="0.93" CONTENT="har"/><SP WIDTH="15" VPOS="780" HPOS="295"/>
							<String ID="string_148" HPOS="310" VPOS="781" WIDTH="32" HEIGHT="20" WC="0.93" CONTENT="uti"/><SP WIDTH="15" VPOS="781" HPOS="342"/>
							<String ID="string_149" HPOS="357" VPOS="781" WIDTH="52" HEIGHT="20" WC="0.96" CONTENT="sista"/><SP WIDTH="14" VPOS="781" HPOS="409"/>
							<String ID="string_150" HPOS="423" VPOS="787" WIDTH="63" HEIGHT="15" WC="0.96" CONTENT="mom."/><SP WIDTH="17" VPOS="787" HPOS="486"/>
							<String ID="string_151" HPOS="503" VPOS="780" WIDTH="24" HEIGHT="21" WC="0.95" CONTENT="af"/><SP WIDTH="8" VPOS="780" HPOS="527"/>
							<String ID="string_152" HPOS="535" VPOS="787" WIDTH="82" HEIGHT="14" WC="0.93" CONTENT="samma"/><SP WIDTH="14" VPOS="787" HPOS="617"/>
							<String ID="string_153" HPOS="631" VPOS="781" WIDTH="11" HEIGHT="26" WC="0.92" CONTENT="$"/><SP WIDTH="15" VPOS="781" HPOS="642"/>
							<String ID="string_154" HPOS="657" VPOS="780" WIDTH="107" HEIGHT="22" WC="0.89" CONTENT="inflickats"/><SP WIDTH="10" VPOS="780" HPOS="764"/>
							<String ID="string_155" HPOS="774" VPOS="781" WIDTH="67" HEIGHT="20" WC="0.93" CONTENT="orden"/>
						</TextLine>
						<TextLine ID="line_20" HPOS="96" VPOS="814" WIDTH="744" HEIGHT="28">
							<String ID="string_156" HPOS="96" VPOS="814" WIDTH="64" HEIGHT="22" WC="0.28" CONTENT="seller"/><SP WIDTH="15" VPOS="814" HPOS="160"/>
							<String ID="string_157" HPOS="175" VPOS="822" WIDTH="72" HEIGHT="14" WC="0.96" CONTENT="annan"/><SP WIDTH="15" VPOS="822" HPOS="247"/>
							<String ID="string_158" HPOS="262" VPOS="815" WIDTH="69" HEIGHT="20" WC="0.96" CONTENT="under"/><SP WIDTH="23" VPOS="815" HPOS="331"/>
							<String ID="string_159" HPOS="354" VPOS="814" WIDTH="95" HEIGHT="27" WC="0.93" CONTENT="offentlig"/><SP WIDTH="15" VPOS="814" HPOS="449"/>
							<String ID="string_160" HPOS="464" VPOS="814" WIDTH="135" HEIGHT="28" WC="0.91" CONTENT="myndighets"/><SP WIDTH="14" VPOS="814" HPOS="599"/>
							<String ID="string_161" HPOS="613" VPOS="814" WIDTH="102" HEIGHT="22" WC="0.90" CONTENT="inseende"/><SP WIDTH="15" VPOS="814" HPOS="715"/>
							<String ID="string_162" HPOS="730" VPOS="815" WIDTH="110" HEIGHT="25" WC="0.85" CONTENT="stående»,"/>
						</TextLine>
						<TextLine ID="line_21" HPOS="94" VPOS="848" WIDTH="746" HEIGHT="28">
							<String ID="string_163" HPOS="94" VPOS="850" WIDTH="29" HEIGHT="26" WC="0.94" CONTENT="pä"/><SP WIDTH="21" VPOS="850" HPOS="123"/>
							<String ID="string_164" HPOS="144" VPOS="850" WIDTH="36" HEIGHT="20" WC="0.93" CONTENT="det"/><SP WIDTH="23" VPOS="850" HPOS="180"/>
							<String ID="string_165" HPOS="203" VPOS="849" WIDTH="90" HEIGHT="21" WC="0.91" CONTENT="sälunda"/><SP WIDTH="22" VPOS="849" HPOS="293"/>
							<String ID="string_166" HPOS="315" VPOS="848" WIDTH="95" HEIGHT="28" WC="0.92" CONTENT="tydligen"/><SP WIDTH="16" VPOS="848" HPOS="410"/>
							<String ID="string_167" HPOS="426" VPOS="848" WIDTH="68" HEIGHT="22" WC="0.93" CONTENT="skulle"/><SP WIDTH="16" VPOS="848" HPOS="494"/>
							<String ID="string_168" HPOS="510" VPOS="848" WIDTH="89" HEIGHT="28" WC="0.91" CONTENT="framgä,"/><SP WIDTH="16" VPOS="848" HPOS="599"/>
							<String ID="string_169" HPOS="615" VPOS="850" WIDTH="32" HEIGHT="19" WC="0.93" CONTENT="att"/><SP WIDTH="15" VPOS="850" HPOS="647"/>
							<String ID="string_170" HPOS="662" VPOS="848" WIDTH="62" HEIGHT="22" WC="0.93" CONTENT="äfven"/><SP WIDTH="15" VPOS="848" HPOS="724"/>
							<String ID="string_171" HPOS="739" VPOS="849" WIDTH="101" HEIGHT="21" WC="0.91" CONTENT="ecklesia-"/>
						</TextLine>
						<TextLine ID="line_22" HPOS="94" VPOS="883" WIDTH="666" HEIGHT="27">
							<String ID="string_172" HPOS="94" VPOS="883" WIDTH="149" HEIGHT="21" WC="0.92" CONTENT="stikboställen"/><SP WIDTH="15" VPOS="883" HPOS="243"/>
							<String ID="string_173" HPOS="258" VPOS="890" WIDTH="27" HEIGHT="14" WC="0.96" CONTENT="m."/><SP WIDTH="16" VPOS="890" HPOS="285"/>
							<String ID="string_174" HPOS="301" VPOS="883" WIDTH="20" HEIGHT="21" WC="0.92" CONTENT="fl."/><SP WIDTH="16" VPOS="883" HPOS="321"/>
							<String ID="string_175" HPOS="337" VPOS="883" WIDTH="126" HEIGHT="27" WC="0.91" CONTENT="lägenheter"/><SP WIDTH="16" VPOS="883" HPOS="463"/>
							<String ID="string_176" HPOS="479" VPOS="884" WIDTH="36" HEIGHT="20" WC="0.92" CONTENT="äro"/><SP WIDTH="16" VPOS="884" HPOS="515"/>
							<String ID="string_177" HPOS="531" VPOS="883" WIDTH="32" HEIGHT="21" WC="0.92" CONTENT="uti"/><SP WIDTH="15" VPOS="883" HPOS="563"/>
							<String ID="string_178" HPOS="578" VPOS="890" WIDTH="63" HEIGHT="14" WC="0.93" CONTENT="mom."/><SP WIDTH="18" VPOS="890" HPOS="641"/>
							<String ID="string_179" HPOS="659" VPOS="883" WIDTH="101" HEIGHT="27" WC="0.92" CONTENT="äsyftade."/>
						</TextLine>
					</TextBlock>
					<TextBlock ID="block_5" HPOS="94" VPOS="917" WIDTH="744" HEIGHT="62">
						<TextLine ID="line_23" HPOS="162" VPOS="917" WIDTH="676" HEIGHT="28">
							<String ID="string_180" HPOS="162" VPOS="917" WIDTH="36" HEIGHT="21" WC="0.91" CONTENT="Uti"/><SP WIDTH="15" VPOS="917" HPOS="198"/>
							<String ID="string_181" HPOS="213" VPOS="919" WIDTH="10" HEIGHT="25" WC="0.81" CONTENT="$"/><SP WIDTH="16" VPOS="919" HPOS="223"/>
							<String ID="string_182" HPOS="239" VPOS="918" WIDTH="26" HEIGHT="20" WC="0.93" CONTENT="28"/><SP WIDTH="16" VPOS="918" HPOS="265"/>
							<String ID="string_183" HPOS="281" VPOS="918" WIDTH="37" HEIGHT="20" WC="0.96" CONTENT="äro"/><SP WIDTH="15" VPOS="918" HPOS="318"/>
							<String ID="string_184" HPOS="333" VPOS="917" WIDTH="34" HEIGHT="21" WC="0.93" CONTENT="för"/><SP WIDTH="13" VPOS="917" HPOS="367"/>
							<String ID="string_185" HPOS="380" VPOS="917" WIDTH="116" HEIGHT="28" WC="0.96" CONTENT="tydlighets"/><SP WIDTH="15" VPOS="917" HPOS="496"/>
							<String ID="string_186" HPOS="511" VPOS="917" WIDTH="55" HEIGHT="21" WC="0.93" CONTENT="skull"/><SP WIDTH="13" VPOS="917" HPOS="566"/>
							<String ID="string_187" HPOS="579" VPOS="918" WIDTH="66" HEIGHT="20" WC="0.93" CONTENT="orden"/><SP WIDTH="13" VPOS="918" HPOS="645"/>
							<String ID="string_188" HPOS="658" VPOS="917" WIDTH="52" HEIGHT="21" WC="0.45" CONTENT="»0ch"/><SP WIDTH="10" VPOS="917" HPOS="710"/>
							<String ID="string_189" HPOS="720" VPOS="917" WIDTH="118" HEIGHT="28" WC="0.81" CONTENT="delgifven&gt;"/>
						</TextLine>
						<TextLine ID="line_24" HPOS="94" VPOS="948" WIDTH="564" HEIGHT="36">
							<String ID="string_190" HPOS="94" VPOS="948" WIDTH="117" HEIGHT="36" WC="0.92" CONTENT="inskjutna."/><SP WIDTH="440" VPOS="948" HPOS="211"/>
							<String ID="string_191" HPOS="651" VPOS="959" WIDTH="7" HEIGHT="9" WC="0.88" CONTENT="&gt;"/>
						</TextLine>
					</TextBlock>
					<TextBlock ID="block_6" HPOS="94" VPOS="986" WIDTH="749" HEIGHT="124">
						<TextLine ID="line_25" HPOS="162" VPOS="986" WIDTH="681" HEIGHT="26">
							<String ID="string_192" HPOS="162" VPOS="986" WIDTH="37" HEIGHT="22" WC="0.93" CONTENT="Uti"/><SP WIDTH="15" VPOS="986" HPOS="199"/>
							<String ID="string_193" HPOS="214" VPOS="987" WIDTH="11" HEIGHT="25" WC="0.86" CONTENT="$"/><SP WIDTH="15" VPOS="987" HPOS="225"/>
							<String ID="string_194" HPOS="240" VPOS="987" WIDTH="27" HEIGHT="21" WC="0.96" CONTENT="29"/><SP WIDTH="15" VPOS="987" HPOS="267"/>
							<String ID="string_195" HPOS="282" VPOS="987" WIDTH="37" HEIGHT="20" WC="0.95" CONTENT="äro"/><SP WIDTH="15" VPOS="987" HPOS="319"/>
							<String ID="string_196" HPOS="334" VPOS="987" WIDTH="66" HEIGHT="20" WC="0.93" CONTENT="orden"/><SP WIDTH="18" VPOS="987" HPOS="400"/>
							<String ID="string_197" HPOS="418" VPOS="987" WIDTH="38" HEIGHT="20" WC="0.91" CONTENT="»de"/><SP WIDTH="15" VPOS="987" HPOS="456"/>
							<String ID="string_198" HPOS="471" VPOS="986" WIDTH="128" HEIGHT="21" WC="0.93" CONTENT="biträdande"/><SP WIDTH="10" VPOS="986" HPOS="599"/>
							<String ID="string_199" HPOS="609" VPOS="986" WIDTH="171" HEIGHT="26" WC="0.81" CONTENT="godemännen»,"/><SP WIDTH="10" VPOS="986" HPOS="780"/>
							<String ID="string_200" HPOS="790" VPOS="986" WIDTH="53" HEIGHT="21" WC="0.96" CONTENT="enär"/>
						</TextLine>
						<TextLine ID="line_26" HPOS="94" VPOS="1020" WIDTH="748" HEIGHT="28">
							<String ID="string_201" HPOS="94" VPOS="1020" WIDTH="160" HEIGHT="21" WC="0.92" CONTENT="landtmätaren"/><SP WIDTH="15" VPOS="1020" HPOS="254"/>
							<String ID="string_202" HPOS="269" VPOS="1020" WIDTH="107" HEIGHT="21" WC="0.96" CONTENT="måhända"/><SP WIDTH="16" VPOS="1020" HPOS="376"/>
							<String ID="string_203" HPOS="392" VPOS="1021" WIDTH="18" HEIGHT="27" WC="0.96" CONTENT="ej"/><SP WIDTH="12" VPOS="1021" HPOS="410"/>
							<String ID="string_204" HPOS="422" VPOS="1020" WIDTH="69" HEIGHT="21" WC="0.93" CONTENT="skulle"/><SP WIDTH="11" VPOS="1020" HPOS="491"/>
							<String ID="string_205" HPOS="502" VPOS="1021" WIDTH="106" HEIGHT="21" WC="0.92" CONTENT="derunder"/><SP WIDTH="10" VPOS="1021" HPOS="608"/>
							<String ID="string_206" HPOS="618" VPOS="1020" WIDTH="129" HEIGHT="27" WC="0.91" CONTENT="inbegripas,"/><SP WIDTH="11" VPOS="1020" HPOS="747"/>
							<String ID="string_207" HPOS="758" VPOS="1020" WIDTH="84" HEIGHT="28" WC="0.95" CONTENT="utbytte"/>
						</TextLine>
						<TextLine ID="line_27" HPOS="96" VPOS="1054" WIDTH="747" HEIGHT="28">
							<String ID="string_208" HPOS="96" VPOS="1056" WIDTH="56" HEIGHT="20" WC="0.96" CONTENT="emot"/><SP WIDTH="16" VPOS="1056" HPOS="152"/>
							<String ID="string_209" HPOS="168" VPOS="1055" WIDTH="35" HEIGHT="21" WC="0.96" CONTENT="det"/><SP WIDTH="15" VPOS="1055" HPOS="203"/>
							<String ID="string_210" HPOS="218" VPOS="1062" WIDTH="58" HEIGHT="14" WC="0.96" CONTENT="mera"/><SP WIDTH="21" VPOS="1062" HPOS="276"/>
							<String ID="string_211" HPOS="297" VPOS="1054" WIDTH="111" HEIGHT="22" WC="0.96" CONTENT="allmänna"/><SP WIDTH="17" VPOS="1054" HPOS="408"/>
							<String ID="string_212" HPOS="425" VPOS="1054" WIDTH="109" HEIGHT="28" WC="0.93" CONTENT="uttrycket"/><SP WIDTH="18" VPOS="1054" HPOS="534"/>
							<String ID="string_213" HPOS="552" VPOS="1054" WIDTH="86" HEIGHT="22" WC="0.86" CONTENT="»dervid"/><SP WIDTH="15" VPOS="1054" HPOS="638"/>
							<String ID="string_214" HPOS="653" VPOS="1054" WIDTH="126" HEIGHT="22" WC="0.93" CONTENT="biträdande"/><SP WIDTH="16" VPOS="1054" HPOS="779"/>
							<String ID="string_215" HPOS="795" VPOS="1061" WIDTH="48" HEIGHT="21" WC="0.92" CONTENT="per-"/>
						</TextLine>
						<TextLine ID="line_28" HPOS="97" VPOS="1095" WIDTH="82" HEIGHT="15">
							<String ID="string_216" HPOS="97" VPOS="1095" WIDTH="82" HEIGHT="15" WC="0.47" CONTENT="soner&gt;."/>
						</TextLine>
					</TextBlock>
					<TextBlock ID="block_7" HPOS="96" VPOS="1123" WIDTH="751" HEIGHT="330">
						<TextLine ID="line_29" HPOS="164" VPOS="1123" WIDTH="678" HEIGHT="27">
							<String ID="string_217" HPOS="164" VPOS="1124" WIDTH="9" HEIGHT="20" WC="0.96" CONTENT="I"/><SP WIDTH="16" VPOS="1124" HPOS="173"/>
							<String ID="string_218" HPOS="189" VPOS="1123" WIDTH="100" HEIGHT="21" WC="0.93" CONTENT="afseende"/><SP WIDTH="16" VPOS="1123" HPOS="289"/>
							<String ID="string_219" HPOS="305" VPOS="1124" WIDTH="12" HEIGHT="20" WC="0.90" CONTENT="&amp;"/><SP WIDTH="16" VPOS="1124" HPOS="317"/>
							<String ID="string_220" HPOS="333" VPOS="1124" WIDTH="13" HEIGHT="26" WC="0.91" CONTENT="&amp;"/><SP WIDTH="15" VPOS="1124" HPOS="346"/>
							<String ID="string_221" HPOS="361" VPOS="1123" WIDTH="29" HEIGHT="21" WC="0.93" CONTENT="30"/><SP WIDTH="13" VPOS="1123" HPOS="390"/>
							<String ID="string_222" HPOS="403" VPOS="1123" WIDTH="65" HEIGHT="22" WC="0.93" CONTENT="hafva"/><SP WIDTH="23" VPOS="1123" HPOS="468"/>
							<String ID="string_223" HPOS="491" VPOS="1123" WIDTH="121" HEIGHT="21" WC="0.92" CONTENT="Ständerna"/><SP WIDTH="22" VPOS="1123" HPOS="612"/>
							<String ID="string_224" HPOS="634" VPOS="1124" WIDTH="71" HEIGHT="20" WC="0.96" CONTENT="ansett"/><SP WIDTH="23" VPOS="1124" HPOS="705"/>
							<String ID="string_225" HPOS="728" VPOS="1123" WIDTH="35" HEIGHT="21" WC="0.92" CONTENT="det"/><SP WIDTH="22" VPOS="1123" HPOS="763"/>
							<String ID="string_226" HPOS="785" VPOS="1123" WIDTH="57" HEIGHT="21" WC="0.92" CONTENT="stad-"/>
						</TextLine>
						<TextLine ID="line_30" HPOS="96" VPOS="1156" WIDTH="746" HEIGHT="28">
							<String ID="string_227" HPOS="96" VPOS="1157" WIDTH="77" HEIGHT="27" WC="0.96" CONTENT="gande,"/><SP WIDTH="16" VPOS="1157" HPOS="173"/>
							<String ID="string_228" HPOS="189" VPOS="1164" WIDTH="45" HEIGHT="14" WC="0.93" CONTENT="som"/><SP WIDTH="15" VPOS="1164" HPOS="234"/>
							<String ID="string_229" HPOS="249" VPOS="1157" WIDTH="115" HEIGHT="21" WC="0.92" CONTENT="förefinnes"/><SP WIDTH="15" VPOS="1157" HPOS="364"/>
							<String ID="string_230" HPOS="379" VPOS="1157" WIDTH="7" HEIGHT="21" WC="0.93" CONTENT="i"/><SP WIDTH="16" VPOS="1157" HPOS="386"/>
							<String ID="string_231" HPOS="402" VPOS="1158" WIDTH="65" HEIGHT="20" WC="0.93" CONTENT="orden"/><SP WIDTH="19" VPOS="1158" HPOS="467"/>
							<String ID="string_232" HPOS="486" VPOS="1157" WIDTH="65" HEIGHT="21" WC="0.77" CONTENT="»blott"/><SP WIDTH="15" VPOS="1157" HPOS="551"/>
							<String ID="string_233" HPOS="566" VPOS="1157" WIDTH="120" HEIGHT="21" WC="0.92" CONTENT="kroklinier"/><SP WIDTH="14" VPOS="1157" HPOS="686"/>
							<String ID="string_234" HPOS="700" VPOS="1156" WIDTH="39" HEIGHT="22" WC="0.93" CONTENT="och"/><SP WIDTH="8" VPOS="1156" HPOS="739"/>
							<String ID="string_235" HPOS="747" VPOS="1157" WIDTH="95" HEIGHT="27" WC="0.96" CONTENT="spetsiga"/>
						</TextLine>
						<TextLine ID="line_31" HPOS="96" VPOS="1190" WIDTH="747" HEIGHT="29">
							<String ID="string_236" HPOS="96" VPOS="1190" WIDTH="90" HEIGHT="27" WC="0.93" CONTENT="vinklar,"/><SP WIDTH="15" VPOS="1190" HPOS="186"/>
							<String ID="string_237" HPOS="201" VPOS="1191" WIDTH="8" HEIGHT="21" WC="0.93" CONTENT="i"/><SP WIDTH="14" VPOS="1191" HPOS="209"/>
							<String ID="string_238" HPOS="223" VPOS="1191" WIDTH="120" HEIGHT="28" WC="0.91" CONTENT="möjligaste"/><SP WIDTH="14" VPOS="1191" HPOS="343"/>
							<String ID="string_239" HPOS="357" VPOS="1192" WIDTH="68" HEIGHT="21" WC="0.92" CONTENT="mätto"/><SP WIDTH="16" VPOS="1192" HPOS="425"/>
							<String ID="string_240" HPOS="441" VPOS="1192" WIDTH="106" HEIGHT="22" WC="0.91" CONTENT="undvikas"/><SP WIDTH="15" VPOS="1192" HPOS="547"/>
							<String ID="string_241" HPOS="562" VPOS="1193" WIDTH="55" HEIGHT="19" WC="0.93" CONTENT="samt"/><SP WIDTH="15" VPOS="1193" HPOS="617"/>
							<String ID="string_242" HPOS="632" VPOS="1192" WIDTH="94" HEIGHT="26" WC="0.91" CONTENT="längden"/><SP WIDTH="14" VPOS="1192" HPOS="726"/>
							<String ID="string_243" HPOS="740" VPOS="1191" WIDTH="24" HEIGHT="21" WC="0.93" CONTENT="af"/><SP WIDTH="12" VPOS="1191" HPOS="764"/>
							<String ID="string_244" HPOS="776" VPOS="1191" WIDTH="67" HEIGHT="21" WC="0.89" CONTENT="utmä-"/>
						</TextLine>
						<TextLine ID="line_32" HPOS="97" VPOS="1225" WIDTH="746" HEIGHT="31">
							<String ID="string_245" HPOS="97" VPOS="1225" WIDTH="36" HEIGHT="26" WC="0.95" CONTENT="let,"/><SP WIDTH="23" VPOS="1225" HPOS="133"/>
							<String ID="string_246" HPOS="156" VPOS="1226" WIDTH="23" HEIGHT="20" WC="0.93" CONTENT="sä"/><SP WIDTH="22" VPOS="1226" HPOS="179"/>
							<String ID="string_247" HPOS="201" VPOS="1225" WIDTH="45" HEIGHT="22" WC="0.95" CONTENT="vidt"/><SP WIDTH="15" VPOS="1225" HPOS="246"/>
							<String ID="string_248" HPOS="261" VPOS="1225" WIDTH="37" HEIGHT="22" WC="0.96" CONTENT="ske"/><SP WIDTH="15" VPOS="1225" HPOS="298"/>
							<String ID="string_249" HPOS="313" VPOS="1225" WIDTH="51" HEIGHT="26" WC="0.93" CONTENT="kan,"/><SP WIDTH="16" VPOS="1225" HPOS="364"/>
							<String ID="string_250" HPOS="380" VPOS="1226" WIDTH="18" HEIGHT="27" WC="0.93" CONTENT="ej"/><SP WIDTH="18" VPOS="1226" HPOS="398"/>
							<String ID="string_251" HPOS="416" VPOS="1226" WIDTH="125" HEIGHT="27" WC="0.87" CONTENT="öfverstiger"/><SP WIDTH="16" VPOS="1226" HPOS="541"/>
							<String ID="string_252" HPOS="557" VPOS="1225" WIDTH="80" HEIGHT="22" WC="0.95" CONTENT="dubbla"/><SP WIDTH="15" VPOS="1225" HPOS="637"/>
							<String ID="string_253" HPOS="652" VPOS="1225" WIDTH="106" HEIGHT="21" WC="0.72" CONTENT="bredden»"/><SP WIDTH="17" VPOS="1225" HPOS="758"/>
							<String ID="string_254" HPOS="775" VPOS="1225" WIDTH="68" HEIGHT="31" WC="0.93" CONTENT="öfver-"/>
						</TextLine>
						<TextLine ID="line_33" HPOS="96" VPOS="1259" WIDTH="747" HEIGHT="28">
							<String ID="string_255" HPOS="96" VPOS="1259" WIDTH="81" HEIGHT="28" WC="0.50" CONTENT="flödigt,"/><SP WIDTH="16" VPOS="1259" HPOS="177"/>
							<String ID="string_256" HPOS="193" VPOS="1261" WIDTH="28" HEIGHT="20" WC="0.93" CONTENT="dä"/><SP WIDTH="15" VPOS="1261" HPOS="221"/>
							<String ID="string_257" HPOS="236" VPOS="1261" WIDTH="118" HEIGHT="21" WC="0.96" CONTENT="detsamma"/><SP WIDTH="15" VPOS="1261" HPOS="354"/>
							<String ID="string_258" HPOS="369" VPOS="1261" WIDTH="69" HEIGHT="21" WC="0.96" CONTENT="måste"/><SP WIDTH="14" VPOS="1261" HPOS="438"/>
							<String ID="string_259" HPOS="452" VPOS="1260" WIDTH="118" HEIGHT="22" WC="0.96" CONTENT="innefattas"/><SP WIDTH="15" VPOS="1260" HPOS="570"/>
							<String ID="string_260" HPOS="585" VPOS="1260" WIDTH="7" HEIGHT="21" WC="0.93" CONTENT="i"/><SP WIDTH="15" VPOS="1260" HPOS="592"/>
							<String ID="string_261" HPOS="607" VPOS="1261" WIDTH="30" HEIGHT="26" WC="0.91" CONTENT="$:s"/><SP WIDTH="10" VPOS="1261" HPOS="637"/>
							<String ID="string_262" HPOS="647" VPOS="1259" WIDTH="128" HEIGHT="28" WC="0.93" CONTENT="föregående"/><SP WIDTH="11" VPOS="1259" HPOS="775"/>
							<String ID="string_263" HPOS="786" VPOS="1260" WIDTH="57" HEIGHT="21" WC="0.93" CONTENT="stad-"/>
						</TextLine>
						<TextLine ID="line_34" HPOS="96" VPOS="1294" WIDTH="747" HEIGHT="28">
							<String ID="string_264" HPOS="96" VPOS="1295" WIDTH="93" HEIGHT="27" WC="0.92" CONTENT="ganden."/><SP WIDTH="23" VPOS="1295" HPOS="189"/>
							<String ID="string_265" HPOS="212" VPOS="1294" WIDTH="57" HEIGHT="22" WC="0.53" CONTENT="Sista"/><SP WIDTH="15" VPOS="1294" HPOS="269"/>
							<String ID="string_266" HPOS="284" VPOS="1295" WIDTH="115" HEIGHT="27" WC="0.96" CONTENT="meningen"/><SP WIDTH="15" VPOS="1295" HPOS="399"/>
							<String ID="string_267" HPOS="414" VPOS="1295" WIDTH="25" HEIGHT="21" WC="0.96" CONTENT="af"/><SP WIDTH="8" VPOS="1295" HPOS="439"/>
							<String ID="string_268" HPOS="447" VPOS="1296" WIDTH="72" HEIGHT="20" WC="0.93" CONTENT="denna"/><SP WIDTH="14" VPOS="1296" HPOS="519"/>
							<String ID="string_269" HPOS="533" VPOS="1296" WIDTH="12" HEIGHT="26" WC="0.92" CONTENT="&amp;"/><SP WIDTH="14" VPOS="1296" HPOS="545"/>
							<String ID="string_270" HPOS="559" VPOS="1295" WIDTH="40" HEIGHT="21" WC="0.96" CONTENT="har"/><SP WIDTH="10" VPOS="1295" HPOS="599"/>
							<String ID="string_271" HPOS="609" VPOS="1296" WIDTH="83" HEIGHT="20" WC="0.96" CONTENT="ansetts"/><SP WIDTH="10" VPOS="1296" HPOS="692"/>
							<String ID="string_272" HPOS="702" VPOS="1294" WIDTH="73" HEIGHT="21" WC="0.96" CONTENT="kunna"/><SP WIDTH="9" VPOS="1294" HPOS="775"/>
							<String ID="string_273" HPOS="784" VPOS="1294" WIDTH="59" HEIGHT="27" WC="0.96" CONTENT="utgå,"/>
						</TextLine>
						<TextLine ID="line_35" HPOS="97" VPOS="1328" WIDTH="750" HEIGHT="29">
							<String ID="string_274" HPOS="97" VPOS="1330" WIDTH="53" HEIGHT="20" WC="0.95" CONTENT="enär"/><SP WIDTH="21" VPOS="1330" HPOS="150"/>
							<String ID="string_275" HPOS="171" VPOS="1330" WIDTH="36" HEIGHT="20" WC="0.96" CONTENT="det"/><SP WIDTH="22" VPOS="1330" HPOS="207"/>
							<String ID="string_276" HPOS="229" VPOS="1331" WIDTH="60" HEIGHT="26" WC="0.93" CONTENT="synts"/><SP WIDTH="17" VPOS="1331" HPOS="289"/>
							<String ID="string_277" HPOS="306" VPOS="1330" WIDTH="108" HEIGHT="27" WC="0.87" CONTENT="sjelffallet"/><SP WIDTH="14" VPOS="1330" HPOS="414"/>
							<String ID="string_278" HPOS="428" VPOS="1332" WIDTH="40" HEIGHT="24" WC="0.96" CONTENT="att,"/><SP WIDTH="17" VPOS="1332" HPOS="468"/>
							<String ID="string_279" HPOS="485" VPOS="1330" WIDTH="27" HEIGHT="21" WC="0.96" CONTENT="då"/><SP WIDTH="15" VPOS="1330" HPOS="512"/>
							<String ID="string_280" HPOS="527" VPOS="1329" WIDTH="98" HEIGHT="21" WC="0.96" CONTENT="tillstånd"/><SP WIDTH="14" VPOS="1329" HPOS="625"/>
							<String ID="string_281" HPOS="639" VPOS="1328" WIDTH="34" HEIGHT="22" WC="0.93" CONTENT="till"/><SP WIDTH="14" VPOS="1328" HPOS="673"/>
							<String ID="string_282" HPOS="687" VPOS="1328" WIDTH="120" HEIGHT="28" WC="0.92" CONTENT="inmutning"/><SP WIDTH="15" VPOS="1328" HPOS="807"/>
							<String ID="string_283" HPOS="822" VPOS="1328" WIDTH="25" HEIGHT="22" WC="0.96" CONTENT="af"/>
						</TextLine>
						<TextLine ID="line_36" HPOS="97" VPOS="1362" WIDTH="747" HEIGHT="29">
							<String ID="string_284" HPOS="97" VPOS="1370" WIDTH="53" HEIGHT="20" WC="0.96" CONTENT="varp"/><SP WIDTH="15" VPOS="1370" HPOS="150"/>
							<String ID="string_285" HPOS="165" VPOS="1364" WIDTH="24" HEIGHT="20" WC="0.96" CONTENT="är"/><SP WIDTH="14" VPOS="1364" HPOS="189"/>
							<String ID="string_286" HPOS="203" VPOS="1363" WIDTH="106" HEIGHT="22" WC="0.95" CONTENT="beroende"/><SP WIDTH="16" VPOS="1363" HPOS="309"/>
							<String ID="string_287" HPOS="325" VPOS="1364" WIDTH="24" HEIGHT="21" WC="0.93" CONTENT="af"/><SP WIDTH="10" VPOS="1364" HPOS="349"/>
							<String ID="string_288" HPOS="359" VPOS="1364" WIDTH="141" HEIGHT="27" WC="0.91" CONTENT="jordegarens"/><SP WIDTH="11" VPOS="1364" HPOS="500"/>
							<String ID="string_289" HPOS="511" VPOS="1364" WIDTH="162" HEIGHT="27" WC="0.91" CONTENT="godtfinnande,"/><SP WIDTH="11" VPOS="1364" HPOS="673"/>
							<String ID="string_290" HPOS="684" VPOS="1362" WIDTH="99" HEIGHT="22" WC="0.92" CONTENT="utmålets"/><SP WIDTH="10" VPOS="1362" HPOS="783"/>
							<String ID="string_291" HPOS="793" VPOS="1362" WIDTH="51" HEIGHT="22" WC="0.96" CONTENT="vidd"/>
						</TextLine>
						<TextLine ID="line_37" HPOS="96" VPOS="1396" WIDTH="748" HEIGHT="28">
							<String ID="string_292" HPOS="96" VPOS="1396" WIDTH="42" HEIGHT="22" WC="0.96" CONTENT="och"/><SP WIDTH="22" VPOS="1396" HPOS="138"/>
							<String ID="string_293" HPOS="160" VPOS="1397" WIDTH="47" HEIGHT="27" WC="0.96" CONTENT="läge"/><SP WIDTH="22" VPOS="1397" HPOS="207"/>
							<String ID="string_294" HPOS="229" VPOS="1398" WIDTH="64" HEIGHT="22" WC="0.96" CONTENT="äfven"/><SP WIDTH="21" VPOS="1398" HPOS="293"/>
							<String ID="string_295" HPOS="314" VPOS="1399" WIDTH="25" HEIGHT="20" WC="0.96" CONTENT="är"/><SP WIDTH="14" VPOS="1399" HPOS="339"/>
							<String ID="string_296" HPOS="353" VPOS="1398" WIDTH="107" HEIGHT="22" WC="0.96" CONTENT="beroende"/><SP WIDTH="16" VPOS="1398" HPOS="460"/>
							<String ID="string_297" HPOS="476" VPOS="1398" WIDTH="24" HEIGHT="22" WC="0.93" CONTENT="af"/><SP WIDTH="15" VPOS="1398" HPOS="500"/>
							<String ID="string_298" HPOS="515" VPOS="1398" WIDTH="81" HEIGHT="22" WC="0.92" CONTENT="aftalen"/><SP WIDTH="15" VPOS="1398" HPOS="596"/>
							<String ID="string_299" HPOS="611" VPOS="1397" WIDTH="93" HEIGHT="22" WC="0.93" CONTENT="emellan"/><SP WIDTH="12" VPOS="1397" HPOS="704"/>
							<String ID="string_300" HPOS="716" VPOS="1397" WIDTH="128" HEIGHT="27" WC="0.91" CONTENT="jordegaren"/>
						</TextLine>
						<TextLine ID="line_38" HPOS="97" VPOS="1430" WIDTH="182" HEIGHT="23">
							<String ID="string_301" HPOS="97" VPOS="1430" WIDTH="41" HEIGHT="22" WC="0.93" CONTENT="och"/><SP WIDTH="14" VPOS="1430" HPOS="138"/>
							<String ID="string_302" HPOS="152" VPOS="1431" WIDTH="127" HEIGHT="22" WC="0.91" CONTENT="inmutaren."/>
						</TextLine>
					</TextBlock>
				</ComposedBlock>
			</PrintSpace>
		</Page>
	</Layout>
</alto>
