1025 2339
392 513 80 23 Ständ.
488 513 37 23 Sv.
542 527 27 3 —
585 515 71 28 Prop.
673 515 40 23 N:o
728 516 22 21 9.

402 578 46 19 stor
470 576 132 29 behållning,
625 580 38 23 att,
686 578 56 27 efter
760 578 83 29 afdrag
857 579 30 28 af
898 581 51 19 rän-

402 613 64 18 torna
482 611 36 20 till
533 611 86 22 kronan
634 612 39 21 och
688 611 73 28 öfriga
772 613 112 28 utskylder
893 616 56 18 samt

400 643 55 26 föda
465 644 41 27 för
521 646 76 27 nödigt
612 647 62 20 antal
689 647 94 27 dragare
794 647 67 27 jemte
875 655 74 14 annan

402 678 79 28 boskap
497 680 109 27 äfvensom
622 681 39 20 den
677 682 95 27 sytning,
783 681 101 22 hvarmed
893 682 56 21 hem-

402 715 72 18 manet
496 713 43 21 kan
561 721 54 14 vara
639 715 120 25 besväradt,
775 717 29 19 ett
820 715 88 22 hushåll
923 717 30 26 af

402 747 66 21 minst
490 750 31 19 tre
542 748 119 26 fullvuxna
682 749 39 20 och
736 749 124 28 arbetsföra
872 757 77 20 perso-

402 788 38 14 ner
455 782 100 25 derifrån
571 783 9 20 i
594 784 89 27 vanliga
700 784 26 20 år
741 784 42 20 kan
795 784 103 27 påräkna
913 787 34 19 sä-

401 815 37 21 ker
460 816 91 22 utkomst
574 817 37 21 och
634 818 111 27 bergning,
768 818 54 21 dock
836 821 33 18 att
884 818 63 28 äfven

401 850 40 20 den
465 850 67 27 delen,
555 858 45 14 som
621 852 58 20 skall
702 852 108 26 afskiljas,
826 853 122 27 innefattar

400 884 26 20 så
440 887 47 18 stor
502 886 102 27 egorymd
619 886 37 21 och
671 887 26 20 så
713 886 112 28 beskaffad
835 887 67 26 mark,
914 890 33 18 att

401 918 42 21 den
465 926 74 20 genom
563 920 121 28 uppodling
707 920 44 21 kan
768 923 54 19 utan
837 922 110 27 svårighet

400 952 89 28 bringas
513 954 35 21 till
570 954 115 21 enahanda
707 954 150 28 sjelfbestånd.
887 956 60 27 Egor

400 987 35 20 må
459 988 67 20 likväl
549 988 44 21 icke
609 989 104 27 tilläggas
729 989 61 28 dylik
804 996 29 21 ny
849 989 98 28 lägenhet

400 1021 8 20 i
424 1021 57 27 flere
502 1024 29 18 än
555 1025 32 18 tre
609 1023 111 21 särskilda
742 1023 86 27 skiften,
845 1024 19 27 ej
879 1024 67 20 heller

400 1056 145 26 annorlunda,
562 1058 29 19 än
607 1060 32 18 att
654 1058 193 27 stomlägenhetens
857 1058 38 20 och
905 1058 40 21 den

399 1089 99 26 afskilda
521 1090 72 22 delens
615 1092 86 20 mantal
721 1092 73 21 kunna
817 1092 9 20 i
840 1093 105 27 lämpliga

400 1123 54 21 bråk
469 1126 99 20 utsättas.

647 1172 16 27 $
677 1174 21 20 2.

470 1211 80 21 Kunna
565 1212 112 27 utskylder
692 1212 38 20 och
741 1212 73 20 andra
824 1218 65 14 onera
900 1212 45 20 icke

398 1248 77 24 genast
488 1246 39 20 den
544 1252 43 19 nya
605 1246 125 27 lägenheten
746 1246 98 27 åläggas,
855 1246 35 20 må
897 1246 48 20 sak-

398 1285 92 20 egarene
504 1280 33 27 sig
553 1280 92 21 emellan
656 1280 182 27 öfverenskomma
846 1286 33 14 om
889 1280 56 20 vissa

394 1313 118 27 Jrihetsär,
535 1314 70 21 under
627 1314 72 21 hvilka
720 1314 46 21 alla
781 1313 74 28 dylika
871 1313 74 22 besvär

399 1347 51 21 böra
462 1347 56 28 från
534 1348 183 27 stomlägenheten
733 1349 95 26 utgöras.

645 1400 15 26 $
675 1400 19 21 3.

466 1439 129 28 Jordegare,
611 1446 43 14 som
671 1439 108 21 åstundar
794 1439 114 27 styckning
919 1439 30 26 af

391 1471 135 27 Sörenämnd
541 1473 150 27 beskaffenhet,
708 1473 78 21 ansöke
802 1479 32 14 om
846 1473 99 21 tillstånd

398 1507 76 21 dertill
496 1507 37 21 hos
555 1509 142 25 guvernören,
716 1513 50 19 som,
782 1507 38 20 der
835 1507 110 21 sökanden

398 1541 74 21 tillika
495 1541 84 29 styrker
599 1542 35 20 sin
655 1543 46 19 rätt
724 1543 33 19 att
780 1541 60 27 öfver
855 1541 89 21 marken

392 1575 102 28 förfoga,
512 1575 125 27 förordnar
653 1576 149 21 landtmätare
817 1578 33 18 att
865 1576 79 20 råerna

396 1610 109 26 uppstaka
521 1610 36 20 och
575 1610 14 20 å
605 1610 130 20 hemmanets
750 1609 109 28 egokarta,
875 1610 70 20 derest

396 1644 70 20 sådan
480 1644 80 28 finnes,
579 1651 48 13 men
643 1644 8 20 i
666 1646 89 18 motsatt
764 1642 48 28 fall
827 1644 13 20 å
850 1643 41 27 för
906 1645 39 19 än-

396 1678 97 21 damålet
515 1678 122 28 upprättad
659 1685 29 21 ny
711 1678 65 20 karta
792 1678 82 20 insätta
889 1680 56 18 samt

396 1712 110 21 desamma
524 1715 76 25 genast
615 1713 117 27 rörlägga;
748 1711 38 21 och
801 1712 57 20 skall
873 1711 71 21 landt-

395 1748 107 24 mätaren,
525 1746 56 27 efter
598 1746 110 22 verkstäld
726 1746 168 27 undersökning,
911 1746 33 26 af-

395 1780 64 27 gifva
482 1781 113 20 utlåtande
619 1781 60 26 öfver
702 1780 100 21 delarnes
824 1780 120 21 besutenhet

396 1814 111 27 äfvensom
526 1816 31 26 på
573 1815 72 27 grund
660 1814 30 28 af
700 1815 41 20 den
756 1814 121 28 gradering
893 1815 52 20 eller

395 1848 168 28 klassifikation,
592 1856 45 14 som
661 1848 115 22 verkstälts
801 1848 36 21 vid
860 1852 84 18 senaste
