1028 2339
226 511 14 20 2
399 510 79 23 Ständ.
492 511 40 23 Sv.
549 523 25 4 —
590 512 71 27 Prop.
676 512 41 22 N:o
731 512 23 22 9.

200 579 41 20 gen
271 572 73 22 kunde
373 574 36 21 vid
433 574 166 27 tillämpningen
624 574 24 21 af
671 575 11 26 8
707 574 13 20 8
744 574 130 21 missförstås
903 574 46 20 der-

198 606 50 26 hän,
270 609 33 19 att
326 608 87 21 dermed
433 608 84 27 afsåges
533 608 63 22 äfven
612 608 67 27 enligt
694 609 72 21 denna
780 608 124 27 förordning
919 607 31 22 af-

198 641 95 21 söndrad
312 641 57 28 jord,
392 645 56 18 samt
469 645 33 19 att
524 643 83 21 således
622 643 48 21 från
686 637 81 38 parcell
780 643 124 27 ytterligare
919 641 31 22 af-

198 675 103 27 söndring
327 675 72 22 kunde
423 676 163 28 ifrägakomma.
623 677 34 21 Då
684 677 122 21 Ständerna
832 677 119 21 emellertid

198 711 53 20 trott
274 709 32 28 sig
327 710 60 21 finna
408 713 32 19 att
463 718 26 14 en
504 712 69 21 sådan
588 711 150 27 utsträckning
753 711 25 21 af
789 711 162 27 parcellerings-

200 745 71 20 rätten
293 744 48 21 icke
363 745 32 21 uti
410 746 41 20 den
467 745 79 28 nådiga
562 746 162 27 propositionen
740 745 90 28 åsyftats
845 745 40 22 och
897 745 53 28 jem-

198 778 35 22 väl
258 778 75 28 sjelfve
355 782 71 19 ansett
449 781 36 20 det
507 787 53 15 vara
579 780 122 28 betänkligt
716 782 32 19 att
762 779 106 28 medgifva
883 780 67 21 sådan

199 812 74 22 vidare
288 812 132 29 afsöndring,
435 814 65 22 hafva
520 814 121 22 Ständerna
656 816 54 20 trott
726 815 35 21 det
776 821 51 15 vara
842 814 24 22 af
878 814 73 21 behof-

200 849 35 20 vet
257 847 119 27 påkalladt,
401 850 32 20 att
456 843 121 33 tydliggöra
599 850 36 20 det
650 848 156 28 egostyckning
821 848 40 22 och
876 849 6 20 i
897 848 54 28 följd

198 882 63 21 deraf
263 882 80 27 jemväl
349 882 175 28 jordafsöndring
532 883 56 27 finge
598 883 95 27 försiggå
706 884 76 20 endast
792 883 48 21 från
850 883 7 21 i
869 883 82 21 mantal

199 918 43 19 satt
255 916 51 28 jord
321 916 40 22 och
378 917 8 21 i
403 917 95 27 enlighet
508 919 89 20 dermed
607 918 113 21 förändrat
732 918 148 27 ordalydelsen
891 918 7 20 i
904 912 10 37 $
931 918 18 20 1.

267 950 60 22 Enär
342 952 36 20 det
393 952 7 20 i
415 953 5 25 $
430 952 14 24 3
455 953 131 21 omnämnda
598 954 97 20 »senaste
706 952 116 27 egoskifte»
835 953 28 26 på
873 952 78 26 många

199 986 58 20 orter
278 985 8 21 i
308 986 48 20 vårt
370 986 52 21 land
437 989 35 25 egt
488 994 46 14 rum
550 986 33 22 för
604 986 83 28 ganska
702 986 51 27 lång
768 986 32 22 tid
814 987 66 21 sedan
896 988 55 19 samt

200 1020 42 20 den
264 1020 115 27 gradering
401 1020 24 22 af
447 1021 96 26 marken,
566 1028 45 14 som
634 1021 75 22 dervid
724 1020 64 26 skett,
803 1022 69 20 under
886 1028 65 14 nuva-

200 1054 67 20 rande
283 1053 235 28 odlingsförhållanden
533 1056 143 27 tilläfventyrs
692 1056 48 20 icke
755 1055 97 27 angifver
863 1056 88 26 jordens

200 1088 97 27 verkliga
311 1089 72 25 värde,
399 1089 64 22 hafva
478 1090 122 21 Ständerna
615 1090 57 22 velat
688 1090 80 21 bereda
775 1090 120 27 jordegare,
907 1097 44 13 som

200 1122 78 21 sådant
293 1123 112 25 åstundar,
420 1123 86 22 tillfälle
521 1126 39 24 att,
579 1124 8 21 i
602 1124 40 22 och
657 1124 34 21 för
706 1125 14 21 å
734 1124 54 21 hans
798 1124 101 27 lägenhet
910 1124 41 20 till-

200 1157 79 21 ämnad
301 1158 162 27 egostyckning,
486 1158 22 22 få
530 1159 32 21 sin
583 1159 50 27 jord
647 1160 108 26 graderad
770 1158 7 21 i
792 1158 159 22 öfverensstäm-

199 1190 66 22 melse
280 1192 49 20 med
344 1198 90 15 numera
449 1193 95 21 rådande
555 1193 159 26 förhållanden,
724 1192 100 23 hvarföre
835 1194 31 20 ett
876 1193 76 27 tillägg

198 1225 8 21 i
221 1226 78 20 sådant
314 1225 55 27 syfte
384 1226 68 28 gjorts
467 1227 33 21 till
515 1228 11 26 $
541 1228 19 20 3.

268 1260 43 20 För
333 1261 109 20 vinnande
460 1261 25 21 af
498 1262 124 26 erforderlig
638 1261 134 27 offentlighet
788 1261 39 21 och
843 1261 62 21 deraf
917 1262 35 21 be-

200 1294 79 20 roende
296 1294 163 27 rättssäkerhet,
475 1295 102 22 särskildt
591 1297 49 20 med
656 1295 102 22 afseende
773 1296 13 20 å
797 1295 58 26 börd,
866 1295 86 22 hvilken

200 1334 77 20 genom
293 1329 155 28 egostyckning
464 1330 63 21 delad
540 1330 50 27 jord
605 1331 24 20 är
643 1329 156 26 underkastad,
816 1329 64 22 hafva
891 1330 61 21 Stän-

201 1362 68 21 derna
283 1362 72 21 funnit
371 1364 36 20 det
422 1371 52 14 vara
489 1364 141 27 erforderligt,
646 1366 33 20 att
695 1371 63 20 egare
774 1363 24 22 af
810 1364 101 21 utbruten
921 1364 31 21 lä-

198 1396 80 27 genhet
300 1397 67 22 borde
388 1397 106 23 förklaras
516 1399 18 27 ej
559 1399 91 21 allenast
674 1399 123 26 berättigad
819 1401 32 19 att
867 1399 86 20 dermed

200 1430 90 27 lagfara,
313 1433 54 19 utan
388 1432 40 21 ock
444 1433 84 27 skyldig
542 1435 33 19 att
590 1434 78 21 sådant
682 1433 95 27 fullgöra
791 1433 58 21 inom
865 1434 41 20 den
922 1433 31 20 tid

200 1464 40 21 och
255 1465 37 22 vid
307 1466 36 21 det
359 1466 105 28 äfventyr,
480 1474 46 14 som
540 1467 8 21 i
562 1467 101 27 gällande
678 1467 155 27 författningar
848 1468 37 19 äro
896 1467 57 20 stad-

198 1499 56 27 gade
276 1499 7 21 i
306 1499 101 23 afseende
430 1502 13 20 &
462 1501 50 28 köp,
528 1501 64 22 skifte
608 1502 52 21 eller
674 1501 65 28 gäfva
754 1501 24 21 af
789 1501 56 27 jord,
860 1501 40 21 och
914 1501 40 21 har

198 1533 57 28 förty
278 1535 11 25 $
311 1535 12 20 6
345 1535 8 20 i
377 1535 79 28 nädiga
478 1536 161 28 propositionen
658 1536 156 27 omredigerats
829 1535 7 20 i
852 1535 53 27 syfte
921 1537 32 20 att

198 1568 97 27 tydligen
311 1569 70 21 uttala
396 1570 66 26 detta,
478 1570 119 28 hvarjemte
612 1571 32 21 uti
659 1571 66 21 slutet
741 1570 43 26 af$
795 1570 81 26 tillagts
887 1571 66 20 orden

200 1602 53 21 »och
275 1602 8 21 i
303 1602 107 28 jordebok
431 1604 93 26 införd»,
547 1606 70 20 såsom
635 1605 121 27 utgörande
771 1604 146 27 afslutningen
932 1604 25 20 af

198 1636 149 27 omgängarna
361 1638 37 21 vid
412 1638 189 28 egostyckningen.

267 1670 124 22 Ständerna
419 1672 66 22 hafva
510 1675 71 19 ansett
611 1674 35 20 det
673 1673 33 21 uti
735 1674 8 18 1
773 1679 64 14 mom
863 1672 23 21 af
907 1673 11 25 &
940 1672 13 20 7

198 1704 110 27 medgifna
322 1705 122 22 tillständet
459 1709 33 19 att
506 1714 77 20 genom
598 1708 83 20 inlösen
702 1707 24 21 af
739 1706 61 22 mark
816 1706 47 21 frän
879 1708 30 19 ett
925 1706 28 21 el-

197 1738 32 22 ler
244 1739 53 21 flera
312 1739 101 22 hemman
424 1740 60 22 bilda
494 1748 26 14 en
532 1749 27 20 ny
569 1742 169 27 sjelfbestäende
748 1741 109 27 lägenhet,
868 1740 85 22 komma

197 1774 33 19 att
245 1773 98 21 medföra
359 1776 46 19 stor
422 1774 114 28 förvirring
552 1776 18 27 ej
587 1776 91 21 allenast
694 1775 135 21 beträffande
845 1776 26 20 de
886 1775 67 21 admi-

196 1806 115 23 nistrativa
333 1808 41 21 och
389 1808 105 27 judiciela
516 1810 154 27 myndigheter,
693 1816 53 18 som,
762 1809 67 27 enligt
845 1810 24 26 $$
884 1810 14 20 4
913 1810 40 20 och

194 1842 13 18 5
223 1840 24 22 af
260 1840 148 30 lagförslaget,
424 1843 60 22 öfver
499 1844 67 22 sädan
581 1844 170 27 sammanföring
766 1844 54 26 egde
835 1845 33 19 att
883 1844 70 21 utläta

281 1881 9 11 +
