1034 1617
279 140 81 22 Ständ.
376 140 37 22 Sv.
429 152 27 3 —
472 139 72 27 Prop.
559 139 41 22 N:o
615 139 36 23 10.
792 138 26 21 17

365 202 90 22 Allmän
471 202 111 27 vinterväg
599 201 44 25 bör,
659 202 27 20 så
702 201 48 27 ofta
766 201 35 20 det
817 200 30 20 be-

295 235 83 27 höfves,
403 236 84 20 ändras
509 238 57 18 samt
589 235 25 21 de
634 236 77 20 ställen
728 234 119 22 utmärkas:

297 270 38 20 der
351 272 60 18 stora
428 269 69 21 vakar
513 269 37 21 och
566 269 82 21 vråkar
659 270 86 26 finnas,
762 268 37 22 och
810 270 37 19 vä-

295 311 41 20 gen
362 304 60 20 ledas
438 304 39 20 der
487 303 65 28 förbi
567 304 53 20 eller
636 303 36 21 bro
689 304 77 27 läggas
782 302 66 28 öfver,

297 338 36 20 vid
349 338 34 20 bot
399 338 29 27 af
445 344 38 14 sex
504 337 70 21 mark.
607 332 91 33 Öppnar
717 338 72 27 någon
808 336 41 21 vak

296 372 36 20 vid
351 372 84 20 allmän
451 372 117 26 vinterväg,
581 371 97 21 utmärke
689 371 40 21 den
740 371 65 28 sjelf
804 370 46 22 med

298 406 93 28 tjenliga
407 406 96 25 märken,
519 406 35 20 vid
570 406 34 20 bot
617 406 74 27 jemväl
702 406 25 27 af
733 412 36 14 sex
779 404 69 22 mark.

297 440 93 27 Hugger
409 440 74 28 någon
499 447 44 20 upp
559 441 45 19 isen
620 440 14 20 å
649 440 70 20 sådan
734 442 41 25 väg
791 439 59 27 öfver

297 474 40 27 sjö,
359 480 52 14 vare
437 481 80 14 ansvar
540 474 123 25 enahanda,
679 480 45 14 som
742 474 8 20 i
764 475 14 19 9
792 474 15 26 $
820 474 29 20 21

299 508 48 27 kap.
372 508 29 21 M.
419 509 28 20 B.
471 510 71 19 utsatt
557 510 32 19 är.
620 508 48 20 Får
690 508 72 27 någon
785 506 70 26 deraf

301 542 152 27 kroppsskada
469 542 52 21 eller
538 543 65 27 ljuter
614 542 75 26 döden,
704 548 50 15 vare
770 548 81 14 ansvar

300 576 82 27 derför
399 577 68 27 enligt
485 577 43 27 lag.

369 605 33 27 Är
417 611 109 27 vinterväg
542 611 75 21 endast
627 611 33 21 till
668 612 59 26 nytta
738 610 40 28 för
792 610 59 21 vissa

303 645 82 28 byalag,
401 646 37 20 må
453 645 64 21 dessa
530 652 33 14 om
578 645 42 21 slik
630 646 52 26 vägs
693 644 112 28 öppnande
815 642 37 23 och

300 678 170 22 underhållande
494 678 181 29 öfverenskomma
693 680 34 26 på
748 680 43 20 sätt
805 678 46 21 dem

302 713 124 27 lämpligast
440 720 69 21 synes.

542 771 16 27 $
576 772 34 20 15.

373 816 48 21 Der
435 816 43 21 bro-
493 817 51 21 eller
566 816 109 28 vägafgift
698 816 48 21 med
760 815 95 27 behörigt

305 850 99 22 tillstånd
425 850 112 27 uppbäres,
561 851 36 20 må
617 850 21 27 ej
657 850 45 27 den,
721 856 45 16 som
780 851 27 19 är
821 850 32 19 ut-

304 884 53 22 sedd
372 886 31 20 att
413 884 123 27 uppbörden
546 884 120 26 verkställa,
674 886 52 20 utan
734 884 48 21 skäl
790 889 63 21 uppe-

307 918 59 22 hålla
380 919 97 26 resande,
493 919 50 21 eller
558 918 28 28 af
598 918 74 22 honom
681 918 80 28 fordra
770 924 45 14 mer
825 918 30 20 än

303 952 97 28 fastäldt
415 954 32 20 är.
470 952 69 27 Hvar,
548 960 44 14 som
600 952 94 22 häremot
702 952 77 28 bryter,
786 950 69 28 plikte

307 987 58 21 ända
381 987 33 21 till
423 987 85 27 fyratio
524 987 61 21 mark
600 986 37 22 och
652 988 76 20 ersätte
743 986 90 21 skadan.

374 1020 106 27 Resande,
504 1028 51 19 som,
578 1021 67 21 ehuru
664 1020 89 22 erinrad
767 1022 31 19 att
813 1020 43 20 bro-

306 1055 51 21 eller
371 1054 110 28 vägafgift
495 1055 99 27 erläggas
610 1055 42 26 bör,
668 1055 79 21 sådant
760 1054 97 21 uraktlä-

307 1090 31 20 ter
353 1088 36 22 och
407 1089 83 27 färden
505 1089 121 27 fortsätter,
645 1089 68 27 plikte
736 1088 40 28 tolf
788 1087 68 22 mark.

309 1122 80 29 Bryter
404 1124 91 20 resande
509 1124 35 26 sig
558 1124 48 20 med
614 1123 51 21 våld
673 1130 74 21 genom
756 1122 101 28 slagbom,

308 1157 37 21 der
360 1157 71 21 sädan
439 1158 74 27 finnes
528 1157 101 28 uppförd,
644 1157 44 21 böte
698 1158 58 20 ända
767 1156 34 22 till
815 1156 42 21 tvä-

309 1191 86 21 hundra
409 1192 62 20 mark
486 1191 37 22 och
538 1193 78 20 ersätte
628 1192 104 21 dessutom
743 1191 31 21 all
783 1190 74 22 skada.

377 1225 110 27 Föröfvas
501 1226 29 27 af
541 1226 95 21 resande:
644 1226 133 22 misshandel
787 1223 14 23 å
811 1224 47 26 den,

308 1266 45 14 som
373 1259 44 21 bro-
437 1260 52 21 eller
509 1260 109 28 vägafgift
639 1260 90 27 uppbär,
744 1260 9 20 i
768 1258 37 22 och
820 1258 41 28 för

309 1292 56 22 hans
379 1293 120 28 befattning
515 1294 51 21 eller
576 1294 29 21 dä
614 1294 44 22 han
667 1294 9 21 i
685 1294 101 27 utöfning
796 1292 67 28 deraf

310 1327 65 21 stadd
390 1328 32 25 är,
438 1328 51 20 eller
499 1327 81 27 förgär
594 1328 34 27 sig
644 1328 45 26 den,
705 1334 45 15 som
760 1326 102 22 verkstäl-

309 1361 31 21 ler
355 1361 98 27 uppbörd
467 1362 28 28 af
507 1362 59 28 dylik
580 1362 72 28 afgift,
666 1363 30 26 pä
712 1360 92 23 nämnde
819 1362 44 20 sätt

309 1397 54 19 emot
377 1396 97 26 resande,
490 1396 51 22 eller
555 1396 50 22 sker
619 1396 78 22 härvid
714 1394 106 23 smädelse
835 1394 27 22 el-

312 1429 31 21 ler
360 1429 172 28 förolämpning,
555 1430 76 21 stände
646 1430 40 21 den
701 1429 107 27 brottslige
824 1435 39 15 an-

311 1469 52 15 svar
378 1463 67 28 enligt
459 1464 41 26 lag.
881 1463 2 2 |

781 1504 9 16 2
