1034 1623
333 116 20 20 U.
369 116 20 19 B.
405 126 28 3 —
447 115 54 25 Prop.
517 115 30 20 N:o
562 115 32 20 12.
793 113 24 20 13

187 187 41 21 gen
252 183 60 25 synts
333 179 121 24 Ständerna
474 186 52 16 vara
542 179 27 28 af
580 179 94 28 behofvet
688 179 106 28 högeligen
806 178 41 27 pä-

187 214 170 27 kallad,
278 208 35 37 men
324 208 41 37 att
372 214 129 27 densamma,
516 214 75 22 säsom
606 213 114 22 berörande
735 220 25 15 en
769 212 79 23 allmän

189 249 104 28 lagfräga,
316 249 59 22 torde
390 248 51 22 böra
455 248 65 28 blifva
535 248 91 27 föremål
640 248 34 27 för
689 247 136 29 lagstiftning
839 246 10 21 i

190 284 40 21 den
246 283 95 28 ordning,
356 285 31 20 42
401 282 15 29 $
431 283 201 28 Regeringsformen
647 282 140 28 föreskrifver.

154 353 34 22 En
202 352 24 23 af
238 353 67 28 några
320 351 224 24 Utskottsledamöter
559 351 94 28 afgifven
668 351 133 23 reservation
815 350 33 22 bi-

86 387 68 28 fogas.

154 433 135 28 Helsingfors
305 433 40 22 den
361 435 12 20 5
390 433 42 28 Maj
451 435 63 20 1882.

155 537 11 22 I
181 537 61 22 detta
256 537 89 22 ärendes
361 536 89 27 slutliga
465 536 135 27 behandling
614 536 66 22 hafva
694 535 91 28 deltagit
800 534 48 22 ord-

87 572 104 22 föranden
206 572 153 27 Montgomery,
375 571 149 22 ledamöterne
540 571 101 22 Friherre
656 571 85 27 Wrede,
758 570 91 22 Groten-

87 606 45 27 felt,
149 606 22 22 C.
188 606 23 21 F.
227 607 109 26 Forsman,
352 606 97 26 Renvall,
467 606 118 27 Grönberg,
602 606 133 27 Rosengren,
750 605 20 22 J.
785 605 64 22 Fors-

88 647 55 21 man,
166 640 101 27 Grönvik,
291 640 114 27 Clouberg,
429 641 90 27 Nyst6n,
543 641 103 26 Heikura,
662 639 131 23 Tensikkala
809 638 40 23 och

88 675 100 22 Jaatinen
204 676 56 21 samt
275 675 166 28 suppieanterne
457 675 58 28 Berg
531 675 41 22 och
587 675 64 22 Kalli.

384 827 169 20 Reservation.

156 877 32 21 Pä
210 878 46 20 sätt
277 877 165 26 Lagutskottets
466 877 139 22 betänkande
621 879 113 26 upptager,
750 879 25 20 är
789 877 32 20 uti
837 878 13 20 6

88 911 11 28 $
114 911 23 22 af
150 911 77 27 Kongl.
243 911 160 28 Förordningen
424 918 35 15 om
476 913 181 21 kronohemmans
672 911 131 28 försäljande
818 911 33 21 till

88 946 73 21 skatte
184 948 57 19 samt
261 946 26 21 de
309 945 108 24 förmoner
433 947 42 22 och
489 947 76 26 vilkor,
581 947 123 22 hvarunder
719 945 132 23 skattehem-

88 987 49 15 man
152 979 56 28 finge
227 978 132 30 innehafvas,
375 981 70 28 gifven
463 982 42 22 den
522 984 25 19 21
565 982 105 22 Februari
688 983 60 24 1789,
758 980 66 22 äboer
839 980 13 21 &

87 1015 168 22 kronohemman
270 1015 163 27 tillförsäkradt,
450 1018 35 20 att
499 1017 25 21 sä
539 1017 65 27 länge
620 1016 27 23 de
662 1016 32 22 till
705 1016 40 21 hus
754 1015 40 22 och
802 1014 51 28 jord

88 1049 35 22 väl
145 1049 41 22 och
206 1049 139 28 försvarligen
360 1050 95 22 häfdade
471 1051 48 21 sina
534 1051 98 22 äboende
647 1051 105 26 hemman,
770 1050 26 21 de
811 1049 41 22 och

88 1084 63 21 deras
166 1083 54 22 barn
235 1084 68 22 skulle
320 1085 52 22 derä
387 1084 84 23 odrifne
487 1085 52 22 sitta
554 1092 64 18 ,man
633 1085 54 22 efter
702 1091 50 16 man
760 1084 32 22 uti
800 1083 53 22 then

88 1118 91 27 ordning
194 1124 47 16 som
254 1119 35 21 Wi
303 1119 104 22 särskildt
426 1119 3 22 i
444 1119 76 22 Näder
536 1120 124 27 stadgadt*.
689 1120 68 22 Detta
772 1118 81 28 lagbud

89 1154 24 19 är
135 1159 77 20 genom
235 1153 56 28 3:dje
312 1153 97 28 punkten
432 1154 8 21 i
463 1154 129 28 Förenings-
612 1154 40 22 och
668 1153 185 23 Säkerhetsakten

88 1186 158 23 tillförsäkradt
268 1187 111 22 enahanda
402 1188 74 27 helgd,
500 1195 48 15 som
570 1195 35 16 om
629 1189 37 22 det
680 1189 34 22 uti
730 1187 123 28 äberopade

88 1221 106 27 grundlag
216 1221 69 22 blifvit
306 1222 87 22 infördt.
425 1223 117 22 Utskottet
557 1223 40 22 har
612 1223 62 22 äfven
688 1223 119 22 framhållit
821 1223 34 20 att

89 1255 41 22 den
152 1255 104 22 särskildt
278 1257 105 26 stadgade
406 1257 100 27 ordning,
529 1258 32 21 uti
585 1258 86 22 hvilken
693 1257 37 23 vid
746 1257 61 22 tiden
821 1256 34 22 för

88 1289 94 22 nämnde
197 1290 143 28 Förordnings
355 1291 133 22 utfärdande
504 1292 204 27 besittningsrätten
724 1291 33 22 till
775 1291 79 22 krono-

88 1324 99 22 hemman
203 1324 108 28 öfvergick
326 1325 47 22 från
388 1326 81 22 afliden
485 1326 41 22 åbo
542 1327 33 22 till
590 1327 54 22 hans
660 1328 61 26 barn,
736 1326 69 22 finnes
817 1332 38 15 an-

88 1358 71 26 gifven
181 1359 7 21 i
210 1359 77 27 Kongl.
310 1360 88 22 Brefvet
419 1361 44 21 den
483 1363 27 20 26
526 1362 61 26 April
605 1363 53 21 1775
675 1362 32 21 till
722 1360 75 28 Krigs-
814 1360 41 22 och

88 1392 240 28 Kammarkollegierna,
352 1400 47 16 som
418 1395 123 23 innnhåller
556 1398 34 20 att
605 1403 27 15 en
647 1397 43 21 död
705 1394 80 23 blifven
801 1395 54 22 åbos

89 1426 70 22 äldste
176 1433 39 16 son
238 1428 82 22 tillkom
335 1428 169 24 företrädesrätt
520 1432 32 20 att
568 1430 65 23 blifva
647 1431 53 22 värd
715 1429 30 28 på
759 1429 96 23 hemma-

157 1466 195 20 Ekonomiutskottets
365 1468 120 19 betänkande
497 1470 37 18 N:o
546 1470 17 18 8.
