1014 1620
215 97 12 22 2
416 98 28 22 U.
460 98 28 22 B.
505 109 25 5 —
546 98 75 27 Prop.
635 97 40 23 N:o
690 96 22 23 3.

394 161 47 21 med
461 161 199 28 Borgareståndets
675 161 8 20 i
698 160 36 21 det
750 162 110 19 närmaste
876 159 67 28 öfver-

395 195 174 20 ensstämmande
585 195 80 28 lydelse
679 195 31 26 af
720 195 16 27 $
746 195 34 27 på
788 194 88 29 finska:

466 237 9 11 »
479 229 88 26 Päätös,
584 229 60 28 jolla
655 229 57 28 joku
727 235 27 15 on
770 231 76 18 tämän
860 228 85 21 asetuk--

395 269 37 15 sen
452 263 96 21 mukaan
569 264 101 21 tuomittu
688 263 93 28 yleiseen
797 262 86 29 työhön,
899 263 47 20 tahi

396 297 166 28 työlaitoksessa
570 297 156 28 pidettäväksi,
737 303 27 15 on
774 299 117 19 annettava
900 297 47 21 kir-

390 331 110 28 jallisesti
508 333 35 26 ja,
558 334 61 26 ynnä
632 332 71 21 siihen
719 331 125 22 liitettävän
863 332 84 27 täydel-

397 366 54 21 lisen
475 365 121 22 osoituksen
618 366 69 22 kansa
706 366 126 21 muutoksen
851 365 96 22 hakemi-

396 406 55 18 seen,
472 400 78 21 läänin
569 400 125 22 kansliassa
714 401 121 20 tuomitulle
849 400 98 27 julistet-

398 436 72 19 tava,.

261 474 32 22 2:0
309 473 130 23 beträffande
455 476 28 19 10
497 475 21 27 $,

191 508 89 22 hvilken
303 508 74 22 endast
398 508 24 22 af
442 509 141 21 Bendeständet
605 508 71 23 blifvit
696 507 125 23 oförändrad
840 508 107 28 godkänd,

191 542 111 22 hvaremot

261 583 141 27 Ridderskapet
416 584 36 21 och
467 584 57 21 Adel

192 617 165 23 återremitterat
372 618 123 22 densamma
509 618 7 21 i
532 618 55 29 syfte
602 621 31 20 att
644 618 31 23 uti
686 619 14 26 $
711 617 69 22 skulle
790 617 96 29 tilläggas
896 617 53 22 stad-

192 651 68 29 gande
279 652 73 22 derom
370 655 30 20 att
416 653 113 22 Guvernör
544 653 7 22 i
566 653 26 22 de
607 653 43 26 fall,
666 652 28 22 då
709 652 76 22 sakens
804 652 146 22 beskaffenhet

193 686 70 23 dertill
285 686 129 27 föranledde,
433 687 53 29 egde
505 687 51 22 söka
574 687 166 22 kommunernas
762 686 141 29 förpligtande
921 689 30 19 att

193 723 78 20 ersätta
285 721 8 22 i
309 722 13 26 &
338 721 138 23 omförmälda
491 722 119 26 kostnader,

263 768 142 21 Presteståndet

193 801 8 21 i
217 801 63 29 öfrigt
299 802 94 28 godkänt
407 803 20 26 8,
444 805 58 19 utom
518 805 30 19 att
564 803 40 21 den
619 802 64 22 borde
700 801 140 28 omredigeras
856 801 7 21 i
878 801 74 21 sådant

194 835 55 29 syfte
269 838 32 20 att
320 836 45 22 deri
383 837 96 28 tydligen
496 837 69 22 skulle
584 836 143 23 föreskrifvas,
743 835 27 29 på
785 836 65 21 hvem
868 836 35 21 det
918 844 34 13 an-

193 870 86 22 komme
295 872 31 20 att
340 871 92 22 bestrida
447 872 116 21 kostnaden
579 871 33 22 för
626 870 136 23 lösdrifvares
773 870 137 28 försändning
921 870 32 22 till

195 904 141 22 Guvernören
352 906 52 21 eller
418 906 116 26 hemorten,
550 908 55 20 samt

265 951 160 25 Borgareståndet

193 984 80 29 jemväl
287 985 165 23 återremitterat
467 987 20 26 8,
502 986 8 21 i
525 986 39 22 och
579 986 33 22 för
626 984 112 23 införande
753 984 32 22 uti
800 984 123 22 densamma
933 983 23 22 af

196 1021 31 20 ett
241 1019 79 29 tydligt
334 1020 114 28 stadgande
464 1020 77 26 derom,
558 1022 30 20 att
604 1022 70 20 staten
690 1019 52 28 egde
757 1018 93 22 bestrida
864 1018 90 22 omkost-

195 1053 94 22 naderna
307 1054 33 22 för
360 1054 166 23 hemsändandet
540 1054 24 23 af
576 1055 67 22 såsom
659 1053 126 23 lösdrifvare
804 1052 90 23 ansedde
910 1060 44 21 per-

195 1095 67 14 soner.

264 1122 51 22 Med
337 1123 115 29 anledning
471 1124 65 25 häraf,
554 1124 38 22 och
608 1123 26 22 då
648 1122 92 22 sålunda
759 1122 74 22 endast
848 1124 30 19 ett
892 1122 61 22 stånd

195 1156 94 28 godkänt
308 1158 144 22 betänkandet
466 1158 8 21 i
489 1158 68 22 denna
572 1158 40 26 del,
628 1158 33 21 får
677 1156 110 26 utskottet,
803 1156 68 21 under
886 1156 69 22 åbero-

196 1191 68 27 pande
280 1191 23 22 af
317 1192 47 22 dess
378 1192 137 22 härförinnan
530 1192 8 22 i
552 1192 66 22 saken
634 1191 82 28 afgifna
730 1190 105 29 yttrande,
848 1190 107 22 vördsamt

195 1224 78 23 föreslå

474 1263 31 19 att
521 1261 103 28 samtliga
640 1259 70 23 stånd
724 1259 50 21 ville
789 1259 24 20 ät
827 1258 15 28 $
858 1259 27 20 10
895 1257 61 28 gifva

399 1295 104 28 jöljande
518 1296 92 28 lydelse:

475 1338 8 11 »
488 1330 127 21 Kostnaden
640 1328 45 28 för
710 1327 144 28 lösdrifvares
885 1326 70 28 befor-

404 1364 84 20 drande
509 1364 35 21 till
568 1364 153 21 Guvernörens
748 1362 134 27 behandling
904 1361 53 21 eller

399 1398 157 26 försändande
578 1398 36 21 till
636 1398 120 23 hemorten,
778 1396 104 21 bestrides
903 1396 8 20 i
930 1396 26 20 de

399 1432 56 26 fall,
475 1432 71 21 hvilka
566 1432 6 21 i
592 1433 9 20 4
617 1432 39 21 och
677 1432 14 20 6
710 1432 30 26 $$
762 1430 148 28 omjörmälas,
931 1430 30 27 af
