1003 1617
400 96 37 40 N»
455 96 25 40 6;
779 102 13 20 3

137 169 98 22 Officiela
257 170 88 21 skrifter
369 170 39 21 och
423 170 157 21 meddelanden
596 170 34 20 till
646 170 101 20 kommun
762 169 57 21 inom

64 204 75 21 landet
153 204 55 20 ifrån
228 204 98 20 bemälde
344 204 119 20 domstolar
479 204 53 21 eller
547 204 152 26 myndigheter
714 204 52 20 eller
781 202 39 22 ock

65 238 36 21 vid
123 238 48 21 dem
193 238 86 21 anstäld
301 238 130 26 tjensteman
452 238 63 21 skola
531 238 86 21 affattas
633 238 28 26 på
676 238 37 20 det
728 237 23 21 af
764 236 55 22 före-

65 272 93 20 nämnda
180 272 71 26 språk,
272 272 67 21 hvarå
354 272 132 26 protokollet
502 272 35 21 vid
553 272 141 20 kommunens
710 270 110 27 offentliga

65 306 162 26 förhandlingar
249 306 64 26 föres,
336 308 57 18 samt
415 306 112 20 enahanda
547 306 95 26 skrifter,
662 311 45 15 som
722 304 98 22 utfärdas

65 340 34 21 för
121 340 138 21 afkunnande
281 340 6 20 i
311 340 74 26 kyrka,
404 346 52 15 vara
471 342 105 24 uppsatta
591 340 28 27 på
635 340 53 21 eller
703 338 118 22 öfversatta

65 374 34 21 till
115 374 36 21 det
167 374 71 27 språk,
256 374 81 27 hvarpå
352 374 78 21 allmän
447 374 125 27 gudstjenst
586 374 7 21 i
609 374 153 25 församlingen
778 372 42 21 för-

65 410 76 24 rättas,
165 415 47 14 men
229 408 74 21 aflåtas
320 408 27 27 på
363 408 55 21 både
434 408 94 21 svenska
543 408 39 21 och
598 408 70 21 finska
682 407 33 21 till
731 407 89 21 försam-

66 442 51 26 ling,
141 442 38 21 der
201 442 96 27 offentlig
320 442 123 27 gudstjenst
466 442 28 27 på
514 442 107 22 hvardera
636 442 88 26 språket
740 442 81 20 ömsom

66 476 75 22 hålles.

420 505 12 27 8
447 506 19 20 2.

139 540 17 26 Ä
173 545 26 21 de
210 545 200 27 häradshöfdingar,
421 545 74 21 hvilka
506 545 72 21 blifvit
587 545 117 21 utnämnde
714 544 28 27 pä
752 542 69 28 grund

67 580 23 20 af
111 580 81 26 förslag
215 579 127 27 upprättadt
364 579 46 21 före
426 580 41 20 den
486 580 8 20 1
512 580 90 20 Januari
620 580 60 24 1872,
697 578 124 22 ankommer

67 614 43 25 det,
133 619 34 15 om
187 613 39 21 och
241 615 39 19 när
296 614 26 20 de
338 613 51 27 vilja
403 613 65 26 ätaga
484 614 33 26 sig
532 615 40 24 att,
588 615 58 19 emot
661 612 123 22 erhällande
800 610 23 22 af

69 647 164 27 skrifvarehjelp
249 648 46 20 frän
311 648 109 20 allmänna
434 648 78 25 medel,
529 648 87 20 utfärda
631 647 148 27 expeditioner
793 645 29 27 pä

68 681 71 21 finska
161 681 89 27 spräket
267 682 7 20 i
291 682 40 20 den
347 682 129 26 omfattning
492 682 12 26 $
522 683 8 19 1
549 682 94 26 stadgar,
660 682 58 24 eller,
735 680 38 21 der
788 679 34 21 sä-

69 716 52 20 dant
136 716 18 26 ej
171 716 42 20 kan
229 716 23 20 af
266 716 47 21 dem
329 716 137 25 verkställas,
482 716 59 21 förse
557 716 27 20 de
599 716 12 20 å
627 715 92 21 svenska
734 713 89 27 språket

68 750 102 20 affattade
193 750 153 26 expeditioner,
370 756 45 14 som
435 750 95 27 enligt
522 743 13 38 8
548 751 9 20 1
575 750 53 21 böra
643 749 53 27 utgå
710 748 28 27 på
753 747 70 21 finska

69 784 94 26 språket,
179 784 48 20 med
243 784 156 26 öfversättning
414 784 34 20 till
464 784 110 26 sistsagda
590 784 72 26 språk.
692 782 29 22 Af
730 782 91 21 nämnde

68 818 195 27 häradshöfdingar
278 820 37 19 äro
331 818 55 21 dock
401 819 33 25 de,
450 818 74 22 hvilka
540 818 33 22 för
589 817 133 22 närvarande
738 816 83 26 åtnjuta

69 852 170 27 skrifvarehjelp,
263 852 98 27 skyldige
384 854 38 24 att,
443 855 59 19 emot
517 853 73 21 vidare
606 851 126 28 åtnjutande
748 850 23 21 af
784 850 38 26 dy-

68 886 41 20 likt
124 879 82 33 bidrag,
223 888 51 19 utan
290 886 57 21 skild
363 886 100 21 anhållan
480 887 23 20 af
517 889 50 24 part
577 886 87 21 utfärda
674 884 147 28 expeditioner

67 920 28 26 på
111 920 69 21 finska
195 921 88 26 språket
299 921 6 20 i
321 921 41 21 den
378 921 157 27 utsträckning,
552 921 10 27 $
576 922 12 20 8
599 921 7 21 i
616 920 154 26 förordningen
780 918 42 21 den

68 954 27 21 20
111 954 103 21 Februari
233 955 53 21 1865
303 955 136 21 bestämmer.

422 1018 48 27 83.

141 1057 24 26 Ej
182 1057 35 21 mä
232 1057 69 27 nägon
317 1057 47 21 frän
381 1058 39 21 och
436 1058 49 20 med
501 1058 24 21 är
543 1058 57 20 188-
615 1058 34 20 tili
664 1057 159 26 borgmästare-

68 1090 67 26 tjenst
157 1091 92 21 föreslås
271 1092 53 20 eller
346 1092 49 21 med
418 1092 102 21 fullmakt
535 1086 14 38 &
568 1090 255 28 justitierädmanstjenst

68 1124 69 21 förses
153 1125 53 21 eller
221 1125 33 21 till
270 1126 83 20 notarie
370 1126 34 20 vid
420 1126 169 21 Rädstufvurätt
604 1126 52 21 eller
666 1125 118 25 Magistrat
794 1123 29 21 el-

68 1158 32 21 ler
116 1158 129 22 ordförande
261 1160 6 20 i
283 1159 155 27 Ordningsrätt
451 1162 115 19 utnämnas
577 1160 52 21 eller
639 1160 34 20 till
684 1157 139 23 bestridande

68 1192 23 21 af
105 1193 93 21 berörda
213 1194 91 26 tjenster
319 1194 114 21 förordnas
449 1194 50 21 med
514 1194 84 21 mindre
612 1194 54 21 hans
682 1192 98 26 förmäga
790 1193 32 19 att

68 1226 7 21 i
98 1227 30 21 tal
148 1227 39 21 och
202 1227 65 21 skrift
282 1228 97 26 begagna
395 1228 93 21 svenska
504 1228 38 21 och
558 1228 70 21 finska
643 1227 93 27 språken
752 1225 71 21 blifvit

68 1261 77 26 styrkt,
161 1261 28 27 pä
204 1264 45 18 sätt
264 1262 7 20 i
287 1263 10 19 7
314 1262 11 27 &
341 1262 24 20 af
379 1262 159 21 ofvanberörda
552 1262 80 27 nädiga
645 1260 127 26 förordning
782 1260 41 20 den

68 1301 13 20 9
97 1300 43 27 Maj
159 1302 50 20 1881
227 1303 25 19 är
267 1302 108 26 stadgadt.

420 1330 12 27 8
448 1332 21 19 4.

141 1368 45 22 Der
208 1369 70 27 någon
301 1369 24 21 af
345 1370 27 20 de
392 1369 46 22 före
462 1370 41 21 den
525 1371 9 20 1
551 1370 90 21 Januari
659 1370 60 20 188
704 1364 10 37 -
735 1368 91 22 tillsatte

67 1401 151 27 borgmästare
234 1404 52 20 eller
299 1404 177 26 justitierädämän
492 1404 53 22 eller
560 1404 40 22 ock
615 1404 97 22 notarier
722 1402 36 22 vid
768 1402 57 22 Räd-
