1031 1620
197 110 28 20 24
412 111 19 19 U.
447 110 19 20 B.
484 121 26 4 —
526 110 53 24 Prop,
595 110 31 20 N:o
640 110 31 20 15.

170 180 47 16 som
232 174 91 22 innehar
340 174 52 23 flere
413 175 211 27 sammanhängande
640 174 74 27 utmäl,
731 174 97 22 tillstånd
844 176 32 20 att
891 180 39 16 un-

170 208 39 23 der
224 210 33 20 ett
272 208 52 23 eller
341 208 53 24 flere
409 209 25 22 är
448 210 50 21 med
513 209 76 22 arbete
604 209 58 22 inom
677 208 67 28 nägot
760 208 52 23 eller
827 209 68 27 nägra
910 208 22 22 af

171 243 49 22 dem
242 242 97 24 försvara
356 244 80 28 jemväl
456 244 28 22 de
500 243 74 28 öfriga,
591 243 89 28 sälänge
697 244 27 21 de
740 242 23 22 af
776 243 79 23 honom
870 243 61 22 inne-

170 277 75 23 hafvas
269 277 40 23 och
330 278 41 22 den
388 280 46 20 mot
450 278 100 28 samtliga
565 278 96 22 utmälen
677 278 106 22 svarande
800 278 132 28 arbetsskyl-

172 312 104 28 digheten
290 312 109 28 fullgöres.

243 346 83 22 Sådant
340 347 98 22 tillstånd
453 348 42 21 kan
512 347 22 22 af
547 347 166 28 Bergstyrelsen
728 347 111 22 meddelas
852 346 82 28 jemväl

174 380 48 27 den,
239 387 46 15 som
304 381 90 22 innehar
413 382 177 27 inmutningsrätt
610 382 33 21 till
658 381 52 23 flere
730 382 2 21 i
749 388 82 15 samma
846 382 35 21 ort
895 381 38 22 be-

173 415 65 28 lägna
261 415 250 29 sjömalmsfyndigheter,
535 415 63 23 äfven
617 422 34 16 om
668 416 27 22 de
710 415 48 23 icke
774 417 37 20 äro
827 421 107 16 samman-

173 449 121 28 hängande.

426 503 12 28 8
452 505 34 20 44.
511 502 20 29 ($
546 505 27 20 45
590 503 6 22 i
612 503 71 28 prop.)

246 536 141 23 Oförändrad.

428 599 11 29 8
455 602 33 20 45.
513 600 19 28 (8
548 602 27 20 46
590 600 7 22 i
612 600 71 28 prop.)

248 641 10 20 1
276 645 62 17 mom.
369 640 128 23 Hviloständ
513 641 52 22 eller
578 640 103 22 tillåtelse
692 641 34 20 att
736 639 49 22 med
795 639 142 28 inmutnings-

179 675 84 21 rättens
283 674 151 23 bibehällande
453 675 69 22 under
540 675 44 22 viss
600 675 32 22 tid
646 674 88 22 inställa
748 674 67 22 redan
829 674 110 28 päbegynt

179 708 76 23 arbete
271 708 13 22 å
298 707 111 29 fyndighet
423 709 36 22 mä
474 709 23 22 af
510 709 176 28 Bergsstyrelsen
702 709 29 28 pä
745 709 119 27 ansökning
877 708 61 22 med-

179 741 76 29 gifvas,
279 742 101 28 antingen
399 743 7 22 i
422 750 27 15 en
469 743 96 28 tidsföljä
580 744 53 21 eller
649 744 31 21 uti
696 743 71 22 skilda
782 743 108 27 terminer,
905 743 34 22 för

180 783 27 16 en
222 777 32 22 tid
270 777 22 22 af
305 777 66 27 högst
385 777 43 23 fem
444 778 30 27 är,
490 779 74 21 derest
578 778 76 28 giltiga
667 779 47 21 skäl
726 778 70 22 dertill
806 777 134 23 förekomma

180 811 41 22 och
243 812 118 27 behörigen
382 812 95 28 styrkas;
498 813 62 27 dock,
579 813 57 22 hvad
651 812 162 22 försöksarbete
829 812 13 22 &
857 818 81 16 annans

180 846 61 22 mark
249 845 109 28 beträffar,
369 846 50 22 med
428 846 140 28 iakttagande
579 846 23 22 af
609 847 56 21 hvad
676 847 6 21 i
694 846 11 28 $
718 849 25 19 18
753 846 69 22 finnes
830 846 110 27 stadgadt.

249 882 12 20 2
277 886 63 16 mom.
371 881 129 22 Hviloständ
519 882 35 22 mä
568 882 66 22 likväl
649 882 49 22 icke
714 881 73 23 förrän
802 880 55 23 efter
872 880 70 22 första

181 915 135 22 arbetsärets
335 915 83 28 utgäng
437 916 89 28 beviljas
543 922 69 16 annan
628 918 27 20 än
671 916 115 27 anläggare
802 915 22 22 af
838 915 54 22 bruk
907 914 35 22 för

182 949 186 28 tillgodogörande
384 950 23 22 af
420 950 104 28 sjömalm.

251 985 12 20 3
279 989 64 17 mom.
360 984 145 23 oförändradt.

488 1089 16 20 7
518 1087 115 27 Kapitlet.

354 1137 38 24 Om
407 1137 125 30 ordningen
546 1138 38 23 vid
598 1138 172 29 grufvedriftem.

534 1201 10 28 8
560 1203 34 20 46.

253 1240 185 28 Grufverörelsen,
461 1242 122 22 hvarunder
603 1242 80 27 jemväl
702 1241 124 28 inbegripas
842 1240 103 23 bearbet-

182 1276 52 27 ning
249 1272 23 25 af
285 1276 48 22 lösa
345 1276 118 28 jordlager,
480 1276 85 22 vaskeri
581 1278 57 20 samt
653 1276 166 28 sjömalmstägt,
828 1276 55 21 skall
893 1281 53 16 vara

183 1310 155 22 underordnad
359 1310 178 28 Bergsstyrelsen
560 1310 41 22 och
623 1312 110 20 närmaste
754 1310 101 28 tillsynen
870 1309 76 22 dervid

182 1344 122 22 tilkomma
323 1344 175 28 Bergmästaren,
516 1345 87 21 hvilken
619 1345 37 22 det
670 1345 8 21 i
693 1344 119 23 allmänhet
828 1344 82 27 åligger
926 1343 20 28 ej

182 1378 84 23 mindre
290 1378 116 23 öfvervaka
425 1381 33 20 att
478 1378 150 28 efterföljande
646 1379 136 28 stadganden
804 1378 34 22 för
861 1378 84 27 grutve-

183 1412 79 23 driften
278 1413 120 27 behörigen
412 1414 118 27 iakttagas,
546 1416 27 20 än
590 1414 40 22 ock
645 1414 7 21 i
669 1413 65 28 öfrigt
749 1413 50 23 med
811 1412 106 23 -afseende
933 1412 14 22 &

251 1452 204 19 Ekonomieutskottets
468 1452 117 19 betänkande
597 1453 36 18 N:o
645 1454 17 16 6.
