1028 1620
268 95 81 22 Ständ.
364 95 39 22 Sv.
418 107 27 4 —
460 96 72 27 Prop.
546 95 41 22 N:o
603 95 33 23 15.
767 95 26 20 31

280 165 38 13 ren
334 158 51 21 eller
401 165 73 14 annan
489 157 124 28 sakkunnig
625 165 87 20 person,
723 164 43 14 som
779 157 42 22 för-

280 191 74 21 klarat
368 192 34 27 sig
417 192 73 21 dertill
505 192 71 27 villig;
592 192 8 20 i
615 191 84 22 hvilken
709 192 113 20 sistnämn-

281 225 28 21 da
332 225 99 22 händelse
454 226 71 21 derom
548 225 54 22 dock
621 225 37 22 bör
673 226 98 21 anmälas
786 225 36 21 hos

282 259 172 28 bergsstyrelsen,
476 267 45 13 som
540 259 41 21 har
596 262 31 18 att
640 260 82 27 pröfva
737 260 38 21 den
786 259 36 28 fö-

282 293 98 28 reslagne
399 301 117 20 personens
539 293 125 28 lämplighet
683 294 38 21 och
732 293 90 28 förord-

282 328 72 20 nande
364 328 41 26 för
420 328 76 21 honom
512 328 103 21 meddela.

343 361 39 21 Vid
405 362 216 28 utmälsläggningen.
644 362 89 21 hvarvid
751 365 71 24 proto-

282 395 44 20 koll
341 395 56 21 skall
415 395 73 27 föras,
504 396 95 27 iakttage
611 397 211 26 förrättningsman-

283 435 39 14 nen
340 428 173 28 föreskrifterna
536 430 8 20 i
565 430 30 27 $$
616 431 35 24 27,
677 431 30 20 28
722 430 37 20 och
773 431 50 20 29
812 424 13 37 i

283 463 133 27 tillämpliga
431 464 71 25 delar;
516 464 38 20 och
572 464 65 20 varde
655 464 75 20 dervid
747 464 34 21 det
790 464 32 20 in-

282 497 86 21 mutade
391 498 94 20 området
508 498 46 20 med
571 498 40 20 den
627 498 149 28 nogyrannhet
791 498 32 20 be-

282 531 86 25 stämdt,
391 534 32 18 att
446 532 40 20 den
508 532 73 28 årliga
606 531 217 28 arbetsskyldigheten

282 565 66 21 sedan
370 566 35 20 må
427 565 73 21 kunna
522 566 54 21 derå
596 566 66 27 enligt
677 566 14 27 $
705 567 29 20 43
749 566 74 21 beräk-

283 607 45 17 nas,
344 602 55 19 samt
413 602 119 25 gränserne
548 600 108 27 beskrifne
677 600 37 21 och
729 601 46 21 med
789 602 33 19 rö-

282 641 37 13 sen
334 634 52 21 eller
401 634 71 21 andra
487 634 150 27 skiljomärken
657 634 105 27 försedde
776 635 47 20 med

282 667 140 28 iakttagande
444 669 30 26 af
491 668 55 21 hvad
560 669 15 26 $
589 671 14 18 4
618 676 33 13 om
666 669 50 20 råer
733 668 42 27 för
789 669 35 20 in-

283 702 126 27 mutningar
424 703 8 20 i
446 703 33 27 sjö
490 703 156 27 föreskrifver;
669 703 93 20 börande
777 704 47 19 sär-

282 736 58 21 skild
362 737 63 20 karta
448 737 60 26 öfver
528 737 72 21 stället
615 739 120 25 upprättas,
751 737 38 20 der
805 737 19 26 ej

283 771 122 20 inmutaren
428 771 110 26 anskaffat
561 771 112 27 behörigen
697 771 70 27 styrkt
789 770 35 27 af-

283 805 55 20 stick
359 805 29 26 af
407 805 99 26 deröfver
523 805 66 27 förut
611 805 120 27 upprättad
752 805 70 25 karta,

282 839 13 19 å
311 838 84 21 hvilken
418 839 28 20 då
466 839 220 27 gränseskilnaderna
703 838 50 21 böra
769 845 54 21 upp-

282 872 87 28 dragas.

519 930 14 27 $
550 931 34 19 41.

343 975 188 28 Utmålsläggning
546 976 8 19 i
566 976 41 26 sjö,
618 975 27 20 då
656 975 40 20 den
703 974 121 27 föreskrif-

282 1016 37 14 ven
334 1012 32 23 är,
383 1010 71 26 åligge
469 1010 35 20 det
519 1010 123 20 inmutaren
657 1011 32 19 att
705 1009 46 20 låta
766 1008 56 20 verk-

282 1043 66 21 ställa
372 1044 56 20 inom
444 1046 28 18 ett
488 1044 26 20 år
528 1043 67 21 sedan
610 1043 43 21 han
669 1042 71 27 blifvit
756 1042 66 21 berät-

284 1078 60 26 tigad
355 1080 32 18 att
399 1078 138 26 malmtägten
548 1077 67 27 enligt
625 1077 14 27 $
649 1078 29 20 24
686 1076 138 29 påbegynna;

283 1112 43 24 och,
349 1112 69 20 derest
436 1111 168 27 förrättningen
624 1110 70 28 blifvit
709 1110 30 27 af
749 1116 75 14 annan

283 1147 28 19 än
328 1146 160 27 bergmästaren
504 1145 114 25 verkstäld,
634 1144 57 21 skall
701 1145 122 20 inmutaren

283 1180 56 20 inom
354 1180 62 20 nittio
432 1180 71 27 dagar
514 1180 57 26 frän
582 1180 47 20 dess
640 1179 125 27 afslutande
771 1185 52 21 pro-

282 1214 86 20 tokollet
391 1214 101 25 deröfver
509 1214 66 27 jemte
592 1214 79 19 kartan
686 1213 90 26 tvefaldt
791 1213 33 19 in-

282 1247 59 27 gifva
357 1248 35 20 till
408 1247 159 28 bergmästaren
583 1248 8 19 i
602 1247 101 27 afseende
713 1247 12 20 å
735 1246 89 28 gransk-

283 1282 52 27 ning
352 1282 38 20 och
400 1282 152 26 fastställelse,
572 1282 35 20 vid
622 1284 100 25 äjventyr
736 1282 8 20 i
759 1280 65 22 hvar-

283 1316 51 20 dera
345 1316 69 26 fallet
429 1316 29 24 af
464 1316 219 27 inmutningsrättens
690 1315 91 27 förlust,
791 1321 32 14 om

281 1350 73 28 giltigt
364 1350 77 21 hinder
447 1349 41 27 för
500 1349 171 28 förrättningens
677 1348 147 28 företagande

282 1384 52 21 eller
346 1384 140 28 protokollets
496 1384 136 22 insändande
642 1385 56 19 inom
705 1382 118 28 föreskri/-
