1009 1617
260 98 82 23 Ständ.
357 98 38 22 Sv.
410 110 27 4 —
453 98 72 28 Prop.
540 98 40 22 N:o
596 98 21 22 3.
774 98 13 20 7

512 161 14 27 $
542 162 34 20 10.

335 200 127 21 Kostnaden
469 200 42 27 för
520 201 142 27 lösdrifvares
672 200 145 26 befordrande

268 234 34 21 till
310 236 146 26 guvernörens
465 234 131 28 behandling
605 235 52 20 eller
660 234 156 28 försändande

268 269 35 20 till
326 268 114 26 hemorten,
465 268 104 22 bestrides
590 269 8 20 i
613 269 25 21 de
654 268 50 25 fall,
720 268 73 21 hvilka
808 268 9 20 i

267 302 30 28 $$
312 304 14 19 4
340 302 39 21 och
395 304 13 20 6
424 302 148 28 omförmälas,
589 302 29 28 af
624 302 134 28 kommunen,
770 309 45 14 men

268 344 83 14 annars
370 337 30 27 af
410 336 98 26 kronän;
524 337 37 21 och
575 337 62 21 skola
652 339 62 19 dessa
729 336 87 22 kostna-

268 371 39 21 der
328 371 119 27 godtgöras
470 371 30 27 af
518 370 153 28 lösdrifvaren,
687 371 72 21 sävidt
774 370 43 21 han

269 406 94 27 tillgång
386 406 74 21 dertill
483 413 55 20 eger.
568 405 43 22 Det
634 406 129 21 tillkommer
777 412 40 21 gu-

267 441 105 20 vernören
386 440 9 20 i
410 440 34 21 det
461 441 42 25 län,
521 441 35 20 till
570 440 80 21 hvilket
661 446 109 21 personen
781 439 34 21 hö-

268 481 42 19 ver,
326 477 33 18 att
374 473 75 22 härom
460 475 119 26 förordna.

512 527 16 26 $
543 527 33 20 11.

338 565 74 21 Skulle
434 566 69 21 sådan
522 566 138 27 förändring
675 565 94 27 inträfa
785 565 33 20 uti

268 607 24 13 en
309 600 35 20 till
360 600 92 21 allmänt
468 600 71 21 arbete
554 601 52 20 eller
621 599 196 27 arbetsinrättning

262 634 72 30 enligt
358 634 72 21 denna
442 634 137 28 förordning
594 635 64 20 dömd
670 640 92 22 persons
778 633 40 21 vil-

268 667 44 26 kor,
336 671 32 18 att
391 668 44 21 han
458 669 127 28 antagligen
608 668 45 21 icke
672 668 74 21 vidare
762 668 56 20 låter

269 702 128 26 lösdrifveri
412 702 84 21 komma
512 703 33 27 sig
561 703 34 20 till
606 703 43 20 last
660 703 52 20 eller
720 702 46 21 icke
774 708 44 14 mer

268 739 26 18 är
306 736 41 27 för
364 737 114 21 allmänna
494 737 124 26 säkerheten
633 737 81 27 vådlig,
726 736 38 21 bör
774 735 43 22 han

267 773 77 24 genast
362 770 117 28 frigifvas,
500 778 47 14 men
562 771 20 28 ej
596 771 36 20 må
647 771 78 21 sådant
736 769 82 29 frigif-

268 805 68 21 vande
358 812 38 21 ega
413 811 46 15 rum
477 805 76 21 endast
566 806 31 27 på
612 805 73 28 grund
701 804 29 28 af
741 805 76 20 honom

267 840 74 27 gjordt
364 840 74 21 anbud
454 847 33 14 om
503 841 71 27 tjenst,
590 840 38 21 der
644 840 19 26 ej
676 840 142 27 guvernören,

268 873 57 28 efter
348 874 161 21 vederbörande
529 875 67 26 polis-
616 875 52 20 eller
683 873 135 21 kommunal-

268 908 137 28 myndighets
421 908 103 26 hörande,
530 909 76 27 finner
614 909 80 27 skäligt
702 907 116 28 godkänna

269 942 100 21 anbudet.

512 995 16 27 $
543 996 35 20 12.

337 1033 56 26 Den,
416 1041 44 14 som
485 1034 63 28 hyser
572 1034 138 28 lösdrifvare,
730 1033 42 27 för
786 1035 33 19 att

269 1068 75 21 honom
361 1068 67 28 dölja,
444 1068 48 21 böte
507 1069 61 27 tjugu
583 1069 67 25 mark,
662 1069 35 21 till
711 1064 49 37 jemn
774 1068 46 21 del-

270 1103 54 26 ning
340 1103 91 20 emellan
447 1103 131 28 angifvaren
594 1103 37 21 och
648 1103 24 21 de
683 1102 91 28 fattige.

337 1136 95 21 Förmår
446 1137 42 21 den
507 1137 102 27 sakfälde
624 1137 44 21 icke
683 1137 85 21 sådana
784 1136 36 21 bö-

270 1173 32 18 ter
316 1171 74 26 gälda,
406 1171 62 21 skola
485 1172 25 21 de
521 1172 134 27 förvandlas
670 1172 36 21 till
717 1170 103 28 fängelse

266 1206 31 26 på
319 1207 44 20 sätt
386 1207 9 19 i
418 1207 27 21 10
468 1205 49 29 kap.
538 1206 23 21 U.
578 1206 25 22 B.
620 1206 36 21 och
671 1207 15 20 8
700 1204 97 29 punkten
812 1205 9 20 i

269 1240 80 28 Kongl.
368 1240 159 28 förklaringen
545 1241 30 27 af
586 1241 40 21 den
641 1241 29 21 23
686 1240 62 21 Mars
763 1240 58 20 1807

270 1281 32 15 om
318 1274 114 22 vitesböter
447 1276 99 27 stadgas.

517 1328 14 26 $
546 1328 34 20 13.

338 1366 79 21 Denna
429 1366 139 28 förordning
580 1367 76 21 träder
665 1367 9 20 i
684 1365 138 28 verkställig-

268 1400 35 21 het
318 1400 42 21 den
656 1400 63 26 ifrän
736 1399 85 21 hvilken

269 1436 43 26 dag
328 1435 167 28 förordningen
511 1435 30 27 af
552 1435 39 21 den
607 1436 29 20 23
650 1434 100 22 Januari
766 1434 56 21 1865
