1034 1620
431 126 34 21 N:o
480 125 32 22 16.
791 126 23 19 11

89 197 64 21 ofvan
176 196 141 21 omförmälda
341 196 178 26 icke-spirituösa
541 195 98 27 drycker.
669 195 25 27 Ej
719 195 66 21 heller
810 193 35 22 mä

90 231 81 21 sådana
192 230 91 27 drycker
306 230 71 22 såsom
400 230 63 27 gäfva
485 230 34 21 till
542 230 107 26 förtäring
676 230 112 21 derstädes
811 230 33 20 ut-

91 266 89 20 lemnas.

438 299 12 27 8
468 300 31 20 12.

163 347 18 19 1.
211 345 105 21 Beträdes
331 346 70 26 nägon
419 346 48 20 med
482 346 149 26 utskänkning
641 345 24 21 af
673 345 36 21 vin
720 344 52 22 eller
782 344 62 21 malt-

90 381 67 26 dryck
172 382 53 19 utan
240 382 33 19 att
288 380 63 20 hafva
370 380 72 21 dertill
462 381 7 19 i
485 380 92 26 stadgad
593 380 92 26 ordning
700 378 87 22 erhällit
801 378 43 22 till-

91 415 64 20 ständ
177 415 53 20 eller
248 414 119 21 utskänker
386 414 133 27 gästgifvare
539 414 12 21 &
569 414 74 21 landet
662 413 59 27 dylik
741 413 65 27 dryck
822 412 23 21 ät

90 455 71 16 annan
184 451 26 19 än
233 449 97 26 resande,
350 449 53 20 eller
422 449 73 26 bryter
516 449 71 26 nägon
605 450 45 19 mot
669 448 111 25 förbuden,
798 453 45 15 som

92 486 38 19 äro
146 484 60 27 gifna
221 484 7 20 i
244 483 12 27 &
273 485 31 24 11,
321 483 51 21 böte
387 483 69 21 första
472 484 83 26 gängen
571 483 48 21 frän
631 483 38 21 och
680 483 49 21 med
739 481 105 28 tjugufem

91 519 33 20 till
148 519 38 20 och
211 518 48 21 med
282 517 118 28 sjuttiofem
421 518 60 21 mark
502 518 39 21 och
559 518 68 21 andra
642 517 84 27 gängen
741 517 48 21 frän
805 515 39 22 och

91 553 49 22 med
155 553 74 21 femtio
245 553 33 20 till
294 553 39 20 och
348 553 49 20 med
414 552 117 21 etthundra
551 552 74 21 femtio
641 552 68 21 mark.
739 550 54 23 Sker
809 551 36 20 det

92 588 69 26 tredje
176 587 84 27 gängen
276 587 51 21 eller
343 587 76 26 oftare,
436 593 50 15 vare
502 587 39 21 bot
555 587 48 20 frän
619 587 40 20 och
670 587 48 20 med
729 585 116 22 etthundra

92 623 33 20 till
141 622 39 21 och
195 622 49 21 med
259 621 127 22 femhundra
401 622 69 20 mark.

163 657 18 20 2.
212 657 84 20 Varder
318 657 77 26 någon,
418 657 87 20 hvilken
525 656 62 21 idkar
608 656 67 21 sådan
691 655 153 26 utskänkning,

92 697 46 15 som
157 691 57 21 afses
233 691 7 20 i
260 691 69 21 denna
348 691 132 26 förordning,
502 691 91 21 beträdd
608 691 49 20 med
673 689 72 28 oloflig
760 689 86 26 försälj-

91 726 52 27 ning
158 726 22 20 af
195 725 89 21 bränvin
303 725 52 21 eller
374 725 68 21 andra
461 725 84 21 brända
559 725 53 21 eller
628 725 138 20 destillerade
782 723 64 28 sprit-

92 760 97 27 drycker,
213 760 79 25 dömes,
316 761 60 19 utom
394 759 34 21 till
448 759 73 22 derför
541 759 102 27 stadgadt
663 765 84 20 ansvar,
763 759 33 20 sin
812 759 33 19 ut-

94 795 178 25 skänkningsrätt
287 794 55 21 efter
358 794 70 20 denna
443 794 128 26 förordning
586 794 108 25 förlustig.

438 864 12 27 8
468 865 30 20 13.

162 910 80 21 Derest
260 910 36 21 vin
315 910 52 21 eller
386 910 127 27 maltdryck,
531 916 45 15 som
593 910 64 26 köpts
673 910 39 20 hos
729 909 47 26 den,
792 908 54 21 hvil-

91 944 41 21 ken
148 944 62 21 idkar
226 944 77 21 handel
319 944 49 21 med
388 945 74 26 dylika
478 944 98 27 drycker,
592 946 53 19 utan
661 945 32 19 att
707 950 53 14 vara
774 943 72 21 berät-

90 978 60 27 tigad
173 980 33 20 att
228 979 48 21 dem
299 979 33 21 till
355 979 107 26 förtäring
482 979 28 27 pä
530 979 74 21 stället
624 978 86 27 afyttra,
731 976 115 23 förtäres
833 972 17 38 i

90 1013 103 21 närheten
209 1013 23 21 af
246 1012 204 28 försäljningsställe
461 1013 13 21 ä
484 1013 94 26 omräde,
593 1012 114 22 hvaröfver
717 1012 129 26 försäljaren

90 1054 52 20 eger
164 1047 90 27 förfoga,
283 1048 55 20 skall
360 1048 50 26 han,
434 1054 34 14 om
489 1048 37 20 det
545 1048 50 20 sker
614 1047 48 21 med
677 1047 54 21 hans
754 1046 90 26 vetskap

90 1082 40 21 och
152 1084 52 19 utan
227 1084 33 19 att
281 1082 42 21 han
343 1082 50 21 sökt
412 1082 79 20 sådant
511 1082 84 25 hindra,
616 1081 85 21 straffas
717 1081 71 21 såsom
804 1080 41 21 den

90 1116 39 21 der
144 1116 84 21 utöfvat
244 1116 63 27 olaga
322 1116 148 26 utskänkning
486 1116 23 21 af
524 1116 73 27 dylika
612 1116 96 26 drycker.

440 1185 11 27 8
468 1186 33 20 14.

162 1231 54 22 Sker
236 1232 146 26 utskänkning
402 1231 13 21 &
433 1231 39 26 tid,
492 1231 29 21 dä
537 1231 67 21 sådan
620 1231 67 26 enligt
702 1231 11 27 $
730 1232 11 20 7
757 1230 49 21 icke
821 1231 24 19 är

89 1266 91 26 tillåten,
197 1266 53 21 eller
265 1266 134 21 öfverträdes
414 1266 68 26 något
497 1266 23 21 af
534 1266 106 20 förbuden
655 1266 7 20 i
677 1265 12 28 &
705 1266 19 25 5,
736 1265 11 27 $
758 1266 13 19 8
781 1270 64 15 mom.

91 1302 19 25 1,
130 1300 24 28 88
173 1302 12 20 9
204 1301 40 21 och
265 1302 32 24 10,
317 1301 53 21 eller
388 1300 127 22 underlätes
535 1300 56 21 hvad
606 1300 7 21 i
629 1300 12 27 $
658 1301 11 20 7
685 1306 64 15 mom.
758 1294 13 38 3
794 1298 53 22 eller

88 1335 12 27 $
124 1336 13 20 8
160 1342 63 14 mom.
246 1336 13 20 2
279 1337 24 19 är
322 1335 146 26 föreskrifvet,
488 1341 51 15 vare
559 1335 39 21 bot
613 1334 69 22 första
697 1334 84 27 gången
797 1332 48 22 från

89 1370 40 20 och
145 1370 48 21 med
208 1370 106 26 tjugufem
330 1370 33 21 till
380 1370 39 21 och
434 1370 50 20 med
500 1370 120 26 sjuttiofem
635 1369 62 21 mark
712 1370 56 20 samt
778 1368 69 21 andra

89 1404 84 26 gängen
192 1404 48 21 frän
260 1404 38 21 och
316 1404 49 21 med
384 1404 76 21 femtio
480 1404 61 21 mark
560 1404 33 21 till
609 1404 40 20 och
664 1404 48 20 med
728 1402 117 22 etthundra

88 1438 75 21 femtio
180 1439 62 21 mark
254 1439 68 26 jemte
337 1438 80 22 förlust
432 1438 24 21 af
469 1438 239 26 utskänkningsrätten.
