1006 1620
320 109 23 18 U.
356 109 22 18 B.
391 119 23 3 —
426 108 63 25 Prop.
501 108 37 20 N:o
551 109 19 18 4.
778 109 21 18 13

270 166 50 27 pell,
344 166 90 22 bönehus
457 167 37 20 och
512 167 67 21 andra
598 166 104 28 märkliga
717 165 104 28 offentliga

274 201 128 27 byggnader;
430 201 113 27 ättehögar,
564 201 94 27 graffält,
681 199 141 27 stenkummel,

274 235 136 26 värdhällar;
432 237 78 24 stenar,
533 235 116 27 klippdlock
663 235 37 21 och
715 235 48 28 berg
776 234 49 22 med

274 269 106 27 runskrift
402 270 49 21 eller
474 271 66 20 andra
556 269 110 27 inskrifter
682 269 48 22 eller
745 269 78 26 afbild-

277 304 88 27 ningar;
382 304 109 27 äfvensom
505 304 95 22 stenkors
615 304 36 22 och
667 304 69 27 dylika
746 304 79 21 vårdar

274 340 55 19 samt
351 339 67 21 andra
442 339 102 22 likartade
562 339 170 21 minnesmärken
746 338 27 26 af
785 338 39 21 den

274 373 66 26 ålder,
357 380 17 14 o.
390 380 16 14 s.
422 380 18 14 v.
458 374 66 26 enligt
540 374 166 27 propositionen.

378 431 24 27 $$
418 431 14 21 2
448 431 40 21 och
503 432 19 20 3.

316 470 74 28 Enligt
403 472 166 26 propositionen.

428 529 12 28 8
455 530 21 20 4.

308 568 64 23 Mom.
389 570 9 21 1
416 570 68 27 enligt
498 570 164 27 propositionen.

310 603 64 22 Mom.
391 605 19 20 2.
446 603 150 28 Arkeologiska
614 604 161 21 kommissionen
793 611 34 20 ege

278 637 36 22 ock
328 638 8 20 i
351 637 114 22 allmänhet
483 639 44 20 rätt
543 640 30 19 att
587 639 44 21 läta
646 639 133 26 iständsätta,
795 638 32 26 af-

277 671 71 22 teckna
369 672 37 21 och
428 673 86 20 medelst
534 673 104 27 gräfning
657 673 49 22 eller
717 674 32 25 pä
765 674 64 19 annat

278 707 43 20 sätt
342 707 119 21 undersöka
480 707 44 26 fast
539 707 147 28 fornlemning,
702 707 48 22 med
763 707 67 21 vilkor

279 743 30 19 att
323 748 75 20 egaren
414 741 50 22 eller
478 741 151 26 innehafvaren
644 742 28 26 af
678 742 78 27 jorden
770 741 60 26 förut

279 775 70 21 derom
371 775 94 28 tillsäges
487 776 36 21 och
538 777 64 20 sedan
616 776 83 26 undfär
714 775 117 28 ersättning

279 809 35 26 för
333 809 75 21 honom
427 810 119 27 derigenom
561 810 126 26 förorsakad
701 810 66 21 skada
782 809 49 22 eller

279 843 94 22 kostnad.
414 844 64 26 Efter
502 844 72 22 slutad
596 844 156 27 undersökning
777 843 54 22 skall

280 878 176 27 fornlemningen,
472 879 26 21 sä
514 879 43 21 vidt
570 879 36 21 ske
620 879 47 26 kan,
684 878 32 22 till
731 878 34 22 det
778 880 53 26 yttre

281 912 121 22 äterställas
416 913 9 20 i
440 913 38 21 sitt
492 913 60 26 förra
567 913 62 21 skick.

306 947 64 21 Mom.
379 943 13 37 3
415 948 68 26 enligt
498 948 164 27 propositionen.

373 1004 25 28 $$
413 1005 14 21 5
444 1006 40 20 och
500 1006 13 20 6
529 1006 147 21 oförändrade.

429 1062 16 28 8
463 1064 19 19 7.

317 1101 66 27 Hvar,
406 1109 53 20 som,
478 1105 50 19 utan
544 1103 69 21 dertill
627 1103 87 21 erhållet
729 1102 106 26 tillstånd,

284 1136 84 26 skadar,
384 1136 86 27 rubbar,
486 1137 142 27 undanrödjer
638 1137 50 21 eller
700 1137 80 27 förstör
790 1136 47 26 fast

284 1170 150 28 fornlemning,
450 1172 84 26 straffes
548 1172 48 20 med
610 1172 56 21 böter
677 1172 53 26 från
740 1170 37 22 och
787 1170 49 22 med

284 1205 28 20 tio
328 1205 31 20 till
375 1205 36 21 och
427 1206 48 21 med
490 1206 118 21 tvähundra
624 1206 66 25 mark,
707 1212 33 14 om
756 1206 34 20 det
805 1204 32 21 be-

282 1238 71 26 finnes
368 1241 31 19 att
413 1239 43 22 han
467 1247 18 14 o.
497 1246 16 15 s.
525 1247 19 14 v.
556 1240 43 21 lika
609 1241 48 20 med
668 1239 169 28 propositionen.

342 1322 2 3 N
429 1297 16 28 $
461 1298 21 20 8.

316 1336 86 28 Kyrkor
428 1337 38 21 och
492 1338 68 20 andra
583 1337 105 27 offentliga
711 1336 127 27 byggnader,

280 1377 46 14 som
350 1372 38 20 äro
410 1371 101 26 försedda
527 1372 47 21 med
587 1372 70 26 gamla
672 1370 122 27 målningar
811 1370 28 21 el-

282 1404 30 21 ler
334 1405 112 27 inskrifter
470 1406 13 20 å
505 1406 35 21 tak
562 1406 48 21 eller
624 1407 86 26 väggar,
726 1404 49 22 eller
789 1404 52 22 med

144 1444 124 21 Lagutskottets
280 1445 105 17 betänkande
399 1446 35 16 N:o
450 1446 15 17 7.
