1025 1620
409 107 35 22 N:o
459 108 19 22 2.
768 109 24 20 13

141 175 19 27 b)
184 177 32 20 att
237 176 6 20 i
259 176 42 26 god
317 176 31 21 tid
364 176 101 27 antingen
482 177 50 26 sjelf
546 177 47 20 från
609 177 212 21 Provincialläkaren

68 210 54 21 eller
144 211 107 20 närmaste
271 210 139 27 vaccindepot
429 211 109 26 regvirera
557 210 104 27 behöfligt
686 212 135 20 vaccinämne

70 240 55 42 eller,
145 250 32 15 om
202 244 49 21 dess
270 244 138 22 anskaffande
429 245 39 21 hos
484 244 230 23 kommunalnämnden
730 245 90 25 anhålla,

70 280 56 19 samt
141 278 95 21 förrådet
255 279 62 20 deraf
333 285 77 20 genom
430 279 88 27 lämplig
534 280 91 26 ordning
641 280 34 20 vid
693 280 128 26 ympningen

70 313 24 21 så
109 313 81 26 föröka,
207 315 32 19 att
254 313 55 21 brist
324 313 28 26 på
368 314 52 25 godt
436 316 113 25 ympämne
564 314 69 21 under
648 314 173 22 vaccinationens

70 347 100 27 fortgång
185 347 46 21 icke
247 348 34 20 må
296 348 85 27 uppstå,
398 348 116 27 äfvensom,
531 349 27 20 då
573 349 91 26 tillgång
680 348 74 26 finnes,
774 348 48 21 icke

69 382 93 21 allenast
179 382 48 21 med
246 384 112 24 ympämne
378 383 132 21 understöda
530 383 123 21 närboende
668 383 153 24 vaccinatörer,

70 418 53 19 utan
139 416 38 21 ock
193 416 55 20 hvad
269 416 126 21 derutöfver
414 417 101 21 umbäras
535 417 41 21 kan
592 417 32 21 till
641 416 181 22 Provincialläka-

71 457 37 15 ren
124 450 51 21 eller
190 450 302 27 vaccindepotföreståndaren
509 452 99 25 insända;

143 485 19 27 ec)
186 486 32 19 att
240 484 33 21 till
297 485 101 26 ympning
418 486 97 20 använda
535 486 81 20 endast.
629 486 95 26 pålitligt
740 486 82 20 vaccin-

72 521 68 24 ämne,
157 520 58 25 taget
231 518 22 22 af
268 519 135 27 synbarligen
421 519 54 21 frisk
491 526 77 20 person
581 522 55 18 samt
647 519 22 21 af
679 520 61 26 barn,
752 520 71 20 hvilka

71 554 47 21 icke
134 556 37 18 äro
186 554 67 20 under
268 553 41 21 fem
325 553 103 21 månader
444 554 70 26 gamla
530 554 39 21 och
584 553 83 21 hvilkas
683 554 109 21 föräldrar
803 554 18 26 ej

71 588 34 21 för
120 588 120 20 smittosam
255 587 97 27 sjukdom
367 588 142 25 misstänkas;
522 588 94 21 börande
627 588 129 27 ympningen
767 588 56 21 helst

74 623 38 21 ske
127 622 46 21 från
189 628 45 15 arm
250 622 33 20 till
299 628 45 15 arm
360 624 56 19 samt
427 623 144 21 vaccinämnet
582 623 49 21 med
641 622 105 27 tillbörlig
758 622 62 21 skon-

75 657 83 21 samhet
173 656 45 21 från
235 656 112 27 kopporna
362 658 96 25 uttagas;

144 691 22 27 d)
183 693 32 19 att
234 691 27 26 på
281 691 75 26 sjunde
376 691 52 21 eller
444 691 88 21 åttonde
548 692 68 26 dagen
633 691 53 21 efter
703 690 118 22 verkställd

73 726 101 26 ympning
189 725 107 27 besigtiga
311 731 25 15 en
352 725 59 25 hvar,
428 731 46 15 som
491 726 70 20 blifvit
576 726 125 20 vaccinerad
718 726 31 20 till
765 727 58 19 utrö-

73 760 69 20 nande
166 760 61 20 deraf
244 760 106 20 huruvida
369 759 51 21 äkta
440 760 166 26 skyddskoppor
622 760 134 26 uppkommit
771 760 51 20 eller

73 794 53 26 icke,
143 796 55 19 samt
213 794 5 20 i
235 794 58 21 förra
307 794 66 25 fallet,
390 794 92 21 såframt
497 794 76 21 sådant
588 794 85 26 önskas,
690 794 100 21 deröfver
802 794 19 20 åt

73 829 42 20 den
130 828 138 21 vaccinerade
283 828 52 20 eller
351 828 49 20 dess
416 827 104 22 målsman
537 830 50 19 utan
599 828 93 21 särskild
704 827 119 27 ersättning

74 863 98 20 meddela
194 863 59 26 intyg
276 863 66 26 enligt
365 862 113 21 faststäldt
500 863 109 25 formulär,
632 869 47 15 men
703 863 7 20 i
734 863 89 20 sednare

73 897 116 20 händelsen
212 897 127 26 ympningen
360 897 86 26 förnya:
467 897 39 20 och
527 897 54 20 skall
597 897 149 21 vaccinatören
762 896 62 21 äfven

74 931 22 21 åt
112 932 47 23 den,
181 931 84 21 hvilken
285 931 67 21 under
370 933 34 18 tre
424 931 28 26 på
468 931 121 21 hvarandra
605 931 93 27 följande
715 931 24 21 år
755 931 68 21 blifvit

74 968 50 19 utan
141 965 110 26 framgång
267 965 83 27 ympad,
367 965 65 20 minst
448 965 38 20 två
501 965 79 26 gånger
596 965 46 21 från
659 971 44 15 arm
720 965 31 21 till
772 970 52 20 arm,

75 1000 65 29 bevis
151 999 98 21 deröfver
264 999 154 21 kostnadsfritt
433 999 96 25 utfärda;

146 1034 18 26 e)
180 1035 32 20 att
227 1034 6 20 i
250 1033 149 27 dagböckerna
415 1036 122 24 noggrannt
552 1034 105 21 anteckna
672 1034 74 21 hvilka
761 1033 23 21 af
798 1033 26 21 de

74 1068 45 21 deri
143 1068 84 21 införda
249 1074 131 21 personerna
403 1068 103 26 antingen
525 1068 132 21 vaccination
677 1068 39 21 och
736 1067 89 27 gransk-

74 1102 51 26 ning
140 1102 115 26 undergått
271 1102 52 21 eller
338 1101 146 27 tilläfventyrs
501 1102 116 21 underlåtit
633 1104 32 19 att
680 1102 6 20 i
706 1102 78 21 sådant
795 1101 29 21 af-

74 1136 78 21 seende
178 1136 199 25 tillstädeskomma,
401 1136 111 21 äfvensom
536 1136 102 21 särskildt
663 1136 103 21 anmärka
792 1141 32 15 om

75 1171 53 25 dem,
146 1176 44 15 som
206 1171 71 20 blifvit
292 1171 54 26 ånyo
362 1171 150 25 vaccinerade;

141 1204 27 27 f)
184 1206 33 19 att
231 1205 5 19 i
253 1205 74 26 början
344 1205 23 20 af
380 1205 91 20 Januari
488 1205 77 21 månad
580 1205 99 21 tillställa
693 1204 132 21 kommunal-

74 1239 106 21 nämnden
195 1238 36 21 två
246 1239 143 26 likalydande,
406 1239 68 26 enligt
485 1239 138 21 föreskriften
634 1239 7 20 i
652 1239 11 27 $
677 1240 24 19 12
712 1238 113 26 bestyrkta

74 1273 109 27 exemplar
205 1272 23 21 af
249 1272 26 21 de
298 1273 67 21 under
389 1273 37 21 det
445 1272 130 28 föregående
595 1274 46 20 året
656 1272 62 22 förda
734 1272 91 26 dagböc-

74 1307 68 21 kerna
154 1307 66 26 jemte
236 1308 31 20 ett
282 1306 104 22 särskildt
401 1306 80 28 utdrag
498 1306 59 22 öfver
567 1307 46 21 icke
624 1306 144 26 vaccinerade,
780 1312 46 15 som

72 1332 117 35 Uuteblifvit,
205 1340 108 22 äfvensom
329 1340 79 21 derhos
424 1340 76 28 bifoga
514 1340 164 28 ympningslista
694 1340 60 21 öfver
770 1340 54 20 dem.

74 1376 28 26 pä
124 1375 73 21 hvilka
217 1375 66 21 under
303 1377 32 18 tre
354 1375 28 27 pä
398 1375 124 21 hvarandra
537 1375 93 27 följande
646 1374 23 21 är
685 1374 141 28 skyddsymp-

75 1409 51 27 ning
141 1410 51 20 utan
208 1409 111 27 framgäng
334 1409 72 21 blifvit
421 1409 131 25 verkställd;
