1025 1623
234 112 13 20 4
541 112 34 22 N:o
591 113 32 22 15.

204 180 23 21 af
241 180 40 21 allt
297 181 51 26 guld
364 181 38 21 och
420 181 79 27 silfver,
516 188 46 14 som
577 181 48 21 frän
641 181 113 27 fyndighet
768 181 5 21 i
785 181 53 27 berg
850 181 52 21 eller
913 180 45 21 lösa

201 214 112 27 jordlager
329 215 83 21 vinnas.

276 249 60 21 Hans
360 250 120 26 Kejserliga
501 250 102 27 Majestät
618 250 37 20 vill
671 250 89 21 härmed
776 250 33 20 till
826 249 131 21 Ständernas

205 284 134 26 granskning
362 284 38 21 och
424 284 121 27 antagande
566 284 6 20 i
588 284 67 21 näder
671 284 131 21 öfverlemna
818 284 140 20 förenämnda

206 318 81 26 förslag
302 318 32 21 till
346 318 141 27 inmutnings-
499 319 39 21 och
549 318 161 28 grufvestadga,
722 318 82 22 hvilket
814 318 40 21 har
864 318 93 26 följande

205 352 92 21 lydelse:

261 443 121 34 Förslag
400 444 42 27 till
460 444 167 33 inmutnings-
648 444 44 27 och
711 444 187 34 grufvestadga.

487 519 14 22 1
519 519 156 28 Kapitlet.

278 588 34 21 Om
328 588 84 22 föremål
428 589 32 21 för
476 588 107 27 inmutning
600 589 37 20 och
654 589 37 20 när
707 588 37 21 den
761 587 77 22 tillåten
854 589 29 20 är.

557 651 46 26 51.

276 691 98 20 Föremäl
392 691 33 21 för
442 691 119 26 inmutning
577 693 36 18 äro
625 691 77 20 endast
717 691 57 26 guld,
794 691 79 26 silfver,
885 690 70 27 gvick-

204 725 81 27 silfver,
302 725 88 27 platina,
405 726 55 26 jern,
476 725 42 27 bly,
535 725 88 27 koppar,
639 725 57 28 zink,
708 727 58 25 tenn,
778 725 73 21 kobolt
861 725 39 21 och
912 725 43 20 nic-

203 759 44 27 kel,
269 759 66 27 jemte
359 760 62 21 deras
441 760 99 25 malmer;
557 760 37 20 och
616 759 123 27 inbegripes
754 759 108 21 härunder
877 759 77 26 jemväl

203 793 105 27 sjömalm.

275 828 29 21 Af
325 828 50 27 guld
398 829 40 21 och
461 829 79 26 silfver,
560 835 45 14 som
621 828 48 21 frän
685 828 112 26 fyndighet
813 828 6 21 i
835 828 52 26 berg
903 828 52 21 eller

204 862 47 21 lösa
259 863 111 26 jordlager
385 863 83 27 vinnas,
484 863 54 21 skall
555 863 32 20 till
598 863 83 21 kronan
694 862 98 27 erläggas
804 863 41 20 fem
856 864 98 25 procent:

204 897 39 21 och
259 897 125 21 ankommer
400 898 36 20 det
452 898 12 20 å
484 898 103 20 Senatens
608 897 267 26 Ekonomiedepartement
891 900 38 24 att,
948 897 5 20 i

203 930 102 22 afseende
321 932 13 20 &
349 932 124 26 uppbörden
485 931 23 21 af
517 931 66 27 sagda
595 931 63 27 afgift
669 932 39 20 och
719 932 121 20 kontrollen
850 932 103 25 deröfver,

203 966 99 20 meddela
318 966 26 20 de
360 966 140 26 föreskrifter,
517 972 44 14 som
578 966 95 20 befinnas
690 966 86 26 nödiga.

554 1034 47 27 52

275 1069 137 31 Öfvergifven
428 1074 52 21 eller
497 1074 66 21 sönad
579 1074 76 26 grufva
674 1074 40 21 och
731 1074 97 21 derinvid
845 1074 107 26 befintliga

202 1114 53 20 varp
279 1108 21 21 fä
321 1108 18 27 ej
357 1110 55 25 änyo
428 1109 92 20 inmutas
536 1111 52 18 utan
604 1109 100 21 tillständ
720 1109 24 20 af
755 1109 129 26 jordegaren
901 1109 52 21 eller

202 1143 13 19 &
230 1142 117 27 kronojord
363 1142 23 21 af
400 1143 157 21 innehafvaren.

274 1176 67 21 Förut
363 1177 116 21 bearbetad
503 1177 51 21 eller
578 1177 95 21 inmutad
698 1177 111 27 fyndighet
825 1177 7 21 i
845 1177 110 27 jordlager

202 1210 54 21 eller
279 1211 32 26 sjö
334 1211 43 21 kan
401 1212 101 26 deremot,
525 1212 66 20 sedan
613 1212 40 20 den
670 1211 70 21 blifvit
756 1211 129 27 öfvergifven
902 1212 53 20 eller

204 1244 206 27 inmutningsrätten
425 1245 127 27 förverkats,
568 1246 55 26 änyo
640 1246 101 26 inmutas,
758 1245 89 21 såframt
857 1246 36 20 det
905 1246 50 20 sker

203 1278 34 21 för
252 1279 108 21 vinnande
376 1280 23 20 af
411 1280 97 26 mineral,
524 1286 45 14 som
585 1280 68 26 enligt
663 1279 130 27 föregående
804 1280 11 26 $
826 1282 63 24 utgör
899 1280 55 20 före-

203 1313 43 21 mål
262 1313 33 21 för
311 1314 131 26 inmutning;
458 1314 54 21 dock
527 1314 33 20 får
577 1314 18 26 ej
611 1321 28 20 ny
655 1314 106 21 mutsedel
777 1314 109 21 meddelas
897 1314 57 21 förre

202 1347 123 21 inmutaren
341 1349 13 20 å
370 1348 23 21 af
406 1348 76 21 honom
498 1348 131 26 öfvergifven
645 1348 55 22 eller
715 1348 114 22 förverkad
843 1348 109 27 fyndighet

202 1382 67 21 innan
285 1385 32 18 tre
333 1384 25 19 är
375 1383 88 21 förflutit
479 1383 54 21 efter
549 1383 36 21 det
601 1382 141 28 fyndigheten
758 1383 132 26 öfvergifvits
901 1384 53 20 eller

198 1416 131 22 förverkats.
