1045 2339
248 378 12 21 2
455 380 22 22 U.
494 379 22 23 B.
533 390 30 6 —
579 379 61 29 Prop.
657 378 36 23 N:o
711 378 29 22 13.

219 436 82 26 gående
320 436 100 29 landtdag
434 437 114 22 förordade
562 436 153 27 inskränkning
728 435 77 28 jemväl
820 436 47 26 togs
883 434 31 22 till
930 440 43 15 om-

218 470 103 28 pröfning,
345 472 94 22 uttalade
461 472 32 28 sig
515 472 126 26 Ständerna,
664 471 7 21 i
694 469 216 23 öfverensstämmelse
925 469 48 21 med

218 504 155 28 Lagutskottet,
396 513 45 15 som
460 507 27 21 dä
502 507 104 27 handlagt
620 506 80 26 frägan,
716 504 31 22 uti
762 504 117 22 motiverna
894 503 32 21 till
940 502 32 22 sin

217 539 144 28 underdäniga
383 541 88 27 petition
493 542 3 20 i
515 542 67 21 saken
597 542 57 20 emot
668 540 65 26 sagde
747 538 159 28 inskränkning,
922 536 50 22 hvil-

217 573 42 21 ken
282 574 109 22 befarades
406 576 84 21 komma
506 577 32 20 att
553 575 32 21 för
598 574 168 28 jordbrukarene
781 573 95 22 försvåra
890 572 82 27 tillgän-

216 614 41 20 gen
280 607 32 22 till
326 609 137 28 penninglän;
479 610 40 21 och
535 609 84 22 anhöllo
636 609 118 21 Ständerna
770 614 34 15 om
819 607 64 27 nädig
897 606 75 27 ätgärd

216 641 32 22 till
263 642 148 27 föreläggande
426 643 22 22 af
461 644 133 27 proposition
609 650 35 15 om
660 642 159 27 ,ränteaftalets
834 642 83 21 frihet.

286 677 10 20 I
311 677 40 22 den
366 684 29 15 nu
410 678 143 27 föreliggande
563 678 77 27 nådiga
650 677 164 28 propositionen,
826 676 84 22 hvilken
920 677 51 21 hän-

218 711 55 22 visar
288 711 32 22 till
336 711 152 24 ofvanberörda
503 714 36 21 tvä
554 713 120 27 petitioner,
690 711 93 28 angifves
799 711 63 28 syftet
873 711 47 22 med
931 712 39 21 den

215 745 120 27 föreslagna
357 747 243 28 lagstiftningsätgärden
619 754 50 15 vara
684 749 32 19 att
731 746 112 21 förbereda
858 745 112 28 öfvergäng

214 780 33 22 till
262 780 122 28 fullständig
399 782 62 22 frihet
476 782 34 22 vid
525 782 124 22 ränteaftals
662 781 110 27 ingående,
783 787 49 15 men
843 781 71 21 dervid
925 781 43 25 har,

214 816 71 20 säsom
305 815 7 21 i
329 816 157 27 propositionen
501 816 192 27 vidhandengifves,
710 816 63 26 nödig
787 815 133 27 försigtighet
934 822 36 14 an-

214 851 52 20 setts
281 850 77 27 fordra,
375 852 32 20 att
421 853 75 19 räntan
512 851 33 21 till
560 858 26 14 en
601 851 75 27 början
691 850 98 27 frigäfves
804 850 75 21 endast
893 849 32 21 för
938 850 31 20 sä-

214 884 55 22 dana
291 884 178 28 försträckningar
491 887 28 26 pä
541 886 42 21 viss
598 886 86 20 kortare
699 884 37 28 tid,
753 891 45 15 som
813 884 89 27 utgifvas
918 886 50 19 utan

213 918 100 22 säkerhet
332 919 23 21 af
372 920 120 28 inteckning
510 920 7 21 i
537 920 42 22 fast
595 920 108 27 egendom.
735 918 88 22 Utöfver
838 919 36 21 det
889 918 22 22 af
924 918 42 21 All-

212 955 78 19 männä
304 953 191 23 besvärsutskottet
510 955 35 21 vid
562 955 54 21 1872
632 955 34 21 års
677 953 102 27 landtdag
789 953 111 21 förordade
911 952 57 22 bibe-

212 987 109 22 hällandet
343 988 22 22 af
385 988 72 28 lagens
479 990 117 26 stadgande
617 995 35 15 om
667 989 49 26 6"/,
732 989 69 21 såsom
816 988 75 26 högsta
906 989 60 20 ränta

212 1022 35 21 vid
268 1022 36 22 lån
319 1024 45 20 mot
378 1023 127 27 inteckning,
520 1024 88 21 föreslås
623 1023 82 21 således
722 1022 6 21 i
744 1022 40 22 den
799 1022 77 26 nådiga
891 1028 76 21 propo-

212 1056 96 27 sitionen,
332 1059 31 19 att
385 1058 64 27 sagde
467 1058 116 27 stadgande
599 1058 54 21 skall
668 1056 97 22 förblifva
781 1056 96 27 gällande
889 1056 76 27 jemväl

212 1090 33 22 för
260 1091 269 29 penningförsträckningar
544 1094 28 26 på
587 1092 73 27 längre
676 1092 52 21 eller
743 1091 110 21 obestämd
868 1091 36 21 tid.

280 1229 33 21 Då
335 1229 83 22 landets
440 1230 90 22 Ständer
548 1230 109 22 allaredan
672 1230 34 21 vid
721 1230 36 21 två
772 1229 126 27 landtdagar
912 1229 52 27 peti-

208 1263 94 21 tionerat
317 1270 34 15 om
367 1270 26 15 en
408 1264 163 27 lagförändring,
587 1264 96 27 syftande
698 1265 23 20 åt
736 1263 144 22 ränteaftalets
895 1263 69 28 frihet,

210 1297 39 22 och
264 1297 59 22 Hans
339 1298 118 27 Kejserliga
472 1299 99 27 Majestät
586 1299 31 20 uti
632 1305 29 14 nu
676 1298 143 27 föreliggande
830 1298 76 26 nådiga
916 1304 49 21 pro-

208 1331 93 27 position
323 1332 148 27 tillmötesgått
493 1333 129 22 Ständernas
642 1332 145 27 underdåniga
802 1332 86 27 önskan,
904 1332 61 21 torde

208 1365 36 22 det
259 1373 51 14 vara
325 1366 132 28 öfverflödigt
472 1369 32 20 att
518 1367 40 22 här
572 1373 95 21 upprepa
682 1367 27 22 de
723 1367 8 21 i
745 1367 92 21 berörda
851 1366 114 27 petitioner

206 1400 68 21 redan
296 1400 87 23 anförda
398 1401 53 27 skäl,
467 1408 44 15 som
527 1401 44 22 tala
586 1401 32 22 för
634 1408 26 15 en
675 1401 218 27 lagstiftningsåtgärd
907 1401 7 20 i
930 1407 35 15 an-

206 1434 48 27 tydt
268 1435 65 28 syfte;
349 1435 110 22 hvaremot
475 1436 26 21 de
515 1436 85 27 möjliga
616 1435 132 28 påföljderna
763 1435 22 22 af
799 1435 41 22 den
855 1435 109 22 inskränk-

206 1468 50 27 ning
278 1469 8 21 i
306 1469 120 28 principens
446 1470 169 27 genomförande,
632 1477 46 15 som
693 1470 31 21 uti
740 1470 40 21 den
795 1469 78 28 nådiga
887 1477 77 20 propo-

205 1503 92 22 sitionen
311 1503 95 28 föreslås,
422 1511 62 21 synas
499 1505 52 21 böra
566 1507 97 19 närmare
678 1504 135 22 skärskådas.

276 1537 49 22 Man
340 1538 43 21 kan
398 1538 121 28 visserligen
535 1541 57 20 emot
607 1545 27 15 en
649 1539 66 22 sådan
728 1539 153 27 inskränkning
891 1539 72 22 anföra

205 1578 87 20 samma,
307 1574 28 26 på
351 1573 26 21 de
392 1573 233 23 nationalekonomiska
640 1574 133 27 principerna
788 1574 108 26 grundade
907 1574 53 24 skäl,

204 1613 46 15 som
273 1606 80 23 anförts
368 1609 46 20 mot
429 1614 26 16 en
469 1608 131 27 lagbestämd
616 1608 76 27 högsta
706 1607 93 23 räntefot
815 1607 146 27 öfverhufvud;

204 1641 41 22 och
268 1648 49 15 man
335 1642 39 21 har
389 1644 45 20 mot
449 1649 26 15 en
489 1642 76 28 partiel
580 1642 106 28 frigifning
702 1642 22 22 af
737 1642 142 27 ränteaftalet,
896 1642 65 22 sådan

203 1681 47 17 som
265 1676 40 22 här
320 1678 23 20 är
358 1676 7 21 i
379 1676 67 28 fråga,
461 1677 56 27 gjort
533 1678 40 21 den
588 1677 135 28 invändning,
739 1678 33 20 att
784 1676 132 28 kapitalerna
927 1684 35 15 an-

203 1710 94 28 tagligen
319 1710 60 22 skola
395 1712 76 27 dragas
485 1712 55 22 ifrån
555 1719 26 15 en
596 1712 114 27 placering,
726 1712 35 22 vid
776 1712 85 21 hvilken
877 1714 85 20 räntans

278 1750 140 24 Lagutskottets
431 1744 118 26 betänkande
561 1752 39 18 N:o
612 1752 18 18 1.
