1025 1620
362 102 22 23 U.
402 103 22 22 B.
440 115 29 5 —
486 103 60 28 Prop.
563 103 37 22 N:o
617 103 31 22 14.
825 103 25 20 13

261 160 93 20 tillskott
368 160 30 26 af
409 160 92 27 kronan,
516 160 73 28 styrke
605 160 37 21 hos
660 160 135 27 kronofogde
804 165 75 21 genom

261 193 61 21 bevis,
338 200 44 14 som
399 194 150 27 ordföranden
566 195 8 20 i
589 194 66 27 sagde
671 194 83 21 nämnd
768 200 48 20 eger
826 196 53 18 utan

261 228 56 21 lösen
341 228 100 27 utfärda,
464 232 33 18 att
521 229 40 21 den
585 228 30 28 af
626 229 128 21 kommunen
769 228 112 27 utfästade

261 263 126 28 belöningen
407 264 73 26 blifvit
495 264 77 21 honom
589 264 125 21 tillerkänd.

329 298 113 28 Rättighet
458 300 34 20 till
508 299 81 21 sådant
605 298 93 21 tillskott
713 298 86 28 åtnjute
815 297 64 27 äfven

260 332 47 25 den,
333 340 44 13 som
400 340 76 20 genom
498 334 60 27 intyg
574 333 29 27 af
615 332 135 28 ordförande
764 333 8 20 i
787 332 93 21 kommu-

261 367 121 21 nalnämnd
397 367 71 28 styrkt
482 368 33 28 sig
531 375 53 13 vara
601 368 119 20 tillerkänd
736 366 144 28 belöning
846 362 38 38 för

261 408 63 21 vargs
341 401 107 27 fällande
470 402 39 21 och
527 409 76 20 genom
619 402 54 21 bevis
689 402 29 27 af
725 401 156 27 föreståndare

255 435 43 26 för
318 436 94 20 allmänt
431 443 94 14 museum
541 437 56 20 visat
611 437 34 26 sig
660 436 68 26 hafva
744 435 34 21 till
793 435 88 21 samlin-

261 476 68 21 garne
347 470 111 21 derstädes
469 471 7 20 i
486 471 123 27 ostympadt
619 470 60 21 skick
689 471 103 26 aflemnat
802 469 77 27 djuret.

537 533 15 27 $
568 535 34 19 11.

331 573 63 20 Hvar
410 573 38 20 och
464 581 25 13 en
504 580 51 14 vare
571 573 111 28 förbjudet
697 575 33 19 att
745 573 13 20 å
770 579 53 21 egna
832 572 52 21 eller

264 607 82 21 andras
370 614 50 21 egor
439 608 57 27 jaga
521 608 52 21 eller
589 607 76 28 fånga
685 608 81 27 nyttigt
784 606 100 21 vildbråd

263 641 68 21 under
346 642 42 21 viss
404 642 33 21 tid
452 642 29 25 af
494 643 52 23 året,
563 642 84 21 hvilken
663 641 94 22 räknas:
767 641 41 27 för
818 647 65 20 rapp-

263 675 53 22 höns
326 675 59 28 från
401 676 38 21 och
455 677 48 20 med
518 677 41 20 den
575 678 28 19 15
614 676 119 21 November
744 676 34 21 till
789 675 37 21 och
838 675 47 20 med

263 710 41 21 den
321 712 29 19 31
365 710 152 28 nästföljande
533 711 105 27 Augusti;
650 711 42 26 för
707 710 117 28 ejderhane
834 709 51 21 eller

263 745 99 27 gudunge
373 744 59 27 från
447 745 38 20 och
501 745 48 21 med
565 745 40 21 den
621 747 28 19 15
665 745 63 21 Mars
744 745 34 20 till
789 743 38 22 och
838 743 47 21 med

264 779 41 20 den
323 780 13 19 1
352 779 67 26 Juni;
434 779 40 26 för
488 787 59 17 svan,
565 779 116 21 eiderhona
697 780 52 21 eller
764 779 50 26 åda,
830 777 54 22 vild-

263 814 46 26 gås,
330 813 116 25 morkulla,
462 814 47 20 alla
524 816 60 18 arter
599 813 29 27 af
639 814 131 26 andslägtet,
786 812 99 21 beckasin

264 847 39 21 och
319 847 107 22 brushane
435 847 60 27 från
511 848 38 21 och
564 848 48 20 med
627 848 41 20 den
684 849 28 20 15
728 848 62 20 Mars
802 847 34 20 till
847 846 38 21 och

264 882 49 20 med
335 882 42 21 den
400 883 30 21 20
449 882 56 25 Juli,
521 886 57 18 samt
588 882 42 28 för
645 883 46 21 alla
707 882 75 27 öfriga
796 881 49 27 slag
860 880 29 27 af

265 917 80 27 nyttigt
364 916 102 21 vildbråd
480 916 58 28 från
555 917 38 21 och
609 917 47 21 med
671 917 42 20 den
729 917 28 20 15
773 915 62 21 Mars
852 915 34 21 till

267 950 38 21 och
328 951 48 21 med
397 951 39 21 den
453 952 13 20 9
483 952 100 27 Augusti.
618 951 72 21 Under
705 951 71 21 denna
790 949 97 28 fridlys-

264 985 99 27 ningstid
382 986 35 20 må
433 986 21 26 ej
469 986 68 20 heller
551 986 64 27 giller
630 988 100 22 utsättas,
742 985 51 21 eller
803 983 84 27 derför-

265 1020 68 20 innan
365 1022 83 18 utsätta
480 1020 118 21 bibehållas
625 1019 42 28 för
691 1026 75 14 annan
791 1020 30 19 än
846 1017 41 27 lof-

265 1053 73 29 gifven
369 1054 196 28 vildbrådsfångst.
595 1055 40 20 Att
660 1055 62 27 jaga,
753 1053 57 21 döda
836 1053 52 20 eller

260 1088 75 28 fånga
360 1089 33 27 elg
408 1088 39 21 och
464 1088 75 27 bäfver
553 1096 51 13 vare
620 1089 120 21 tillsvidare
755 1087 70 21 under
840 1086 48 21 hela

265 1123 47 20 året
321 1122 124 29 förbjudet.

338 1156 65 21 Visar
426 1156 149 27 erfarenheten
597 1159 33 18 att
645 1157 40 20 den
696 1155 193 29 fridlysningstid,

265 1197 45 14 som
331 1191 67 27 ofvan
414 1193 26 18 är
456 1191 103 24 bestämd,
575 1191 100 26 behöfver
690 1192 8 19 i
712 1192 67 26 något
788 1189 50 27 fall
848 1189 42 26 för

265 1225 58 21 vissa
347 1225 63 21 delar
436 1224 29 27 af
478 1225 75 21 landet
567 1225 123 21 utsträckas
705 1226 52 20 cller
766 1224 124 28 förkortas,

268 1259 52 21 eller
339 1259 94 27 påkalla
457 1258 204 28 ortsförhållanden
684 1260 52 20 eller
760 1258 72 22 andra
849 1264 42 14 om-

267 1293 150 27 ständigheter
427 1293 124 27 framdeles
566 1294 143 27 stadganden,
727 1292 103 28 angående
843 1292 48 27 jagt

267 1328 12 20 å
294 1330 70 18 annat
378 1328 56 20 vildt
449 1330 30 18 än
495 1328 41 20 här
551 1328 127 20 omnämndt
694 1327 79 27 blifvit,
789 1333 49 21 eger
854 1325 37 21 Se-

266 1364 67 18 naten
350 1364 33 18 att
398 1362 74 20 derom
487 1362 106 20 särskildt
603 1362 120 26 förordna.

335 1396 69 26 Hare,
429 1403 45 14 som
498 1396 111 26 anträffas
632 1397 13 19 å
663 1396 49 26 fält
728 1395 48 21 med
792 1394 97 21 växande

266 1430 69 26 gröda
360 1430 54 20 eller
438 1431 8 19 i
472 1430 115 28 trädgård,
607 1431 34 20 må
661 1430 81 21 saklöst
757 1429 70 21 under
842 1428 47 21 hela

202 1470 142 18 Sammansatta
358 1471 48 21 Lag-
420 1469 32 17 och
465 1470 192 17 Ekonomiutskottets
670 1469 116 17 betänkande
800 1468 37 17 N:o
847 1468 16 16 3.
