1014 1603
377 101 58 23 N:o
451 101 31 23 8.

328 343 58 24 Hans
403 343 122 29 Kejserliga
539 343 112 28 Majestäts
667 341 79 30 nådiga
760 349 46 23 pro-

261 379 91 28 position
368 378 30 23 till
414 378 102 23 Finlands
532 378 94 29 Ständer,
642 376 110 31 angående
765 377 42 24 lös-

261 413 92 24 drifvare
368 413 38 23 och
422 413 62 23 deras
500 412 135 29 behandling.

127 483 60 21 Hans
210 483 120 27 Kejserliga
352 483 104 27 Majestät
475 483 39 20 har
529 483 33 20 till
577 483 102 21 Finlands
696 483 35 21 vid
747 489 60 14 sena-

57 520 32 19 ste
111 518 103 26 landtdag
237 517 130 21 församlade
390 516 93 22 Ständer
505 516 70 22 aflåtit
592 517 65 27 nådig
671 517 135 27 proposition

57 552 48 22 med
128 552 81 27 förslag
231 552 33 21 till
279 552 126 27 förordning
421 552 110 26 angående
547 552 126 21 lösdrifvare
689 552 40 21 och
744 552 63 20 deras

57 586 136 27 behandling,
214 586 66 27 jemte
304 586 36 22 det
355 586 60 21 Hans
431 586 122 27 Kejserliga
567 586 103 27 Majestät
685 585 123 23 förbehållit

57 622 33 25 sig
113 623 33 19 att
167 621 32 21 uti
215 621 26 21 de
257 621 7 21 i
280 621 39 21 den
336 621 109 21 blifvande
461 621 155 26 författningen
632 621 105 26 ingående
752 620 55 22 före-

58 655 95 26 skrifter,
177 655 72 21 hvilka
267 661 51 15 vore
334 655 23 21 af
370 655 159 22 administrativ
545 655 153 27 beskaffenhet,
714 657 52 25 göra
782 655 26 21 de

58 690 116 27 ändringar
190 690 39 21 och
245 690 81 26 tillägg,
347 696 46 15 som
408 689 115 22 framdeles
539 690 72 21 kunde
626 689 68 22 finnas
710 696 52 15 vara
776 696 32 15 er-

58 724 122 27 forderliga.
210 724 41 21 Till
274 731 50 14 svar
343 724 53 21 härå
411 724 65 21 hafva
492 724 120 22 Ständerna
627 725 31 20 uti
674 724 134 26 underdånig

58 759 112 21 skrifvelse
193 759 23 21 af
230 759 40 21 den
286 760 24 20 31
328 759 44 26 Maj
391 760 53 20 1877
461 759 87 27 anmält,
565 761 32 19 att
613 759 121 22 Ständerna
748 761 60 19 anta-

57 793 32 27 git
103 793 162 27 propositionen
280 793 48 21 med
344 793 67 27 några
427 793 117 28 ändringar
559 794 7 21 i
582 794 42 21 den
634 794 123 27 föreslagna
764 793 43 21 för-

58 828 124 26 ordningen,
198 834 48 15 men
262 829 32 20 att
309 827 128 27 Ständerna,
454 830 52 19 enär
517 829 90 26 ändring
617 829 7 20 i
635 829 26 20 de
671 829 137 20 administra-

58 863 44 20 tiva
117 862 163 22 föreskrifterna
296 863 110 25 lätteligen
423 863 72 21 kunde
510 863 95 25 inverka,
621 863 129 21 åtminstone
764 862 44 21 del-

58 897 39 25 vis,
119 897 28 27 på
169 897 163 27 förordningens
354 897 134 27 stadganden
503 898 7 20 i
526 897 72 27 öfrigt,
614 897 69 22 tillika
699 897 58 27 gjort
772 897 37 20 det

58 931 105 21 förbehåll
179 933 38 24 att,
234 931 27 21 då
275 931 67 27 några
358 932 118 26 ändringar
491 932 104 21 befunnes
607 932 79 26 nödiga
696 932 7 20 i
715 932 40 20 den
766 931 42 21 för-

59 965 99 27 fattning,
182 971 45 15 som
250 965 7 21 i
280 965 224 22 öfverensstämmelse
527 966 48 21 med
591 965 131 22 Ständernas
738 965 73 22 beslut

58 1000 71 21 kunde
145 1001 6 20 i
167 1000 66 21 nåder
248 1000 104 27 utfärdas,
370 1000 121 21 Ständerna
506 1001 67 21 måtte
589 1001 80 21 lemnas
680 1000 86 22 tillfälle
777 1001 33 20 att

59 1035 31 20 uti
105 1035 89 20 ärendet
210 1035 91 26 deltaga.
324 1035 51 21 Men
391 1035 90 21 emedan
493 1035 120 21 Ständerna
624 1035 91 21 sålunda
726 1035 84 20 komme

59 1071 32 18 att
112 1069 116 21 medverka
251 1069 33 21 till
306 1069 74 27 hvarje
402 1070 93 26 ändring
510 1069 23 22 af
547 1070 40 21 den
603 1069 149 28 ifrågakomna
766 1069 43 21 för-

59 1103 125 27 fattningen,
201 1104 39 21 har
255 1104 60 21 Hans
330 1103 122 28 Kejserliga
466 1104 103 27 Majestät
579 1105 47 21 icke
636 1105 58 23 velat
704 1105 32 21 till
748 1103 62 22 Stän-

59 1138 77 21 dernas
152 1138 6 21 i
174 1139 66 20 saken
255 1139 82 21 fattade
353 1138 72 22 beslut
440 1139 81 21 bifalla.

129 1172 35 21 Då
186 1173 66 21 likväl
274 1173 80 26 nådiga
372 1173 155 27 förordningen
543 1173 40 22 den
599 1175 27 20 23
641 1173 91 22 Januari
750 1173 60 25 1865,

59 1207 109 27 angående
189 1207 144 22 försvarslösa
354 1214 104 21 personer
482 1208 39 21 och
545 1208 62 21 deras
631 1208 136 26 behandling,
783 1207 29 27 pä

60 1244 43 20 sätt
118 1242 60 21 Hans
193 1241 121 28 Kejserliga
329 1243 104 26 Majestät
449 1243 6 21 i
472 1243 41 21 den
528 1243 59 21 förra
602 1243 161 27 propositionen
778 1248 33 15 re-

61 1277 41 21 dan
117 1277 124 25 framhållit,
257 1277 7 20 i
279 1275 53 22 flera
348 1277 60 21 delar
423 1277 48 21 icke
487 1279 121 19 motsvarar
619 1277 26 21 de
655 1277 100 27 anspråk,
766 1281 46 15 som

59 1311 7 21 i
82 1317 75 15 senare
180 1311 31 21 tid
227 1310 71 28 blifvit
312 1311 80 21 ställda
407 1312 28 26 pä
451 1312 130 25 densamma,
598 1311 39 21 och
653 1318 26 14 en
694 1309 118 23 förändrad

60 1345 135 27 lagstiftning
218 1345 7 21 i
244 1346 71 20 ämnet
331 1345 86 21 säledes
432 1345 135 22 fortfarande
582 1347 25 19 är
622 1345 23 21 af
658 1345 102 21 behofvet
774 1344 37 27 pä-

59 1379 79 26 kallad,
155 1379 23 21 sä
194 1379 84 27 mycket
293 1385 45 14 mer
354 1385 46 14 som
411 1379 164 27 lagstiftningen
585 1380 110 26 angäende
705 1380 108 20 allmänna

60 1413 151 27 fattigvärden,
234 1413 48 22 med
305 1413 87 21 hvilken
411 1414 94 21 nämnda
520 1413 125 28 förordning
661 1415 51 25 äger
728 1419 84 21 gemen-
