<?xml version="1.0" encoding="UTF-8"?>
<alto xmlns="http://www.loc.gov/standards/alto/ns-v3#" xmlns:xlink="http://www.w3.org/1999/xlink" xmlns:xsi="http://www.w3.org/2001/XMLSchema-instance" xsi:schemaLocation="http://www.loc.gov/standards/alto/ns-v3# http://www.loc.gov/alto/v3/alto-3-0.xsd">
	<Description>
		<MeasurementUnit>pixel</MeasurementUnit>
		<sourceImageInformation>
			<fileName>/tmp/tess_qb6cimbt_input.PNG</fileName>
		</sourceImageInformation>
		<OCRProcessing ID="OCR_0">
			<ocrProcessingStep>
				<processingSoftware>
					<softwareName>tesseract 5.3.4</softwareName>
				</processingSoftware>
			</ocrProcessingStep>
		</OCRProcessing>
	</Description>
	<Layout>
		<Page WIDTH="1006" HEIGHT="1620" PHYSICAL_IMG_NR="0" ID="page_0">
			<PrintSpace HPOS="0" VPOS="0" WIDTH="1006" HEIGHT="1620">
				<ComposedBlock ID="cblock_0" HPOS="312" VPOS="107" WIDTH="480" HEIGHT="24">
					<TextBlock ID="block_0" HPOS="312" VPOS="107" WIDTH="480" HEIGHT="24">
						<TextLine ID="line_0" HPOS="312" VPOS="107" WIDTH="480" HEIGHT="24">
							<String ID="string_0" HPOS="312" VPOS="108" WIDTH="23" HEIGHT="19" WC="0.92" CONTENT="U."/><SP WIDTH="14" VPOS="108" HPOS="335"/>
							<String ID="string_1" HPOS="349" VPOS="108" WIDTH="23" HEIGHT="19" WC="0.92" CONTENT="B."/><SP WIDTH="12" VPOS="108" HPOS="372"/>
							<String ID="string_2" HPOS="384" VPOS="119" WIDTH="24" HEIGHT="3" WC="0.93" CONTENT="—"/><SP WIDTH="11" VPOS="119" HPOS="408"/>
							<String ID="string_3" HPOS="419" VPOS="108" WIDTH="63" HEIGHT="23" WC="0.96" CONTENT="Prop."/><SP WIDTH="12" VPOS="108" HPOS="482"/>
							<String ID="string_4" HPOS="494" VPOS="108" WIDTH="38" HEIGHT="18" WC="0.96" CONTENT="N:o"/><SP WIDTH="12" VPOS="108" HPOS="532"/>
							<String ID="string_5" HPOS="544" VPOS="107" WIDTH="20" HEIGHT="19" WC="0.96" CONTENT="4."/><SP WIDTH="207" VPOS="107" HPOS="564"/>
							<String ID="string_6" HPOS="771" VPOS="107" WIDTH="21" HEIGHT="17" WC="0.96" CONTENT="15"/>
						</TextLine>
					</TextBlock>
				</ComposedBlock>
				<ComposedBlock ID="cblock_1" HPOS="268" VPOS="162" WIDTH="547" HEIGHT="65">
					<TextBlock ID="block_1" HPOS="268" VPOS="162" WIDTH="547" HEIGHT="65">
						<TextLine ID="line_1" HPOS="268" VPOS="162" WIDTH="547" HEIGHT="30">
							<String ID="string_7" HPOS="268" VPOS="166" WIDTH="47" HEIGHT="21" WC="0.93" CONTENT="med"/><SP WIDTH="11" VPOS="166" HPOS="315"/>
							<String ID="string_8" HPOS="326" VPOS="166" WIDTH="83" HEIGHT="26" WC="0.96" CONTENT="vetskap"/><SP WIDTH="15" VPOS="166" HPOS="409"/>
							<String ID="string_9" HPOS="424" VPOS="167" WIDTH="30" HEIGHT="20" WC="0.93" CONTENT="att"/><SP WIDTH="15" VPOS="167" HPOS="454"/>
							<String ID="string_10" HPOS="469" VPOS="166" WIDTH="114" HEIGHT="20" WC="0.96" CONTENT="detsamma"/><SP WIDTH="14" VPOS="166" HPOS="583"/>
							<String ID="string_11" HPOS="597" VPOS="164" WIDTH="43" HEIGHT="22" WC="0.96" CONTENT="icke"/><SP WIDTH="15" VPOS="164" HPOS="640"/>
							<String ID="string_12" HPOS="655" VPOS="164" WIDTH="68" HEIGHT="26" WC="0.96" CONTENT="blifvit"/><SP WIDTH="14" VPOS="164" HPOS="723"/>
							<String ID="string_13" HPOS="737" VPOS="164" WIDTH="9" HEIGHT="20" WC="0.93" CONTENT="i"/><SP WIDTH="14" VPOS="164" HPOS="746"/>
							<String ID="string_14" HPOS="760" VPOS="162" WIDTH="55" HEIGHT="27" WC="0.92" CONTENT="före-"/>
						</TextLine>
						<TextLine ID="line_2" HPOS="268" VPOS="199" WIDTH="315" HEIGHT="28">
							<String ID="string_15" HPOS="268" VPOS="200" WIDTH="94" HEIGHT="26" WC="0.91" CONTENT="skrifven"/><SP WIDTH="14" VPOS="200" HPOS="362"/>
							<String ID="string_16" HPOS="376" VPOS="200" WIDTH="91" HEIGHT="27" WC="0.93" CONTENT="ordning"/><SP WIDTH="15" VPOS="200" HPOS="467"/>
							<String ID="string_17" HPOS="482" VPOS="199" WIDTH="101" HEIGHT="22" WC="0.47" CONTENT="anmäldt."/>
						</TextLine>
					</TextBlock>
				</ComposedBlock>
				<ComposedBlock ID="cblock_2" HPOS="244" VPOS="252" WIDTH="392" HEIGHT="67">
					<TextBlock ID="block_2" HPOS="244" VPOS="252" WIDTH="392" HEIGHT="67">
						<TextLine ID="line_3" HPOS="410" VPOS="252" WIDTH="61" HEIGHT="27">
							<String ID="string_18" HPOS="410" VPOS="252" WIDTH="11" HEIGHT="27" WC="0.67" CONTENT="8"/><SP WIDTH="17" VPOS="252" HPOS="421"/>
							<String ID="string_19" HPOS="438" VPOS="253" WIDTH="33" HEIGHT="20" WC="0.96" CONTENT="11."/>
						</TextLine>
						<TextLine ID="line_4" HPOS="244" VPOS="292" WIDTH="392" HEIGHT="27">
							<String ID="string_20" HPOS="244" VPOS="292" WIDTH="53" HEIGHT="21" WC="0.96" CONTENT="Lika"/><SP WIDTH="17" VPOS="292" HPOS="297"/>
							<String ID="string_21" HPOS="314" VPOS="292" WIDTH="48" HEIGHT="22" WC="0.93" CONTENT="med"/><SP WIDTH="15" VPOS="292" HPOS="362"/>
							<String ID="string_22" HPOS="377" VPOS="292" WIDTH="11" HEIGHT="27" WC="0.93" CONTENT="$"/><SP WIDTH="17" VPOS="292" HPOS="388"/>
							<String ID="string_23" HPOS="405" VPOS="292" WIDTH="27" HEIGHT="21" WC="0.89" CONTENT="10"/><SP WIDTH="15" VPOS="292" HPOS="432"/>
							<String ID="string_24" HPOS="447" VPOS="292" WIDTH="7" HEIGHT="21" WC="0.89" CONTENT="i"/><SP WIDTH="16" VPOS="292" HPOS="454"/>
							<String ID="string_25" HPOS="470" VPOS="292" WIDTH="166" HEIGHT="27" WC="0.96" CONTENT="propositionen."/>
						</TextLine>
					</TextBlock>
				</ComposedBlock>
				<ComposedBlock ID="cblock_3" HPOS="64" VPOS="370" WIDTH="763" HEIGHT="1091">
					<TextBlock ID="block_3" HPOS="64" VPOS="370" WIDTH="753" HEIGHT="337">
						<TextLine ID="line_5" HPOS="133" VPOS="370" WIDTH="682" HEIGHT="29">
							<String ID="string_26" HPOS="133" VPOS="372" WIDTH="69" HEIGHT="22" WC="0.92" CONTENT="Jemte"/><SP WIDTH="16" VPOS="372" HPOS="202"/>
							<String ID="string_27" HPOS="218" VPOS="372" WIDTH="102" HEIGHT="22" WC="0.92" CONTENT="remissen"/><SP WIDTH="16" VPOS="372" HPOS="320"/>
							<String ID="string_28" HPOS="336" VPOS="372" WIDTH="23" HEIGHT="21" WC="0.97" CONTENT="af"/><SP WIDTH="11" VPOS="372" HPOS="359"/>
							<String ID="string_29" HPOS="370" VPOS="372" WIDTH="40" HEIGHT="22" WC="0.93" CONTENT="den"/><SP WIDTH="11" VPOS="372" HPOS="410"/>
							<String ID="string_30" HPOS="421" VPOS="372" WIDTH="79" HEIGHT="27" WC="0.93" CONTENT="nädiga"/><SP WIDTH="10" VPOS="372" HPOS="500"/>
							<String ID="string_31" HPOS="510" VPOS="372" WIDTH="158" HEIGHT="27" WC="0.96" CONTENT="propositionen"/><SP WIDTH="12" VPOS="372" HPOS="668"/>
							<String ID="string_32" HPOS="680" VPOS="372" WIDTH="38" HEIGHT="20" WC="0.93" CONTENT="har"/><SP WIDTH="10" VPOS="372" HPOS="718"/>
							<String ID="string_33" HPOS="728" VPOS="370" WIDTH="87" HEIGHT="22" WC="0.93" CONTENT="Utskot-"/>
						</TextLine>
						<TextLine ID="line_6" HPOS="64" VPOS="406" WIDTH="752" HEIGHT="27">
							<String ID="string_34" HPOS="64" VPOS="408" WIDTH="32" HEIGHT="19" WC="0.93" CONTENT="tet"/><SP WIDTH="18" VPOS="408" HPOS="96"/>
							<String ID="string_35" HPOS="114" VPOS="406" WIDTH="47" HEIGHT="21" WC="0.92" CONTENT="frän"/><SP WIDTH="18" VPOS="406" HPOS="161"/>
							<String ID="string_36" HPOS="179" VPOS="407" WIDTH="131" HEIGHT="26" WC="0.92" CONTENT="högvördiga"/><SP WIDTH="19" VPOS="407" HPOS="310"/>
							<String ID="string_37" HPOS="329" VPOS="406" WIDTH="162" HEIGHT="21" WC="0.91" CONTENT="Presteständet"/><SP WIDTH="19" VPOS="406" HPOS="491"/>
							<String ID="string_38" HPOS="510" VPOS="406" WIDTH="41" HEIGHT="21" WC="0.92" CONTENT="fätt"/><SP WIDTH="19" VPOS="406" HPOS="551"/>
							<String ID="string_39" HPOS="570" VPOS="407" WIDTH="107" HEIGHT="26" WC="0.91" CONTENT="emottaga"/><SP WIDTH="19" VPOS="407" HPOS="677"/>
							<String ID="string_40" HPOS="696" VPOS="406" WIDTH="77" HEIGHT="25" WC="0.91" CONTENT="utdrag"/><SP WIDTH="17" VPOS="406" HPOS="773"/>
							<String ID="string_41" HPOS="790" VPOS="410" WIDTH="26" HEIGHT="15" WC="0.96" CONTENT="ur"/>
						</TextLine>
						<TextLine ID="line_7" HPOS="66" VPOS="439" WIDTH="750" HEIGHT="28">
							<String ID="string_42" HPOS="66" VPOS="440" WIDTH="99" HEIGHT="22" WC="0.92" CONTENT="Ständets"/><SP WIDTH="21" VPOS="440" HPOS="165"/>
							<String ID="string_43" HPOS="186" VPOS="441" WIDTH="244" HEIGHT="26" WC="0.69" CONTENT="diskussionsprotokoll,"/><SP WIDTH="18" VPOS="441" HPOS="430"/>
							<String ID="string_44" HPOS="448" VPOS="441" WIDTH="151" HEIGHT="21" WC="0.95" CONTENT="innehållande"/><SP WIDTH="25" VPOS="441" HPOS="599"/>
							<String ID="string_45" HPOS="624" VPOS="442" WIDTH="29" HEIGHT="19" WC="0.95" CONTENT="ett"/><SP WIDTH="22" VPOS="442" HPOS="653"/>
							<String ID="string_46" HPOS="675" VPOS="439" WIDTH="23" HEIGHT="22" WC="0.93" CONTENT="af"/><SP WIDTH="14" VPOS="439" HPOS="698"/>
							<String ID="string_47" HPOS="712" VPOS="439" WIDTH="104" HEIGHT="21" WC="0.93" CONTENT="ständsle-"/>
						</TextLine>
						<TextLine ID="line_8" HPOS="66" VPOS="473" WIDTH="750" HEIGHT="29">
							<String ID="string_48" HPOS="66" VPOS="475" WIDTH="98" HEIGHT="22" WC="0.92" CONTENT="damoten"/><SP WIDTH="22" VPOS="475" HPOS="164"/>
							<String ID="string_49" HPOS="186" VPOS="475" WIDTH="112" HEIGHT="21" WC="0.96" CONTENT="Professor"/><SP WIDTH="18" VPOS="475" HPOS="298"/>
							<String ID="string_50" HPOS="316" VPOS="475" WIDTH="86" HEIGHT="21" WC="0.96" CONTENT="Donner"/><SP WIDTH="19" VPOS="475" HPOS="402"/>
							<String ID="string_51" HPOS="421" VPOS="475" WIDTH="35" HEIGHT="21" WC="0.93" CONTENT="vid"/><SP WIDTH="20" VPOS="475" HPOS="456"/>
							<String ID="string_52" HPOS="476" VPOS="475" WIDTH="170" HEIGHT="27" WC="0.93" CONTENT="propositionens"/><SP WIDTH="19" VPOS="475" HPOS="646"/>
							<String ID="string_53" HPOS="665" VPOS="473" WIDTH="151" HEIGHT="27" WC="0.92" CONTENT="föredragning"/>
						</TextLine>
						<TextLine ID="line_9" HPOS="66" VPOS="507" WIDTH="750" HEIGHT="29">
							<String ID="string_54" HPOS="66" VPOS="510" WIDTH="110" HEIGHT="21" WC="0.93" CONTENT="derstädes"/><SP WIDTH="19" VPOS="510" HPOS="176"/>
							<String ID="string_55" HPOS="195" VPOS="509" WIDTH="40" HEIGHT="22" WC="0.96" CONTENT="den"/><SP WIDTH="19" VPOS="509" HPOS="235"/>
							<String ID="string_56" HPOS="254" VPOS="509" WIDTH="28" HEIGHT="22" WC="0.93" CONTENT="30"/><SP WIDTH="18" VPOS="509" HPOS="282"/>
							<String ID="string_57" HPOS="300" VPOS="509" WIDTH="96" HEIGHT="22" WC="0.86" CONTENT="sistlidne"/><SP WIDTH="19" VPOS="509" HPOS="396"/>
							<String ID="string_58" HPOS="415" VPOS="509" WIDTH="89" HEIGHT="22" WC="0.93" CONTENT="Januari"/><SP WIDTH="20" VPOS="509" HPOS="504"/>
							<String ID="string_59" HPOS="524" VPOS="509" WIDTH="88" HEIGHT="27" WC="0.92" CONTENT="afgifvet"/><SP WIDTH="19" VPOS="509" HPOS="612"/>
							<String ID="string_60" HPOS="631" VPOS="508" WIDTH="105" HEIGHT="28" WC="0.93" CONTENT="yttrande,"/><SP WIDTH="18" VPOS="508" HPOS="736"/>
							<String ID="string_61" HPOS="754" VPOS="507" WIDTH="62" HEIGHT="21" WC="0.92" CONTENT="hvari"/>
						</TextLine>
						<TextLine ID="line_10" HPOS="65" VPOS="542" WIDTH="751" HEIGHT="29">
							<String ID="string_62" HPOS="65" VPOS="544" WIDTH="32" HEIGHT="21" WC="0.88" CONTENT="till"/><SP WIDTH="19" VPOS="544" HPOS="97"/>
							<String ID="string_63" HPOS="116" VPOS="544" WIDTH="160" HEIGHT="27" WC="0.92" CONTENT="Lagutskottets"/><SP WIDTH="17" VPOS="544" HPOS="276"/>
							<String ID="string_64" HPOS="293" VPOS="544" WIDTH="120" HEIGHT="21" WC="0.93" CONTENT="beaktande"/><SP WIDTH="18" VPOS="544" HPOS="413"/>
							<String ID="string_65" HPOS="431" VPOS="543" WIDTH="133" HEIGHT="22" WC="0.92" CONTENT="framställas"/><SP WIDTH="19" VPOS="543" HPOS="564"/>
							<String ID="string_66" HPOS="583" VPOS="545" WIDTH="77" HEIGHT="20" WC="0.92" CONTENT="tvänne"/><SP WIDTH="18" VPOS="545" HPOS="660"/>
							<String ID="string_67" HPOS="678" VPOS="543" WIDTH="36" HEIGHT="21" WC="0.93" CONTENT="vid"/><SP WIDTH="15" VPOS="543" HPOS="714"/>
							<String ID="string_68" HPOS="729" VPOS="542" WIDTH="87" HEIGHT="27" WC="0.92" CONTENT="frägans"/>
						</TextLine>
						<TextLine ID="line_11" HPOS="65" VPOS="577" WIDTH="752" HEIGHT="28">
							<String ID="string_69" HPOS="65" VPOS="578" WIDTH="129" HEIGHT="27" WC="0.96" CONTENT="behandling"/><SP WIDTH="14" VPOS="578" HPOS="194"/>
							<String ID="string_70" HPOS="208" VPOS="578" WIDTH="57" HEIGHT="21" WC="0.93" CONTENT="inom"/><SP WIDTH="16" VPOS="578" HPOS="265"/>
							<String ID="string_71" HPOS="281" VPOS="578" WIDTH="266" HEIGHT="27" WC="0.92" CONTENT="Fornminnesföreningen"/><SP WIDTH="15" VPOS="578" HPOS="547"/>
							<String ID="string_72" HPOS="562" VPOS="578" WIDTH="114" HEIGHT="27" WC="0.91" CONTENT="uppstälda"/><SP WIDTH="16" VPOS="578" HPOS="676"/>
							<String ID="string_73" HPOS="692" VPOS="577" WIDTH="125" HEIGHT="26" WC="0.92" CONTENT="önsknings-"/>
						</TextLine>
						<TextLine ID="line_12" HPOS="65" VPOS="610" WIDTH="752" HEIGHT="29">
							<String ID="string_74" HPOS="65" VPOS="612" WIDTH="49" HEIGHT="27" WC="0.91" CONTENT="mäl,"/><SP WIDTH="20" VPOS="612" HPOS="114"/>
							<String ID="string_75" HPOS="134" VPOS="612" WIDTH="24" HEIGHT="21" WC="0.92" CONTENT="af"/><SP WIDTH="15" VPOS="612" HPOS="158"/>
							<String ID="string_76" HPOS="173" VPOS="613" WIDTH="73" HEIGHT="20" WC="0.92" CONTENT="hvilka"/><SP WIDTH="19" VPOS="613" HPOS="246"/>
							<String ID="string_77" HPOS="265" VPOS="613" WIDTH="36" HEIGHT="21" WC="0.96" CONTENT="det"/><SP WIDTH="18" VPOS="613" HPOS="301"/>
							<String ID="string_78" HPOS="319" VPOS="619" WIDTH="40" HEIGHT="14" WC="0.93" CONTENT="ena"/><SP WIDTH="19" VPOS="619" HPOS="359"/>
							<String ID="string_79" HPOS="378" VPOS="613" WIDTH="66" HEIGHT="26" WC="0.91" CONTENT="angär"/><SP WIDTH="20" VPOS="613" HPOS="444"/>
							<String ID="string_80" HPOS="464" VPOS="613" WIDTH="41" HEIGHT="20" WC="0.96" CONTENT="den"/><SP WIDTH="19" VPOS="613" HPOS="505"/>
							<String ID="string_81" HPOS="524" VPOS="612" WIDTH="121" HEIGHT="27" WC="0.93" CONTENT="föreslagna"/><SP WIDTH="18" VPOS="612" HPOS="645"/>
							<String ID="string_82" HPOS="663" VPOS="610" WIDTH="154" HEIGHT="27" WC="0.91" CONTENT="Arkeologiska"/>
						</TextLine>
						<TextLine ID="line_13" HPOS="66" VPOS="644" WIDTH="751" HEIGHT="29">
							<String ID="string_83" HPOS="66" VPOS="647" WIDTH="176" HEIGHT="21" WC="0.92" CONTENT="kommissionens"/><SP WIDTH="20" VPOS="647" HPOS="242"/>
							<String ID="string_84" HPOS="262" VPOS="647" WIDTH="190" HEIGHT="26" WC="0.91" CONTENT="sammansättning"/><SP WIDTH="21" VPOS="647" HPOS="452"/>
							<String ID="string_85" HPOS="473" VPOS="647" WIDTH="39" HEIGHT="21" WC="0.96" CONTENT="och"/><SP WIDTH="16" VPOS="647" HPOS="512"/>
							<String ID="string_86" HPOS="528" VPOS="647" WIDTH="37" HEIGHT="21" WC="0.96" CONTENT="det"/><SP WIDTH="15" VPOS="647" HPOS="565"/>
							<String ID="string_87" HPOS="580" VPOS="647" WIDTH="66" HEIGHT="20" WC="0.93" CONTENT="andra"/><SP WIDTH="15" VPOS="647" HPOS="646"/>
							<String ID="string_88" HPOS="661" VPOS="645" WIDTH="110" HEIGHT="22" WC="0.92" CONTENT="inseendet"/><SP WIDTH="16" VPOS="645" HPOS="771"/>
							<String ID="string_89" HPOS="787" VPOS="644" WIDTH="30" HEIGHT="22" WC="0.91" CONTENT="öf-"/>
						</TextLine>
						<TextLine ID="line_14" HPOS="67" VPOS="680" WIDTH="720" HEIGHT="27">
							<String ID="string_90" HPOS="67" VPOS="687" WIDTH="37" HEIGHT="15" WC="0.96" CONTENT="ver"/><SP WIDTH="15" VPOS="687" HPOS="104"/>
							<String ID="string_91" HPOS="119" VPOS="681" WIDTH="39" HEIGHT="21" WC="0.93" CONTENT="och"/><SP WIDTH="15" VPOS="681" HPOS="158"/>
							<String ID="string_92" HPOS="173" VPOS="681" WIDTH="79" HEIGHT="22" WC="0.92" CONTENT="värden"/><SP WIDTH="16" VPOS="681" HPOS="252"/>
							<String ID="string_93" HPOS="268" VPOS="687" WIDTH="34" HEIGHT="15" WC="0.93" CONTENT="om"/><SP WIDTH="15" VPOS="687" HPOS="302"/>
							<String ID="string_94" HPOS="317" VPOS="681" WIDTH="166" HEIGHT="21" WC="0.92" CONTENT="Universitetets"/><SP WIDTH="16" VPOS="681" HPOS="483"/>
							<String ID="string_95" HPOS="499" VPOS="681" WIDTH="150" HEIGHT="26" WC="0.92" CONTENT="arkeologiska"/><SP WIDTH="17" VPOS="681" HPOS="649"/>
							<String ID="string_96" HPOS="666" VPOS="680" WIDTH="121" HEIGHT="26" WC="0.96" CONTENT="samlingar."/>
						</TextLine>
					</TextBlock>
					<TextBlock ID="block_4" HPOS="67" VPOS="713" WIDTH="753" HEIGHT="234">
						<TextLine ID="line_15" HPOS="134" VPOS="713" WIDTH="684" HEIGHT="29">
							<String ID="string_97" HPOS="134" VPOS="715" WIDTH="54" HEIGHT="22" WC="0.92" CONTENT="Före"/><SP WIDTH="20" VPOS="715" HPOS="188"/>
							<String ID="string_98" HPOS="208" VPOS="717" WIDTH="84" HEIGHT="20" WC="0.92" CONTENT="senaste"/><SP WIDTH="18" VPOS="717" HPOS="292"/>
							<String ID="string_99" HPOS="310" VPOS="715" WIDTH="102" HEIGHT="26" WC="0.92" CONTENT="landtdag"/><SP WIDTH="16" VPOS="715" HPOS="412"/>
							<String ID="string_100" HPOS="428" VPOS="715" WIDTH="55" HEIGHT="21" WC="0.93" CONTENT="hade"/><SP WIDTH="16" VPOS="715" HPOS="483"/>
							<String ID="string_101" HPOS="499" VPOS="715" WIDTH="105" HEIGHT="27" WC="0.92" CONTENT="nemligen"/><SP WIDTH="17" VPOS="715" HPOS="604"/>
							<String ID="string_102" HPOS="621" VPOS="713" WIDTH="197" HEIGHT="23" WC="0.90" CONTENT="Fornminnesföre-"/>
						</TextLine>
						<TextLine ID="line_16" HPOS="68" VPOS="748" WIDTH="751" HEIGHT="29">
							<String ID="string_103" HPOS="68" VPOS="749" WIDTH="84" HEIGHT="27" WC="0.89" CONTENT="ningen,"/><SP WIDTH="14" VPOS="749" HPOS="152"/>
							<String ID="string_104" HPOS="166" VPOS="749" WIDTH="67" HEIGHT="28" WC="0.92" CONTENT="jemte"/><SP WIDTH="16" VPOS="749" HPOS="233"/>
							<String ID="string_105" HPOS="249" VPOS="750" WIDTH="36" HEIGHT="21" WC="0.96" CONTENT="det"/><SP WIDTH="15" VPOS="750" HPOS="285"/>
							<String ID="string_106" HPOS="300" VPOS="750" WIDTH="39" HEIGHT="21" WC="0.93" CONTENT="den"/><SP WIDTH="16" VPOS="750" HPOS="339"/>
							<String ID="string_107" HPOS="355" VPOS="750" WIDTH="99" HEIGHT="21" WC="0.91" CONTENT="lemnade"/><SP WIDTH="11" VPOS="750" HPOS="454"/>
							<String ID="string_108" HPOS="465" VPOS="749" WIDTH="127" HEIGHT="22" WC="0.92" CONTENT="Professorn"/><SP WIDTH="11" VPOS="749" HPOS="592"/>
							<String ID="string_109" HPOS="603" VPOS="749" WIDTH="87" HEIGHT="21" WC="0.93" CONTENT="Donner"/><SP WIDTH="10" VPOS="749" HPOS="690"/>
							<String ID="string_110" HPOS="700" VPOS="748" WIDTH="119" HEIGHT="27" WC="0.92" CONTENT="uppdraget"/>
						</TextLine>
						<TextLine ID="line_17" HPOS="68" VPOS="781" WIDTH="750" HEIGHT="30">
							<String ID="string_111" HPOS="68" VPOS="785" WIDTH="32" HEIGHT="20" WC="0.90" CONTENT="att"/><SP WIDTH="18" VPOS="785" HPOS="100"/>
							<String ID="string_112" HPOS="118" VPOS="783" WIDTH="69" HEIGHT="22" WC="0.91" CONTENT="säsom"/><SP WIDTH="20" VPOS="783" HPOS="187"/>
							<String ID="string_113" HPOS="207" VPOS="784" WIDTH="263" HEIGHT="27" WC="0.91" CONTENT="landtdagsrepresentant"/><SP WIDTH="18" VPOS="784" HPOS="470"/>
							<String ID="string_114" HPOS="488" VPOS="784" WIDTH="67" HEIGHT="21" WC="0.92" CONTENT="väcka"/><SP WIDTH="19" VPOS="784" HPOS="555"/>
							<String ID="string_115" HPOS="574" VPOS="783" WIDTH="80" HEIGHT="27" WC="0.96" CONTENT="förslag"/><SP WIDTH="20" VPOS="783" HPOS="654"/>
							<String ID="string_116" HPOS="674" VPOS="790" WIDTH="33" HEIGHT="15" WC="0.96" CONTENT="om"/><SP WIDTH="17" VPOS="790" HPOS="707"/>
							<String ID="string_117" HPOS="724" VPOS="789" WIDTH="24" HEIGHT="15" WC="0.93" CONTENT="en"/><SP WIDTH="16" VPOS="789" HPOS="748"/>
							<String ID="string_118" HPOS="764" VPOS="781" WIDTH="54" HEIGHT="28" WC="0.92" CONTENT="peti-"/>
						</TextLine>
						<TextLine ID="line_18" HPOS="67" VPOS="816" WIDTH="752" HEIGHT="28">
							<String ID="string_119" HPOS="67" VPOS="818" WIDTH="44" HEIGHT="20" WC="0.93" CONTENT="tion"/><SP WIDTH="20" VPOS="818" HPOS="111"/>
							<String ID="string_120" HPOS="131" VPOS="818" WIDTH="89" HEIGHT="22" WC="0.92" CONTENT="rörande"/><SP WIDTH="16" VPOS="818" HPOS="220"/>
							<String ID="string_121" HPOS="236" VPOS="818" WIDTH="112" HEIGHT="21" WC="0.92" CONTENT="fredandet"/><SP WIDTH="17" VPOS="818" HPOS="348"/>
							<String ID="string_122" HPOS="365" VPOS="818" WIDTH="23" HEIGHT="20" WC="0.93" CONTENT="af"/><SP WIDTH="14" VPOS="818" HPOS="388"/>
							<String ID="string_123" HPOS="402" VPOS="818" WIDTH="86" HEIGHT="21" WC="0.92" CONTENT="landets"/><SP WIDTH="19" VPOS="818" HPOS="488"/>
							<String ID="string_124" HPOS="507" VPOS="818" WIDTH="140" HEIGHT="26" WC="0.92" CONTENT="fornminnen,"/><SP WIDTH="16" VPOS="818" HPOS="647"/>
							<String ID="string_125" HPOS="663" VPOS="817" WIDTH="62" HEIGHT="21" WC="0.92" CONTENT="äfven"/><SP WIDTH="15" VPOS="817" HPOS="725"/>
							<String ID="string_126" HPOS="740" VPOS="816" WIDTH="79" HEIGHT="21" WC="0.92" CONTENT="uttalat"/>
						</TextLine>
						<TextLine ID="line_19" HPOS="68" VPOS="850" WIDTH="752" HEIGHT="28">
							<String ID="string_127" HPOS="68" VPOS="852" WIDTH="32" HEIGHT="26" WC="0.96" CONTENT="sig"/><SP WIDTH="16" VPOS="852" HPOS="100"/>
							<String ID="string_128" HPOS="116" VPOS="852" WIDTH="131" HEIGHT="21" WC="0.96" CONTENT="beträffande"/><SP WIDTH="16" VPOS="852" HPOS="247"/>
							<String ID="string_129" HPOS="263" VPOS="852" WIDTH="41" HEIGHT="21" WC="0.96" CONTENT="den"/><SP WIDTH="15" VPOS="852" HPOS="304"/>
							<String ID="string_130" HPOS="319" VPOS="852" WIDTH="23" HEIGHT="21" WC="0.96" CONTENT="af"/><SP WIDTH="12" VPOS="852" HPOS="342"/>
							<String ID="string_131" HPOS="354" VPOS="852" WIDTH="136" HEIGHT="26" WC="0.96" CONTENT="Föreningen"/><SP WIDTH="11" VPOS="852" HPOS="490"/>
							<String ID="string_132" HPOS="501" VPOS="852" WIDTH="27" HEIGHT="21" WC="0.96" CONTENT="dä"/><SP WIDTH="10" VPOS="852" HPOS="528"/>
							<String ID="string_133" HPOS="538" VPOS="852" WIDTH="122" HEIGHT="26" WC="0.92" CONTENT="föreslagna"/><SP WIDTH="10" VPOS="852" HPOS="660"/>
							<String ID="string_134" HPOS="670" VPOS="850" WIDTH="150" HEIGHT="26" WC="0.92" CONTENT="arkeologiska"/>
						</TextLine>
						<TextLine ID="line_20" HPOS="67" VPOS="884" WIDTH="752" HEIGHT="29">
							<String ID="string_135" HPOS="67" VPOS="886" WIDTH="176" HEIGHT="22" WC="0.91" CONTENT="kommissionens"/><SP WIDTH="16" VPOS="886" HPOS="243"/>
							<String ID="string_136" HPOS="259" VPOS="886" WIDTH="189" HEIGHT="27" WC="0.92" CONTENT="sammansättning"/><SP WIDTH="17" VPOS="886" HPOS="448"/>
							<String ID="string_137" HPOS="465" VPOS="886" WIDTH="39" HEIGHT="21" WC="0.93" CONTENT="och"/><SP WIDTH="14" VPOS="886" HPOS="504"/>
							<String ID="string_138" HPOS="518" VPOS="886" WIDTH="74" HEIGHT="22" WC="0.91" CONTENT="dervid"/><SP WIDTH="11" VPOS="886" HPOS="592"/>
							<String ID="string_139" HPOS="603" VPOS="888" WIDTH="71" HEIGHT="19" WC="0.93" CONTENT="ansett"/><SP WIDTH="10" VPOS="888" HPOS="674"/>
							<String ID="string_140" HPOS="684" VPOS="885" WIDTH="65" HEIGHT="26" WC="0.93" CONTENT="sagde"/><SP WIDTH="11" VPOS="885" HPOS="749"/>
							<String ID="string_141" HPOS="760" VPOS="884" WIDTH="59" HEIGHT="22" WC="0.91" CONTENT="kom-"/>
						</TextLine>
						<TextLine ID="line_21" HPOS="68" VPOS="920" WIDTH="428" HEIGHT="27">
							<String ID="string_142" HPOS="68" VPOS="920" WIDTH="87" HEIGHT="22" WC="0.93" CONTENT="mission"/><SP WIDTH="15" VPOS="920" HPOS="155"/>
							<String ID="string_143" HPOS="170" VPOS="920" WIDTH="124" HEIGHT="27" WC="0.92" CONTENT="lämpligast"/><SP WIDTH="14" VPOS="920" HPOS="294"/>
							<String ID="string_144" HPOS="308" VPOS="920" WIDTH="72" HEIGHT="21" WC="0.93" CONTENT="kunna"/><SP WIDTH="14" VPOS="920" HPOS="380"/>
							<String ID="string_145" HPOS="394" VPOS="920" WIDTH="63" HEIGHT="22" WC="0.92" CONTENT="bestä"/><SP WIDTH="16" VPOS="920" HPOS="457"/>
							<String ID="string_146" HPOS="473" VPOS="920" WIDTH="23" HEIGHT="21" WC="0.96" CONTENT="af"/>
						</TextLine>
					</TextBlock>
					<TextBlock ID="block_5" HPOS="67" VPOS="953" WIDTH="754" HEIGHT="97">
						<TextLine ID="line_22" HPOS="137" VPOS="953" WIDTH="684" HEIGHT="29">
							<String ID="string_147" HPOS="137" VPOS="954" WIDTH="20" HEIGHT="28" WC="0.92" CONTENT="1)"/><SP WIDTH="20" VPOS="954" HPOS="157"/>
							<String ID="string_148" HPOS="177" VPOS="954" WIDTH="114" HEIGHT="22" WC="0.91" CONTENT="Prefekten"/><SP WIDTH="26" VPOS="954" HPOS="291"/>
							<String ID="string_149" HPOS="317" VPOS="955" WIDTH="33" HEIGHT="21" WC="0.93" CONTENT="för"/><SP WIDTH="24" VPOS="955" HPOS="350"/>
							<String ID="string_150" HPOS="374" VPOS="954" WIDTH="167" HEIGHT="22" WC="0.92" CONTENT="Universitetets"/><SP WIDTH="21" VPOS="954" HPOS="541"/>
							<String ID="string_151" HPOS="562" VPOS="953" WIDTH="259" HEIGHT="27" WC="0.92" CONTENT="historisk-etnografiska"/>
						</TextLine>
						<TextLine ID="line_23" HPOS="67" VPOS="987" WIDTH="753" HEIGHT="29">
							<String ID="string_152" HPOS="67" VPOS="995" WIDTH="95" HEIGHT="15" WC="0.96" CONTENT="museum"/><SP WIDTH="17" VPOS="995" HPOS="162"/>
							<String ID="string_153" HPOS="179" VPOS="989" WIDTH="73" HEIGHT="27" WC="0.96" CONTENT="(bland"/><SP WIDTH="12" VPOS="989" HPOS="252"/>
							<String ID="string_154" HPOS="264" VPOS="991" WIDTH="64" HEIGHT="19" WC="0.96" CONTENT="annat"/><SP WIDTH="10" VPOS="991" HPOS="328"/>
							<String ID="string_155" HPOS="338" VPOS="989" WIDTH="32" HEIGHT="21" WC="0.93" CONTENT="för"/><SP WIDTH="10" VPOS="989" HPOS="370"/>
							<String ID="string_156" HPOS="380" VPOS="989" WIDTH="146" HEIGHT="21" WC="0.93" CONTENT="bedömandet"/><SP WIDTH="10" VPOS="989" HPOS="526"/>
							<String ID="string_157" HPOS="536" VPOS="989" WIDTH="23" HEIGHT="21" WC="0.93" CONTENT="af"/><SP WIDTH="10" VPOS="989" HPOS="559"/>
							<String ID="string_158" HPOS="569" VPOS="989" WIDTH="175" HEIGHT="27" WC="0.91" CONTENT="antigviteternas"/><SP WIDTH="10" VPOS="989" HPOS="744"/>
							<String ID="string_159" HPOS="754" VPOS="987" WIDTH="66" HEIGHT="21" WC="0.96" CONTENT="värde"/>
						</TextLine>
						<TextLine ID="line_24" HPOS="69" VPOS="1023" WIDTH="287" HEIGHT="27">
							<String ID="string_160" HPOS="69" VPOS="1024" WIDTH="38" HEIGHT="21" WC="0.92" CONTENT="och"/><SP WIDTH="16" VPOS="1024" HPOS="107"/>
							<String ID="string_161" HPOS="123" VPOS="1024" WIDTH="82" HEIGHT="21" WC="0.92" CONTENT="inlösen"/><SP WIDTH="16" VPOS="1024" HPOS="205"/>
							<String ID="string_162" HPOS="221" VPOS="1023" WIDTH="23" HEIGHT="22" WC="0.93" CONTENT="af"/><SP WIDTH="14" VPOS="1023" HPOS="244"/>
							<String ID="string_163" HPOS="258" VPOS="1024" WIDTH="98" HEIGHT="26" WC="0.92" CONTENT="sädana);"/>
						</TextLine>
					</TextBlock>
					<TextBlock ID="block_6" HPOS="68" VPOS="1057" WIDTH="753" HEIGHT="63">
						<TextLine ID="line_25" HPOS="136" VPOS="1057" WIDTH="685" HEIGHT="29">
							<String ID="string_164" HPOS="136" VPOS="1058" WIDTH="22" HEIGHT="27" WC="0.93" CONTENT="2)"/><SP WIDTH="16" VPOS="1058" HPOS="158"/>
							<String ID="string_165" HPOS="174" VPOS="1058" WIDTH="114" HEIGHT="22" WC="0.93" CONTENT="Prefekten"/><SP WIDTH="9" VPOS="1058" HPOS="288"/>
							<String ID="string_166" HPOS="297" VPOS="1058" WIDTH="33" HEIGHT="21" WC="0.93" CONTENT="för"/><SP WIDTH="8" VPOS="1058" HPOS="330"/>
							<String ID="string_167" HPOS="338" VPOS="1058" WIDTH="168" HEIGHT="22" WC="0.93" CONTENT="Universitetets"/><SP WIDTH="12" VPOS="1058" HPOS="506"/>
							<String ID="string_168" HPOS="518" VPOS="1060" WIDTH="66" HEIGHT="26" WC="0.92" CONTENT="mynt-"/><SP WIDTH="10" VPOS="1060" HPOS="584"/>
							<String ID="string_169" HPOS="594" VPOS="1058" WIDTH="39" HEIGHT="22" WC="0.93" CONTENT="och"/><SP WIDTH="10" VPOS="1058" HPOS="633"/>
							<String ID="string_170" HPOS="643" VPOS="1057" WIDTH="178" HEIGHT="27" WC="0.92" CONTENT="medaljkabinett"/>
						</TextLine>
						<TextLine ID="line_26" HPOS="68" VPOS="1092" WIDTH="552" HEIGHT="28">
							<String ID="string_171" HPOS="68" VPOS="1092" WIDTH="43" HEIGHT="27" WC="0.93" CONTENT="(för"/><SP WIDTH="14" VPOS="1092" HPOS="111"/>
							<String ID="string_172" HPOS="125" VPOS="1092" WIDTH="159" HEIGHT="22" WC="0.92" CONTENT="bestämmande"/><SP WIDTH="16" VPOS="1092" HPOS="284"/>
							<String ID="string_173" HPOS="300" VPOS="1093" WIDTH="38" HEIGHT="21" WC="0.93" CONTENT="och"/><SP WIDTH="16" VPOS="1093" HPOS="338"/>
							<String ID="string_174" HPOS="354" VPOS="1093" WIDTH="83" HEIGHT="21" WC="0.92" CONTENT="inlösen"/><SP WIDTH="16" VPOS="1093" HPOS="437"/>
							<String ID="string_175" HPOS="453" VPOS="1094" WIDTH="23" HEIGHT="20" WC="0.93" CONTENT="af"/><SP WIDTH="14" VPOS="1094" HPOS="476"/>
							<String ID="string_176" HPOS="490" VPOS="1092" WIDTH="130" HEIGHT="28" WC="0.92" CONTENT="myntfynd);"/>
						</TextLine>
					</TextBlock>
					<TextBlock ID="block_7" HPOS="68" VPOS="1124" WIDTH="754" HEIGHT="64">
						<TextLine ID="line_27" HPOS="135" VPOS="1124" WIDTH="687" HEIGHT="29">
							<String ID="string_177" HPOS="135" VPOS="1126" WIDTH="23" HEIGHT="27" WC="0.93" CONTENT="3)"/><SP WIDTH="16" VPOS="1126" HPOS="158"/>
							<String ID="string_178" HPOS="174" VPOS="1127" WIDTH="114" HEIGHT="21" WC="0.92" CONTENT="Prefekten"/><SP WIDTH="16" VPOS="1127" HPOS="288"/>
							<String ID="string_179" HPOS="304" VPOS="1127" WIDTH="33" HEIGHT="20" WC="0.93" CONTENT="för"/><SP WIDTH="15" VPOS="1127" HPOS="337"/>
							<String ID="string_180" HPOS="352" VPOS="1126" WIDTH="167" HEIGHT="23" WC="0.92" CONTENT="Universitetets"/><SP WIDTH="11" VPOS="1126" HPOS="519"/>
							<String ID="string_181" HPOS="530" VPOS="1127" WIDTH="132" HEIGHT="21" WC="0.92" CONTENT="anatomiska"/><SP WIDTH="10" VPOS="1127" HPOS="662"/>
							<String ID="string_182" HPOS="672" VPOS="1131" WIDTH="97" HEIGHT="16" WC="0.96" CONTENT="museum"/><SP WIDTH="10" VPOS="1131" HPOS="769"/>
							<String ID="string_183" HPOS="779" VPOS="1124" WIDTH="43" HEIGHT="27" WC="0.96" CONTENT="(för"/>
						</TextLine>
						<TextLine ID="line_28" HPOS="68" VPOS="1160" WIDTH="266" HEIGHT="28">
							<String ID="string_184" HPOS="68" VPOS="1160" WIDTH="158" HEIGHT="27" WC="0.91" CONTENT="kraniologiska"/><SP WIDTH="15" VPOS="1160" HPOS="226"/>
							<String ID="string_185" HPOS="241" VPOS="1161" WIDTH="93" HEIGHT="27" WC="0.92" CONTENT="frägor);"/>
						</TextLine>
					</TextBlock>
					<TextBlock ID="block_8" HPOS="68" VPOS="1193" WIDTH="755" HEIGHT="63">
						<TextLine ID="line_29" HPOS="135" VPOS="1193" WIDTH="688" HEIGHT="29">
							<String ID="string_186" HPOS="135" VPOS="1194" WIDTH="23" HEIGHT="26" WC="0.93" CONTENT="4)"/><SP WIDTH="17" VPOS="1194" HPOS="158"/>
							<String ID="string_187" HPOS="175" VPOS="1194" WIDTH="180" HEIGHT="22" WC="0.91" CONTENT="Statsarkivarien"/><SP WIDTH="17" VPOS="1194" HPOS="355"/>
							<String ID="string_188" HPOS="372" VPOS="1195" WIDTH="43" HEIGHT="27" WC="0.96" CONTENT="(för"/><SP WIDTH="15" VPOS="1195" HPOS="415"/>
							<String ID="string_189" HPOS="430" VPOS="1195" WIDTH="110" HEIGHT="27" WC="0.93" CONTENT="skriftliga"/><SP WIDTH="15" VPOS="1195" HPOS="540"/>
							<String ID="string_190" HPOS="555" VPOS="1195" WIDTH="169" HEIGHT="21" WC="0.92" CONTENT="minnesmärken"/><SP WIDTH="16" VPOS="1195" HPOS="724"/>
							<String ID="string_191" HPOS="740" VPOS="1193" WIDTH="39" HEIGHT="22" WC="0.93" CONTENT="och"/><SP WIDTH="10" VPOS="1193" HPOS="779"/>
							<String ID="string_192" HPOS="789" VPOS="1195" WIDTH="34" HEIGHT="19" WC="0.90" CONTENT="ut-"/>
						</TextLine>
						<TextLine ID="line_30" HPOS="68" VPOS="1228" WIDTH="591" HEIGHT="28">
							<String ID="string_193" HPOS="68" VPOS="1228" WIDTH="89" HEIGHT="27" WC="0.92" CONTENT="redning"/><SP WIDTH="15" VPOS="1228" HPOS="157"/>
							<String ID="string_194" HPOS="172" VPOS="1228" WIDTH="23" HEIGHT="21" WC="0.93" CONTENT="af"/><SP WIDTH="14" VPOS="1228" HPOS="195"/>
							<String ID="string_195" HPOS="209" VPOS="1229" WIDTH="115" HEIGHT="21" WC="0.93" CONTENT="historiska"/><SP WIDTH="15" VPOS="1229" HPOS="324"/>
							<String ID="string_196" HPOS="339" VPOS="1229" WIDTH="181" HEIGHT="27" WC="0.91" CONTENT="fornlemningars"/><SP WIDTH="15" VPOS="1229" HPOS="520"/>
							<String ID="string_197" HPOS="535" VPOS="1229" WIDTH="124" HEIGHT="27" WC="0.92" CONTENT="tillkomst);"/>
						</TextLine>
					</TextBlock>
					<TextBlock ID="block_9" HPOS="68" VPOS="1258" WIDTH="756" HEIGHT="67">
						<TextLine ID="line_31" HPOS="135" VPOS="1258" WIDTH="689" HEIGHT="32">
							<String ID="string_198" HPOS="135" VPOS="1262" WIDTH="23" HEIGHT="28" WC="0.93" CONTENT="5)"/><SP WIDTH="16" VPOS="1262" HPOS="158"/>
							<String ID="string_199" HPOS="174" VPOS="1258" WIDTH="190" HEIGHT="26" WC="0.92" CONTENT="Öfverdirektören"/><SP WIDTH="15" VPOS="1258" HPOS="364"/>
							<String ID="string_200" HPOS="379" VPOS="1264" WIDTH="7" HEIGHT="20" WC="0.93" CONTENT="i"/><SP WIDTH="16" VPOS="1264" HPOS="386"/>
							<String ID="string_201" HPOS="402" VPOS="1259" WIDTH="173" HEIGHT="31" WC="0.92" CONTENT="Öfverstyrelsen"/><SP WIDTH="15" VPOS="1259" HPOS="575"/>
							<String ID="string_202" HPOS="590" VPOS="1263" WIDTH="34" HEIGHT="21" WC="0.96" CONTENT="för"/><SP WIDTH="15" VPOS="1263" HPOS="624"/>
							<String ID="string_203" HPOS="639" VPOS="1263" WIDTH="107" HEIGHT="21" WC="0.93" CONTENT="allmänna"/><SP WIDTH="11" VPOS="1263" HPOS="746"/>
							<String ID="string_204" HPOS="757" VPOS="1262" WIDTH="67" HEIGHT="26" WC="0.92" CONTENT="bygg-"/>
						</TextLine>
						<TextLine ID="line_32" HPOS="68" VPOS="1296" WIDTH="485" HEIGHT="29">
							<String ID="string_205" HPOS="68" VPOS="1297" WIDTH="94" HEIGHT="21" WC="0.92" CONTENT="naderna"/><SP WIDTH="16" VPOS="1297" HPOS="162"/>
							<String ID="string_206" HPOS="178" VPOS="1296" WIDTH="42" HEIGHT="28" WC="0.93" CONTENT="(för"/><SP WIDTH="15" VPOS="1296" HPOS="220"/>
							<String ID="string_207" HPOS="235" VPOS="1298" WIDTH="157" HEIGHT="20" WC="0.92" CONTENT="monumentala"/><SP WIDTH="17" VPOS="1298" HPOS="392"/>
							<String ID="string_208" HPOS="409" VPOS="1298" WIDTH="144" HEIGHT="27" WC="0.92" CONTENT="byggnader);"/>
						</TextLine>
					</TextBlock>
					<TextBlock ID="block_10" HPOS="64" VPOS="1326" WIDTH="763" HEIGHT="101">
						<TextLine ID="line_33" HPOS="136" VPOS="1326" WIDTH="691" HEIGHT="33">
							<String ID="string_209" HPOS="136" VPOS="1332" WIDTH="22" HEIGHT="26" WC="0.93" CONTENT="6)"/><SP WIDTH="12" VPOS="1332" HPOS="158"/>
							<String ID="string_210" HPOS="170" VPOS="1326" WIDTH="188" HEIGHT="26" WC="0.92" CONTENT="Öfverdirektören"/><SP WIDTH="11" VPOS="1326" HPOS="358"/>
							<String ID="string_211" HPOS="369" VPOS="1332" WIDTH="7" HEIGHT="20" WC="0.96" CONTENT="i"/><SP WIDTH="10" VPOS="1332" HPOS="376"/>
							<String ID="string_212" HPOS="386" VPOS="1332" WIDTH="316" HEIGHT="27" WC="0.92" CONTENT="Landtmäteriöfverstyrelsen"/><SP WIDTH="12" VPOS="1332" HPOS="702"/>
							<String ID="string_213" HPOS="714" VPOS="1330" WIDTH="43" HEIGHT="26" WC="0.93" CONTENT="(för"/><SP WIDTH="8" VPOS="1330" HPOS="757"/>
							<String ID="string_214" HPOS="765" VPOS="1330" WIDTH="62" HEIGHT="20" WC="0.92" CONTENT="kart-."/>
						</TextLine>
						<TextLine ID="line_34" HPOS="67" VPOS="1364" WIDTH="757" HEIGHT="29">
							<String ID="string_215" HPOS="67" VPOS="1365" WIDTH="101" HEIGHT="27" WC="0.92" CONTENT="läggning"/><SP WIDTH="14" VPOS="1365" HPOS="168"/>
							<String ID="string_216" HPOS="182" VPOS="1365" WIDTH="24" HEIGHT="21" WC="0.93" CONTENT="af"/><SP WIDTH="14" VPOS="1365" HPOS="206"/>
							<String ID="string_217" HPOS="220" VPOS="1366" WIDTH="56" HEIGHT="20" WC="0.93" CONTENT="fasta"/><SP WIDTH="15" VPOS="1366" HPOS="276"/>
							<String ID="string_218" HPOS="291" VPOS="1366" WIDTH="177" HEIGHT="27" WC="0.92" CONTENT="fornlemningar,"/><SP WIDTH="12" VPOS="1366" HPOS="468"/>
							<String ID="string_219" HPOS="480" VPOS="1367" WIDTH="119" HEIGHT="21" WC="0.92" CONTENT="desammas"/><SP WIDTH="11" VPOS="1367" HPOS="599"/>
							<String ID="string_220" HPOS="610" VPOS="1364" WIDTH="167" HEIGHT="28" WC="0.91" CONTENT="undantagande"/><SP WIDTH="11" VPOS="1364" HPOS="777"/>
							<String ID="string_221" HPOS="788" VPOS="1364" WIDTH="36" HEIGHT="21" WC="0.96" CONTENT="vid"/>
						</TextLine>
						<TextLine ID="line_35" HPOS="64" VPOS="1399" WIDTH="554" HEIGHT="28">
							<String ID="string_222" HPOS="64" VPOS="1399" WIDTH="116" HEIGHT="26" WC="0.92" CONTENT="jordskifte"/><SP WIDTH="16" VPOS="1399" HPOS="180"/>
							<String ID="string_223" HPOS="196" VPOS="1400" WIDTH="6" HEIGHT="20" WC="0.93" CONTENT="i"/><SP WIDTH="16" VPOS="1400" HPOS="202"/>
							<String ID="string_224" HPOS="218" VPOS="1400" WIDTH="100" HEIGHT="21" WC="0.93" CONTENT="afseende"/><SP WIDTH="16" VPOS="1400" HPOS="318"/>
							<String ID="string_225" HPOS="334" VPOS="1400" WIDTH="13" HEIGHT="20" WC="0.64" CONTENT="&amp;"/><SP WIDTH="15" VPOS="1400" HPOS="347"/>
							<String ID="string_226" HPOS="362" VPOS="1400" WIDTH="129" HEIGHT="27" WC="0.92" CONTENT="fridlysning"/><SP WIDTH="16" VPOS="1400" HPOS="491"/>
							<String ID="string_227" HPOS="507" VPOS="1406" WIDTH="18" HEIGHT="16" WC="0.81" CONTENT="o."/><SP WIDTH="18" VPOS="1406" HPOS="525"/>
							<String ID="string_228" HPOS="543" VPOS="1406" WIDTH="17" HEIGHT="16" WC="0.93" CONTENT="s."/><SP WIDTH="17" VPOS="1406" HPOS="560"/>
							<String ID="string_229" HPOS="577" VPOS="1400" WIDTH="41" HEIGHT="26" WC="0.92" CONTENT="v.);"/>
						</TextLine>
					</TextBlock>
					<TextBlock ID="block_11" HPOS="136" VPOS="1440" WIDTH="315" HEIGHT="21">
						<TextLine ID="line_36" HPOS="136" VPOS="1440" WIDTH="315" HEIGHT="21">
							<String ID="string_230" HPOS="136" VPOS="1440" WIDTH="122" HEIGHT="21" WC="0.92" CONTENT="Lagutskottets"/><SP WIDTH="12" VPOS="1440" HPOS="258"/>
							<String ID="string_231" HPOS="270" VPOS="1440" WIDTH="103" HEIGHT="16" WC="0.92" CONTENT="betänkande"/><SP WIDTH="12" VPOS="1440" HPOS="373"/>
							<String ID="string_232" HPOS="385" VPOS="1440" WIDTH="35" HEIGHT="16" WC="0.96" CONTENT="N:o"/><SP WIDTH="16" VPOS="1440" HPOS="420"/>
							<String ID="string_233" HPOS="436" VPOS="1440" WIDTH="15" HEIGHT="17" WC="0.96" CONTENT="7."/>
						</TextLine>
					</TextBlock>
				</ComposedBlock>
			</PrintSpace>
		</Page>
	</Layout>
</alto>
