1003 1617
288 97 24 23 U:
330 97 54 23 B.—
400 81 63 50 Prop.
479 96 42 24 N:o
534 96 31 24 6.
780 96 12 20 9

202 156 62 22 Dock
285 163 51 15 vare
357 156 36 20 det
415 154 122 22 tillsvidare
559 154 114 22 underrätt
696 154 79 21 tillätet
789 156 33 18 att

198 191 32 28 pä
244 190 90 22 svenska
348 189 89 28 språket
451 188 80 28 affatta
546 188 136 27 ransakning
698 188 38 21 och
752 188 70 27 utslag

201 226 9 21 i
225 225 109 26 brottmål,
348 230 45 16 som
409 223 38 22 bör
462 223 117 27 öfverrätts
593 223 137 28 granskning
744 222 77 21 under-

201 260 85 21 ställas.

134 328 41 22 Vid
189 327 156 28 granskningen
360 327 23 22 af
396 326 66 23 första
477 328 44 25 &:ns
535 333 75 15 senare
626 326 33 22 del
674 326 40 21 har
724 325 36 22 det
768 325 55 22 före-

65 363 90 22 kommit
175 363 111 21 Utskottet
307 363 70 21 säsom
400 368 34 15 om
457 361 34 22 vid
515 361 48 22 dess
585 360 133 28 tillämpning
733 361 89 26 mängen

66 397 55 28 gång
142 397 71 22 kunde
227 397 77 27 uppstå
324 395 132 28 tvifvelsmäl,
471 395 105 22 huruvida
591 395 41 22 viss
647 394 121 27 församling
782 393 41 22 hör

66 431 33 22 till
122 431 54 27 dem,
198 431 7 21 i
227 431 72 21 hvilka
321 430 95 27 offentlig
437 429 120 28 gudstjenst
576 429 27 28 pä
617 429 105 22 hvardera
736 427 87 29 spräket

67 467 78 20 ömsom
161 465 71 22 hälles.
256 465 74 22 Säsom
346 464 67 22 kändt
427 466 30 25 är,
472 463 66 28 gifves
553 464 37 22 det
604 463 7 22 i
626 464 73 21 landet
713 463 46 22 icke
774 462 49 22 alle-

67 503 48 19 nast
129 499 79 23 sådana
222 499 136 28 tvåspråkiga
372 498 153 28 församlingar,
541 498 7 22 i
563 498 72 22 hvilka
650 498 56 22 vissa
719 497 105 28 söndagar

67 534 68 23 hålles
157 534 75 22 endast
246 533 76 22 svensk
338 533 39 22 och
392 533 67 22 andra
474 533 75 22 endast
563 532 55 22 finsk
633 532 123 28 gudstjenst,
772 533 51 20 utan

68 568 61 23 äfven
150 569 86 26 sådana,
260 568 37 21 der
318 567 143 28 gudstjenster
483 568 28 27 på
533 567 104 22 hvardera
655 567 87 28 språket
756 565 68 23 hållas

68 603 72 27 hvarje
155 603 86 27 söndag,
257 604 55 20 samt
327 602 98 27 slutligen
441 603 72 26 några,
529 602 6 21 i
550 602 72 22 hvilka
632 604 59 20 utom
702 602 40 22 den
752 601 72 27 hvarje

68 637 81 27 söndag
171 636 91 23 skeende
284 636 147 28 gudstjensten
450 637 28 27 på
493 636 36 22 det
545 642 40 16 ena
599 636 87 28 språket
700 638 125 28 någongång

69 677 34 16 om
126 672 47 21 året
194 670 61 23 äfven
269 670 101 22 förrättas
385 670 120 28 gudstjenst
519 671 28 27 på
563 670 36 22 det
614 671 71 22 andra.
716 671 40 22 Till
771 672 54 22 före-

69 705 110 28 byggande
193 705 23 23 af
228 705 29 22 all
272 705 93 22 ovisshet
378 704 129 22 härutinnan
522 711 62 15 anser
598 704 112 24 Utskottet
724 706 36 22 det
775 712 50 16 vara

70 739 98 28 önskligt,
190 741 32 21 att
244 739 76 22 officiel
341 738 134 28 förteckning
497 738 58 23 öfver
577 739 26 22 de
624 739 154 29 församlingar,
793 740 32 22 till

69 774 72 22 hvilka
156 774 144 28 expeditioner
314 773 52 22 böra
386 772 74 23 aflåtas
475 774 28 26 på
517 773 68 28 begge
600 774 97 27 språken,
713 775 66 21 måtte
794 776 32 20 ut-

69 808 72 22 färdas
155 808 40 22 och
209 808 86 28 bringas
310 807 32 22 till
357 807 78 22 allmän
450 807 127 23 kännedom.

137 843 43 21 Vid
202 844 12 26 &
237 844 13 20 2
266 848 61 22 synes
344 842 54 22 böra
412 842 129 27 framhållas,
558 844 32 20 att
604 842 41 22 den
660 842 117 23 behandlar
791 849 35 16 en-

70 877 48 22 dast
140 878 40 21 den
195 884 40 15 ena
249 877 60 21 sidan
324 876 22 22 af
360 876 36 22 det
410 876 139 28 förhållande,
565 883 45 15 som
626 877 65 27 enligt
706 877 119 23 Utskottets

69 912 64 21 tanke
155 911 66 22 borde
242 917 76 21 genom
341 911 122 21 densamma
483 911 84 22 ordnas.
597 911 69 28 Sagde
681 911 13 29 $
709 911 118 23 innehåller

69 946 105 27 nemligen
195 946 132 27 stadganden
350 945 74 22 endast
447 951 34 15 om
499 945 187 29 häradshöfdings
701 945 126 28 rättigheter

70 980 39 22 och
124 980 143 28 skyldigheter
281 980 7 21 i
304 979 97 23 afseende
416 980 13 21 å
443 979 70 22 finska
528 979 155 28 expeditioners
693 980 132 28 utfärdande,

69 1020 48 16 men
139 1013 108 23 meddelar
263 1013 47 22 icke
328 1014 70 27 någon
413 1013 108 22 föreskrift
535 1013 55 22 huru
606 1013 158 23 vederbörande
778 1013 49 22 sak-

69 1055 74 21 egares
165 1050 43 20 rätt
229 1048 33 21 till
284 1047 68 23 finska
367 1047 156 28 expeditioners
539 1047 121 23 erhållande
675 1048 40 22 bör
730 1047 97 28 tillgodo-

70 1089 33 15 ses
125 1083 7 20 i
155 1083 26 22 de
202 1082 44 27 fall,
262 1083 28 21 då
304 1082 119 28 skyldighet
438 1084 33 19 att
486 1082 79 27 utgifva
580 1083 80 21 sådana
674 1082 47 22 icke
736 1082 91 23 omedel-

68 1116 50 22 bart
132 1117 80 27 åligger
226 1116 197 27 häradshöfdingen.
449 1117 76 21 Denna
540 1117 71 26 andra,
626 1117 46 22 icke
688 1116 82 23 mindre
785 1116 42 29 vig-

68 1150 45 29 tiga
135 1151 46 22 sida
203 1151 23 22 af
238 1151 142 22 förhållandet
394 1157 63 16 anser
471 1151 112 22 Utskottet
598 1151 52 22 böra
666 1151 78 22 ordnas
758 1151 8 22 i
781 1153 47 20 när-

69 1187 68 20 maste
160 1185 217 22 öfverensstämmelse
393 1185 48 22 med
455 1185 57 22 hvad
527 1185 7 21 i
549 1185 26 28 8$
590 1186 13 21 4
619 1185 39 22 och
674 1187 12 20 5
702 1187 25 20 är
741 1185 87 22 föresla-

69 1224 36 23 get
127 1219 132 23 beträffande
283 1220 70 27 dylika
370 1219 37 22 fall
429 1219 7 22 i
458 1219 87 28 hofrätt,
561 1219 155 22 rådstufvurätt
730 1219 40 22 och
785 1226 43 16 ma-

68 1254 82 27 gistrat.

138 1289 111 22 Utskottet
270 1288 32 23 får
324 1288 83 22 således
421 1289 114 28 tillstyrka,
551 1291 32 20 att
599 1289 118 22 Ständerna
732 1287 50 22 ville
796 1287 32 22 till

69 1323 12 28 8
99 1324 13 21 2
128 1323 77 22 föreslå
220 1325 32 20 ett
266 1323 74 28 tillägg
354 1322 23 23 af
390 1322 93 29 följande
498 1323 88 28 lydelse:

275 1391 16 21 I
304 1391 46 21 alla
366 1391 26 21 de
401 1391 56 27 fall,
473 1391 39 21 der
527 1391 130 28 expedition.
672 1398 46 15 som
733 1391 68 27 enligt
816 1392 13 26 $

207 1427 13 19 1
244 1425 65 21 borde
327 1425 33 27 på
376 1424 77 28 finska
468 1425 111 27 utfärdas,
594 1426 46 20 med
654 1425 50 21 stöd
718 1424 30 28 af
760 1425 70 21 denna

139 1465 142 22 Lagutskottets
294 1465 117 17 betänkande
424 1465 39 18 N:o
476 1466 17 16 9.
