1025 1620
416 117 35 22 N:o
465 117 32 21 14.
793 115 12 20 5

82 186 55 20 vildt
160 185 122 27 skadedjur,
305 186 7 20 i
335 185 48 21 fritt
405 185 105 26 tillstånd,
531 192 38 20 ege
585 187 44 19 rätt
645 185 118 21 detsamma
779 183 56 21 döda

84 220 52 21 eller
152 219 63 27 fånga
231 220 38 20 och
285 220 92 21 behålla.

156 253 57 27 Katt,
230 260 45 15 som
291 253 103 22 anträffas
411 255 5 20 i
429 254 53 26 skog
494 254 52 21 eller
556 254 60 26 hage,
626 254 35 20 må
670 253 84 21 saklöst
762 252 73 21 dödas.

435 318 48 26 88.

156 356 74 22 Säsom
245 357 116 27 jagtmedel
377 357 36 21 mä
428 358 18 26 ej
464 358 58 26 spjut
538 357 52 21 eller
606 357 126 27 skjutgevär
747 355 90 27 gillrade

85 392 115 25 användas,
216 392 52 20 eller
283 398 53 20 grop
353 392 38 20 och
408 398 37 15 sax
462 392 51 21 eller
529 398 70 14 annan
615 392 33 20 för
664 390 123 21 menniskor
798 389 38 21 och

85 425 90 27 husdjur
190 425 100 27 lifsfarlig
306 426 81 21 anstalt
403 426 107 26 begagnas
528 426 12 21 &
555 432 81 15 annans
653 425 61 21 mark
729 426 51 19 utan
795 423 42 21 till-

86 459 63 22 ständ
164 459 23 22 af
203 460 47 25 den,
267 466 45 15 som
326 460 93 27 jagträtt
435 461 38 20 der
489 467 55 20 eger,
561 462 56 19 samt
632 460 47 21 icke
693 459 67 22 heller
771 458 67 21 under

86 494 58 21 tiden
160 494 47 21 från
224 494 37 21 och
279 495 47 20 med
343 495 40 20 den
402 496 7 19 1
429 495 42 26 Maj
489 495 32 20 till
538 495 39 20 den
596 496 2 19 I
613 494 122 21 November
745 494 93 20 utsättas

86 529 52 21 eller
154 529 137 21 derförinnan
307 531 69 19 utsatt
392 530 134 25 gvarlemnas
538 529 12 20 &
561 529 99 21 samfälld
672 528 67 26 mark,
749 527 90 22 säframt

86 563 46 21 icke
156 563 42 21 alla
218 563 126 26 delegarene
360 563 72 21 dertill
449 563 30 21 lof
495 563 61 27 gifvit
572 563 39 21 och
628 563 107 20 anstalten
752 564 23 19 är
790 561 49 21 med

86 597 66 21 fällda
175 597 48 21 träd
247 597 51 21 eller
322 604 69 15 annan
415 598 95 26 stängsel
527 598 24 20 sä
566 597 121 27 omhägnad
703 599 32 19 att
751 597 88 20 kreatur

87 631 94 21 derifrän
197 631 97 22 afhällas.

159 666 42 21 Vill
225 667 69 26 nägon
318 667 97 26 begagna
438 667 62 26 giller
522 667 23 20 af
563 666 144 27 nyssnämnde
726 666 46 25 slag
789 665 51 20 eller

87 700 113 27 förgiftadt
223 700 104 26 lockbete,
348 701 68 21 ehvad
433 701 36 21 det
485 701 49 21 sker
550 701 12 20 &
579 707 53 20 egen
648 700 60 21 mark
725 700 52 21 eller
792 699 49 20 med

88 735 100 26 behörigt
203 735 98 20 tillstånd
318 735 12 21 å
345 741 81 15 annans
443 741 57 20 egor,
511 741 50 15 vare
572 735 86 26 skyldig
668 736 33 19 att
712 735 44 20 låta
767 734 73 21 derom

88 769 109 27 söndagen
213 769 108 21 nästförut
336 770 97 26 kungöra
449 770 6 20 i
472 769 164 26 församlingens
653 769 68 26 kyrka
731 769 109 20 äfvensom

89 803 31 21 uti
144 803 68 27 kyrka
234 804 6 20 i
258 810 69 14 annan
342 804 134 26 församling,
493 804 63 20 hvars
572 805 65 24 gräns
654 803 68 26 ligger
738 803 55 20 inom
811 802 29 20 tio

88 839 59 19 verst
163 837 47 21 från
226 838 78 25 stället,
321 838 38 20 der
371 838 72 26 gillret
454 838 53 20 eller
518 837 98 27 giftbetet
625 838 99 20 utsättes.
755 836 86 27 Nyttjas

89 872 81 21 sådana
192 872 74 26 längre
291 873 32 20 tid
345 872 134 21 fortfarande
495 872 12 21 å
523 878 81 15 samma
620 872 70 25 ställe,
706 872 38 20 bör
760 872 81 25 kungö-

89 906 70 22 relsen
183 912 26 15 en
232 906 55 27 gång
310 907 7 21 i
340 907 73 27 hvarje
429 907 77 21 månad
523 907 92 26 förnyas.
647 906 60 21 Dock
723 906 34 20 må
773 904 68 22 icke
830 900 15 38 i

89 940 69 27 någon
174 941 102 21 händelse
291 941 114 27 förgiftadt
421 942 99 20 lockbete
535 943 94 19 utsättas
645 941 68 21 under
724 940 58 21 tiden
793 939 48 21 från

90 975 40 21 den
148 976 8 19 1
175 975 61 27 April
252 976 32 20 till
301 976 40 20 den
360 977 8 19 1
386 976 128 21 November.

162 1009 79 21 Snaror
264 1010 23 20 af
308 1010 43 21 alla
371 1010 46 26 slag
432 1010 36 21 må
483 1010 95 21 hvarken
594 1010 13 20 å
623 1016 52 20 egen
692 1010 52 20 eller
760 1014 82 16 annans

90 1044 60 20 mark
173 1044 105 27 utläggas,
302 1046 59 20 utom
385 1044 33 21 för
441 1044 109 27 ripfångst
569 1045 6 20 i
591 1044 162 27 Lappmarkens
769 1043 73 21 härad.

443 1107 11 27 8
470 1108 20 20 9.

161 1147 31 20 På
207 1147 161 21 vederbörande
384 1147 127 22 kommuner
531 1148 34 20 må
580 1147 115 21 ankomma
710 1149 37 24 att,
764 1146 38 21 der
817 1145 26 21 de

90 1181 56 21 finna
162 1181 78 22 sådant
255 1182 104 27 lämpligt,
375 1182 7 20 i
399 1182 72 21 stället
488 1182 34 21 för
538 1182 54 21 hvad
608 1182 6 20 i
632 1183 26 20 23
673 1181 91 27 kapitlet
774 1180 70 27 Bygg-

90 1216 143 26 ningabalken
250 1216 88 26 stadgas
354 1222 34 15 om
399 1216 114 26 skallgång
522 1218 56 19 samt
592 1216 143 26 varggårdars
747 1215 37 21 och
796 1220 47 20 gro-

90 1256 50 21 pars
164 1250 140 26 anläggande,
328 1250 187 21 öfverenskomma
539 1257 33 14 om
595 1250 69 21 andra
687 1249 100 27 åtgärder
810 1248 33 21 till

91 1284 127 27 skadedjurs
242 1285 38 21 och
304 1285 113 26 roffåglars
438 1285 116 21 utödande.
584 1285 123 21 Bibehålles
724 1284 119 25 skallgång,

90 1319 35 21 må
141 1319 42 21 alla
199 1319 33 21 för
248 1319 135 21 densammas
403 1319 116 21 utförande
535 1320 79 26 nödiga
630 1320 160 24 bestämningar
806 1317 39 21 och

90 1353 144 26 tillgöranden
258 1354 99 26 vidtagas
380 1354 23 20 af
421 1354 137 26 kommunen,
576 1360 45 14 som
635 1354 80 26 jemväl
731 1358 49 21 eger
795 1352 51 27 ingå

90 1386 128 28 författning
234 1394 34 14 om
284 1388 90 21 kallelse
390 1388 33 21 till
439 1388 68 21 sådan
524 1388 112 26 skallgång
652 1394 75 20 genom
739 1386 106 26 budkafle,

93 1422 39 20 när
147 1422 66 21 behof
227 1422 61 21 deraf
302 1424 70 24 göres.
