1039 1620
239 115 26 20 18

448 115 22 24 U.
487 115 23 23 B.
526 127 30 6 —
571 115 61 30 Prop.
651 115 36 24 N:o
703 115 30 23 iö.

620 174 15 27 $
651 175 34 20 12.

414 201 21 28 Ä
451 207 104 22 värdshus
567 208 32 27 pä
616 208 79 26 landet,
711 213 46 15 som
765 206 42 27 för
818 207 148 26 tillfredsstäl-

346 243 64 20 lande
433 243 29 26 af
474 242 102 26 trafikens
593 243 66 27 behof
671 243 71 22 finnas
759 242 116 27 inrättade,
892 244 26 19 är
935 245 30 17 ut-

345 276 122 29 skänkning
478 277 29 26 af
514 277 147 28 maltdrycker
670 277 65 27 äfven
746 276 121 28 medgifven.
897 277 69 20 Dessa

345 311 91 28 drycker
444 311 31 28 få
493 312 84 27 jemväl
599 312 30 25 af
645 311 136 29 gästyifvare
793 312 31 26 pä
846 311 73 21 landet
935 318 29 14 re:

344 346 68 21 sande
436 347 34 20 till
486 346 118 28 förtäring
624 347 31 27 pä
678 347 73 21 stället
775 345 189 22 tillhandahållas.

344 380 46 21 För
414 380 68 28 öfriyt
504 388 50 13 varo
578 381 147 27 utskänkning
748 380 29 27 af
789 381 21 20 öl
825 381 53 20 eller
891 383 75 25 porter

342 414 32 27 på
390 415 74 21 landet
480 415 44 21 icke
540 415 91 21 tillåten.

619 480 15 26 $
649 480 35 20 13.

414 513 154 28 Maltdrycker,
591 520 45 15 som
659 514 35 21 till
709 514 50 20 salu
774 512 79 28 hållas,
870 514 33 20 må
921 514 44 20 icke

344 554 52 14 vara
406 547 100 27 försalta
522 548 48 21 med
585 549 69 27 någru
664 548 43 28 för
722 548 75 21 helsan
808 548 101 28 skadliga
920 550 43 19 äm-

344 588 46 20 nen,
415 582 38 21 och
474 583 20 26 ej
516 582 68 22 heller
606 583 120 28 bemänyda
743 582 48 22 med
806 582 91 22 bränvin
913 583 51 21 eller

343 623 75 15 annan
433 617 131 28 spritdryck.

617 664 16 26 $
648 665 34 20 14.

410 697 14 21 I
439 698 118 20 allmänhet
574 698 35 21 må
619 698 144 28 försäljning
784 698 32 27 på
843 698 73 21 landet
939 700 25 25 af

342 732 20 19 öl
378 732 52 20 eller
445 734 75 25 porter
536 733 34 20 till
585 732 138 28 afhemtning
738 734 57 21 samt
818 732 147 27 utskänkning

342 767 26 23 af
383 766 61 21 dessa
461 766 90 28 drycker
566 768 8 20 i
589 768 49 20 stad
649 767 100 28 försiggå
763 766 72 21 endast
848 766 49 27 från
908 767 56 21 kloc-

342 800 44 21 kan
407 808 37 13 sex
464 808 33 13 om
514 808 114 21 morgonen
645 802 35 20 till
695 801 93 21 klockan
806 802 34 19 nio
857 808 34 14 om
906 801 57 27 afto-

342 841 46 20 nen,
416 842 46 14 men
485 835 44 21 icke
546 835 59 28 från
627 836 108 28 sistsayde
761 835 110 28 klockslag
895 837 68 26 dagen

335 868 53 27 före
410 871 47 19 sön-
475 871 51 20 eller
541 870 105 28 helgedag
662 871 34 20 till
712 870 93 21 klockan
821 877 36 14 sex
867 870 96 27 förmid-

341 903 69 27 dagen
436 904 75 27 första
542 905 67 27 derpä
627 905 106 28 följunde
755 904 128 28 söcknedag.
923 905 39 21 Om

341 938 38 26 lid,
402 938 29 21 då
449 939 144 28 utskänkning
610 941 34 19 må
659 947 38 18 ega
717 946 47 14 rum
777 939 13 20 å
801 939 95 27 hoteller,
912 940 50 21 kon-

340 972 91 21 ditorier
453 973 38 21 och
511 974 70 21 undra
599 974 171 27 näringsställen
788 974 7 19 i
815 974 50 21 stad
881 974 36 21 och
931 975 31 26 på

340 1007 80 26 landet,
449 1008 38 21 der
516 1009 186 21 värdshusrörelse
729 1008 70 24 idkas,
824 1009 58 26 gälle
907 1009 56 20 hvad

339 1041 73 20 derom
428 1044 20 18 är.
476 1043 51 20 eller
536 1043 121 26 frumdeles
674 1043 43 21 kan
735 1043 68 20 varda
817 1042 144 27 förordnad.

339 1069 20 26 Å
374 1077 153 27 gästyifverier
551 1079 34 19 må
610 1078 148 27 uwulskänkniny
775 1077 30 27 af
817 1078 146 27 maltdrycker

338 1110 23 20 åt
377 1111 91 21 resunde
483 1119 37 20 cya
537 1119 48 14 rum
601 1113 46 20 alla
665 1113 57 20 tider
734 1113 33 26 på
783 1112 86 27 dygnet.

613 1177 15 26 $
644 1177 34 20 15.

407 1211 19 19 4.
459 1210 103 20 Hvarken
579 1211 34 19 vid
623 1210 145 28 försäljning
780 1210 35 20 till
825 1209 137 29 afhemtning

337 1243 53 20 eller
413 1244 36 20 vid
472 1244 146 28 utskänkning
641 1246 34 19 mä
697 1244 149 28 maltdrycker
863 1244 99 28 utboryas

336 1278 52 20 eller
404 1280 43 18 mot
460 1282 56 24 pant
532 1279 90 27 aflälas;
639 1280 78 20 hvilket
731 1278 86 27 förbud
831 1278 54 21 dock
896 1280 20 26 ej
927 1280 33 20 til-

336 1312 85 27 lämpas
444 1314 31 26 pä
501 1313 58 27 aftal
576 1314 79 20 mellan
672 1313 128 22 tillverkare
816 1313 38 20 och
869 1313 92 27 äterför-

335 1346 89 27 säljare.

403 1383 21 19 2.
466 1382 31 27 Ej
521 1382 66 21 heller
613 1384 33 19 mä
672 1382 77 29 dylika
766 1382 92 27 drycker
873 1382 29 27 af
914 1383 46 26 den,

335 1422 43 14 som
403 1416 77 21 endast
502 1418 27 19 är
552 1416 121 28 berättigad
689 1420 32 18 att
736 1416 101 28 försälja
853 1416 108 22 desamma

336 1450 34 21 till
386 1450 143 29 afhemtning,
545 1452 106 21 utlemnas
665 1453 73 20 såsom
754 1450 70 29 gåfvu
839 1454 33 18 alt
883 1452 12 20 å
907 1453 50 20 stäl-

265 1489 193 19 Ekonomiutskottets
473 1492 113 22 betänkande
599 1492 38 18 N:o
650 1493 17 17 3.
