1003 1617
293 105 19 20 U.
328 104 63 20 B..—
407 104 53 25 Prop.
477 104 29 20 N:o
522 104 19 20 5.
741 104 25 20 15

327 247 178 24 Reservation.

106 307 110 22 Ehuruväl
239 306 41 22 den
302 306 8 21 i
333 306 41 21 den
398 306 79 27 nådiga
496 306 164 28 propositionen
674 305 122 28 föreslagna

38 341 40 23 och
99 341 79 28 jemväl
201 340 23 22 af
245 341 114 22 Utskottet
381 341 117 26 godkända
513 341 143 26 bestämning,
673 341 33 20 att
721 340 27 21 de
763 339 33 22 för

37 375 178 28 bouppteckning
237 375 40 22 och
301 375 114 28 värdering
438 377 56 20 samt
509 375 33 22 för
558 375 65 22 skifte
638 375 108 27 utgäende
761 381 34 15 ar-

38 411 182 27 vodesprocenter
234 409 115 22 framdeles
364 410 68 21 borde
446 410 109 22 beräknas
564 409 54 22 efter
625 409 63 22 boets
697 409 99 22 behällna

38 445 121 28 tillgängar,
183 447 24 19 är
230 445 69 27 egnad
317 446 34 20 att
366 444 98 27 aflägsna
479 445 37 22 det
529 446 58 20 mest
601 444 117 28 tryckande
734 443 62 22 miss-

38 479 141 27 förhällande,
196 485 46 16 som
257 479 96 22 vidläder
369 479 37 22 det
422 479 130 27 nugällande
571 481 69 20 sättet
654 480 33 20 att
700 478 96 22 beräkna

39 515 89 22 arvodet
149 514 34 21 för
198 514 93 21 nämnda
305 513 160 28 förrättningar,
481 513 43 22 kan
537 514 39 27 jag
592 513 55 22 dock
664 513 18 28 ej
699 519 52 15 anse
765 518 29 15 nu

39 549 162 28 ifrågavarande
216 548 131 27 förändring,
363 548 7 21 i
386 549 40 21 den
442 548 152 27 utsträckning
610 549 123 20 densamma
748 545 47 23 blif-

39 584 31 21 vit
84 584 128 26 föreslagen,
235 583 49 22 fullt
299 582 157 23 tillfredsställa
470 583 118 22 rättvisans
604 583 40 21 och
660 582 136 27 billighetens

39 618 127 26 fordringar.
191 617 113 22 Utskottet
319 617 38 21 har
375 618 8 20 i
399 616 223 23 öfverensstämmelse
638 616 49 22 med
703 617 41 21 den
758 615 38 22 nå-

40 652 50 27 diga
111 652 162 27 propositionen
293 651 113 27 föreslagit
420 653 39 25 att,
473 652 68 27 jemte
558 652 38 21 det
611 652 41 21 den
667 650 57 23 förra
740 650 56 27 skyl-

40 687 102 27 digheten
165 687 33 21 att
219 685 33 23 för
267 686 122 22 ännämnda
403 686 166 27 förrättningars
585 686 159 22 verkställande
760 690 36 16 an-

39 722 40 21 lita
100 721 230 27 magistratspersoner
351 720 86 22 komme
460 722 33 20 att
515 720 95 28 qvarstå,
626 721 26 21 de
668 718 129 29 nugällande

39 757 190 27 procentsatserna
244 755 69 22 skulle
327 754 66 23 blifva
408 755 148 22 oförändrade.
587 755 131 27 Härigenom
727 752 71 24 blefve

41 791 62 26 dock,
127 790 67 27 enligt
217 790 43 21 min
279 790 72 26 tanke,
368 790 65 27 syftet
448 790 50 22 med
513 790 41 22 den
570 796 29 15 nu
614 789 122 27 föreslagna
750 788 47 26 lag-

41 824 215 28 stiftningsåtgärden
271 824 7 21 i
294 824 95 28 betydlig
404 824 49 22 mån
468 824 107 27 förfeladt,
596 824 7 22 i
618 826 22 26 ty
656 826 33 20 att
704 830 26 15 en
746 823 52 27 dryg

41 859 140 27 beskattning
196 858 131 22 fortfarande
343 859 85 21 komme
444 861 33 19 att
493 859 63 22 träffa
572 860 27 21 de
610 858 108 26 sterbhus,
726 856 72 23 hvilka

41 900 51 16 vore
115 897 95 23 tvungna
232 895 33 20 att
284 893 33 22 för
332 893 156 22 ofvannämnda
504 893 154 27 förrättningar
672 892 66 22 anlita
753 897 45 15 ma-

41 928 200 28 gistratspersoner,
257 928 68 21 under
341 928 36 21 det
392 934 26 15 en
434 934 71 16 annan
521 928 35 21 del
573 928 99 21 sterbhus
683 925 115 23 framdeles

39 963 92 21 likasom
153 962 108 22 härintills
283 962 86 22 komme
391 964 33 20 att
445 962 48 22 från
509 962 70 22 denna
593 962 140 26 beskattning
748 966 52 16 vara

40 997 103 22 befriade.

109 1032 10 21 I
143 1031 40 22 den
199 1031 79 27 nådiga
291 1031 163 28 propositionen
471 1033 25 20 är
510 1031 6 21 i
532 1031 120 22 motiverna
667 1031 33 21 till
714 1029 85 22 författ-

41 1065 168 28 ningsförslaget
225 1066 41 21 den
282 1065 116 28 grundsats
414 1066 90 26 uttalad,
521 1067 33 20 att
569 1065 89 22 arvodet
672 1065 33 22 för
712 1071 30 14 nu
750 1063 50 22 ifrå-

43 1100 122 27 gavarande
188 1100 155 27 förrättningar
358 1100 66 21 borde
442 1117 9 10 ,
455 1102 77 25 utgöra
548 1101 77 20 endast
640 1106 26 15 en
682 1099 70 26 skälig
767 1104 33 15 er-

42 1135 96 26 sättning
160 1134 34 22 för
209 1135 38 22 det
263 1135 12 21 å
291 1135 47 22 dem
354 1135 50 22 med
418 1135 67 27 insigt
499 1135 108 27 nedlagda
622 1135 105 21 arbetet".
758 1133 43 21 Det

42 1171 23 20 är
80 1169 34 22 väl
130 1171 55 24 sant,
203 1171 32 20 att
251 1169 70 22 denna
333 1170 117 26 grundsats
465 1169 50 22 med
532 1169 41 22 den
587 1169 121 27 föreslagna
724 1167 76 22 anord-

41 1203 79 27 ningen
136 1205 32 20 att
183 1203 90 22 arvodet
287 1203 68 22 borde
371 1204 107 21 beräknas
495 1203 55 22 efter
559 1204 44 21 viss
611 1202 121 29 procent
709 1198 22 37 af
738 1202 62 21 boets

41 1238 131 27 behållning,
189 1238 122 22 oberoende
327 1237 22 22 af
364 1238 37 21 det
415 1238 56 22 mått
487 1238 23 22 af
522 1239 81 26 arbete,
619 1244 46 15 som
676 1236 125 23 förrättnin-

42 1278 41 21 gen
98 1273 8 20 i
122 1273 36 20 det
173 1273 107 21 särskilda
295 1272 61 22 fallet
371 1272 63 27 kräft,
452 1273 18 27 ej
487 1273 72 22 kunde
576 1279 39 21 ega
626 1273 32 21 sin
666 1270 136 28 tillämpning

42 1307 49 21 med
114 1307 123 22 hänseende
259 1307 32 21 till
314 1307 74 28 hvarje
412 1307 104 22 särskildt
537 1307 43 22 fall.
610 1307 44 22 Det
668 1309 25 20 är
708 1306 94 22 tvärtom

42 1341 122 26 uppenbart
188 1343 33 20 att
241 1341 75 22 härvid
331 1342 43 21 kan
390 1341 56 22 afses
468 1343 78 20 endast
562 1342 37 21 det
613 1342 55 21 mått
683 1341 23 22 af
719 1340 82 25 arbete,

43 1381 46 16 som
107 1376 56 21 slika
171 1375 155 28 förrättningar
342 1376 55 22 efter
411 1377 191 26 medelberäkning
618 1376 102 22 erfordra.
736 1370 10 39 I
742 1374 61 21 alla

42 1409 116 22 händelser
181 1410 40 21 har
241 1411 41 21 den
297 1410 80 27 nådiga
392 1411 163 27 propositionen
571 1411 79 21 uttalat
665 1411 49 25 den,
730 1409 73 21 såsom

112 1449 140 22 Lagutskottets
265 1449 117 18 betänkande
391 1450 36 18 N:o
440 1450 15 18 5.
