1034 1617
327 101 22 23 U.
365 102 22 22 B.
404 112 29 6 —
450 102 59 28 Prop.
527 102 37 22 N:o
581 101 29 23 16.
808 102 11 19 7

88 160 120 20 motsvarar
223 161 32 19 ett
269 159 102 27 naturligt
387 158 71 27 behof,
476 159 40 21 och
532 165 50 15 anse
599 159 35 21 det
650 158 32 22 för
697 160 31 20 ett
742 158 107 26 framsteg,

89 194 33 20 att
140 193 58 21 detta
214 193 65 22 behof
291 192 163 22 tillfredsställes
472 199 76 20 genom
564 193 58 20 inom
637 193 73 21 landet
725 191 124 22 tillverkade

90 227 96 27 drycker,
212 227 81 22 hvilkas
317 227 192 27 tillverkningssätt
535 227 40 22 och
596 227 167 25 beständsdelar,
779 226 71 21 kunna

89 261 149 27 kontrolleras,
254 261 7 21 i
276 261 71 22 stället
362 261 33 22 för
409 261 47 22 frän
473 261 97 22 utlandet
585 261 90 26 införda,
690 261 65 21 oftast
765 259 32 22 för
807 259 43 22 hel-

89 301 38 16 san
142 295 97 28 skadliga
255 295 37 22 och
308 295 32 22 till
355 296 32 21 sin
399 296 191 26 sammansättning
602 295 183 22 okontrollerbara
795 294 55 27 njut-

88 330 139 27 ningsmedel.
257 330 43 21 Det
318 330 41 21 kan
383 329 84 30 derföre
490 330 46 21 icke
560 330 71 27 undgä
653 332 32 19 att
707 329 7 21 i
737 329 40 21 viss
801 329 47 21 män

89 364 67 21 väcka
171 364 116 27 förvåning,
310 366 32 19 att
357 365 36 20 det
408 364 100 27 bäjerska
524 364 49 27 ölet,
597 364 57 21 inom
670 364 72 21 trettio
758 364 24 21 är
797 363 53 21 efter

90 399 47 20 dess
152 398 110 22 införande
284 399 7 20 i
313 399 96 26 Finland,
433 398 76 22 hunnit
534 401 45 19 mot
602 398 32 27 sig
658 398 109 27 uppväcka
786 404 25 15 en
827 398 22 21 sä

89 432 99 22 bestämd
212 433 93 26 opinion,
328 439 45 15 som
398 433 7 20 i
429 433 74 26 sjelfva
528 433 74 21 verket
626 432 118 22 förefinnes.
775 432 75 22 Denna

90 467 86 26 opinion
191 467 40 21 har
248 467 37 21 sitt
309 467 147 27 berättigande
483 467 133 27 derutinnan,
640 469 32 20 att
695 467 36 22 det
753 466 97 27 bäjerska

89 501 49 27 ölet,
156 502 23 21 sä
194 501 62 27 länge
272 501 36 22 det
323 501 91 28 brygges
429 502 24 21 sä
470 502 70 21 starkt
554 508 46 15 som
616 502 36 21 det
666 502 39 21 hos
721 508 34 15 oss
768 501 83 27 vanliga

90 535 132 27 fabriksölet,
241 538 25 19 är
281 542 25 15 en
321 536 109 27 rusdryck,
458 536 63 22 hvars
536 536 124 22 förtärande
678 536 128 21 frammanar
821 537 30 20 ett

88 569 72 28 begär,
184 577 45 15 som
245 573 60 24 tager
320 571 7 20 i
341 571 92 26 anspräk
456 577 27 15 en
505 571 101 21 moralisk
630 570 174 23 motständskraft
818 569 33 22 för

88 606 33 20 att
144 605 17 26 ej
185 605 27 26 gå
234 605 32 21 till
289 605 138 26 omättlighet.
459 605 43 21 Det
528 605 90 21 sålunda
638 605 146 27 gvalificerade
807 605 43 20 ölet

88 638 165 22 tillfredsställer
267 639 17 27 ej
301 639 36 21 det
361 638 66 22 behof
447 638 24 22 af
494 646 26 15 en
543 640 40 20 lätt
606 640 125 27 maltdryck,
747 644 46 16 som
808 638 42 21 kan

88 679 62 15 anses
166 673 182 21 kulturhistoriskt
363 673 102 27 bevisadt,
489 676 51 19 utan
565 674 123 21 framkallar
711 674 7 20 i
733 672 72 22 stället
820 674 31 20 ett

88 709 48 26 nytt
150 707 110 22 konstladt
274 707 69 26 behof,
366 707 81 22 hvilket
471 708 40 22 har
526 714 80 16 samma
622 708 109 22 moraliskt
747 707 39 22 och
802 706 49 22 eko-

88 741 94 22 nomiskt
206 742 103 27 olyckliga
325 742 75 26 följder
425 748 46 15 som
497 742 210 28 bränvinssupandet.
745 742 42 21 Det
811 741 39 21 hos

88 782 35 15 oss
142 776 125 22 tillverkade
285 776 124 22 fabriksölet
425 778 24 20 är
465 776 33 22 för
513 776 65 28 öfrigt
593 777 18 27 ej
628 776 81 22 mindre
725 782 75 22 genom
819 776 31 21 sin

89 810 82 28 dyrhet,
188 813 27 19 än
226 817 76 21 genom
317 810 32 22 sin
367 811 80 27 styrka,
464 810 110 28 olämpligt
589 812 69 22 säsom
674 811 116 27 folkdryck,
812 810 39 22 och

88 844 7 22 i
110 844 176 28 landsbygderna,
311 845 37 21 der
363 851 76 15 varans
462 846 43 26 pris
531 846 123 22 fördubblas
680 846 38 22 hos
743 844 108 23 minutför-

88 878 111 28 säljarene,
218 881 24 19 är
257 879 44 27 det]
317 878 82 22 derföre
415 886 60 15 mera
491 882 32 20 att
546 880 98 22 betrakta
666 887 45 15 som
737 886 26 15 en
786 878 65 22 öfver-

87 913 130 22 flödsartikel
233 916 27 19 än
275 915 32 20 ett
330 913 87 22 föremål
442 913 35 22 för
499 914 71 28 daglig
591 915 142 21 konsumtion.
764 914 40 21 Vid
820 914 32 21 sä-

88 948 52 21 dant
154 947 131 23 förhällande
300 948 67 21 mäste
391 954 50 16 man
457 948 112 28 medgifva,
585 951 32 19 att
632 949 40 21 den
693 948 63 28 ovilja
771 950 24 20 är
817 948 36 22 be-

88 982 100 26 rättigad,
211 982 101 22 hvarmed
335 982 217 23 landskommunerna
576 983 99 22 betrakta
697 983 156 26 ölförsäjnings-

88 1015 96 28 ställena,
208 1018 23 25 ty
246 1017 41 20 den
302 1017 45 21 icke
362 1017 61 27 ringa
439 1017 34 21 del
489 1017 23 22 af
524 1018 33 21 sin
572 1017 176 28 arbetsförtjenst,
764 1017 41 22 den
820 1017 33 21 för

88 1050 67 27 dagen
174 1050 96 22 lefvande
285 1050 156 28 befolkningen,
467 1052 152 27 eftergifvande
634 1052 32 21 för
683 1052 98 27 begärets
799 1057 54 16 vana

88 1083 52 23 eller
155 1084 156 28 utsväfningens
327 1085 107 27 öfverdäd,
451 1085 67 23 offrar
527 1087 27 26 pä
565 1086 114 27 desamma,
694 1088 117 20 motsvaras
823 1085 30 22 of-

88 1120 45 19 tast
148 1118 23 22 af
185 1119 143 22 umbäranden
345 1119 32 22 för
392 1119 78 22 hustru
487 1120 38 22 och
541 1120 53 22 barn
610 1120 51 22 eller
676 1121 87 27 utgifter
772 1120 33 22 för
814 1120 39 22 fat-

88 1152 118 27 tigvärden.

158 1187 11 21 I
184 1187 141 22 betraktande
351 1187 22 22 af
391 1189 37 21 det
443 1189 93 22 anförda
551 1189 39 22 har
612 1189 105 22 utskottet
732 1189 46 22 icke
801 1189 52 21 kun-

92 1224 38 18 nat
144 1221 71 27 undgå
231 1223 32 20 att
277 1222 114 27 godkänna
407 1223 40 21 den
465 1223 79 28 nådiga
559 1224 170 27 propositionens
745 1223 60 28 syfte,
821 1225 32 20 att

88 1257 52 25 göra
155 1255 150 28 försäljningen
322 1256 39 21 och
376 1257 175 27 utskänkningen
566 1257 22 22 af
604 1258 143 27 maltdrycker
757 1257 32 22 till
799 1257 54 22 före-

88 1289 43 22 mål
146 1289 33 22 för
194 1296 26 15 en
235 1290 90 21 särskild
340 1290 141 29 lagstiftning.
514 1292 57 21 Från
594 1292 26 22 de
641 1291 126 23 hämmande
789 1291 62 27 band,

88 1323 72 22 hvilka
175 1323 97 28 betingas
287 1325 23 21 af
323 1325 54 22 ölets
394 1325 41 22 och
451 1328 100 25 porterns
566 1327 106 27 egenskap
683 1327 22 22 af
719 1326 132 27 rusdrycker,

88 1357 40 22 har
154 1358 103 22 utskottet
280 1359 54 21 dock
356 1361 71 20 ansett
451 1360 34 27 sig
505 1360 53 22 böra
580 1361 121 27 undantaga
725 1360 128 27 hembrygdt

88 1392 132 26 svagdricka,
243 1393 88 21 emedan
355 1393 60 21 detta
439 1395 29 26 på
493 1395 77 26 många
593 1395 119 21 landsorter
734 1396 63 24 utgör
822 1396 31 20 ett

88 1425 153 28 oundgängligt
255 1426 66 22 behof
340 1427 33 21 för
389 1427 41 22 den
446 1428 121 22 arbetande
589 1428 156 28 befolkningen,
768 1428 85 22 hvilken

158 1465 192 19 Ekonomiutskottets
363 1466 120 19 betänkande
497 1468 35 18 N:o
546 1468 16 18 3.
