1025 1617
277 89 73 23 Ständ
368 90 38 22 Sv.
422 102 27 4 —
465 90 72 28 Prop.
551 90 41 23 N:o
606 90 37 22 10.

358 356 130 26 Finlands
513 357 138 25 Ständers
672 357 168 27 underdåni-

289 403 33 24 ga
339 403 67 18 svar
424 397 7 24 i
450 397 118 31 anledning
590 398 26 23 af
632 397 57 25 Hans
708 398 131 31 Kejserliga

289 436 118 32 Majestäts
426 435 81 32 nådiga
524 437 145 32 proposition,
680 436 114 33 angående
810 445 27 17 en

290 477 131 31 förordning
449 483 34 18 om
506 478 83 29 vägars
613 477 40 24 och
679 477 81 25 broars
784 477 55 31 byg-

289 517 71 31 gande
379 516 39 25 och
437 515 115 26 underhåll
570 515 14 26 å
601 517 84 25 landet.

116 577 243 28 Stormäktigste,
374 577 229 28 Allernådigste
619 578 124 28 Kejsare
759 564 59 36 och

377 617 178 22 Storfurste!

152 669 36 21 Uti
201 669 66 27 nådig
277 669 136 27 proposition
422 669 40 22 har
476 669 78 22 Hans
569 669 173 28 Kejserliga
756 669 87 27 Maje-

82 703 62 22 stät
159 703 23 21 åt
196 703 86 21 landets
303 703 37 22 vid
354 703 145 22 1877—1878
522 704 36 21 års
580 703 106 28 landtdag
707 703 134 22 församlade

82 737 95 22 Ständer
197 737 34 22 till
253 738 124 27 antagande
400 737 142 23 öfverlemnat
563 737 81 28 förslag
664 738 33 21 till
712 737 130 27 förordning

84 772 113 27 angående
212 773 78 26 vägars
305 772 41 21 och
361 771 76 22 broars
452 772 114 27 byggande
581 772 40 21 och
636 771 114 22 underhåll
766 771 14 22 å
794 771 47 21 lan-

84 807 37 20 det
136 808 56 19 samt
206 806 71 22 tillika
298 806 126 21 förbehållit
440 807 37 26 Sig
492 809 40 23 att,
547 806 134 22 beträffande
696 807 28 20 de
738 806 8 21 i
761 805 81 28 lagför-

84 840 70 27 slaget
169 841 90 27 intagna
273 840 137 22 föreskrifter
426 847 34 15 om
476 841 101 27 tillsynen
588 841 59 21 öfver
657 839 184 24 vidmakthållan-

84 875 38 21 det
136 875 25 21 af
173 876 66 26 vägar
259 875 40 21 och
321 875 71 26 broar,
416 875 111 22 äfvensom
541 875 8 21 i
565 875 101 22 afseende
681 876 13 20 å
710 875 69 22 andra
795 873 48 22 deri

82 909 109 27 ingående
206 910 135 26 stadganden
358 909 24 22 af
397 909 160 22 administrativ
575 909 157 26 beskaffenhet,
748 908 94 21 framde-

82 943 32 22 les
129 944 54 26 göra
197 944 27 21 de
239 943 119 28 ändringar
380 943 40 22 och
444 943 81 28 tillägg,
547 943 74 22 hvilka
643 943 73 22 kunde
737 942 68 23 blifva
821 941 28 22 af

83 977 102 22 behofvet
207 977 122 28 påkallade.
365 977 33 22 Då
422 979 36 20 det
481 977 120 22 emellertid
623 980 72 25 syntes
719 977 125 21 Ständerna

84 1011 120 28 olämpligt,
219 1013 34 20 att
268 1018 27 15 en
309 1011 134 28 förordning,
459 1012 61 22 hvari
541 1012 88 27 inginge
647 1012 143 27 stadganden,
807 1017 35 15 om

82 1046 76 22 hvilka
173 1047 122 21 Ständerna
310 1048 54 26 egde
380 1047 178 27 grundlagsenlig
568 1048 44 20 rätt
626 1048 33 20 att
669 1046 92 25 besluta,
773 1045 71 21 skulle

84 1080 67 23 delvis
166 1081 75 22 kunna
256 1082 80 21 ändras
352 1081 24 22 af
390 1082 42 21 den
448 1088 42 15 ena
505 1080 144 22 statsmakten
665 1081 77 25 allena,
758 1079 85 28 yrkade

84 1114 129 27 Ständerna,
226 1115 68 28 jemte
310 1117 36 20 det
362 1117 26 20 de
405 1116 50 21 med
466 1115 107 22 särskilda
583 1115 119 27 ändringar
712 1116 80 25 antogo
805 1113 41 21 det.

83 1149 49 21 dem
147 1149 112 28 förelagda
280 1149 112 28 förslaget,
408 1150 29 27 på
452 1149 105 28 rättighet
572 1151 40 24 att,
632 1149 3 21 i
650 1148 104 22 händelse
769 1148 76 27 någon

83 1183 93 27 ändring
190 1184 9 20 i
213 1185 43 20 den
270 1184 110 22 blifvande
396 1183 156 27 förordningen
562 1183 105 22 befunnes
678 1183 73 26 nödig,
762 1182 23 21 få
797 1183 48 20 der-

83 1225 36 15 om
129 1218 8 20 i
146 1218 177 27 grundlagsenlig
333 1219 41 26 väg
386 1218 91 22 besluta.
509 1218 77 20 Hans
601 1216 177 29 Kejserliga
793 1215 52 22 Ma-

80 1252 96 28 jestät
196 1252 40 21 har
251 1252 67 22 likväl
330 1252 48 21 icke
393 1252 59 21 velat
467 1252 118 28 godkänna
600 1252 61 21 detta
675 1251 76 25 vilkor,
766 1250 9 21 i
789 1250 57 27 följd

82 1286 80 22 hvaraf
175 1287 42 21 den
232 1286 81 28 nådiga
323 1286 165 28 propositionen
503 1286 42 21 fått
559 1286 94 21 förfalla.
678 1286 44 21 För
732 1286 33 20 att
777 1283 70 22 likväl

82 1320 129 28 möjliggöra
226 1327 27 15 en
269 1320 25 22 af
301 1320 103 22 behofvet
414 1320 105 28 påkallad
529 1320 126 27 förändring
662 1320 8 20 i
677 1318 169 28 lagstiftningen

82 1354 33 21 uti
131 1356 74 20 ämnet
219 1354 42 22 och
275 1354 72 22 tillika
362 1354 98 28 aflägsna
473 1355 42 21 den
526 1354 24 21 af
559 1354 121 22 Ständerna
690 1352 99 28 antydda
800 1351 45 22 olä-

82 1388 116 27 genheten,
214 1390 33 20 att
263 1396 27 14 en
301 1388 262 28 lagstiftningshandling,
575 1395 45 14 som
631 1387 125 22 tillkommit
766 1392 81 21 genom

82 1422 135 22 Ständernas
236 1422 140 27 medverkan,
396 1422 71 22 skulle
489 1422 75 22 kunna
586 1423 97 27 undergä
706 1420 94 28 ändring
818 1425 31 23 pä
