1031 1623
238 116 15 20 4
399 117 81 24 Ständ.
496 119 37 23 Sv.
550 132 25 2 —
592 120 71 27 Prop.
678 120 41 22 N:o
733 119 33 22 12.

277 179 31 21 På
321 182 70 24 grund
405 182 25 21 af
443 183 36 21 det
495 182 92 22 anförda
596 182 65 23 hafva
671 182 157 28 Ridderskapet
839 183 40 21 och
888 183 68 21 Adeln

208 215 56 19 samt
279 214 158 24 Presteståndet
452 216 58 23 velat
525 217 8 21 i
547 217 172 28 underdånighet
733 217 114 22 framhålla

471 275 133 27 beträffande
625 276 30 27 $$
677 277 15 20 2
711 275 37 21 och
763 277 20 23 6,
799 278 34 18 att
848 276 107 21 desamma

411 308 64 22 borde
484 309 89 28 bringas
582 310 8 20 i
598 310 217 27 öfverensstämmelse
822 311 47 20 med
876 310 78 28 Kongl.

409 344 179 28 cirkulärbrefvet
603 345 8 20 i
627 346 68 20 ämnet
717 344 28 26 af
756 345 41 20 den
813 346 30 20 27
859 344 95 28 Septem-

412 378 35 21 ber
463 380 62 24 1804,
541 380 56 20 samt

467 413 96 21 rörande
585 414 14 27 $
615 415 33 24 10,
672 416 33 18 att
728 414 41 20 den
789 413 38 21 der
849 414 105 27 ingående

411 447 160 28 bestämningen
587 455 32 14 om
635 450 98 25 torpares
749 450 45 19 rätt
809 449 13 19 å
833 448 121 28 skatteköpt

411 482 166 21 kronohemman
597 483 125 26 visserligen
738 485 60 26 synts
813 489 53 14 vara
882 483 29 26 af
922 482 30 21 be-

410 517 73 27 hofvet
508 517 111 28 högeligen
640 517 115 28 påkallad,
777 524 47 14 men
847 520 32 18 att
902 517 51 21 den-

409 559 88 18 samma,
520 552 71 21 såsom
615 551 118 21 berörande
755 559 26 13 en
803 551 82 21 allmän
907 552 45 27 lag-

403 585 78 28 fråga,
504 586 61 21 torde
587 586 52 21 böra
662 586 67 27 blifva
742 585 97 28 föremål
849 585 42 28 för
906 587 46 26 lag-

407 621 106 27 stiftning
529 621 8 20 i
552 621 41 20 den
616 621 100 27 ordning,
739 621 30 21 42
787 621 16 26 $
824 620 128 28 Regerings-

403 654 89 27 formen
502 655 157 27 föreskrifver
651 650 12 36 ;

203 703 109 23 äfvensom
328 705 7 20 i
350 705 64 28 öfrigt
429 706 115 28 tillstyrka,

463 755 32 19 att
510 753 41 21 den
565 753 144 27 förordning,
731 752 112 28 angående
865 752 85 21 åborätt

406 787 35 21 till
455 787 173 26 kronohemman,
637 787 116 27 hvaröfver
766 787 133 20 Ständernas
908 789 42 26 ytt-

405 822 68 20 rande
487 822 81 25 äskats,
583 822 48 20 med
647 822 25 20 de
678 821 171 27 förändringar,
861 821 89 21 hvartill

400 856 141 26 förestående
557 856 175 27 anmärkningar
740 855 74 21 kunna
820 854 129 28 föranleda,

405 890 66 25 blefve
486 890 114 27 utfärdad.

266 941 44 21 Hos
333 941 101 28 Borgare-
457 942 40 21 och
512 942 168 21 Bondestånden
695 941 40 22 har
751 942 95 21 deremot
861 941 66 28 tagits
943 941 7 22 i

196 974 150 28 betraktande,
369 976 102 21 hurusom
493 977 31 20 uti
539 977 13 20 6
568 978 10 25 $
594 976 25 21 af
639 976 76 27 Kongl.
738 976 152 27 förordningen
907 977 41 21 den

196 1009 26 21 21
238 1009 105 22 Februari
358 1011 62 25 1789,
435 1010 94 27 hvilken,
545 1011 69 27 enligt
623 1011 69 27 tredje
703 1010 98 28 punkten
812 1011 7 20 i
830 1010 118 28 Förenings

196 1044 40 21 och
250 1044 191 27 Säkerhetsakten,
458 1045 96 28 åtnjuter
569 1052 82 14 samma
666 1045 71 28 helgd,
753 1052 46 14 som
807 1052 34 14 om
852 1045 96 21 densam-

195 1085 35 14 ma
245 1078 71 22 blifvit
330 1079 73 22 införd
417 1080 7 21 i
439 1080 123 27 åberopade
582 1080 113 27 grundlag,
712 1079 66 22 åboer
793 1080 12 21 å
820 1079 127 22 kronohem-

194 1120 51 15 man
260 1113 159 27 tillförsäkrats,
435 1117 33 19 att
483 1115 24 20 så
521 1115 63 27 länge
599 1115 27 21 de
641 1115 32 21 till
689 1114 40 21 hus
745 1114 40 21 och
797 1114 51 27 jord
863 1113 34 22 väl
907 1113 40 22 och

192 1147 143 28 försvarligen
357 1149 93 22 häfdade
475 1149 47 22 sina
544 1149 97 21 åboende
659 1149 108 24 hemman,
787 1149 27 20 de
829 1147 41 22 och
884 1149 63 20 deras

192 1181 54 22 barn
262 1182 70 22 skulle
348 1184 52 21 derå
415 1183 84 22 odrifne
514 1184 51 21 sitta
579 1191 51 14 man
645 1183 55 22 efter
715 1190 50 14 man
781 1183 33 21 uti
829 1182 52 21 then
897 1183 49 21 ord-

191 1217 59 27 ning,
266 1224 45 14 som
329 1218 57 21 varit
403 1218 102 22 särskildt
523 1219 97 27 stadgad.
651 1218 48 21 Den
718 1217 103 22 särskildt
841 1217 104 28 stadgade

190 1251 99 28 ordning,
307 1252 33 21 uti
357 1252 88 22 hvilken
463 1253 36 22 vid
515 1253 60 21 tiden
594 1253 34 21 för
647 1253 95 21 nämnde
759 1251 138 28 förordnings
911 1253 33 19 ut-

187 1285 107 22 färdande
317 1286 202 29 besittningsrätten
535 1287 34 22 till
584 1287 171 22 kronohemman
771 1286 110 27 öfvergick
896 1286 48 21 från

189 1319 81 23 afliden
285 1320 41 22 åbo
342 1321 33 21 till
390 1322 55 21 hans
468 1322 59 27 barn,
543 1322 69 21 finnes
627 1321 102 28 angifven
744 1321 8 21 i
767 1321 76 28 Kongl.
860 1320 84 22 brefvet

188 1355 42 20 den
245 1356 29 20 26
288 1355 62 28 April
369 1356 56 21 1775
445 1357 34 21 till
493 1357 72 27 Krigs-
581 1356 40 22 och
636 1355 245 27 Kammarkollegierna,
897 1362 46 14 som

188 1388 129 27 innehåller,
334 1392 32 19 att
381 1397 27 14 en
427 1392 44 20 död
488 1391 80 22 blifven
583 1390 51 22 åbos
649 1390 70 22 äldste
736 1397 38 14 son
789 1390 84 21 tillkom
888 1389 54 22 före-

186 1424 118 21 trädesrätt
320 1426 33 20 att
367 1424 68 24 blifva
450 1426 53 22 värd
519 1426 28 28 på
562 1426 129 25 hemmanet,
708 1432 35 14 om
757 1425 44 21 han
812 1424 94 22 derifrån
919 1426 21 26 ej

186 1457 59 22 förut
264 1459 30 28 på
312 1462 68 19 annat
398 1462 43 20 sätt
462 1460 69 22 blifvit
546 1460 56 23 skild
617 1460 40 22 och
671 1460 29 22 då
715 1460 39 21 hos
769 1459 80 21 honom
864 1458 77 23 funnes
