1036 1617
323 104 22 23 U.
361 103 23 24 B.
400 115 30 6 —
446 104 58 28 Prop.
521 103 37 23 N:o
575 103 28 23 16.
792 105 28 21 25

91 162 111 22 öfverdrift
225 162 39 22 och
286 162 106 21 missbruk
416 162 99 27 stegrade
539 161 125 28 tilltagande
685 163 54 20 samt
762 162 86 21 dermed

90 197 88 21 förenad
202 197 137 26 sedeslöshet,
362 196 107 22 äfvensom
492 197 163 21 kommunernas
678 196 108 21 bestämdt
808 196 40 21 och

91 233 77 19 nästan
183 231 103 27 enhälligt
300 231 94 21 uttalade
413 231 97 27 motvilja
532 232 57 20 emot
612 230 180 27 ölförsäljningars
818 231 30 20 in-

91 266 99 20 rättande
205 266 57 20 inom
278 266 45 20 sina
338 265 107 27 områden,
472 272 61 20 synes
549 266 36 20 det
600 265 49 27 mig,
666 267 32 19 att
713 271 49 15 man
783 265 66 21 borde

91 300 125 27 respektera
231 300 61 21 dessa
302 294 162 28 kommunernas
475 300 88 21 sålunda
577 300 94 26 tydligen
681 300 95 21 uttalade
788 300 61 20 önsk-

92 336 77 26 ningar
184 334 86 28 derhän,
288 336 31 20 att
333 335 13 21 å
361 335 48 21 dem
424 334 74 27 sjelfva
513 334 6 21 i
535 334 72 27 hvarje
622 334 38 21 fall
675 334 55 27 finge
745 334 50 21 bero
807 340 41 20 om,

93 370 41 21 och
149 370 7 20 i
171 370 56 21 hvad
245 376 56 20 mon,
327 370 25 20 de
375 369 51 27 vilja
448 369 66 21 sådan
536 369 179 27 försäljningsrätt
736 368 112 28 medgifva.

97 405 32 20 De
150 404 28 27 på
202 403 144 28 landsbygden
371 403 22 22 af
414 403 148 28 bryggerierne
587 403 105 21 härintills
715 403 134 27 temmeligen

94 440 43 20 tätt
152 438 106 22 inrättade
274 438 231 27 ölförsäljningsställen
520 438 63 21 hafva
603 437 45 22 ofta
672 444 42 21 nog
738 438 54 21 visat
818 438 32 26 sig

94 473 72 21 kunna
188 475 81 20 ersätta
290 473 184 27 bränvinskrogar,
498 473 39 21 och
561 473 130 26 rättigheten
715 473 33 20 till
772 473 78 20 minut-

93 507 124 28 försäljning
232 508 36 21 vid
283 508 117 27 ölbryggeri
415 508 28 27 pä
457 508 72 21 landet
539 507 48 27 kan.
603 508 7 21 i
621 508 42 21 viss
673 514 55 20 mon,
744 507 105 21 likställas

93 543 49 21 med
157 542 41 21 slik
213 542 102 27 rättighet
330 543 35 20 vid
380 544 31 19 ett
426 543 210 26 bränvinsbränneri;
660 543 47 20 med
723 542 41 21 den
786 542 7 21 i
808 541 42 27 hög

95 577 53 27 grad
162 577 126 27 bristfälliga
303 577 59 26 polis,
378 577 213 21 landskommunerne
606 577 63 21 hafva
684 578 32 20 att
726 576 66 27 tillgä,
808 576 42 21 kan

95 612 65 21 sådan
176 611 102 28 rättighet
300 611 39 22 lätt
361 613 73 20 urarta
457 612 33 21 till
513 611 149 28 utskänkning,
685 611 39 22 och
748 611 102 27 följderne

95 646 62 21 deraf
165 646 69 21 blefve
249 646 62 27 högst
321 645 182 28 beklagansvärda
513 646 39 21 och
560 646 97 27 sorgliga.
683 647 31 20 Pä
728 647 62 20 dessa
804 645 47 22 skäl

95 681 68 21 mäste
176 681 37 27 jag
232 681 64 27 ogilla
318 681 115 21 utskottets
456 687 29 15 nu
507 681 93 27 antydda
622 681 78 27 förslag
719 680 132 22 beträffande

97 715 245 28 bryggeriinnehafvares
357 715 28 28 pä
399 715 73 22 landet
487 715 179 28 försäljningsrätt
681 715 23 22 af
717 715 21 22 öl
753 715 40 22 och
803 721 49 20 por-

96 752 39 26 ter,
152 751 39 22 och
207 751 95 21 deremot
316 751 108 21 vördsamt
439 751 107 27 tillstyrka
561 751 129 27 antagandet
710 751 22 21 af
752 751 41 21 den
815 749 37 22 nä-

99 785 48 28 diga
162 785 169 28 propositionens
346 785 148 22 bestämmelse
510 786 7 21 i
533 786 68 21 denna
616 786 40 21 del.

167 820 51 22 Med
238 819 97 23 afseende
351 821 13 20 ä
379 820 26 22 de
420 819 129 28 oordningar
564 820 40 22 och
619 820 111 27 missbruk,
746 826 46 15 som
808 819 44 22 ofta

98 861 41 22 nog
158 855 141 27 förekommit,
315 855 37 22 der
367 855 143 28 maltärycker
524 855 7 21 i
547 855 136 22 landthandel
699 854 32 22 till
746 854 47 22 salu
808 853 44 22 häl-

97 890 42 25 lits,
164 889 40 22 har
228 889 41 22 den
294 889 64 22 redan
383 890 134 27 omnämnda,
537 889 22 22 af
573 889 117 28 Kejserliga
705 889 91 22 Senaten
812 887 41 22 till-

97 925 57 20 satta
178 924 95 21 komitön
295 924 7 21 i
316 924 37 21 sitt
371 923 79 28 förslag
465 924 124 27 undantagit
604 923 180 23 landthandlande
799 922 54 22 ifrån

98 958 128 27 rättigheten
250 960 31 20 att
296 959 84 21 komma
395 958 7 21 i
417 959 124 27 ätnjutande
557 959 22 21 af
593 959 95 22 tillständ
703 958 32 21 till
751 957 103 27 ölförsälj-

98 993 51 27 ning
173 994 28 26 pä
226 993 78 26 landet,
331 993 38 21 och
394 993 119 27 stadgande
528 993 73 22 härom
617 993 60 28 ingär
692 993 6 21 i
714 993 41 21 den
771 991 83 27 Nädiga

99 1027 170 28 propositionens
295 1028 12 21 6
323 1027 17 28 8.
370 1027 123 23 Utskottets
517 1028 109 27 pluralitet
640 1028 39 21 har
694 1027 61 27 dock,
778 1027 7 20 i
800 1025 54 23 strid

99 1061 97 27 härmed,
219 1061 110 22 tillerkänt
353 1062 180 22 landthandlande
558 1062 159 27 ifrägavarande
745 1061 108 27 rättighet.

98 1097 33 21 Då
151 1098 31 20 ett
206 1097 77 21 sådant
307 1097 151 27 medgifvande,
484 1098 70 21 såsom
569 1097 146 22 erfarenheten
730 1096 66 22 redan
812 1095 44 21 ofta

99 1130 59 27 gifvit
173 1131 35 21 vid
224 1131 89 27 handen,
341 1131 6 21 i
363 1131 26 22 de
404 1131 61 22 flesta
480 1131 36 22 fall
531 1131 58 22 leder
603 1131 33 22 till
651 1130 148 27 utskänkning,
816 1129 40 22 och

99 1165 26 21 dä
150 1165 205 27 polisöfvervakning
376 1165 7 21 i
406 1166 60 21 detta
482 1165 97 23 afseende
594 1165 112 28 omöjligen
721 1165 43 22 kan
786 1164 70 22 ästad-

99 1199 96 22 kommas
212 1199 7 21 i
234 1207 26 14 en
275 1200 168 27 landskommun,
469 1201 23 21 sä
507 1200 42 22 kan
561 1201 38 26 jag
613 1200 46 22 icke
674 1200 86 22 biträda
774 1199 83 21 utskot-

99 1235 43 20 tets
157 1233 85 28 förslag,
258 1235 50 21 utan
324 1235 67 21 mäste
407 1234 124 28 obetingadt
546 1234 84 22 ansluta
645 1234 42 28 mig
701 1234 39 27 till,
757 1233 39 22 och
815 1232 42 22 för-

100 1268 52 21 orda
174 1268 129 27 antagandet
318 1268 22 22 af
353 1268 40 22 den
408 1268 84 28 Nädiga
506 1269 169 27 propositionens
686 1268 149 22 bestämmelse
850 1267 7 21 i

101 1302 68 22 denna
185 1302 39 22 del.
258 1302 10 22 I
283 1302 50 28 följd
348 1303 62 21 häraf
423 1304 69 21 måste
504 1304 37 26 jag
557 1303 60 22 äfven
631 1303 109 22 vördsamt
750 1302 107 28 tillstyrka

101 1337 129 27 antagandet
250 1337 22 21 af
286 1338 41 26 det,
346 1337 3 21 i
366 1338 40 21 den
421 1338 84 26 Nådiga
519 1338 169 27 propositionens
704 1339 12 20 7
732 1337 14 28 &
762 1337 94 27 intagna,

101 1370 117 27 stadgande
244 1372 77 26 derom,
348 1373 32 20 att
395 1371 145 28 ölförsäljning
555 1373 27 27 pä
597 1372 72 22 landet
683 1372 7 21 i
706 1371 116 22 allmänhet
838 1371 17 26 cj

100 1405 35 20 må
150 1404 60 22 idkas
225 1405 7 21 i
248 1405 102 22 närheten
365 1406 22 21 af
401 1406 144 27 landthandel,
561 1406 80 22 hvilket
657 1406 117 27 stadgande
790 1405 22 21 af
826 1406 32 20 ut-

101 1438 91 22 skottets
207 1439 109 27 pluralitet
329 1439 67 23 blifvit
411 1440 139 22 underkändt.

169 1478 191 19 Ekonomiutskottets
373 1480 117 18 betänkande
502 1481 37 18 N:o
553 1480 16 18 3.
