1031 1620
443 101 35 22 N:o
492 101 32 22 16.
807 99 26 21 13

182 170 39 20 2:0.
244 169 131 26 Bokhandel,
386 169 52 21 bok-
450 169 52 22 eller
512 169 149 27 stentryckeri,
673 169 54 21 läse-
739 168 52 21 eller
805 167 57 22 låne-

111 204 115 25 bibliotek;

182 239 39 20 3:0.
253 238 178 27 Apoteksrörelse
446 240 57 19 samt
513 238 77 21 handel
602 237 47 22 med
661 237 124 26 läkemedel,
797 236 64 27 gifter

113 273 39 21 och
168 273 67 21 andra
250 273 85 26 vådliga
351 275 86 23 ämnen;

182 308 39 20 4:0.
251 307 146 26 Tillverkning
413 307 38 21 och
466 307 128 27 försäljning
609 307 23 20 af
644 307 91 20 bränvin
745 305 38 22 och
795 305 68 21 andra

113 341 153 28 spritdrycker.

183 377 40 20 5:0.
245 375 142 28 Försäljning
403 375 29 28 af
440 376 26 25 öl,
474 378 76 25 porter
560 375 38 21 och
608 375 73 21 andra
687 375 64 27 jästa
762 374 101 29 drycker;

183 412 40 20 6:0.
253 409 147 27 Tillverkning
419 410 38 21 och
476 410 128 26 försäljning
620 409 23 21 af
657 409 134 21 tändstickor
807 410 56 20 samt

113 445 51 21 krut
179 445 39 21 och
234 444 68 22 andra
317 444 110 27 explosiva
442 444 52 22 eller
510 444 114 27 eldfarliga
639 446 86 24 ämnen;

185 480 38 20 7:0.
254 479 127 26 Värdshus-,
397 478 126 27 konditori-,
538 479 63 27 krog-
617 479 53 21 eller
680 484 69 16 annan
761 477 102 22 utskänk-

116 514 155 26 ningsrörelse
263 510 13 35 ;

185 549 40 20 8:0.
255 548 70 21 Bank-
341 548 52 21 eller
409 548 211 26 försäkringsbolag;

185 584 40 20 9:0.
255 582 169 27 Mäklareyrket;

114 618 87 21 hvarom
220 618 39 20 allt
278 618 65 21 redan
362 619 24 19 är
404 617 53 21 eller
476 617 114 22 framdeles
610 617 77 21 varder
703 616 104 22 särskildt
821 616 43 21 för-

116 652 99 22 ordnadt.

456 680 12 28 8
484 682 34 20 20.

185 721 154 27 Berättigande
353 722 33 20 att
401 721 67 26 enligt
484 721 69 21 denna
568 721 126 26 förordning
705 720 70 21 drifva
785 719 77 21 handel

115 756 13 21 &
143 756 73 21 landet
231 756 116 21 innefattar
362 756 49 21 icke
426 756 102 21 tillätelse
544 756 33 20 till
588 756 127 26 försäljning
726 755 23 21 af
759 756 39 20 vin.
822 754 43 27 Dy-

115 791 31 20 lik
161 790 128 27 försäljning
305 791 34 20 mä
353 791 47 20 icke
416 790 68 21 heller
498 790 86 21 utöfvas
600 791 6 20 i
618 790 49 21 stad
677 790 35 21 vid
723 789 84 26 handel,
819 795 46 15 som

117 825 76 22 endast
208 825 33 21 till
257 825 177 27 sjelfförsörjning
449 825 115 21 bedrifves.

388 883 74 26 Enligt
482 883 60 20 Hans
560 882 121 27 Kejserliga
699 882 114 26 Majestäts
829 881 37 20 nä-

320 923 49 26 diga
394 923 123 26 befallning,
541 922 71 27 gifven
632 923 5 20 i
658 922 117 21 Gatschina
790 921 40 21 den
848 913 18 38 E

321 957 97 22 Oktober
436 957 59 21 1881.

379 1054 35 17 T.
428 1054 178 18 BRUUN.

550 1135 34 22 Ch.
600 1136 40 21 Em.
656 1136 21 21 af
693 1135 114 22 Frosterus.
