1009 1623
224 97 11 18 6
452 100 23 19 U.
488 100 24 19 B.
525 111 23 3 —
560 101 62 25 Prop.
634 102 36 19 N:o
684 102 20 19 4.

201 161 45 16 som
262 157 47 20 med
325 157 62 22 deras
402 158 112 29 kristeliga
532 160 126 26 instiktelse,
675 161 55 21 bruk
746 161 38 21 och
800 160 72 28 öfning
887 160 67 27 enligt

200 192 30 23 är,
247 191 24 20 sä
286 192 31 19 att
332 191 42 22 alla
390 193 28 21 de
432 193 52 28 ting,
500 194 26 22 de
541 201 51 16 vare
607 195 33 27 sig
655 195 24 22 sä
693 196 68 26 ringa,
778 201 45 15 som
838 195 26 22 de
875 195 33 21 för
918 194 37 21 nä-

200 231 53 20 gons
276 227 55 25 ögon
354 232 63 22 synas
440 228 77 26 kunna,
540 235 48 16 men
611 230 65 21 likväl
695 229 33 22 till
749 229 136 22 stadfästelse
901 229 53 22 eller

200 259 116 22 åminnelse
335 261 24 21 af
375 262 69 27 någon
458 263 103 22 historisk
576 264 85 26 bedrift,
677 270 84 21 person,
778 265 34 20 ort
830 264 53 21 eller
898 264 56 27 slägt

199 293 64 22 lävda
285 294 48 26 kan,
357 295 61 28 mäge
440 298 137 27 granneligen
600 301 62 24 tagas
680 299 8 20 i
704 299 37 20 akt
756 299 39 21 och
811 298 87 25 skötsel,
914 298 38 22 och

199 327 47 22 icke
254 328 69 27 gifvas
332 329 87 28 nägrom
430 331 97 22 tillständ
543 333 35 21 det
594 333 94 27 ringaste
704 333 62 21 deraf
780 334 32 20 att
826 333 63 26 spilla
900 332 52 22 eller

198 361 118 28 förderfva;
332 364 102 22 skolande
449 366 48 26 den,
513 373 45 15 som
573 367 97 22 häremot
685 368 7 21 i
707 367 71 27 nägon
788 367 66 21 mätto
864 369 39 24 gör
913 366 39 22 och

197 395 77 28 Kongl.
290 397 72 28 Maj:ts
378 399 116 28 befallning
508 401 134 22 öfverträder
650 402 48 21 icke
709 402 91 21 allenast
811 401 84 22 derföre
906 407 45 16 som

197 429 34 22 för
246 431 28 21 all
290 438 70 15 annan
375 433 76 28 Kongl.
468 435 72 27 Maj:ts
556 436 53 21 buds
625 436 72 21 förakt
712 437 39 20 och
768 436 80 27 olaglig
858 436 92 21 åverkan

196 465 74 26 plikta,
286 468 51 20 utan
353 467 39 22 ock
407 469 76 27 Kongl.
499 469 72 28 Maj:ts
587 471 55 27 höga
653 471 68 21 onåde
731 477 52 14 vara
794 470 155 27 undergifven*.

264 500 43 21 För
330 502 84 25 enhvar,
438 509 45 16 som
506 505 134 26 genomläser
655 505 70 21 denna
740 505 132 26 författning,
888 505 62 21 torde

196 533 36 22 det
248 541 50 15 vara
314 535 62 28 klart,
386 539 30 19 att
432 538 122 22 densamma
572 539 57 22 afser
648 541 32 20 att
695 540 71 26 hägna
781 539 98 26 samtliga
894 539 55 21 fasta

195 567 173 30 fornlemningar,
392 572 38 21 och
452 573 70 26 någon
537 574 61 26 giltig
613 574 116 27 anledning
744 575 32 20 att
791 573 74 28 frångå
880 573 69 21 denna

194 603 115 26 grundsats
325 611 76 20 genom
417 608 37 24 att,
478 607 69 22 såsom
567 608 7 21 i
589 609 171 26 propositionens
778 609 10 20 1
805 608 11 27 $
832 608 62 26 skett,
910 614 38 14 un-

195 636 109 29 dandraga
327 639 26 21 de
368 639 56 22 fasta
443 642 176 26 minnesmärken,
636 649 45 15 som
697 643 72 20 kunna
784 649 62 14 anses
861 642 87 21 tillhöra

194 671 96 22 enskilde
306 679 70 21 egare,
393 675 73 26 lagens
484 676 75 27 skydd,
579 683 61 21 synes
656 677 25 21 så
696 677 84 27 mycket
795 677 81 21 mindre
892 676 55 21 före-

193 704 74 27 finnas,
292 713 46 15 som
357 708 101 23 Finlands
474 710 56 22 fasta
544 711 167 27 fornlemningar
727 714 37 18 äro
780 711 23 21 af
814 711 133 27 jemförelse-

192 740 32 20 vis
240 741 61 27 ringa
320 743 65 21 antal.
415 744 37 21 Att
470 745 46 21 åter
531 746 415 27 deiifrägavarande
754 736 14 41 8
777 746 169 27 förekommande

193 774 66 22 orden
274 777 79 25 ,under
368 777 94 27 aflägsen
477 780 30 20 tid
523 782 101 25 uppresta
639 780 34 22 för
688 780 190 26 andaktsöfningar
894 780 52 21 eller

192 808 33 21 till
241 810 70 22 minne
334 811 22 22 af
377 813 69 26 någon
465 814 143 27 tilldragelse*
624 815 46 21 icke
686 817 38 19 äro
740 815 152 26 uttömmande,
907 815 39 20 har

191 843 66 21 redan
276 845 23 20 af
318 846 55 21 1872
389 847 34 21 års
439 847 92 22 Ständer
545 849 70 21 blifvit
630 849 97 22 erinradt
742 849 39 21 och
796 849 60 21 torde
872 849 21 21 få
909 855 36 14 an-

191 882 34 16 ses
248 879 124 26 uppenbart,
397 881 33 27 då,
446 882 70 21 såsom
535 883 65 21 kändt
619 885 31 24 är,
666 884 79 21 vårdar
760 883 70 21 blifvit
844 885 101 25 uppresta

190 911 39 21 och
252 915 56 20 ännu
331 921 103 21 uppresas
454 917 18 26 ej
493 917 55 21 blott
562 917 33 21 till
611 918 71 21 minne
698 917 23 22 af
735 918 144 26 tilldragelser
894 920 50 19 utan

190 946 62 21 äfven
267 947 33 22 för
309 950 32 20 att
348 949 100 27 påminna
464 957 33 15 om
512 951 143 22 framstående
666 958 111 21 personer,
788 952 80 27 slägter
878 958 27 15 m.
916 958 27 15 m.

258 981 50 22 Med
331 983 101 23 afseende
451 985 13 21 å
482 986 36 21 det
536 986 88 21 anförda
640 987 39 20 och
696 987 89 21 emedan
801 986 61 21 äfven
878 986 66 21 orden

189 1015 78 26 yändra
280 1016 106 23 likartade
402 1019 180 22 minnesmärken"
591 1027 63 20 synas
670 1020 147 27 öfverflödiga,
833 1020 27 21 då
875 1021 26 20 de
916 1020 27 27 i$

188 1050 138 26 uppräknade
342 1051 147 24 fornminnena
504 1056 88 19 nämnas
602 1055 76 21 endast
689 1054 137 27 exempelvis,
837 1054 39 21 har
885 1055 58 20 inom

187 1083 112 23 Utskottet
314 1086 80 27 yrkats,
417 1089 31 19 att
471 1094 75 15 senare
564 1089 81 21 hälften
664 1089 25 21 af
706 1089 12 27 $
736 1090 9 19 1
764 1089 66 21 borde
844 1088 24 21 af
881 1088 61 22 Stän-

187 1117 66 22 derna
268 1119 78 22 ändras
362 1121 6 20 i
384 1121 140 22 omförmälda
540 1123 54 26 syfte
609 1129 76 20 genom
697 1123 137 21 uteslutande
844 1123 23 20 af
876 1123 65 21 orden

186 1153 79 25 vUnder
287 1153 95 28 aflägsen
404 1156 31 21 tid
457 1159 101 24 uppresta
580 1157 34 21 för
632 1157 194 26 andaktsöfningar
840 1157 54 21 eller
908 1158 33 21 till

185 1186 71 22 minne
278 1188 24 21 af
318 1189 70 26 någon
403 1190 139 27 tilldragelse,
565 1193 55 20 samt
642 1192 68 21 andra
729 1191 105 22 likartade
850 1192 91 21 minnes-

184 1221 89 22 märken
288 1222 24 21 af
325 1223 41 22 den
381 1224 67 27 ålder,
457 1227 31 19 att
503 1226 26 21 de
544 1232 88 15 numera
641 1226 47 21 icke
699 1226 73 21 kunna
782 1232 62 15 anses
854 1226 87 21 tillhöra

184 1255 84 22 enskild
284 1258 82 25 egare*.

252 1286 69 26 Äfven
329 1291 122 24 Utskottets
467 1294 109 26 pluralitet
591 1295 69 21 skulle
677 1295 69 27 enligt
762 1295 32 20 sin
810 1295 7 20 i
833 1295 36 21 det
884 1295 56 21 före-

182 1324 82 26 gående
287 1326 128 22 framstälda
436 1328 134 28 uppfattning
591 1330 56 20 helst
670 1329 98 21 förordat
787 1336 25 14 en
828 1330 111 26 ändring
926 1320 16 41 i

182 1363 82 17 samma
278 1360 101 28 riktning.
403 1361 49 22 Men
468 1362 110 22 Utskottet
592 1363 39 22 har
645 1366 55 19 trott
715 1364 34 26 sig
763 1364 52 21 böra
826 1363 55 22 afstå
892 1364 46 21 der-

180 1391 62 27 ifrån,
259 1394 69 22 såvidt
352 1396 206 28 ändringsförslaget
579 1398 46 27 gått
647 1400 23 20 ut
690 1398 28 27 på
736 1400 32 19 att
787 1398 95 27 aflägsna
897 1399 40 21 den

251 1434 123 21 Lagutskottets
386 1436 104 18 betänkande
501 1438 35 16 N:o
552 1438 14 16 7.
