1028 1620
218 119 13 20 2
531 121 36 22 N:o
581 122 16 21 1.

191 187 65 28 nådig
269 189 135 26 proposition
419 196 34 16 om
469 190 150 28 upphäfvande
635 192 19 26 ej
669 191 83 21 mindre
767 190 23 22 af
803 190 131 25 förberörda,

192 222 155 22 rusthållarene
362 224 89 27 tillagda
466 225 140 21 förmånsrätt
616 226 32 20 till
660 226 113 26 skatteköp
784 225 23 21 af
815 226 121 26 augments-

192 256 103 27 hemman,
315 259 26 19 än
361 258 23 21 af
401 258 100 22 förbudet
517 261 44 19 mot
577 260 128 26 afskiljande
720 260 47 20 från
782 260 118 20 rusthållen
916 258 22 21 af

192 290 72 27 dylika
280 292 66 21 redan
362 293 137 27 skatteköpta
514 294 103 21 hemman.
648 294 40 21 Till
704 294 48 21 stöd
768 294 33 21 för
816 294 69 21 denna
900 300 36 14 an-

192 325 70 21 hållan
278 326 63 22 hafva
357 326 119 23 Ständerna
491 328 118 22 framhållit
625 329 63 21 bland
704 330 65 20 annat
783 330 32 19 att
829 328 36 21 vid
882 329 54 19 stor-

192 359 85 22 skiftets
300 362 165 25 genomförande
489 362 73 27 hvarje
586 363 99 27 lägenhet
708 363 120 27 antagligen
854 362 82 26 tillagts

191 394 66 21 sådan
280 396 181 27 proportionerlig
484 397 61 20 andel
565 398 6 19 i
591 396 146 27 skifteslagets
756 397 42 20 alla
817 399 57 24 ägor,
892 402 44 15 som

192 428 32 21 för
247 429 138 26 lägenhetens
409 431 90 21 bestånd
523 431 115 26 erfordras,
659 434 55 18 samt
734 433 31 19 att
787 437 25 15 en
835 431 102 26 fastighet

191 463 63 22 alltså
273 464 46 21 icke
338 465 72 21 vidare
429 465 66 21 borde
514 472 63 15 anses
597 466 93 27 omistlig
706 466 33 21 för
754 472 24 15 en
795 471 69 15 annan
880 465 56 27 sjelf-

191 497 116 22 bestående
327 499 108 27 lägenhet;
459 502 33 19 att
511 500 252 21 rusthållsinnehafvares
779 500 158 21 uraktlåtenhet

191 534 33 19 att
246 533 32 20 till
302 533 71 22 skatte
392 534 46 21 lösa
455 535 218 26 augmentshemman,
693 541 45 15 som
754 534 130 22 fortfarande
900 536 36 19 äro

191 566 23 21 af
235 567 67 22 krono
325 570 69 25 natur,
418 571 73 24 syntes
514 569 132 27 ådagalägga
664 571 33 20 att
716 570 63 21 dessa
799 575 74 15 senare
891 569 46 20 icke

191 607 50 15 vore
256 602 110 27 omistliga
380 603 33 21 för
431 603 129 26 rusthållen;
581 606 55 19 samt
656 606 32 19 att
703 603 109 27 åtskilliga
826 604 28 27 på
868 603 69 27 grund

191 635 23 21 af
227 635 149 28 ifrågakomna
391 638 132 27 stadganden
540 639 117 20 rusthållen
673 638 32 21 till
717 638 73 27 styrka
801 637 137 27 skatteköpta

191 671 217 28 augmentshemman,
424 672 6 21 i
447 673 55 20 strid
517 674 44 20 mot
576 673 101 21 förbudet
693 673 30 20 uti
740 673 154 20 ofvanberörda
904 678 32 15 re-

193 705 100 26 solution,
318 712 47 15 men
384 709 51 19 utan
455 707 100 27 förspord
575 707 118 27 olägenhet,
710 707 84 21 afskilts
809 707 47 20 från
872 708 65 19 stom-

191 745 55 20 men,
269 740 81 21 hvilket
369 741 78 26 jemväl
471 742 95 21 vittnade
589 748 33 15 om
645 741 169 27 umbärligheten
834 741 23 22 af
875 741 63 21 dessa

191 773 97 22 hemman
305 774 34 21 för
354 775 125 22 rusthållen.

262 809 31 20 På
317 809 26 21 de
365 809 23 21 af
403 809 120 22 Ständerna
541 810 90 22 anförda
650 810 46 22 skäl
716 812 55 19 samt
790 810 88 20 emedan
898 809 40 21 den

191 842 115 22 osäkerhet
320 844 8 20 i
341 844 169 28 jordbesittning
526 845 38 21 och
580 845 155 26 inskränkning
746 845 31 20 uti
788 844 150 27 dispositions-

192 878 70 20 rätten
278 877 60 22 öfver
350 878 161 28 jordegendom,
527 886 46 14 som
589 886 75 20 genom
680 878 140 22 omförmälda
838 878 99 26 stadgan-

191 911 41 21 den
247 911 34 21 för
296 912 58 21 vissa
368 912 38 22 fall
421 914 84 25 införts,
520 914 47 21 icke
583 916 36 18 äro
635 913 106 27 förenliga
755 913 47 21 med
817 912 40 22 den
868 914 70 20 större

191 945 65 21 frihet
270 946 8 20 i
294 946 68 27 dylikt
378 947 125 27 hänseende,
520 948 86 22 hvilken
621 954 25 15 en
658 948 98 26 stigande
765 947 123 27 jordkultur
900 947 39 21 allt

191 985 58 16 mera
264 980 103 27 påkallat,
376 981 38 21 och
430 988 46 15 som
490 982 78 26 jemväl
584 983 74 21 vunnit
673 982 71 26 insteg
759 982 6 21 i
776 981 162 27 lagstiftningen

190 1020 76 20 genom
282 1014 78 28 nådiga
379 1016 152 28 förordningen
551 1017 23 21 af
591 1018 41 20 den
648 1018 26 20 19
690 1016 118 22 December
824 1016 61 25 1864,
901 1022 37 14 an-

190 1048 82 26 gående
290 1050 155 27 ägostyckning
465 1051 39 21 och
520 1051 183 27 jordafsöndring,
723 1051 39 21 har
777 1050 59 22 Hans
853 1050 84 27 Kejser-

190 1082 43 27 liga
255 1083 103 27 Majestät
377 1084 70 22 funnit
466 1086 159 21 bibehållandet
644 1085 23 22 af
686 1085 138 21 förenämnda
839 1085 99 27 stadgan-

191 1117 40 20 den
247 1124 89 15 numera
352 1125 51 15 vara
418 1120 117 27 olämpligt,
552 1122 56 19 samt
622 1120 56 27 förty
695 1120 57 20 velat
764 1119 32 21 till
808 1119 130 21 Ständernas

189 1151 191 28 grundlagsenliga
395 1153 129 28 behandling
539 1154 89 21 föreslå:

276 1188 32 18 att
324 1186 42 27 3:je
377 1187 97 27 punkten
490 1188 7 19 i
512 1187 79 28 Kongl.
602 1188 161 27 förordningen
778 1194 33 14 om
824 1187 57 21 huru
887 1187 51 28 för-

276 1220 72 21 hållas
370 1220 57 22 skall
449 1222 47 20 med
517 1222 26 20 de
565 1222 96 21 hemman
684 1222 37 20 och
746 1222 192 28 kronolägenheter,

276 1261 43 14 som
343 1256 35 20 till
399 1255 69 22 skatte
485 1256 117 28 försäljas,
620 1257 76 27 gifven
715 1256 40 21 den
772 1258 28 19 19
821 1256 118 27 September

277 1290 64 26 1723,
360 1290 25 20 sä
404 1291 45 20 vidt
467 1291 120 28 derigenom
607 1292 132 20 rusthällare
758 1291 120 21 tillerkänts
894 1292 45 18 rätt

276 1326 32 18 att
324 1325 8 19 i
347 1325 56 20 vissa
413 1325 50 27 fall
473 1325 103 27 framför
587 1326 37 20 äbo
635 1326 125 27 skatteköpa
770 1325 168 28 augmentshem-

275 1365 57 18 man,
355 1366 45 14 som
417 1362 27 18 är
463 1360 67 21 under
548 1360 114 21 rusthället
682 1361 103 27 anslaget,
801 1360 109 26 äfvensom
925 1360 13 19 5

275 1393 15 26 $
308 1393 33 20 uti
359 1393 78 29 Kongl.
457 1394 139 28 kungörelsen
615 1395 7 20 i
640 1402 82 14 samma
738 1397 61 18 ämne
813 1394 30 27 af
854 1394 40 20 den
909 1394 29 20 24

275 1425 97 23 Januari
396 1430 63 24 1790,
483 1432 55 18 samt
559 1431 15 19 8
595 1430 15 27 $
628 1430 8 20 i
654 1429 80 28 Kongl.
753 1428 141 22 resolutionen
906 1428 31 28 pä
