1028 1620
282 109 80 23 Ständ.
378 109 37 23 Sv.
433 122 22 3 —
473 109 71 28 Prop.
560 109 40 22 N:o
614 108 34 22 15.
780 107 27 21 25

534 194 15 27 $
563 195 37 20 27.

356 240 42 20 Vid
422 238 212 28 utmålsläggningen
659 238 58 21 skall
741 238 95 27 förrätt-

298 274 155 27 ningsmannen
469 273 97 21 biträdas
581 272 29 28 af
621 273 34 21 två
669 272 54 28 gode
739 274 50 18 män
803 271 33 27 äf-

298 314 88 19 vensom,
403 307 37 21 der
455 307 79 21 sådant
550 313 62 15 anses
626 306 83 28 nödigt,
725 306 30 27 af
766 306 72 21 landt-

297 344 89 23 mätare,
403 341 37 21 och
454 348 50 14 vare
519 340 45 21 icke
578 340 93 22 allenast
687 340 97 21 särskild
794 340 45 21 kal-

299 376 49 20 lelse
362 376 49 20 med
432 375 87 28 uppgift
541 382 32 14 om
590 375 57 21 tiden
663 374 38 22 och
716 375 72 21 stället
799 374 41 27 för

294 409 167 27 förrättningen
476 409 113 20 meddelad
598 409 92 27 jordens
712 415 63 21 egare
789 408 51 21 eller

300 443 141 28 innehafvare
456 445 56 19 samt
526 443 70 27 öfrige
612 442 164 25 vederbörande,
796 449 44 14 som

298 477 66 21 saken
387 479 67 23 rörer,
476 479 54 18 utan
553 477 38 21 ock
605 477 126 27 kungörelse
746 484 33 13 om
793 477 47 25 för-

300 512 126 27 rättningen
441 512 66 20 minst
528 511 83 28 fjorton
625 511 70 28 dagar
705 511 66 27 förut
786 517 54 21 upp-

301 547 41 20 läst
364 547 8 20 i
394 546 40 21 den
456 546 52 20 eller
523 546 25 20 de
566 545 174 28 församlingars
755 545 85 28 kyrkor,

302 581 56 20 inom
380 580 82 21 hvilkas
484 580 88 21 område
594 580 88 21 utmålet
697 579 94 28 begäres,
807 579 35 21 till

302 614 142 27 efterrättelse
454 614 42 27 för
511 614 47 24 den,
573 620 44 15 som
631 613 44 21 kan
690 620 51 15 anse
751 614 34 21 sin
797 615 45 19 rätt

302 648 28 27 af
336 648 167 28 förrättningen
519 648 112 26 beroende;
653 648 80 27 egande
744 648 98 26 förrätt-

302 683 155 27 ningsmannen
480 685 32 18 att
530 682 70 21 vända
614 683 32 26 sig
663 682 35 21 till
712 681 132 28 kronobetje-

303 717 78 27 ningen
396 717 8 20 i
419 719 60 18 orten
494 717 58 25 eller,
575 717 39 20 der
631 717 25 20 så
671 717 75 27 nödigt
761 718 33 24 är,
809 716 35 21 till

302 752 130 26 guvernören
447 751 8 20 i
471 751 58 20 länet
540 750 41 27 för
596 753 31 18 att
642 757 74 20 genom
731 751 47 20 dess
792 749 51 28 för-

302 791 50 20 sorg
369 785 30 26 få
421 785 142 27 kungörelsen
578 785 8 20 i
601 785 83 27 kyrkan
703 785 89 27 uppläst
807 784 37 21 och

303 819 24 20 de
342 818 110 21 särskilda
474 818 131 21 kallelserna
627 818 158 22 vederbörande
800 818 44 21 till-

303 853 69 21 stälde
395 855 54 19 emot
465 852 61 26 bevis,
542 859 45 15 som
596 852 52 28 före
663 852 40 21 den
717 855 84 19 utsatta
818 853 24 20 ti-

304 887 40 20 den
360 886 51 21 böra
426 894 52 13 vara
494 887 35 20 till
546 887 245 27 förrättningsmannen
810 886 32 27 af-

304 921 103 21 lemnade.

359 955 37 21 Då
412 955 167 27 förrättningen
602 955 55 21 skall
679 955 35 20 ske
736 956 13 20 å
772 956 71 26 någon

304 989 82 20 kronan
403 989 99 27 tillhörig
518 989 52 21 eller
584 996 79 18 annan,
680 990 69 20 under
770 989 76 27 ofent-

305 1024 30 26 lig
350 1023 135 27 myndighets
501 1023 97 21 inseende
612 1023 86 25 stående
703 1024 60 27 jord,
774 1024 72 27 åligge

305 1058 33 20 det
360 1057 238 28 förrättningsmannen
621 1060 32 18 att
675 1058 70 20 derom
763 1058 83 27 jemväl

304 1094 54 24 göra
373 1092 104 20 anmälan
493 1092 37 20 hos
544 1093 137 26 guvernören,
703 1099 43 13 som
761 1098 48 21 eger
824 1093 22 26 ej

306 1126 81 19 mindre
399 1125 111 27 förordna
526 1125 189 27 kronoombud
680 1121 36 36 för
725 1126 122 21 bevakande

305 1159 29 26 af
345 1159 95 21 kronans
463 1161 51 23 rätt,
537 1161 29 18 än
584 1159 63 26 äfven
658 1159 138 28 föranstalta
813 1163 32 18 att

306 1194 70 20 andra
392 1194 112 20 allmänna
521 1193 83 24 ombud,
619 1194 28 20 då
663 1194 79 20 sådant
754 1193 41 21 kan
805 1189 41 35 fin-

307 1234 38 14 nas
370 1227 146 27 erforderligt,
532 1228 8 19 i
554 1227 93 27 stadgad
669 1228 91 27 ordning
781 1227 68 27 blifva

306 1262 88 20 utsedde
409 1264 32 18 att
452 1262 168 27 förrättningen
639 1261 120 27 öfvervara.

547 1318 15 27 $
576 1320 34 19 28.

360 1363 116 27 Uteblifver
486 1365 122 19 inmutaren
614 1364 56 26 från
680 1364 169 27 förrättningen,

306 1398 63 21 varde
384 1398 41 20 den
449 1398 83 20 instäld
552 1397 36 21 och
604 1398 107 21 ankomme
728 1399 47 19 dess
789 1398 61 26 före-

305 1432 94 27 tagande
414 1432 120 21 sedermera
548 1433 30 26 på
595 1439 26 20 ny
637 1432 108 20 anmälan.
768 1432 48 21 Men
828 1433 24 27 ej

759 1477 23 12 om
