1028 1620
269 103 79 24 Ständ.
364 105 37 22 Sv.
417 117 26 4 —
459 105 72 28 Prop.
546 105 40 22 N:o
601 105 34 22 15.
783 105 15 20 9

146 169 35 22 Då
201 169 63 22 äfven
284 169 68 20 andra
373 169 136 28 bergbrytnir
515 169 122 26 gsmetoder
659 168 34 25 än,
709 168 26 21 de
749 168 9 21 i
772 168 11 26 $
797 167 28 21 48

80 203 146 26 omförmälda,
241 203 74 21 kunna
332 203 89 27 betinga
436 203 168 27 qvarlemnande
618 201 25 22 af
655 201 104 22 lösbrutet
773 201 53 27 berg

79 239 8 20 i
101 237 82 28 grufva,
205 237 39 22 har
265 238 72 20 denna
351 239 11 25 $
377 238 116 26 undergått
515 243 27 15 en
564 236 82 21 mindre
662 235 162 28 omredigering,

79 273 66 27 jemte
168 273 36 20 det
226 271 91 22 »hissar»
334 271 51 22 eller
400 271 206 28 uppfordringsverk
619 270 34 21 för
667 277 102 21 personer
783 269 42 22 för-

80 306 81 22 klarats
174 306 80 28 jemväl
268 305 52 22 böra
334 305 116 28 behörigen
461 305 143 22 underhällas.
625 305 84 21 Derhos
717 305 47 25 har,
774 305 52 20 enär

81 347 27 15 en
123 341 24 21 sä
160 341 66 27 vigtig
240 341 66 26 fräga,
322 347 46 14 som
382 341 42 20 den
434 347 35 14 om
478 339 154 28 igenfyllandet
642 339 25 22 af
674 339 60 21 äldre
744 338 82 28 grufva,

81 375 85 21 hvilken
181 375 122 26 derigenom
317 375 62 26 göres
393 374 34 21 för
442 375 28 20 all
485 374 89 21 framtid
588 374 89 27 onyttig,
687 373 48 22 icke
745 375 83 20 ansetts

81 408 52 21 böra
148 408 140 22 ofverlemnas
303 408 33 21 till
351 408 172 27 bergmästarens
538 408 124 27 afgörande,
677 408 32 20 uti
725 408 102 25 samma
814 404 16 35 $

81 442 76 22 införts
179 444 117 26 stadgande
318 443 79 25 derom,
412 444 33 20 att
460 442 98 22 tillstånd
573 442 33 21 till
620 448 27 15 en
662 442 77 27 åtgärd
753 441 25 21 af
790 448 36 14 an-

81 476 48 22 förd
143 476 146 22 beskaffenhet
304 477 38 21 bör
357 477 101 22 utverkas
472 476 39 22 hos
526 476 173 28 bergsstyrelsen.

149 511 41 21 Vid
205 513 10 25 $
230 512 27 20 49
272 511 65 22 hafva
352 511 121 21 Ständerna
488 511 57 22 velat
554 511 94 27 tydligen
658 512 85 26 utsäga,
753 512 32 20 att
795 510 31 21 öf-

83 545 139 28 verläggning
244 552 34 14 om
300 546 80 27 nödiga
401 546 221 27 säkerhetsätgärder,
638 546 38 20 der
691 546 42 20 den
748 545 19 27 ej
783 545 44 21 kan

82 580 57 21 föras
154 581 49 20 med
217 580 133 27 grufegaren,
366 580 54 21 skall
436 580 38 21 ske
489 580 49 20 med
553 580 100 26 ansvarig
672 579 51 21 eller
737 579 89 22 hufvud-

82 614 121 26 förvaltare,
216 614 66 28 jemte
298 615 35 20 det
348 614 108 27 uttrycket
474 614 169 26 »förtimringar»
660 614 7 20 i
681 613 69 22 första
764 620 63 15 mom.

83 648 81 27 utbytts
186 650 44 19 mot
253 649 36 20 det
304 648 142 28 sakriktigare
464 648 90 22 »ställen
569 648 33 21 för
616 648 165 28 förtimringar»,
797 648 31 21 äf-

83 689 86 15 vensom
192 689 80 15 samma
294 684 38 20 ord
354 683 41 21 fätt
410 684 53 26 utgä
477 683 48 21 frän
540 684 70 20 andra
624 690 69 18 mom.,
709 684 27 20 dä
751 689 77 15 ansvar

83 716 34 22 för
130 716 154 28 förtimringars
298 716 111 22 rubbande
423 719 80 19 utsatts
518 717 63 22 äfven
596 717 7 21 i
618 717 52 21 sista
683 719 124 19 momentet.

151 751 33 21 Dä
199 752 35 20 det
249 753 59 25 synts
330 752 88 26 onödigt
440 754 32 19 att
487 752 74 21 kartor
575 752 108 26 uppgöras
699 751 59 22 öfver
771 750 58 28 gruf-

85 792 44 19 vor,
150 785 71 22 hvilka
243 787 37 20 äro
302 786 46 20 frän
371 786 69 26 dagen
460 785 49 21 fullt
524 786 90 27 synliga,
629 786 64 22 hafva
707 786 123 22 Ständerna

85 819 32 21 uti
132 821 11 25 $
158 821 27 20 52
200 820 127 27 undantagit
350 819 72 28 dylika
441 820 88 27 grufvor
546 820 49 21 frän
613 821 54 24 dem,
683 819 58 22 öfver
755 819 74 22 hvilka

85 854 157 21 markscheider
262 854 50 21 eller
334 854 150 27 grufvekartor
502 855 53 21 böra
577 856 120 26 upprättas,
718 855 110 22 hvaremot

85 883 120 26 Ständerna
219 889 70 26 tillagt
303 888 169 27 bestämningen,
488 891 33 19 att
535 891 31 19 ett
577 889 109 27 exemplar
695 889 24 22 af
726 889 103 23 kartorna

85 923 38 21 bör
143 923 62 21 äfven
222 923 35 22 vid
276 923 89 27 grufvan
386 923 70 22 hållas
476 923 34 22 för
532 923 235 28 hbergstjenstemännen
787 924 41 21 till-

85 957 102 28 gängligt.

153 991 40 22 Till
208 993 10 26 $
233 993 27 20 53
275 993 64 22 hafva
354 993 122 22 Ständerna
492 993 70 28 tillagt
578 994 161 28 bestämningen
755 996 32 20 att
797 994 31 22 äf-

86 1032 41 15 ven
149 1027 46 25 den,
218 1034 45 14 som
285 1027 114 22 bearbetar
413 1028 47 21 lösa
472 1028 115 27 jordlager,
603 1029 24 20 är
642 1029 146 22 underkastad
803 1030 26 21 de

84 1061 32 20 uti
134 1061 70 21 denna
225 1063 12 25 &
256 1062 54 25 dem,
330 1069 46 14 som
391 1062 96 22 bedrifva
501 1063 85 21 vaskeri
600 1063 53 21 eller
668 1063 161 28 sjömalmstägt,

85 1094 78 28 ålagda
177 1095 149 28 skyldigheter.

151 1129 47 21 Den
213 1131 43 20 rätt
270 1130 106 21 inmutare
391 1130 141 22 härförinnan
542 1131 76 22 vunnit
627 1132 61 20 torde
698 1131 46 22 icke
754 1131 74 22 kunna

84 1163 52 21 eller
150 1163 52 22 böra
216 1163 78 22 honom
310 1171 75 20 genom
395 1165 165 27 ifrägavarande
570 1166 141 27 inmutnings-
722 1165 39 22 och
770 1166 58 28 gruf-

83 1198 103 26 vestadga
203 1197 100 28 betagas;
324 1199 40 21 och
382 1199 66 22 hafva
465 1200 122 21 Ständerna
604 1201 8 19 i
630 1200 94 27 enlighet
740 1200 90 22 härmed

84 1231 97 27 utvidgat
197 1233 41 20 den
253 1233 31 20 uti
300 1234 10 26 &
325 1234 27 20 56
367 1233 106 27 ingående
488 1234 142 27 bestämning,
649 1236 33 19 att
697 1236 75 20 endast
787 1236 42 20 den

83 1264 140 23 härförinnan
240 1266 24 21 af
281 1267 107 21 inmutare
407 1275 74 15 vunna
499 1270 44 20 rätt
562 1268 34 21 till
610 1268 97 27 mineral,
722 1276 45 14 som
780 1269 50 21 här-

84 1299 54 21 efter
158 1300 18 27 ej
195 1300 84 22 komme
298 1303 33 19 att
346 1303 77 25 utgöra
437 1302 91 22 föremäl
541 1302 35 22 för
589 1302 129 28 inmutning,
732 1310 50 15 vore
796 1302 35 22 för

83 1333 115 22 framtiden
212 1334 78 22 honom
305 1334 139 24 förbehällen.

150 1368 72 27 Några
239 1370 81 20 smärre
339 1370 99 21 rättelser
457 1371 8 20 i
484 1371 101 21 afseende
604 1372 13 20 å
637 1371 87 27 språket
742 1370 32 22 uti
793 1372 37 21 det

83 1400 70 22 finska
166 1402 242 29 författningsförslaget
422 1404 66 23 hafva
504 1406 108 21 dessutom
622 1405 25 22 af
654 1405 121 22 Ständerna
784 1406 48 21 vid-

83 1435 73 27 tagits.
