1031 1620
430 109 34 21 N:o
480 107 31 23 16.
802 107 10 20 7

94 178 75 23 dande,
186 177 72 21 derest
273 177 47 21 icke
336 177 213 26 omständigheterna
564 179 53 24 göra
632 176 114 26 sannolikt,
758 177 32 20 att
800 175 42 21 för-

94 212 108 26 brytelsen
220 211 57 21 skett
293 213 50 19 utan
360 211 52 21 hans
429 211 89 27 vetskap
535 211 39 21 och
589 211 57 27 vilja.

438 269 11 27 8
468 270 30 20 17.

167 310 71 25 Böter,
262 316 44 14 som
330 311 36 19 äro
387 309 92 21 ådömda
498 309 55 21 efter
569 309 69 21 denna
653 309 131 26 förordning,
801 308 42 21 till-

96 344 51 21 falla
166 344 32 21 till
218 344 36 20 två
272 344 130 25 tredjedelar
421 344 115 26 åklagaren
557 344 38 20 och
616 350 25 14 en
657 343 103 27 tredjedel
777 342 67 27 angif-

96 385 71 19 varen,
184 379 27 20 då
227 379 25 20 de
272 380 132 23 gemensamt
423 378 57 21 åtala
500 378 149 27 förbrytelsen,
666 384 47 15 men
730 378 114 26 åklagaren

98 413 92 25 odeladt,
207 413 27 19 dä
256 413 39 20 han
320 418 72 15 ensam
409 412 58 21 utför
483 412 69 21 målet.
588 412 41 21 Vid
649 412 110 21 bristande
779 411 65 21 betal-

98 447 152 26 ningstillgång
266 447 122 21 förvandlas
405 447 88 21 böterne
509 447 33 21 till
559 447 95 25 fängelse
670 446 35 21 vid
721 448 72 19 vatten
807 445 38 21 och

98 482 60 25 bröd,
175 482 148 20 motsvarande
340 488 25 14 en
381 482 104 26 tredjedel
501 482 23 20 af
539 482 167 26 bötesbeloppet.

440 545 11 27 8
470 546 31 20 18.

171 584 45 21 Har
232 585 12 20 å
258 584 202 28 försäljningsställe
477 584 137 22 förekommit
630 585 130 26 oordningar
775 584 23 21 af
807 584 40 21 den

100 621 40 24 art,
164 621 32 19 att
218 619 151 22 innehafvaren
388 620 62 20 deraf
468 620 46 20 icke
534 620 42 20 kan
596 625 62 15 anses
678 619 80 21 besitta
773 619 25 20 de
815 619 32 20 för

100 654 115 21 utöfvande
231 654 23 21 af
268 654 152 27 försäljningen
438 654 141 26 erforderliga
595 654 137 27 egenskaper,
754 654 33 20 må
802 653 46 20 Ma-

101 689 78 26 gistrat
194 689 6 20 i
217 689 48 20 stad
281 689 38 20 och
336 689 150 26 Länestyrelse
503 688 133 21 beträffande
651 688 78 23 landet,
746 688 54 21 efter
811 693 35 15 an-

102 723 55 20 stäld
174 723 164 26 undersökninr,
355 723 272 26 försäljningsvättigheten
643 723 89 26 indraga
748 723 50 20 eller
810 721 38 22 ock

102 757 152 22 innehafvaren
270 757 94 22 derifrån
380 758 71 27 skilja.

444 815 12 27 8
474 816 30 20 19.

174 854 61 21 Hvad
258 854 38 21 här
319 854 62 21 ofvan
400 856 24 19 är
444 855 102 27 stadgadt
565 861 33 15 om
619 855 54 26 stad,
689 856 56 26 gälle
761 854 38 22 ock
816 861 33 15 om

103 889 85 26 köping.
218 889 10 20 I
244 889 54 25 stad,
316 889 37 21 der
368 889 116 26 Magistrat
500 890 18 26 ej
535 889 73 26 finnes,
626 890 107 20 äfvensom
749 890 6 20 i
771 890 79 26 köping

103 923 112 21 ankomme
230 923 13 21 &
258 923 38 21 der
310 923 79 21 tillsatt
404 924 93 20 särskild
514 924 91 26 styrelse
620 924 55 21 hvad
688 930 32 15 om
736 924 116 26 Magistrat

103 958 6 20 i
126 958 69 21 denna
210 957 124 27 förordning
350 958 63 26 sagdt
428 960 30 19 är.

451 1022 11 27 s
479 1023 33 20 20.

176 1061 74 21 Denna
265 1061 125 27 förordning
406 1062 97 21 kommer
518 1064 33 19 att
566 1062 108 26 tillämpas
690 1062 45 21 från
752 1062 39 21 den

244 1096 38 20 188

375 1158 128 34 Förslag
515 1159 43 26 till
570 1159 145 33 förordning
728 1158 125 34 angående

308 1199 114 26 vilkoren
440 1199 38 26 för
496 1199 159 33 försäljning,
673 1199 41 26 till
732 1198 123 33 förtäring

309 1239 33 33 på
366 1239 93 32 stället,
484 1239 29 26 af
529 1239 52 32 vin,
600 1239 172 34 maltdrycker,
790 1238 64 27 kaffe

311 1279 43 26 och
374 1280 84 32 andra,
477 1279 203 33 icke-spirituösa
698 1280 108 32 drycker.

457 1343 11 27 8
487 1344 17 20 1.

180 1384 17 18 1.
229 1382 51 26 Den,
305 1389 45 15 som
374 1390 49 20 eger
446 1385 44 19 rätt
510 1384 32 20 till
562 1383 146 27 utskänkning
726 1383 22 21 af
767 1383 88 21 bränvin

108 1416 52 21 eller
175 1417 67 21 andra
258 1417 152 27 spritdrycker,
428 1424 49 14 vare
494 1418 41 20 ock
551 1418 121 26 berättigad
688 1419 38 25 att,
742 1420 50 18 utan
811 1419 45 19 sär-
