1036 1620
425 113 35 21 N:o
475 113 31 22 12.
800 112 13 20 5

93 181 144 27 Uppkommer
260 181 64 21 sedan
347 181 61 26 fråga
428 188 33 14 om
478 181 131 21 hemmanets
626 181 97 26 klyfning
740 180 52 21 eller
808 185 32 15 om

92 216 90 24 utlösen,
199 216 90 20 förfares
304 216 27 26 pä
347 218 44 18 sätt
406 216 39 20 här
462 216 62 20 ofvan
541 218 24 18 är
581 216 69 26 sagdt.
678 215 115 21 Likaledes
804 220 38 20 ege

92 250 33 24 de,
148 250 72 21 hvilka
242 250 89 21 sälunda
350 250 70 21 blifvit
435 253 134 24 gemensamt
584 250 104 27 inrymde,
704 252 45 18 rätt
765 251 32 19 att
813 249 28 20 lä-

92 284 104 26 genheten
213 287 130 24 gemensamt
358 285 32 21 till
408 285 71 21 skatte
495 286 52 25 lösa,
564 286 39 20 och
619 285 63 21 hafve
698 285 40 20 den
753 283 88 26 vitsord,

93 325 45 14 som
155 319 45 21 lösa
215 320 43 20 vill.

165 353 44 21 Har
224 354 40 20 äbo
281 353 96 21 innehaft
392 353 176 27 besittningsrätt
584 354 32 20 till
633 354 166 20 kronohemman
816 352 27 27 pä

93 388 69 25 grund
184 388 22 20 af
228 388 31 20 sin
279 388 86 20 hustrus
381 388 97 25 arfsrätt,
495 388 52 21 eller
563 388 39 21 har
617 388 91 21 hustrun
725 387 118 21 förvärfvat

93 422 175 26 besittningsrätt
290 422 31 21 till
341 422 76 21 sädant
433 422 97 21 hemman
547 422 46 21 före
609 422 148 26 äktenskapet,
774 421 69 26 gänge

93 456 200 27 besittningsrätten
309 457 32 20 till
357 457 122 20 hemmanet
495 457 34 20 vid
545 457 80 20 hennes
642 456 41 21 död
694 457 78 26 genast
783 455 59 21 öfver

93 491 33 20 till
141 491 79 20 hennes
236 491 114 26 arfvingar,
366 491 27 26 pä
410 493 44 18 sätt
470 497 44 15 som
532 491 62 20 ofvan
611 491 64 26 sagdt
690 493 30 18 är.

165 525 137 21 Tillkommer
325 526 89 20 hustrun
438 526 100 26 giftorätt
559 526 6 20 i
582 525 75 21 värdet
673 525 21 21 af
709 524 133 25 löseskilling

94 559 33 21 för
151 560 172 26 besittningsrätt
342 560 32 20 till
391 560 174 25 kronohemman,
583 561 70 20 såsom
671 560 4 20 i
692 561 13 18 4
721 560 11 27 $
749 561 93 23 nämnes,

94 600 51 15 vare
161 600 101 15 mannens
278 594 106 27 arfvingar
393 594 33 21 för
438 595 40 20 den
490 595 99 26 giftorätt
600 595 113 25 ansvarige
724 594 68 25 enligt
802 593 40 25 lag.

442 657 12 27 8
471 659 19 20 6.

166 697 24 27 Ej
214 697 34 21 mä
271 698 46 25 den,
341 704 44 14 som
402 698 33 21 för
452 698 59 21 brott
527 698 70 21 dömts
613 697 32 21 till
663 697 141 21 frihetsstraff
816 697 28 26 pä

93 732 75 26 lifstid,
185 732 51 21 eller
252 732 69 21 blifvit
337 733 32 20 för
385 733 57 20 stöld
459 733 52 20 eller
527 735 65 18 annat
607 733 78 20 sädant
695 732 79 26 nesligt
785 732 59 20 brott

94 766 90 26 sakfäld,
209 767 69 20 såsom
302 767 39 20 äbo
357 767 12 20 å
385 767 167 21 kronohemman
569 767 132 26 godkännas,
718 767 68 20 ehvad
802 765 41 22 han

94 801 200 25 besittningsrätten
310 807 75 20 genom
401 801 35 21 arf
451 802 52 20 eller
519 801 136 21 öfverlätelse
671 801 119 21 ätkommit.

443 864 11 27 8
472 866 18 19 7.

165 904 46 21 Kan
235 904 123 27 skyldeman
382 904 31 21 till
438 904 48 26 äbo,
503 911 45 15 som
565 905 47 21 dött
628 904 51 21 eller
695 910 45 15 som
757 904 87 20 åborätt

93 938 115 26 förverkat,
225 939 17 25 ej
260 939 123 25 godkännas
400 939 71 21 såsom
488 940 47 24 äbo,
551 940 52 20 eller
621 939 38 21 har
672 939 125 27 skyldeman
809 937 35 21 be-

93 972 173 26 sittningsrätten
283 974 31 20 till
331 973 120 21 hemmanet
470 974 19 26 ej
506 974 83 25 ansökt,
606 974 112 20 ankomme
734 974 12 19 ä
762 972 81 21 Guver-

93 1008 66 20 nören
182 1009 32 19 att
236 1008 32 20 till
292 1008 39 20 äbo
355 1008 12 20 &
385 1008 128 26 lägenheten
529 1010 78 24 antaga
623 1008 40 21 den
680 1008 102 25 sökande,
798 1012 46 16 som

93 1042 86 26 pröfvas
196 1048 50 14 vara
262 1042 70 21 dertill
349 1045 55 19 mest
420 1043 72 21 fallen.

444 1107 11 25 $
472 1107 19 19 8.

165 1145 33 20 Då
214 1145 173 27 besittningsrätt
402 1146 32 20 till
452 1146 168 21 kronohemman
636 1146 23 21 af
673 1146 39 21 åbo
729 1145 33 21 till
775 1150 69 15 annan

93 1180 51 19 utan
169 1180 196 26 utmätningstvång
383 1180 123 26 öfverlåtes,
524 1181 53 20 skall
595 1181 160 25 löseskillingen
772 1179 5 20 i
794 1185 51 20 pen-

93 1213 76 26 ningar
194 1213 129 21 bestämmas
348 1215 62 20 och
401 1209 15 36 i
436 1215 290 25 öfverlåtelseafhandlingen
743 1215 101 19 utsättas.

93 1247 60 21 Dock
170 1250 23 18 är
209 1248 5 20 i
232 1248 76 20 sådant
324 1248 34 21 fall
376 1248 144 22 öfverlåtaren
537 1249 101 25 obetaget
654 1251 31 18 att
700 1255 33 14 om
746 1247 99 22 löseskil-

93 1282 83 26 lingens
199 1282 135 21 afbetalande
357 1284 91 20 medelst
469 1284 86 26 sytning
571 1284 46 20 från
635 1284 125 25 lägenheten
777 1283 69 19 öfver-

93 1316 131 22 enskomma,
248 1323 46 15 men
316 1318 17 26 ej
350 1318 39 20 bör
406 1318 52 20 slikt
475 1318 112 20 underhäll
603 1324 63 14 anses
683 1318 75 25 åtfölja
774 1316 73 25 lägen-

93 1350 74 21 hetens
193 1351 120 27 besittning,
338 1354 49 18 utan
410 1352 34 20 må
461 1352 143 21 öfverlåtaren
622 1352 33 21 för
671 1351 110 21 bristande
798 1350 48 20 full-

92 1385 85 25 görelse
200 1385 23 29 af
244 1386 223 21 underhällsvilkoren
492 1386 56 21 hålla
572 1387 33 24 sig
625 1386 32 20 till
674 1386 40 20 den
731 1384 116 27 betingade

92 1418 169 28 löseskillingen.
