1017 1620
406 117 33 21 N:o
455 117 33 22 10.
783 118 10 19 7

72 186 79 26 ningen
167 188 13 18 &
194 185 94 21 kronans
305 185 150 27 skogsparker,
472 185 39 21 bör
521 186 301 26 Ekonomiedepartementets

72 220 7 20 i
96 220 92 20 Senaten
204 220 99 26 pröfning
318 219 151 21 underställas.

142 254 42 21 Det
202 254 87 27 mantal,
310 260 44 15 som
374 254 91 21 sålunda
485 255 69 20 åsatts
575 254 123 27 skattlagda
718 256 46 24 torp
783 253 38 21 och

72 288 97 26 utjordar
192 290 56 19 samt
271 289 93 21 kronans
388 289 151 27 skogsparker,
559 289 111 21 förblifver
685 289 65 21 sedan
767 288 55 21 oför-

72 322 92 21 ändradt
187 323 106 27 gällande,
312 323 111 21 hvaremot
441 322 18 27 ej
477 322 84 22 mindre
576 323 218 26 mantalssättningen
809 322 13 20 å

71 357 61 27 bruk,
160 357 101 27 fabriker,
291 358 70 26 sågar,
388 357 193 27 tullmjölgvarnar,
611 357 145 27 ölbryggerier
783 356 39 22 och

71 391 235 27 bränvinsbrännerier,
323 394 27 17 än
366 391 254 26 kostnadsberäkningen
637 392 22 20 af
668 390 153 27 vägunderhåll

71 425 39 20 bör
125 425 62 21 hvart
203 425 64 22 femte
283 427 24 19 år
323 425 92 27 förnyas.

421 489 11 26 S
449 489 19 20 5.

141 529 128 27 Byggandet
291 529 38 21 och
353 529 136 21 underhållet
509 529 22 21 af
545 529 69 27 byväg
629 529 49 21 med
693 529 48 21 dess
757 529 64 20 broar

70 563 40 22 och
125 566 105 19 trummor
246 563 81 27 äligger
343 563 99 27 samtliga
459 564 28 21 de
502 563 251 27 lägenhetsinnehafvare
768 564 52 20 utan

70 598 111 26 undantag
197 598 39 21 och
252 598 66 26 öfrige
329 598 166 21 redanbemälde
506 598 257 27 vägbyggnadsskyldige,
775 603 45 15 som

70 632 34 27 sig
126 633 23 20 af
170 635 67 25 vägen
259 633 92 26 betjena.
382 632 167 27 Delaktigheten
573 633 6 20 i
599 633 66 20 sådan
680 632 140 27 vägbyggnad

70 666 130 22 bestämmes
224 667 53 21 efter
303 667 109 27 mantalet,
439 673 49 15 men
512 667 49 21 med
584 667 113 27 tillbörligt
720 667 100 21 afseende

68 701 79 26 jemväl
164 702 12 20 å
193 701 40 21 den
250 701 56 21 olika
321 703 68 25 nyttä,
405 707 46 15 som
468 708 27 14 en
510 702 53 20 hvar
574 701 23 21 af
606 704 67 24 vägen
684 701 135 27 tillskyndas.

141 736 65 27 Bruk,
234 736 100 27 fabriker,
361 737 70 26 sågar,
458 736 193 27 tullmjölgvarnar,
675 735 145 28 ölbryggerier

70 772 55 19 samt
141 770 234 27 bränvinsbrännerier,
391 770 74 21 hvilka
481 771 86 26 deltaga
584 771 6 20 i
605 771 136 21 underhållet
752 770 23 21 af
783 770 37 26 by-

68 807 48 24 väg,
133 805 60 20 skola
210 805 70 21 dertill
300 805 89 26 bidraga
408 806 50 20 med
473 806 126 26 penningar,
617 812 50 20 som,
683 806 28 26 på
726 806 43 20 sätt
784 806 36 18 vä-

69 845 52 19 gens
146 839 99 26 delegare
272 839 191 27 öfverenskomma,
490 840 108 26 uppbäras
624 840 39 21 och
685 839 33 21 till
740 841 79 24 vägens

68 873 114 21 underhåll
198 874 115 20 användas.

140 942 113 26 Landsväg
268 942 45 27 bör,
331 942 54 21 efter
404 942 72 28 behof,
495 949 51 15 vara
561 943 49 20 från
626 944 45 20 åtta
686 942 33 21 till
735 941 41 21 tolf
790 941 30 21 al-

68 982 46 21 nar,
131 976 38 21 och
186 976 69 27 byväg
270 976 65 22 minst
351 983 36 15 sex
403 977 63 21 alnar
485 977 53 21 bred
555 977 90 21 emellan
661 977 84 21 dikena.
776 976 44 20 Der

67 1013 41 25 väg
124 1011 23 21 af
161 1018 71 14 annan
247 1011 67 21 bredd
330 1012 66 20 redan
412 1011 77 28 finnes,
509 1013 34 19 må
560 1012 74 21 dervid
649 1011 98 21 förblifva
763 1010 57 21 intill

68 1046 49 20 dess
134 1045 73 21 derom
223 1046 132 21 annorlunda
371 1046 121 21 förordnas.

419 1108 12 27 8
449 1110 18 19 7.

137 1147 34 21 Då
190 1155 28 20 ny
241 1148 79 21 allmän
338 1150 40 25 väg
398 1148 56 21 skall
470 1149 89 26 byggas,
576 1149 52 21 eller
644 1149 60 21 äldre
720 1147 98 27 utvidgas

66 1181 33 22 till
116 1182 68 21 sådan
200 1183 67 20 bredd
283 1183 10 26 &
310 1184 12 20 6
333 1183 138 27 bestämmer,
483 1183 44 21 låte
539 1183 144 27 Guvernören,
695 1183 55 21 efter
761 1182 58 21 kom-

66 1216 176 21 munalstämmas
260 1216 101 28 hörande,
377 1217 36 20 vid
429 1217 126 21 häradsrätt
570 1218 121 20 undersöka
702 1223 34 15 om
746 1216 73 21 behof-

66 1253 35 18 vet
124 1251 66 27 deraf,
214 1250 108 22 äfvensom
344 1251 118 21 huruledes
481 1252 78 20 sådant
577 1252 124 26 lämpligast
716 1250 40 22 och
771 1250 49 21 med

66 1285 79 21 minsta
161 1285 92 21 kostnad
267 1285 43 21 kan
325 1285 91 21 utföras.

137 1320 70 26 Egare
224 1319 51 21 eller
291 1319 140 22 innehafvare
448 1320 23 21 af
487 1321 51 26 jord
553 1326 50 15 vare
619 1320 77 27 pligtig
711 1320 32 20 att
759 1318 62 21 mark

64 1353 34 20 till
115 1354 67 20 sådan
197 1355 41 25 väg
253 1354 96 26 upplåta,
366 1360 49 14 men
431 1354 60 26 njute
508 1354 121 27 ersättning
640 1354 67 26 enligt
719 1353 25 21 de
755 1358 65 21 grun-

65 1386 45 27 der,
126 1394 45 14 som
188 1387 6 21 i
210 1387 152 27 förordningen
378 1388 23 20 af
411 1388 41 21 den
469 1390 25 19 12
505 1388 118 22 December
636 1389 60 25 1864,
708 1387 111 26 angående

64 1421 124 27 skyldighet
210 1422 32 20 för
265 1428 64 20 egare
352 1422 53 21 eller
426 1422 139 22 innehafvare
584 1422 23 22 af
619 1423 48 26 jord
683 1423 33 20 att
731 1421 89 27 upplåta
