1034 1623
526 134 36 21 N:o
579 134 30 22 16.

224 131 9 21 Ma

237 131 12 20 do

538 204 11 27 8
569 204 30 20 15.

265 242 72 26 Böter,
361 249 45 15 som
430 244 67 26 enligt
517 244 70 21 denna
605 244 127 26 förordning
752 244 95 26 ådömas,
864 244 85 21 tillfalle

194 276 33 20 till
243 276 37 20 två
295 277 130 27 tredjedelar
440 278 102 27 åklagare
558 279 39 21 och
613 285 26 14 en
655 278 104 27 tredjedel
776 278 117 27 angifvare,
909 280 39 20 när

195 310 27 20 de
238 314 132 22 gemensamt
386 312 58 21 åtala
459 312 151 28 förbrytelsen,
627 320 47 14 men
686 314 116 26 åklagaren
817 313 92 25 odeladt,
921 313 27 21 då

193 344 42 21 han
251 351 73 16 ensam
340 346 58 22 utför
413 347 71 21 målet.
516 348 26 20 Vi
558 348 112 21 bristande
681 348 213 26 betalningstillgång
905 347 42 21 för-

193 379 89 21 vandlas
302 380 89 22 böterne
410 382 32 20 till
462 382 97 27 fängelse
579 383 36 20 vid
635 384 72 20 vatten
723 382 39 21 och
779 382 60 26 bröd,
856 384 92 19 motsva-

195 414 67 21 rande
278 420 26 15 en
320 416 104 26 tredjedel
440 416 23 21 af
478 416 171 28 bötesbeloppet.

537 474 10 27 8
567 474 32 20 16.

263 512 46 21 Har
332 513 12 21 å
363 514 224 26 utskänkningsställe
603 514 156 22 öfverträdelse
775 516 45 19 mot
835 514 111 21 föreskrif-

194 548 62 19 terna
271 547 6 21 i
294 547 70 22 denna
378 548 126 27 förordning
521 551 36 25 egt
573 556 46 14 rum
635 549 53 21 eller
703 548 64 22 hafva
783 549 130 25 oordningar
924 549 23 20 af

192 581 41 21 den
249 583 35 19 art
299 582 111 22 derstädes
426 583 102 26 inträffat,
540 586 33 18 att
583 584 153 20 innehafvaren
747 583 23 21 af
779 583 166 27 utskänknings-

191 616 132 26 rättigheten
342 617 47 21 icke
408 617 41 21 kan
471 624 62 15 anses
550 624 40 20 ega
605 618 26 21 de
647 618 34 21 för
696 618 136 21 densammas
847 618 99 26 utöfning

192 650 142 28 erforderliga
349 652 139 27 egenskaper,
505 659 50 15 vare
571 653 117 26 Magistrat
703 653 6 20 i
726 653 49 21 stad
791 653 39 21 och
842 652 102 27 Länesty-

192 685 58 21 relse
264 686 134 22 beträffande
413 687 74 21 landet
503 688 122 26 berättigad
641 690 32 18 att
685 688 100 26 förbjuda
796 688 107 20 rörelsens
915 688 31 20 vi-

192 719 52 21 dare
260 720 146 22 bedrifvande.

536 751 11 27 8
567 752 30 20 17.

263 789 63 21 Hvad
350 790 39 21 här
412 791 63 21 ofvan
494 793 25 19 är
538 792 103 26 stadgadt
659 798 34 14 om
714 792 55 25 stad,
785 791 56 26 gälle
857 792 39 20 ock
911 797 34 15 om

191 823 87 27 köping.
310 824 10 21 I
336 825 54 26 stad,
407 825 38 21 der
461 826 116 26 Magistrat
593 827 18 25 ej
628 825 74 26 finnes,
719 826 111 21 äfvensom
848 826 7 20 i
866 825 80 27 köping

194 858 114 21 ankomme
324 859 13 20 å
353 860 37 20 der
406 860 78 21 tillsatt
500 861 93 20 särskild
610 861 91 26 styrelse
717 860 55 21 hvad
788 866 34 15 om
833 860 116 26 Magistrat

196 893 7 20 i
220 893 70 21 denna
305 893 126 28 förordning
446 897 24 18 är
486 895 70 26 sagdt.
586 895 98 27 Köpings
695 895 184 26 röstberättigade
890 895 58 20 med-

189 927 91 21 lemmar
295 934 39 20 ege
349 929 113 21 enahanda
476 929 137 29 befogenhet
621 936 46 15 som
683 930 6 20 i
706 929 25 28 $$
742 931 13 19 3
766 929 39 21 och
817 931 11 19 7
840 931 24 18 är
875 929 72 20 stads-

190 961 137 27 fullmäktige
343 963 52 20 eller
411 964 77 21 allmän
505 964 174 21 rådhusstämma
695 963 122 21 tillerkänd.

536 1028 12 26 8
565 1028 32 19 18.

260 1066 77 21 Denna
353 1066 125 28 förordning
494 1068 75 20 länder
585 1067 32 21 till
634 1067 145 21 efterrättelse
795 1066 47 20 från
859 1066 40 21 den

296 1101 40 20 188

464 1158 133 34 Förslag
614 1159 42 26 till
674 1158 147 33 förordning
840 1164 38 19 om
896 1157 49 26 för-

396 1199 94 26 ändrad
515 1199 96 33 lydelse
640 1199 27 26 af
695 1200 28 30 88
752 1198 33 26 14
809 1197 45 27 och
882 1198 30 26 20
935 1198 10 26 i

395 1239 177 33 förordningen
600 1246 38 19 om
665 1238 154 34 näringarne
845 1238 46 26 den
913 1238 30 26 31

396 1280 67 26 Mars
482 1280 73 26 1879.

535 1338 11 27 $
564 1339 31 19 14.

261 1377 63 21 Hvad
340 1378 111 21 ofvanföre
467 1380 23 18 är
506 1378 103 26 stadgadt
625 1384 34 14 om
671 1377 106 26 rättighet
787 1378 33 19 att
830 1376 51 21 idka
891 1376 55 21 han-

188 1410 35 22 del
239 1411 40 21 och
294 1414 66 18 annat
376 1412 140 27 näringsyrke
532 1412 108 27 tillämpas
656 1412 47 20 icke
719 1412 22 20 å:

263 1446 42 20 1:0,
331 1446 117 27 Bergverk,
465 1446 64 26 sågar
544 1447 39 20 och
599 1452 102 21 gvarnar;
