1003 1620
216 98 26 21 12
423 99 22 24 U.
460 99 26 26 B.
504 112 29 19 —
546 101 61 28 Prop.
625 100 37 24 N:o
679 101 21 23 6.

186 155 129 28 granskning
337 156 154 24 öfverlemnade
512 157 243 28 författningsförslaget,
777 158 39 23 har
832 157 111 23 Utskottet

187 189 73 23 vidare
281 190 53 28 tagit
355 190 7 22 i
384 191 141 23 betraktande
547 193 66 27 några
628 193 87 22 dermed
730 195 53 20 nära
797 192 146 30 sammanhän-

187 224 69 27 gande
271 223 76 28 frågor.

256 258 84 23 Främst
361 259 32 22 får
414 259 112 23 Utskottet
540 259 56 24 fästa
613 261 188 28 uppmärksamhet
816 261 79 28 dervid,
911 262 32 21 att

187 291 234 30 författningsförslaget
435 294 47 22 icke
497 294 118 23 innehåller
631 285 64 42 några
710 285 132 42 stadganden
853 295 90 23 rörande

187 325 69 24 finska
278 327 96 28 språkets
396 329 137 22 användande
556 329 6 22 i
582 329 25 22 de
623 330 150 27 expeditioner,
789 337 45 15 som
849 329 95 23 utfärdas

187 360 47 23 från
256 361 83 23 landets
359 362 76 28 högsta
455 363 97 28 domstol,
573 364 118 28 Kejserliga
706 365 103 22 Senatens
823 364 122 23 Justitiede-

187 397 126 26 partement.
344 396 49 22 Med
414 397 100 23 afseende
535 397 53 23 härå
605 398 40 22 och
661 399 27 21 då
703 399 77 27 nådiga
794 398 151 28 förordningen

189 429 22 23 af
232 430 41 22 den
295 431 13 21 9
331 430 41 28 Maj
390 432 52 22 1881
460 432 140 22 öfverlemnar
614 433 23 21 åt
651 432 118 28 Kejserliga
784 433 93 22 Senaten
891 434 32 20 att
937 432 8 22 i

189 464 59 22 detta
270 464 97 29 afseende
389 466 33 22 för
443 466 72 28 hvarje.
537 466 101 23 särskildt
660 466 44 23 fall-
715 466 123 28 bestämma,
853 467 39 22 har
906 466 39 23 Ut-

188 498 81 23 skottet
284 501 53 20 trott
351 500 32 28 sig
397 500 52 23 böra
464 501 31 22 till
511 501 119 23 Ständerna
645 501 119 27 hemställa,
779 501 104 23 huruvida
897 501 46 22 icke

189 533 120 23 Ständerna
326 534 49 22 ville
389 535 7 21 i
411 535 38 22 sitt
464 542 48 16 svar
526 537 14 21 &
555 536 41 22 den
611 536 77 27 nådiga
702 536 158 28 propositionen
876 535 68 22 uttala

189 574 26 17 en
230 568 131 29 underdånig
376 569 145 29 förhoppning,

395 636 32 19 att
448 641 82 14 samma
549 634 143 27 grundsatser
707 634 8 20 i
729 633 101 28 afseende
845 633 13 21 å
868 633 76 28 finska

325 667 98 28 språkets
444 669 145 21 användande
603 669 9 20 i
627 669 146 27 expeditioner
788 667 68 28 blefve
864 667 80 28 följda

327 701 36 22 vid
380 701 125 30 Kejserliga
522 703 104 21 Senatens
640 703 244 27 Justitiedepartement,
898 708 46 15 som

327 738 38 19 äro
388 737 51 21 eller
462 737 68 27 blifva
544 737 125 26 faststälda
679 737 43 27 för
737 737 73 28 öfriga
826 736 119 22 domstolar

328 770 7 21 i
350 770 78 23 landet.

257 832 78 22 Vidare
350 832 39 22 har
404 833 36 22 det
454 835 59 27 synts
528 834 110 22 Utskottet
654 834 122 26 önskvärdt,

395 893 33 19 att
443 891 101 21 tillåtelse
558 891 71 21 kunde
643 891 108 21 meddelas
761 891 88 21 domare
855 891 33 27 på
898 891 47 21 lan-

327 924 41 27 det,
383 924 73 22 hvilka
472 925 73 28 blifvit
559 925 56 27 efter
629 926 28 20 år
672 926 60 21 1872
746 926 96 26 tillsatte,
856 927 39 24 att,
906 924 39 22 der

326 959 26 21 de
366 959 46 21 icke
426 960 70 21 tilltro
510 960 34 28 sig
559 960 74 21 kunna
648 960 48 21 med
707 959 120 28 tillräcklig
837 966 108 21 noggran-

327 993 35 21 het
381 993 79 27 afatta
476 994 145 28 expeditioner
631 995 33 27 på
673 994 76 27 finska
764 994 94 27 språket,
874 994 9 20 i
897 994 48 20 dess

325 1028 65 21 ställe
410 1028 102 22 använda
535 1029 35 21 det
584 1028 89 22 svenska
688 1029 71 21 såsom
774 1027 170 29 originalspråk,

327 1062 94 22 allenast
439 1062 26 22 de
481 1062 71 22 tillika
565 1064 31 26 på
612 1070 51 21 egen
679 1062 117 22 bekostnad
804 1062 141 27 föranstalta

327 1096 38 21 och
385 1097 35 21 till
432 1100 80 24 parten
528 1097 85 28 utgifva
623 1097 62 27 finsk
700 1096 158 28 öfversättning
874 1095 70 27 deraf.

257 1152 50 22 Med
330 1153 98 22 afseende
443 1154 51 22 derå
507 1155 33 21 att
554 1160 26 16 en
595 1154 48 22 fullt
658 1153 120 27 tillförlitlig
793 1152 153 28 öfversättning

187 1186 23 22 af
228 1187 249 28 domstolsexpeditioner
496 1188 7 22 i
518 1188 26 22 de
559 1188 60 22 flesta
634 1188 36 22 fall
685 1188 46 22 icke
747 1188 41 22 kan
803 1187 107 22 förväntas
925 1186 22 22 af

187 1227 109 21 personer,
311 1221 72 22 hvilka
397 1221 67 22 sakna
479 1222 95 28 kunskap
590 1222 7 21 i
612 1221 165 28 lagfarenheten,
785 1221 39 22 har
835 1221 112 22 Utskottet

185 1255 80 27 jemväl
288 1257 54 20 trott
356 1255 32 28 sig
403 1255 52 23 böra
470 1256 78 23 föreslå
562 1256 110 23 uttalande
687 1255 23 23 af
723 1262 26 16 en
765 1255 131 27 underdånig
910 1257 37 19 ön-

186 1290 54 21 skan
256 1290 80 27 derom,

393 1327 33 19 att
450 1325 27 21 de
502 1326 149 24 translatorer,
673 1324 75 22 hvilka
770 1324 68 28 enligt
854 1323 92 28 förord-

327 1359 79 27 ningen
422 1359 32 27 få
476 1360 34 28 sig
531 1360 121 28 uppdraget
674 1362 33 18 att
727 1359 35 21 till
771 1358 92 28 finskan
878 1357 68 28 öfver-

325 1395 60 19 sätta
400 1394 89 21 svenska
505 1394 152 28 expeditioner,
673 1394 66 21 måtte
748 1392 159 28 företrädesvis
915 1395 32 19 ut-

325 1434 33 14 ses
374 1427 67 22 bland
456 1428 151 22 examinerade
617 1429 100 27 jurister.

258 1466 141 23 Lagutskottets
412 1467 117 19 betänkande
541 1468 35 18 N:o
589 1468 16 17 9.
