1020 2339
239 488 13 21 8
549 492 35 23 N:o
599 492 22 23 9.

551 561 12 27 8
581 562 32 20 16.

282 591 42 22 Vill
344 593 113 27 jordegare
480 595 34 21 till
537 602 82 15 annans
643 595 113 28 nyttjande
778 597 28 25 pä
821 596 68 21 lifstid
906 595 53 22 eller

210 625 58 21 vissa
283 627 24 20 är
322 627 88 27 uppläta
424 629 71 27 nägon
510 630 35 21 del
561 630 22 21 af
597 630 34 21 sin
647 630 107 27 lägenhet,
765 636 50 15 vare
826 631 36 20 det
872 630 86 27 tillätet,

210 661 40 20 när
264 661 43 21 viss
324 662 39 21 och
378 663 82 28 verklig
475 664 48 27 lega
538 665 34 20 för
587 666 48 20 året
650 665 102 26 betingad
768 667 30 19 är.
828 665 60 21 Dock
903 665 55 21 skall

210 694 128 29 afhandling
361 697 72 21 derom
455 698 124 27 skriftligen
601 701 113 25 upprättas
738 699 46 27 och,
807 699 33 21 för
854 701 32 20 att
901 700 57 27 gälla

210 731 44 19 mot
269 731 69 26 tredje
354 737 55 22 man,
425 732 123 27 intecknas;
566 734 109 21 äfvensom
691 734 7 21 i
714 733 101 22 afseende
831 735 13 20 å
859 735 99 20 arrende-

209 764 61 21 tiden
292 765 108 27 iakttagas
423 767 38 21 bör
484 768 55 21 hvad
562 768 153 28 förordningen
739 769 41 21 den
798 769 24 21 13
838 769 49 21 Juni
905 769 53 21 1800

210 804 34 16 om
260 800 81 21 städsel
357 801 39 21 och
411 802 47 27 lega
474 802 24 22 af
509 803 49 27 jord
573 805 28 25 pä
617 804 74 22 landet
706 804 144 21 föreskrifver.

472 866 108 27 Förslag
615 866 43 27 till
667 866 153 34 förordning,
832 866 125 34 angäende

413 905 134 28 förändrad
570 908 95 32 lydelse
684 907 29 27 af
729 909 13 31 $
762 908 13 26 2
794 908 10 26 i
821 907 136 27 förordnin-

413 953 47 27 gen
479 954 38 20 om
535 947 146 35 inteckning
699 948 10 26 i
727 948 52 26 fast
797 948 116 34 egendom
932 948 27 26 af

414 987 45 26 den
479 988 13 26 9
512 988 133 27 November
665 988 73 27 1868.

280 1036 129 28 Härigenom
429 1040 77 21 varder
525 1040 132 28 förordnadt,
676 1042 33 20 att
728 1041 11 27 8
755 1042 13 20 2
783 1040 7 21 i
806 1040 150 27 förordningen

209 1075 34 15 om
258 1070 125 29 inteckning
399 1073 6 21 i
421 1074 42 21 fast
479 1075 110 27 egendom,
605 1075 71 27 gifven
693 1075 41 21 den
745 1076 12 20 9
768 1075 118 21 November
896 1076 59 25 1868,

208 1104 56 21 skall
280 1106 83 22 erhålla
378 1107 92 27 följande
486 1109 129 22 förändrade
631 1109 94 27 lydelse:

279 1140 127 29 Inteckning
428 1149 50 15 vare
501 1144 84 21 tillåten
608 1144 6 20 i
638 1144 170 27 sjelfbestående
828 1144 73 21 frälse-
917 1143 39 21 och

208 1174 174 28 skattelägenhet
397 1178 12 20 å
425 1178 79 28 landet,
520 1179 110 21 äfvensom
646 1180 41 20 hus
703 1179 39 21 och
757 1181 55 19 tomt
826 1179 7 21 i
849 1179 84 25 staden;
949 1178 6 21 i

207 1208 44 22 viss
274 1209 71 22 fastän
367 1212 115 22 outbruten
505 1213 34 21 del
562 1214 23 20 af
603 1214 67 21 sådan
689 1213 112 27 fastighet;
817 1214 7 20 i
837 1214 55 26 jord,
907 1213 49 21 med

208 1243 72 21 dertill
303 1244 94 23 hörande
420 1246 124 28 byggnader
563 1248 39 21 och
618 1248 152 27 inrättningar,
786 1248 85 20 hvilken
887 1247 69 21 blifvit

207 1277 48 21 från
278 1278 75 22 frälse-
372 1280 53 22 eller
446 1281 174 28 skattelägenhet
643 1282 123 27 afsöndrad,
782 1283 28 26 på
825 1283 44 20 sätt
884 1282 72 21 derom

208 1312 104 22 särskildt
334 1313 67 23 finnes
425 1316 110 27 stadgadt;
559 1318 56 19 samt
640 1317 6 20 i
666 1317 75 26 sådan,
761 1316 23 21 af
797 1323 26 14 en
838 1316 53 21 eller
905 1315 50 22 flere

207 1345 124 28 byggnader
347 1349 38 20 och
401 1349 144 28 inrättningar
560 1352 28 25 på
603 1357 83 15 annans
703 1351 69 26 grund
787 1351 116 21 bestående
919 1357 36 14 an-

206 1379 109 29 läggning,
332 1389 45 14 som
392 1384 48 21 med
456 1385 159 26 grundegarens
631 1385 62 22 bifall
709 1385 123 21 tillkommit
842 1385 39 21 och
889 1385 66 26 jemte

206 1414 202 29 besittningsrätten
424 1418 33 21 till
473 1419 75 27 sjelfva
558 1420 97 26 grunden
666 1420 51 27 kan,
728 1421 52 20 utan
790 1420 53 21 hans
854 1419 101 26 hörande,

207 1449 33 21 till
256 1451 70 26 tredje
341 1458 48 15 man
406 1453 122 22 öfverlåtas.

479 1493 73 28 Enligt
571 1494 60 21 Hans
650 1493 124 27 Kejserliga
791 1493 112 27 Majestäts
919 1495 36 19 nå-

411 1528 49 27 diga
478 1529 124 28 befallning,
621 1529 72 27 gifven
713 1529 6 20 i
737 1529 97 20 Krasnoe
850 1528 48 21 Selo
914 1529 41 20 den

419 1564 19 14 10
452 1565 54 18 Augufti

410 1587 40 21 29
464 1595 30 15 Juki
529 1576 61 20 1881.

445 1632 35 19 T.
493 1632 178 18 BRUUN.

743 1685 44 21 Edv.
804 1685 79 21 Boehm.

803 1725 29 21 fd.

313 1804 122 23 Helsingfors,
449 1805 11 17 &
472 1806 104 22 Kejserliga
589 1806 91 18 Senatens
694 1805 86 23 tryckeri,
795 1806 49 16 1881.
