1028 1623
238 107 27 20 24
541 109 35 22 N:o
591 108 32 23 15.

208 175 48 22 icke
279 177 35 20 må
336 177 72 21 kunna
429 177 97 27 inträffa;
550 180 56 19 samt
625 179 32 20 att
672 178 106 21 lösbrutet
793 178 52 27 berg
860 177 47 22 icke
922 177 34 21 får

209 210 134 26 qvarlemnas
366 211 7 21 i
392 212 97 27 grufvan,
505 213 73 21 derest
593 213 47 20 icke
655 212 160 27 takbrytnings-
831 213 52 20 eller
898 212 57 27 igen-

208 245 222 27 sättningsmethoden
453 247 36 21 vid
513 247 133 27 grufarbetet
662 247 114 27 användes,
793 247 38 21 och
846 248 18 26 ej
880 247 75 26 heller,

208 281 51 19 utan
282 279 176 28 Bergmästarens
478 281 105 28 tillstånd,
603 282 6 21 i
626 282 67 21 andra
708 281 121 27 grufverum
846 282 52 21 eller
912 281 43 21 till-

208 315 122 25 gränsande
345 316 70 25 gamla
430 316 87 27 grufvor
533 316 118 27 afstjelpas.

280 344 135 32 Öfvergifven
431 350 53 21 eller
500 351 67 20 sönad
582 351 76 26 grufva
673 352 34 20 må
724 351 18 27 ej
758 353 51 19 utan
820 351 135 26 Bergmästa-

207 389 49 14 rens
272 383 99 22 tillstånd
386 384 121 27 igenfyllas.

552 432 11 27 8
581 433 33 20 49.

278 470 60 21 Efter
354 471 163 28 öfverläggning
532 472 49 21 med
596 472 114 27 grufegare
727 472 52 21 eller
794 473 28 26 på
837 472 73 21 stället
920 479 34 14 va-

206 504 67 21 rande
296 505 114 22 förvaltare
434 506 70 27 åligge
527 507 36 21 det
585 507 152 26 Bergmästare
756 508 32 19 att
807 507 6 20 i
828 507 32 20 tid
876 507 78 20 afsätta

206 539 39 20 och
268 539 49 21 med
339 540 82 27 tydliga
442 541 89 21 märken
557 541 105 22 beteckna
685 541 80 21 sådane
787 541 78 27 pelare,
890 541 64 27 band,

206 573 124 27 bergfästen
346 575 38 20 och
400 575 153 28 förtimringar,
569 582 45 15 som
631 576 32 21 för
682 575 101 28 grufvans
799 575 100 22 säkerhet
915 575 38 21 och

206 607 101 22 framtida
322 609 91 21 bestånd
429 617 63 14 anses
507 610 85 27 nödige.

277 643 79 26 Dylika
371 650 26 15 en
420 646 57 25 gång
500 645 78 21 afsatte
601 645 80 27 pelare,
697 645 63 27 band,
776 644 123 27 bergfästen
915 645 38 20 och

206 676 148 28 förtimringar
369 678 21 21 få
406 679 47 21 icke
463 679 22 21 af
494 679 120 28 grufegare,
622 679 116 21 förvaltare
750 679 51 21 eller
811 679 61 21 hvem
883 685 70 14 annan

206 711 36 21 det
257 718 52 15 vara
324 714 34 20 må
374 720 75 20 genom
465 714 102 26 brytning
583 714 108 27 angripas,
708 714 78 21 skadas
806 714 51 21 eller
872 714 80 20 bortta-

205 752 45 21 gas,
266 748 53 20 utan
334 749 32 19 att
381 748 166 27 Bergmästaren
563 748 100 22 tillstånd
680 748 72 21 dertill
768 748 56 21 förut
839 748 113 26 meddelat,

204 780 35 21 vid
255 787 77 15 ansvar
348 782 32 21 för
396 782 47 27 den,
460 789 45 15 som
520 783 97 21 häremot
632 784 81 26 bryter,
730 782 22 22 af
765 782 61 22 böter
842 782 33 21 till
890 782 63 27 högst

205 816 99 21 tvåtusen
327 817 60 20 mark
410 818 52 21 eller
484 817 96 28 fängelse
603 819 18 26 ej
645 818 59 21 öfver
727 819 35 19 två
778 819 30 26 år,
824 817 82 21 ändock
922 819 31 19 att

205 849 67 22 skada
288 850 47 22 icke
350 851 64 22 skett.
445 852 54 21 Sker
514 852 74 27 skada,
604 853 64 20 varde
685 852 41 21 den
738 851 95 28 skyldige
845 851 107 22 dessutom

204 885 90 20 straffad
310 885 66 27 enligt
392 886 79 21 allmän
486 887 41 26 lag.

275 919 41 21 Vid
334 920 44 21 lika
394 927 77 15 ansvar
486 927 49 15 vare
549 921 78 26 jemväl
643 921 109 26 förbjudet
767 922 32 19 att
814 922 51 19 utan
885 920 66 27 Berg-

203 955 121 20 mästarens
340 955 98 21 tillstånd
454 955 6 21 i
477 955 74 27 grufva
561 955 68 22 rubba
640 955 53 22 eller
704 955 99 26 borttaga
814 955 138 26 grufvebygg-

203 988 73 27 nader,
293 989 146 28 förtimringar
455 990 53 21 eller
523 991 68 20 andra
606 991 33 20 för
655 990 103 27 grufvans
773 990 74 26 styrka
862 989 90 21 och*be-

203 1023 65 20 stånd
284 1023 113 22 tillkomna
411 1025 151 26 inrättningar.

547 1105 11 28 $
575 1107 33 20 50.

274 1145 39 21 Om
329 1145 69 22 under
413 1145 119 28 fullföljden
548 1146 23 21 af
585 1147 31 20 ett
631 1145 6 22 i
654 1147 57 25 gång
727 1145 92 21 varande
830 1144 122 27 grufarbete

201 1178 168 27 Bergmästaren
384 1179 68 22 finner
468 1181 129 20 detsammas
613 1180 150 27 fortsättande,
780 1181 27 25 på
821 1181 43 19 sätt
875 1179 76 21 dittills

201 1213 65 27 skett,
282 1213 72 22 kunna
367 1214 33 21 för
416 1215 200 26 grufvebyggnaden
632 1215 53 21 eller
702 1220 75 20 genom
793 1214 65 21 ökadt
868 1215 82 19 vatten-

202 1248 76 27 tillopp
298 1249 96 20 medföra
417 1249 79 21 sådane
519 1249 93 27 menliga
627 1249 85 27 följder,
728 1250 33 19 att
775 1248 102 27 antingen
893 1248 57 27 gruf-

201 1289 52 15 vans
273 1283 102 22 säkerhet
399 1284 38 21 och
460 1284 101 21 framtida
576 1285 92 20 bestånd
684 1283 54 22 eller
753 1283 137 21 menniskolif
904 1283 47 20 der-

202 1317 84 27 igenom
303 1318 123 28 äfventyras
443 1319 52 21 eller
510 1319 39 21 ock
565 1326 70 14 annan
647 1318 156 27 tillgränsande
814 1317 75 27 grufva
900 1317 52 22 eller

197 1352 156 28 jordegendom
370 1354 62 21 deraf
445 1354 83 21 komme
544 1356 32 19 att
591 1353 131 27 tillskyndas
733 1354 87 20 svårare
830 1358 55 22 men,
897 1352 54 21 skall

200 1386 85 22 arbetet
308 1387 6 21 i
334 1388 97 28 grufvan,
451 1388 54 22 efter
521 1388 180 27 Bergmästarens
717 1387 116 27 föreskrift,
850 1386 100 28 antingen

201 1421 108 22 anordnas
334 1423 28 25 på
386 1424 31 20 ett
436 1425 50 26 sätt,
502 1429 45 15 som
563 1423 127 27 förebygger
706 1422 73 27 dylika
795 1422 81 27 följder,
892 1422 59 27 eller,
